  <div class='ocr_page' id='page_1' title='image "/cluster/home/n/w/nwhite01/storage/ocr_20150623/38/hvd.32044015706294/213.png"; bbox 0 0 4032 6332; ppageno 0'>
   <div class='ocr_carea' id='block_1_1' title="bbox 467 409 578 469">
    <p class='ocr_par' dir='ltr' id='par_1_1' title="bbox 467 409 578 469">
     <span class='ocr_line' id='line_1_1' title="bbox 467 409 578 469; baseline 0 -1"><span class='ocrx_word' id='word_1_1' title='bbox 467 409 578 469; x_wconf 67' lang='grc' dir='ltr'><strong>ιιε</strong></span> 
     </span>
    </p>
   </div>
   <div class='ocr_carea' id='block_1_2' title="bbox 475 509 2062 602">
    <p class='ocr_par' dir='ltr' id='par_1_2' title="bbox 475 509 2062 602">
     <span class='ocr_line' id='line_1_2' title="bbox 475 509 2062 602; baseline -0.009 -14"><span class='ocrx_word' id='word_1_2' title='bbox 475 532 649 588; x_wconf 89' lang='lat' dir='ltr'><strong>vimus</strong></span> <span class='ocrx_word' id='word_1_3' title='bbox 669 573 686 599; x_wconf 92' lang='lat'><strong>,</strong></span> <span class='ocrx_word' id='word_1_4' title='bbox 709 509 832 589; x_wconf 83' lang='lat' dir='ltr'><strong>cum</strong></span> <span class='ocrx_word' id='word_1_5' title='bbox 859 509 1204 602; x_wconf 79' lang='lat' dir='ltr'><strong>Evangelium</strong></span> <span class='ocrx_word' id='word_1_6' title='bbox 1229 527 1525 598; x_wconf 77' lang='lat' dir='ltr'><strong>legeretur,</strong></span> <span class='ocrx_word' id='word_1_7' title='bbox 1552 524 1710 582; x_wconf 88' lang='lat' dir='ltr'><strong>ﬁdem</strong></span> <span class='ocrx_word' id='word_1_8' title='bbox 1740 529 1978 579; x_wconf 90' lang='lat' dir='ltr'><strong>nostram</strong></span> <span class='ocrx_word' id='word_1_9' title='bbox 2008 517 2062 573; x_wconf 89' lang='lat' dir='ltr'><strong>in</strong></span> 
     </span>
    </p>
   </div>
   <div class='ocr_carea' id='block_1_3' title="bbox 475 616 2063 693">
    <p class='ocr_par' dir='ltr' id='par_1_3' title="bbox 475 616 2063 693">
     <span class='ocr_line' id='line_1_3' title="bbox 475 616 2063 693; baseline -0.005 -13"><span class='ocrx_word' id='word_1_10' title='bbox 475 623 772 682; x_wconf 92' lang='lat' dir='ltr'><strong>humilitate</strong></span> <span class='ocrx_word' id='word_1_11' title='bbox 815 623 1042 679; x_wconf 90' lang='lat' dir='ltr'><strong>laudari.</strong></span> <span class='ocrx_word' id='word_1_12' title='bbox 1073 622 1156 678; x_wconf 87' lang='lat' dir='ltr'><strong>Ad</strong></span> <span class='ocrx_word' id='word_1_13' title='bbox 1205 623 1422 680; x_wconf 87' lang='lat' dir='ltr'><strong>domum</strong></span> <span class='ocrx_word' id='word_1_14' title='bbox 1477 620 1674 693; x_wconf 85' lang='lat' dir='ltr'><strong>quippe</strong></span> <span class='ocrx_word' id='word_1_15' title='bbox 1727 616 2063 675; x_wconf 87' lang='lat' dir='ltr'><strong>Ccnturionis</strong></span> 
     </span>
    </p>
   </div>
   <div class='ocr_carea' id='block_1_4' title="bbox 474 713 2064 786">
    <p class='ocr_par' dir='ltr' id='par_1_4' title="bbox 474 713 2064 786">
     <span class='ocr_line' id='line_1_4' title="bbox 474 713 2064 786; baseline -0.006 -14"><span class='ocrx_word' id='word_1_16' title='bbox 474 729 598 772; x_wconf 91' lang='lat' dir='ltr'><strong>cum</strong></span> <span class='ocrx_word' id='word_1_17' title='bbox 626 732 685 771; x_wconf 90' lang='lat' dir='ltr'><strong>se</strong></span> <span class='ocrx_word' id='word_1_18' title='bbox 729 715 1060 786; x_wconf 89' lang='lat' dir='ltr'><strong>promitteret</strong></span> <span class='ocrx_word' id='word_1_19' title='bbox 1081 715 1338 771; x_wconf 87' lang='lat' dir='ltr'><strong>Dominus</strong></span> <span class='ocrx_word' id='word_1_20' title='bbox 1380 713 1535 770; x_wconf 85' lang='lat' dir='ltr'><strong>Jesus</strong></span> <span class='ocrx_word' id='word_1_21' title='bbox 1573 713 1804 778; x_wconf 90' lang='lat' dir='ltr'><strong>iturum,</strong></span> <span class='ocrx_word' id='word_1_22' title='bbox 1834 717 1892 764; x_wconf 90' lang='lat' dir='ltr'><strong>ut</strong></span> <span class='ocrx_word' id='word_1_23' title='bbox 1932 724 2064 780; x_wconf 85' lang='lat' dir='ltr'><strong>pue-</strong></span> 
     </span>
    </p>
   </div>
   <div class='ocr_carea' id='block_1_5' title="bbox 476 805 2067 881">
    <p class='ocr_par' dir='ltr' id='par_1_5' title="bbox 476 805 2067 881">
     <span class='ocr_line' id='line_1_5' title="bbox 476 805 2067 881; baseline -0.006 -15"><span class='ocrx_word' id='word_1_24' title='bbox 476 825 595 866; x_wconf 92' lang='lat' dir='ltr'><strong>rum</strong></span> <span class='ocrx_word' id='word_1_25' title='bbox 623 810 740 881; x_wconf 88' lang='lat' dir='ltr'><strong>ejus</strong></span> <span class='ocrx_word' id='word_1_26' title='bbox 789 818 1036 876; x_wconf 90' lang='lat' dir='ltr'><strong>sanaret,</strong></span> <span class='ocrx_word' id='word_1_27' title='bbox 1087 810 1176 865; x_wconf 89' lang='lat' dir='ltr'><strong>ille</strong></span> <span class='ocrx_word' id='word_1_28' title='bbox 1207 808 1484 880; x_wconf 74' lang='lat' dir='ltr'><strong>respondit</strong></span> <span class='ocrx_word' id='word_1_29' title='bbox 1514 826 1528 862; x_wconf 89' lang='lat'><strong>:</strong></span> <span class='ocrx_word' id='word_1_30' title='bbox 1561 806 1684 862; x_wconf 88' lang='lat' dir='ltr'><strong>Non</strong></span> <span class='ocrx_word' id='word_1_31' title='bbox 1730 822 1840 860; x_wconf 87' lang='lat' dir='ltr'><strong>sum</strong></span> <span class='ocrx_word' id='word_1_32' title='bbox 1885 805 2067 874; x_wconf 85' lang='lat' dir='ltr'><strong>dignus</strong></span> 
     </span>
    </p>
   </div>
   <div class='ocr_carea' id='block_1_6' title="bbox 473 899 2069 965">
    <p class='ocr_par' dir='ltr' id='par_1_6' title="bbox 473 899 2069 965">
     <span class='ocr_line' id='line_1_6' title="bbox 473 899 2069 965; baseline -0.003 -9"><span class='ocrx_word' id='word_1_33' title='bbox 473 911 530 956; x_wconf 86' lang='lat' dir='ltr'><strong>ut</strong></span> <span class='ocrx_word' id='word_1_34' title='bbox 553 903 642 956; x_wconf 89' lang='lat' dir='ltr'><strong>sub</strong></span> <span class='ocrx_word' id='word_1_35' title='bbox 669 909 850 956; x_wconf 86' lang='lat' dir='ltr'><strong>tectum</strong></span> <span class='ocrx_word' id='word_1_36' title='bbox 876 919 1042 958; x_wconf 88' lang='lat' dir='ltr'><strong>meum</strong></span> <span class='ocrx_word' id='word_1_37' title='bbox 1069 903 1226 958; x_wconf 88' lang='lat' dir='ltr'><strong>intres</strong></span> <span class='ocrx_word' id='word_1_38' title='bbox 1258 919 1277 958; x_wconf 89' lang='lat'><strong><em>:</em></strong></span> <span class='ocrx_word' id='word_1_39' title='bbox 1300 902 1389 958; x_wconf 90' lang='lat' dir='ltr'><strong>sed</strong></span> <span class='ocrx_word' id='word_1_40' title='bbox 1415 911 1610 957; x_wconf 83' lang='lat' dir='ltr'><strong>tantum</strong></span> <span class='ocrx_word' id='word_1_41' title='bbox 1648 901 1729 954; x_wconf 86' lang='lat' dir='ltr'><strong>die</strong></span> <span class='ocrx_word' id='word_1_42' title='bbox 1756 899 1960 953; x_wconf 86' lang='lat' dir='ltr'><strong>verbum</strong></span> <span class='ocrx_word' id='word_1_43' title='bbox 1977 938 1993 965; x_wconf 94' lang='lat'><strong>,</strong></span> <span class='ocrx_word' id='word_1_44' title='bbox 2021 907 2069 952; x_wconf 91' lang='lat' dir='ltr'><strong>et</strong></span> 
     </span>
    </p>
   </div>
   <div class='ocr_carea' id='block_1_7' title="bbox 408 992 2062 1068">
    <p class='ocr_par' dir='ltr' id='par_1_7' title="bbox 408 992 2062 1068">
     <span class='ocr_line' id='line_1_7' title="bbox 408 992 2062 1068; baseline -0.004 -17"><span class='ocrx_word' id='word_1_45' title='bbox 408 993 425 1068; x_wconf 63' lang='grc' dir='ltr'>ξ</span> <span class='ocrx_word' id='word_1_46' title='bbox 475 995 754 1051; x_wconf 75' lang='lat' dir='ltr'><strong>sanabitur.</strong></span> <span class='ocrx_word' id='word_1_47' title='bbox 803 995 1038 1052; x_wconf 81' lang='lat' dir='ltr'><strong>Diccudo</strong></span> <span class='ocrx_word' id='word_1_48' title='bbox 1067 1011 1126 1052; x_wconf 92' lang='lat' dir='ltr'><strong>se</strong></span> <span class='ocrx_word' id='word_1_49' title='bbox 1177 996 1452 1068; x_wconf 85' lang='lat' dir='ltr'><strong>indignum</strong></span> <span class='ocrx_word' id='word_1_50' title='bbox 1477 1037 1493 1063; x_wconf 96' lang='lat'><strong>,</strong></span> <span class='ocrx_word' id='word_1_51' title='bbox 1524 993 1772 1065; x_wconf 65' lang='lat' dir='ltr'><strong>praestitit</strong></span> <span class='ocrx_word' id='word_1_52' title='bbox 1803 992 2020 1068; x_wconf 85' lang='lat' dir='ltr'><strong>dignum</strong></span> <span class='ocrx_word' id='word_1_53' title='bbox 2045 1007 2062 1058; x_wconf 91' lang='lat'><strong>;</strong></span> 
     </span>
    </p>
   </div>
   <div class='ocr_carea' id='block_1_8' title="bbox 407 1085 2071 1172">
    <p class='ocr_par' dir='ltr' id='par_1_8' title="bbox 407 1085 2071 1172">
     <span class='ocr_line' id='line_1_8' title="bbox 407 1085 2071 1172; baseline -0.003 -29"><span class='ocrx_word' id='word_1_54' title='bbox 407 1085 432 1172; x_wconf 50' lang='grc' dir='ltr'>ᾖ</span> <span class='ocrx_word' id='word_1_55' title='bbox 476 1088 660 1144; x_wconf 89' lang='lat' dir='ltr'><strong>nonin</strong></span> <span class='ocrx_word' id='word_1_56' title='bbox 687 1088 839 1159; x_wconf 87' lang='lat' dir='ltr'><strong>cujus</strong></span> <span class='ocrx_word' id='word_1_57' title='bbox 865 1090 1134 1160; x_wconf 84' lang='lat' dir='ltr'><strong>parietes,</strong></span> <span class='ocrx_word' id='word_1_58' title='bbox 1183 1088 1277 1146; x_wconf 90' lang='lat' dir='ltr'><strong>sed</strong></span> <span class='ocrx_word' id='word_1_59' title='bbox 1319 1089 1373 1144; x_wconf 85' lang='lat' dir='ltr'><strong>in</strong></span> <span class='ocrx_word' id='word_1_60' title='bbox 1398 1089 1550 1159; x_wconf 87' lang='lat' dir='ltr'><strong>cujus</strong></span> <span class='ocrx_word' id='word_1_61' title='bbox 1589 1102 1682 1144; x_wconf 90' lang='lat' dir='ltr'><strong>cor</strong></span> <span class='ocrx_word' id='word_1_62' title='bbox 1707 1085 1951 1143; x_wconf 85' lang='lat' dir='ltr'><strong>Christus</strong></span> <span class='ocrx_word' id='word_1_63' title='bbox 1990 1085 2071 1139; x_wconf 80' lang='lat' dir='ltr'><strong>in-</strong></span> 
     </span>
    </p>
   </div>
   <div class='ocr_carea' id='block_1_9' title="bbox 476 1177 2066 1250">
    <p class='ocr_par' dir='ltr' id='par_1_9' title="bbox 476 1177 2066 1250">
     <span class='ocr_line' id='line_1_9' title="bbox 476 1177 2066 1250; baseline -0.001 -18"><span class='ocrx_word' id='word_1_64' title='bbox 476 1186 660 1234; x_wconf 89' lang='lat' dir='ltr'><strong>traret.</strong></span> <span class='ocrx_word' id='word_1_65' title='bbox 687 1178 869 1250; x_wconf 83' lang='lat' dir='ltr'><strong>Neque</strong></span> <span class='ocrx_word' id='word_1_66' title='bbox 889 1180 990 1236; x_wconf 92' lang='lat' dir='ltr'><strong>hoc</strong></span> <span class='ocrx_word' id='word_1_67' title='bbox 1009 1181 1345 1236; x_wconf 90' lang='lat' dir='ltr'><strong>diceretcum</strong></span> <span class='ocrx_word' id='word_1_68' title='bbox 1369 1190 1514 1236; x_wconf 90' lang='lat' dir='ltr'><strong>tanta</strong></span> <span class='ocrx_word' id='word_1_69' title='bbox 1535 1179 1639 1236; x_wconf 90' lang='lat' dir='ltr'><strong>ﬁde</strong></span> <span class='ocrx_word' id='word_1_70' title='bbox 1657 1187 1712 1234; x_wconf 89' lang='lat' dir='ltr'><strong>et</strong></span> <span class='ocrx_word' id='word_1_71' title='bbox 1735 1177 2033 1233; x_wconf 79' lang='lat' dir='ltr'><strong>humilitate</strong></span> <span class='ocrx_word' id='word_1_72' title='bbox 2051 1217 2066 1243; x_wconf 92' lang='lat'><strong>,</strong></span> 
     </span>
    </p>
   </div>
   <div class='ocr_carea' id='block_1_10' title="bbox 476 1271 2063 1342">
    <p class='ocr_par' dir='ltr' id='par_1_10' title="bbox 476 1271 2063 1342">
     <span class='ocr_line' id='line_1_10' title="bbox 476 1271 2063 1342; baseline -0.001 -17"><span class='ocrx_word' id='word_1_73' title='bbox 476 1271 580 1326; x_wconf 88' lang='lat' dir='ltr'><strong>nisi</strong></span> <span class='ocrx_word' id='word_1_74' title='bbox 611 1272 792 1338; x_wconf 91' lang='lat' dir='ltr'><strong>illum,</strong></span> <span class='ocrx_word' id='word_1_75' title='bbox 825 1288 983 1342; x_wconf 89' lang='lat' dir='ltr'><strong>quem</strong></span> <span class='ocrx_word' id='word_1_76' title='bbox 1029 1273 1250 1329; x_wconf 86' lang='lat' dir='ltr'><strong>timebat</strong></span> <span class='ocrx_word' id='word_1_77' title='bbox 1302 1273 1502 1330; x_wconf 89' lang='lat' dir='ltr'><strong>intrare</strong></span> <span class='ocrx_word' id='word_1_78' title='bbox 1525 1273 1578 1327; x_wconf 89' lang='lat' dir='ltr'><strong>in</strong></span> <span class='ocrx_word' id='word_1_79' title='bbox 1624 1271 1841 1326; x_wconf 91' lang='lat' dir='ltr'><strong>domum</strong></span> <span class='ocrx_word' id='word_1_80' title='bbox 1871 1284 2022 1326; x_wconf 87' lang='lat' dir='ltr'><strong>suam</strong></span> <span class='ocrx_word' id='word_1_81' title='bbox 2047 1311 2063 1336; x_wconf 90' lang='lat'><strong>,</strong></span> 
     </span>
    </p>
   </div>
   <div class='ocr_carea' id='block_1_11' title="bbox 477 1361 2070 1436">
    <p class='ocr_par' dir='ltr' id='par_1_11' title="bbox 477 1361 2070 1436">
     <span class='ocr_line' id='line_1_11' title="bbox 477 1361 2070 1436; baseline 0 -20"><span class='ocrx_word' id='word_1_82' title='bbox 477 1362 642 1418; x_wconf 90' lang='lat' dir='ltr'><strong>corde</strong></span> <span class='ocrx_word' id='word_1_83' title='bbox 667 1372 916 1434; x_wconf 85' lang='lat' dir='ltr'><strong>gestaret.</strong></span> <span class='ocrx_word' id='word_1_84' title='bbox 943 1364 1075 1420; x_wconf 87' lang='lat' dir='ltr'><strong>Nam</strong></span> <span class='ocrx_word' id='word_1_85' title='bbox 1105 1380 1212 1421; x_wconf 93' lang='lat' dir='ltr'><strong>non</strong></span> <span class='ocrx_word' id='word_1_86' title='bbox 1238 1375 1354 1420; x_wconf 89' lang='lat' dir='ltr'><strong>erat</strong></span> <span class='ocrx_word' id='word_1_87' title='bbox 1397 1379 1585 1436; x_wconf 88' lang='lat' dir='ltr'><strong>magna</strong></span> <span class='ocrx_word' id='word_1_88' title='bbox 1606 1363 1859 1428; x_wconf 82' lang='lat' dir='ltr'><strong>felicitas,</strong></span> <span class='ocrx_word' id='word_1_89' title='bbox 1891 1361 1937 1417; x_wconf 88' lang='lat' dir='ltr'><strong>si</strong></span> <span class='ocrx_word' id='word_1_90' title='bbox 1970 1362 2070 1417; x_wconf 81' lang='lat' dir='ltr'><strong>Do-</strong></span> 
     </span>
    </p>
   </div>
   <div class='ocr_carea' id='block_1_12' title="bbox 479 1453 2070 1528">
    <p class='ocr_par' dir='ltr' id='par_1_12' title="bbox 479 1453 2070 1528">
     <span class='ocr_line' id='line_1_12' title="bbox 479 1453 2070 1528; baseline 0 -20"><span class='ocrx_word' id='word_1_91' title='bbox 479 1453 655 1508; x_wconf 86' lang='lat' dir='ltr'><strong>minus</strong></span> <span class='ocrx_word' id='word_1_92' title='bbox 677 1454 834 1510; x_wconf 86' lang='lat' dir='ltr'><strong>Jesus</strong></span> <span class='ocrx_word' id='word_1_93' title='bbox 857 1456 1078 1512; x_wconf 79' lang='lat' dir='ltr'><strong>intraret</strong></span> <span class='ocrx_word' id='word_1_94' title='bbox 1098 1456 1151 1511; x_wconf 92' lang='lat' dir='ltr'><strong>in</strong></span> <span class='ocrx_word' id='word_1_95' title='bbox 1174 1457 1402 1528; x_wconf 85' lang='lat' dir='ltr'><strong>parietes</strong></span> <span class='ocrx_word' id='word_1_96' title='bbox 1447 1457 1564 1526; x_wconf 86' lang='lat' dir='ltr'><strong>ejus</strong></span> <span class='ocrx_word' id='word_1_97' title='bbox 1586 1498 1601 1522; x_wconf 91' lang='lat'><strong>,</strong></span> <span class='ocrx_word' id='word_1_98' title='bbox 1627 1464 1682 1512; x_wconf 93' lang='lat' dir='ltr'><strong>et</strong></span> <span class='ocrx_word' id='word_1_99' title='bbox 1705 1470 1812 1510; x_wconf 91' lang='lat' dir='ltr'><strong>non</strong></span> <span class='ocrx_word' id='word_1_100' title='bbox 1846 1463 1989 1510; x_wconf 89' lang='lat' dir='ltr'><strong>esset</strong></span> <span class='ocrx_word' id='word_1_101' title='bbox 2017 1455 2070 1509; x_wconf 91' lang='lat' dir='ltr'><strong>in</strong></span> 
     </span>
    </p>
   </div>
   <div class='ocr_carea' id='block_1_13' title="bbox 479 1547 2074 1620">
    <p class='ocr_par' dir='ltr' id='par_1_13' title="bbox 479 1547 2074 1620">
     <span class='ocr_line' id='line_1_13' title="bbox 479 1547 2074 1620; baseline -0.001 -17"><span class='ocrx_word' id='word_1_102' title='bbox 479 1557 700 1617; x_wconf 85' lang='lat' dir='ltr'><strong>pectore</strong></span> <span class='ocrx_word' id='word_1_103' title='bbox 727 1548 864 1617; x_wconf 87' lang='lat' dir='ltr'><strong>ejus.</strong></span> <span class='ocrx_word' id='word_1_104' title='bbox 894 1548 1142 1619; x_wconf 81' lang='lat' dir='ltr'><strong>Magister</strong></span> <span class='ocrx_word' id='word_1_105' title='bbox 1165 1550 1362 1620; x_wconf 85' lang='lat' dir='ltr'><strong>quippe</strong></span> <span class='ocrx_word' id='word_1_106' title='bbox 1391 1548 1706 1604; x_wconf 86' lang='lat' dir='ltr'><strong>humilitatis</strong></span> <span class='ocrx_word' id='word_1_107' title='bbox 1732 1557 1789 1603; x_wconf 91' lang='lat' dir='ltr'><strong>et</strong></span> <span class='ocrx_word' id='word_1_108' title='bbox 1830 1547 1995 1603; x_wconf 91' lang='lat' dir='ltr'><strong>verbo</strong></span> <span class='ocrx_word' id='word_1_109' title='bbox 2019 1554 2074 1602; x_wconf 85' lang='lat' dir='ltr'><strong>et</strong></span> 
     </span>
    </p>
   </div>
   <div class='ocr_carea' id='block_1_14' title="bbox 482 1638 2072 1711">
    <p class='ocr_par' dir='ltr' id='par_1_14' title="bbox 482 1638 2072 1711">
     <span class='ocr_line' id='line_1_14' title="bbox 482 1638 2072 1711; baseline -0.001 -16"><span class='ocrx_word' id='word_1_110' title='bbox 482 1641 767 1710; x_wconf 81' lang='lat' dir='ltr'><strong>exemplo,</strong></span> <span class='ocrx_word' id='word_1_111' title='bbox 803 1640 1075 1696; x_wconf 79' lang='lat' dir='ltr'><strong>discubuit</strong></span> <span class='ocrx_word' id='word_1_112' title='bbox 1121 1649 1176 1696; x_wconf 91' lang='lat' dir='ltr'><strong>et</strong></span> <span class='ocrx_word' id='word_1_113' title='bbox 1224 1642 1278 1696; x_wconf 91' lang='lat' dir='ltr'><strong>in</strong></span> <span class='ocrx_word' id='word_1_114' title='bbox 1322 1641 1480 1696; x_wconf 91' lang='lat' dir='ltr'><strong>domo</strong></span> <span class='ocrx_word' id='word_1_115' title='bbox 1506 1639 1783 1711; x_wconf 87' lang='lat' dir='ltr'><strong>cujusdam</strong></span> <span class='ocrx_word' id='word_1_116' title='bbox 1823 1638 2072 1709; x_wconf 82' lang='lat' dir='ltr'><strong>pharisaei</strong></span> 
     </span>
    </p>
   </div>
   <div class='ocr_carea' id='block_1_15' title="bbox 481 1732 2071 1806">
    <p class='ocr_par' dir='ltr' id='par_1_15' title="bbox 481 1732 2071 1806">
     <span class='ocr_line' id='line_1_15' title="bbox 481 1732 2071 1806; baseline 0 -18"><span class='ocrx_word' id='word_1_117' title='bbox 481 1732 723 1802; x_wconf 89' lang='lat' dir='ltr'><strong>superbi,</strong></span> <span class='ocrx_word' id='word_1_118' title='bbox 775 1734 992 1789; x_wconf 90' lang='lat' dir='ltr'><strong>nomine</strong></span> <span class='ocrx_word' id='word_1_119' title='bbox 1019 1733 1252 1790; x_wconf 91' lang='lat' dir='ltr'><strong>Simonis</strong></span> <span class='ocrx_word' id='word_1_120' title='bbox 1301 1734 1454 1806; x_wconf 88' lang='lat' dir='ltr'><strong>(Luc.</strong></span> <span class='ocrx_word' id='word_1_121' title='bbox 1480 1750 1588 1800; x_wconf 88' lang='lat' dir='ltr'><strong>vn,</strong></span> <span class='ocrx_word' id='word_1_122' title='bbox 1616 1733 1732 1804; x_wconf 76' lang='lat'><strong>56).</strong></span> <span class='ocrx_word' id='word_1_123' title='bbox 1772 1733 1987 1788; x_wconf 88' lang='lat' dir='ltr'><strong>Etcum</strong></span> <span class='ocrx_word' id='word_1_124' title='bbox 2017 1733 2071 1788; x_wconf 93' lang='lat' dir='ltr'><strong>in</strong></span> 
     </span>
    </p>
   </div>
   <div class='ocr_carea' id='block_1_16' title="bbox 479 1823 2071 1898">
    <p class='ocr_par' dir='ltr' id='par_1_16' title="bbox 479 1823 2071 1898">
     <span class='ocr_line' id='line_1_16' title="bbox 479 1823 2071 1898; baseline 0.003 -20"><span class='ocrx_word' id='word_1_125' title='bbox 479 1823 639 1879; x_wconf 92' lang='lat' dir='ltr'><strong>domo</strong></span> <span class='ocrx_word' id='word_1_126' title='bbox 657 1825 773 1894; x_wconf 89' lang='lat' dir='ltr'><strong>ejus</strong></span> <span class='ocrx_word' id='word_1_127' title='bbox 815 1827 1183 1893; x_wconf 85' lang='lat' dir='ltr'><strong>recumberet,</strong></span> <span class='ocrx_word' id='word_1_128' title='bbox 1230 1843 1336 1883; x_wconf 92' lang='lat' dir='ltr'><strong>non</strong></span> <span class='ocrx_word' id='word_1_129' title='bbox 1379 1835 1495 1883; x_wconf 88' lang='lat' dir='ltr'><strong>erat</strong></span> <span class='ocrx_word' id='word_1_130' title='bbox 1543 1827 1598 1883; x_wconf 88' lang='lat' dir='ltr'><strong>in</strong></span> <span class='ocrx_word' id='word_1_131' title='bbox 1639 1827 1803 1883; x_wconf 89' lang='lat' dir='ltr'><strong>corde</strong></span> <span class='ocrx_word' id='word_1_132' title='bbox 1829 1828 1944 1898; x_wconf 88' lang='lat' dir='ltr'><strong>ejus</strong></span> <span class='ocrx_word' id='word_1_133' title='bbox 1983 1826 2071 1883; x_wconf 88' lang='lat' dir='ltr'><strong>ubi</strong></span> 
     </span>
    </p>
   </div>
   <div class='ocr_carea' id='block_1_17' title="bbox 479 1915 1396 1985">
    <p class='ocr_par' dir='ltr' id='par_1_17' title="bbox 479 1915 1396 1985">
     <span class='ocr_line' id='line_1_17' title="bbox 479 1915 1396 1985; baseline 0.004 -17"><span class='ocrx_word' id='word_1_134' title='bbox 479 1925 638 1985; x_wconf 88' lang='lat' dir='ltr'><strong>caput</strong></span> <span class='ocrx_word' id='word_1_135' title='bbox 652 1915 817 1971; x_wconf 91' lang='lat' dir='ltr'><strong>Filius</strong></span> <span class='ocrx_word' id='word_1_136' title='bbox 838 1915 1070 1973; x_wconf 90' lang='lat' dir='ltr'><strong>hominis</strong></span> <span class='ocrx_word' id='word_1_137' title='bbox 1091 1919 1396 1976; x_wconf 88' lang='lat' dir='ltr'><strong>reclinaret.</strong></span> 
     </span>
    </p>
   </div>
   <div class='ocr_carea' id='block_1_18' title="bbox 551 2005 2074 2082">
    <p class='ocr_par' dir='ltr' id='par_1_18' title="bbox 551 2005 2074 2082">
     <span class='ocr_line' id='line_1_18' title="bbox 551 2005 2074 2082; baseline 0.003 -24"><span class='ocrx_word' id='word_1_138' title='bbox 551 2005 607 2058; x_wconf 80' lang='lat'><strong>2.</strong></span> <span class='ocrx_word' id='word_1_139' title='bbox 659 2005 926 2076; x_wconf 84' lang='lat' dir='ltr'><strong>Superbus</strong></span> <span class='ocrx_word' id='word_1_140' title='bbox 972 2025 1004 2062; x_wconf 93' lang='lat' dir='ltr'><strong>a</strong></span> <span class='ocrx_word' id='word_1_141' title='bbox 1061 2009 1370 2081; x_wconf 79' lang='lat' dir='ltr'><strong>discipulam</strong></span> <span class='ocrx_word' id='word_1_142' title='bbox 1426 2009 1611 2066; x_wconf 81' lang='lat' dir='ltr'><strong>Christi</strong></span> <span class='ocrx_word' id='word_1_143' title='bbox 1652 2010 1901 2082; x_wconf 86' lang='lat' dir='ltr'><strong>repulsus.</strong></span> <span class='ocrx_word' id='word_1_144' title='bbox 1958 2008 2074 2064; x_wconf 89' lang='lat' dir='ltr'><strong>Vita</strong></span> 
     </span>
    </p>
   </div>
   <div class='ocr_carea' id='block_1_19' title="bbox 478 2099 2074 2174">
    <p class='ocr_par' dir='ltr' id='par_1_19' title="bbox 478 2099 2074 2174">
     <span class='ocr_line' id='line_1_19' title="bbox 478 2099 2074 2174; baseline 0.006 -24"><span class='ocrx_word' id='word_1_145' title='bbox 478 2099 699 2167; x_wconf 62' lang='lat' dir='ltr'><strong>animas,</strong></span> <span class='ocrx_word' id='word_1_146' title='bbox 754 2100 912 2155; x_wconf 84' lang='lat' dir='ltr'><strong>Deus.</strong></span> <span class='ocrx_word' id='word_1_147' title='bbox 963 2101 1039 2157; x_wconf 91' lang='lat' dir='ltr'><strong>lta</strong></span> <span class='ocrx_word' id='word_1_148' title='bbox 1087 2104 1231 2158; x_wconf 92' lang='lat' dir='ltr'><strong>enim</strong></span> <span class='ocrx_word' id='word_1_149' title='bbox 1268 2104 1551 2174; x_wconf 85' lang='lat' dir='ltr'><strong>quemdam</strong></span> <span class='ocrx_word' id='word_1_150' title='bbox 1571 2103 1881 2174; x_wconf 89' lang='lat' dir='ltr'><strong>superbum,</strong></span> <span class='ocrx_word' id='word_1_151' title='bbox 1901 2117 2074 2174; x_wconf 56' lang='lat' dir='ltr'><strong>quan-</strong></span> 
     </span>
    </p>
   </div>
   <div class='ocr_carea' id='block_1_20' title="bbox 481 2189 2069 2265">
    <p class='ocr_par' dir='ltr' id='par_1_20' title="bbox 481 2189 2069 2265">
     <span class='ocr_line' id='line_1_20' title="bbox 481 2189 2069 2265; baseline 0.004 -23"><span class='ocrx_word' id='word_1_152' title='bbox 481 2195 593 2253; x_wconf 91' lang='lat' dir='ltr'><strong>tu_m</strong></span> <span class='ocrx_word' id='word_1_153' title='bbox 621 2189 933 2262; x_wconf 79' lang='lat' dir='ltr'><strong>intelligitur</strong></span> <span class='ocrx_word' id='word_1_154' title='bbox 961 2208 1026 2248; x_wconf 83' lang='lat' dir='ltr'><strong>ex</strong></span> <span class='ocrx_word' id='word_1_155' title='bbox 1059 2195 1238 2250; x_wconf 89' lang='lat' dir='ltr'><strong>verbis</strong></span> <span class='ocrx_word' id='word_1_156' title='bbox 1263 2195 1429 2265; x_wconf 90' lang='lat' dir='ltr'><strong>ipsius</strong></span> <span class='ocrx_word' id='word_1_157' title='bbox 1454 2194 1664 2250; x_wconf 89' lang='lat' dir='ltr'><strong>Domini</strong></span> <span class='ocrx_word' id='word_1_158' title='bbox 1688 2236 1703 2262; x_wconf 91' lang='lat'><strong>,</strong></span> <span class='ocrx_word' id='word_1_159' title='bbox 1727 2194 1869 2250; x_wconf 91' lang='lat' dir='ltr'><strong>ultro</strong></span> <span class='ocrx_word' id='word_1_160' title='bbox 1889 2209 2069 2249; x_wconf 90' lang='lat' dir='ltr'><strong>secum</strong></span> 
     </span>
    </p>
   </div>
   <div class='ocr_carea' id='block_1_21' title="bbox 483 2281 2077 2358">
    <p class='ocr_par' dir='ltr' id='par_1_21' title="bbox 483 2281 2077 2358">
     <span class='ocr_line' id='line_1_21' title="bbox 483 2281 2077 2358; baseline 0.002 -22"><span class='ocrx_word' id='word_1_161' title='bbox 483 2281 564 2337; x_wconf 90' lang='lat' dir='ltr'><strong>ire</strong></span> <span class='ocrx_word' id='word_1_162' title='bbox 588 2285 888 2352; x_wconf 90' lang='lat' dir='ltr'><strong>cupientem</strong></span> <span class='ocrx_word' id='word_1_163' title='bbox 914 2327 930 2351; x_wconf 93' lang='lat'><strong>,</strong></span> <span class='ocrx_word' id='word_1_164' title='bbox 960 2300 992 2339; x_wconf 88' lang='lat' dir='ltr'><strong>a</strong></span> <span class='ocrx_word' id='word_1_165' title='bbox 1035 2301 1134 2342; x_wconf 90' lang='lat' dir='ltr'><strong>suo</strong></span> <span class='ocrx_word' id='word_1_166' title='bbox 1177 2287 1495 2358; x_wconf 86' lang='lat' dir='ltr'><strong>diseipulatu</strong></span> <span class='ocrx_word' id='word_1_167' title='bbox 1543 2287 1830 2344; x_wconf 84' lang='lat' dir='ltr'><strong>revocavit.</strong></span> <span class='ocrx_word' id='word_1_168' title='bbox 1877 2284 2077 2356; x_wconf 84' lang='lat' dir='ltr'><strong>Sequar</strong></span> 
     </span>
    </p>
   </div>
   <div class='ocr_carea' id='block_1_22' title="bbox 480 2374 2076 2452">
    <p class='ocr_par' dir='ltr' id='par_1_22' title="bbox 480 2374 2076 2452">
     <span class='ocr_line' id='line_1_22' title="bbox 480 2374 2076 2452; baseline 0.004 -25"><span class='ocrx_word' id='word_1_169' title='bbox 480 2383 549 2442; x_wconf 89' lang='lat' dir='ltr'><strong>te,</strong></span> <span class='ocrx_word' id='word_1_170' title='bbox 584 2374 828 2443; x_wconf 84' lang='lat' dir='ltr'><strong>Domine,</strong></span> <span class='ocrx_word' id='word_1_171' title='bbox 858 2378 953 2443; x_wconf 86' lang='lat' dir='ltr'><strong>ait,</strong></span> <span class='ocrx_word' id='word_1_172' title='bbox 978 2390 1288 2452; x_wconf 86' lang='lat' dir='ltr'><strong>quocumque</strong></span> <span class='ocrx_word' id='word_1_173' title='bbox 1313 2381 1449 2436; x_wconf 87' lang='lat' dir='ltr'><strong>ieris.</strong></span> <span class='ocrx_word' id='word_1_174' title='bbox 1484 2381 1552 2436; x_wconf 89' lang='lat' dir='ltr'><strong>Et</strong></span> <span class='ocrx_word' id='word_1_175' title='bbox 1578 2380 1836 2436; x_wconf 90' lang='lat' dir='ltr'><strong>Dominus</strong></span> <span class='ocrx_word' id='word_1_176' title='bbox 1881 2380 1936 2434; x_wconf 91' lang='lat' dir='ltr'><strong>iu</strong></span> <span class='ocrx_word' id='word_1_177' title='bbox 1961 2379 2076 2449; x_wconf 87' lang='lat' dir='ltr'><strong>ejus</strong></span> 
     </span>
    </p>
   </div>
   <div class='ocr_carea' id='block_1_23' title="bbox 480 2464 2074 2542">
    <p class='ocr_par' dir='ltr' id='par_1_23' title="bbox 480 2464 2074 2542">
     <span class='ocr_line' id='line_1_23' title="bbox 480 2464 2074 2542; baseline 0.003 -23"><span class='ocrx_word' id='word_1_178' title='bbox 480 2464 644 2520; x_wconf 89' lang='lat' dir='ltr'><strong>corde</strong></span> <span class='ocrx_word' id='word_1_179' title='bbox 686 2465 966 2523; x_wconf 88' lang='lat' dir='ltr'><strong>invisibilia</strong></span> <span class='ocrx_word' id='word_1_180' title='bbox 992 2468 1217 2526; x_wconf 89' lang='lat' dir='ltr'><strong>videns:</strong></span> <span class='ocrx_word' id='word_1_181' title='bbox 1265 2469 1486 2542; x_wconf 79' lang='lat' dir='ltr'><strong>Vulpes,</strong></span> <span class='ocrx_word' id='word_1_182' title='bbox 1531 2471 1736 2542; x_wconf 87' lang='lat' dir='ltr'><strong>inquit,</strong></span> <span class='ocrx_word' id='word_1_183' title='bbox 1765 2475 1934 2542; x_wconf 83' lang='lat' dir='ltr'><strong>foveas</strong></span> <span class='ocrx_word' id='word_1_184' title='bbox 1977 2471 2074 2524; x_wconf 90' lang='lat' dir='ltr'><strong>ha-</strong></span> 
     </span>
    </p>
   </div>
   <div class='ocr_carea' id='block_1_24' title="bbox 482 2555 2078 2634">
    <p class='ocr_par' dir='ltr' id='par_1_24' title="bbox 482 2555 2078 2634">
     <span class='ocr_line' id='line_1_24' title="bbox 482 2555 2078 2634; baseline 0.004 -24"><span class='ocrx_word' id='word_1_185' title='bbox 482 2555 633 2622; x_wconf 87' lang='lat' dir='ltr'><strong>bent,</strong></span> <span class='ocrx_word' id='word_1_186' title='bbox 663 2568 710 2612; x_wconf 89' lang='lat' dir='ltr'><strong>et</strong></span> <span class='ocrx_word' id='word_1_187' title='bbox 730 2559 956 2614; x_wconf 77' lang='lat' dir='ltr'><strong>volatilia</strong></span> <span class='ocrx_word' id='word_1_188' title='bbox 981 2561 1094 2616; x_wconf 71' lang='lat' dir='ltr'><strong>caeli</strong></span> <span class='ocrx_word' id='word_1_189' title='bbox 1120 2562 1266 2617; x_wconf 84' lang='lat' dir='ltr'><strong>nidos</strong></span> <span class='ocrx_word' id='word_1_190' title='bbox 1288 2578 1307 2616; x_wconf 90' lang='lat'><strong>:</strong></span> <span class='ocrx_word' id='word_1_191' title='bbox 1328 2560 1497 2618; x_wconf 84' lang='lat' dir='ltr'><strong>Filius</strong></span> <span class='ocrx_word' id='word_1_192' title='bbox 1520 2572 1686 2634; x_wconf 85' lang='lat' dir='ltr'><strong>autem</strong></span> <span class='ocrx_word' id='word_1_193' title='bbox 1731 2563 1948 2618; x_wconf 81' lang='lat' dir='ltr'><strong>hominis</strong></span> <span class='ocrx_word' id='word_1_194' title='bbox 1976 2578 2078 2616; x_wconf 89' lang='lat' dir='ltr'><strong>non</strong></span> 
     </span>
    </p>
   </div>
   <div class='ocr_carea' id='block_1_25' title="bbox 485 2647 2079 2721">
    <p class='ocr_par' dir='ltr' id='par_1_25' title="bbox 485 2647 2079 2721">
     <span class='ocr_line' id='line_1_25' title="bbox 485 2647 2079 2721; baseline 0.005 -20"><span class='ocrx_word' id='word_1_195' title='bbox 485 2647 632 2703; x_wconf 85' lang='lat' dir='ltr'><strong>habet</strong></span> <span class='ocrx_word' id='word_1_196' title='bbox 659 2650 743 2704; x_wconf 88' lang='lat' dir='ltr'><strong>ubi</strong></span> <span class='ocrx_word' id='word_1_197' title='bbox 768 2661 920 2721; x_wconf 84' lang='lat' dir='ltr'><strong>caput</strong></span> <span class='ocrx_word' id='word_1_198' title='bbox 947 2669 1094 2708; x_wconf 86' lang='lat' dir='ltr'><strong>suum</strong></span> <span class='ocrx_word' id='word_1_199' title='bbox 1123 2653 1346 2708; x_wconf 80' lang='lat' dir='ltr'><strong>reclinet.</strong></span> <span class='ocrx_word' id='word_1_200' title='bbox 1379 2655 1489 2711; x_wconf 89' lang='lat' dir='ltr'><strong>Hoc</strong></span> <span class='ocrx_word' id='word_1_201' title='bbox 1506 2663 1590 2710; x_wconf 89' lang='lat' dir='ltr'><strong>est</strong></span> <span class='ocrx_word' id='word_1_202' title='bbox 1609 2697 1622 2721; x_wconf 92' lang='lat'><strong>,</strong></span> <span class='ocrx_word' id='word_1_203' title='bbox 1652 2654 1902 2710; x_wconf 82' lang='lat' dir='ltr'><strong>Habitant</strong></span> <span class='ocrx_word' id='word_1_204' title='bbox 1926 2654 1979 2709; x_wconf 90' lang='lat' dir='ltr'><strong>in</strong></span> <span class='ocrx_word' id='word_1_205' title='bbox 2023 2661 2079 2709; x_wconf 87' lang='lat' dir='ltr'><strong>te</strong></span> 
     </span>
    </p>
   </div>
   <div class='ocr_carea' id='block_1_26' title="bbox 484 2737 2077 2815">
    <p class='ocr_par' dir='ltr' id='par_1_26' title="bbox 484 2737 2077 2815">
     <span class='ocr_line' id='line_1_26' title="bbox 484 2737 2077 2815; baseline 0.004 -21"><span class='ocrx_word' id='word_1_206' title='bbox 484 2737 694 2796; x_wconf 65' lang='lat' dir='ltr'><strong>insidia}</strong></span> <span class='ocrx_word' id='word_1_207' title='bbox 721 2742 860 2798; x_wconf 88' lang='lat' dir='ltr'><strong>sicut</strong></span> <span class='ocrx_word' id='word_1_208' title='bbox 881 2743 1068 2814; x_wconf 88' lang='lat' dir='ltr'><strong>vulpes</strong></span> <span class='ocrx_word' id='word_1_209' title='bbox 1092 2786 1108 2811; x_wconf 93' lang='lat'><strong>,</strong></span> <span class='ocrx_word' id='word_1_210' title='bbox 1134 2744 1338 2800; x_wconf 88' lang='lat' dir='ltr'><strong>habitat</strong></span> <span class='ocrx_word' id='word_1_211' title='bbox 1360 2747 1607 2815; x_wconf 89' lang='lat' dir='ltr'><strong>superbia</strong></span> <span class='ocrx_word' id='word_1_212' title='bbox 1651 2746 1791 2801; x_wconf 90' lang='lat' dir='ltr'><strong>sicut</strong></span> <span class='ocrx_word' id='word_1_213' title='bbox 1813 2745 1936 2802; x_wconf 75' lang='grc' dir='ltr'><strong>οωιί</strong></span> <span class='ocrx_word' id='word_1_214' title='bbox 1976 2758 2077 2800; x_wconf 87' lang='lat' dir='ltr'><strong>vo-</strong></span> 
     </span>
    </p>
   </div>
   <div class='ocr_carea' id='block_1_27' title="bbox 478 2828 2075 2907">
    <p class='ocr_par' dir='ltr' id='par_1_27' title="bbox 478 2828 2075 2907">
     <span class='ocr_line' id='line_1_27' title="bbox 478 2828 2075 2907; baseline 0.006 -25"><span class='ocrx_word' id='word_1_215' title='bbox 478 2828 642 2884; x_wconf 79' lang='lat' dir='ltr'><strong>latilia</strong></span> <span class='ocrx_word' id='word_1_216' title='bbox 669 2850 683 2887; x_wconf 91' lang='lat'><strong>:</strong></span> <span class='ocrx_word' id='word_1_217' title='bbox 706 2831 870 2889; x_wconf 88' lang='lat' dir='ltr'><strong>Filius</strong></span> <span class='ocrx_word' id='word_1_218' title='bbox 899 2843 1077 2890; x_wconf 88' lang='lat' dir='ltr'><strong>autem</strong></span> <span class='ocrx_word' id='word_1_219' title='bbox 1113 2835 1344 2892; x_wconf 90' lang='lat' dir='ltr'><strong>hominis</strong></span> <span class='ocrx_word' id='word_1_220' title='bbox 1371 2837 1597 2907; x_wconf 86' lang='lat' dir='ltr'><strong>simplex</strong></span> <span class='ocrx_word' id='word_1_221' title='bbox 1622 2848 1808 2893; x_wconf 88' lang='lat' dir='ltr'><strong>contra</strong></span> <span class='ocrx_word' id='word_1_222' title='bbox 1836 2837 2075 2900; x_wconf 87' lang='lat' dir='ltr'><strong>insidias,</strong></span> 
     </span>
    </p>
   </div>
   <div class='ocr_carea' id='block_1_28' title="bbox 478 2921 2071 3002">
    <p class='ocr_par' dir='ltr' id='par_1_28' title="bbox 478 2921 2071 3002">
     <span class='ocr_line' id='line_1_28' title="bbox 478 2921 2071 3002; baseline 0.007 -26"><span class='ocrx_word' id='word_1_223' title='bbox 478 2921 694 2980; x_wconf 89' lang='lat' dir='ltr'><strong>humilis</strong></span> <span class='ocrx_word' id='word_1_224' title='bbox 721 2936 910 2982; x_wconf 88' lang='lat' dir='ltr'><strong>contra</strong></span> <span class='ocrx_word' id='word_1_225' title='bbox 931 2929 1236 2998; x_wconf 88' lang='lat' dir='ltr'><strong>superbiam</strong></span> <span class='ocrx_word' id='word_1_226' title='bbox 1259 2971 1274 2995; x_wconf 90' lang='lat'><strong>,</strong></span> <span class='ocrx_word' id='word_1_227' title='bbox 1304 2945 1409 2985; x_wconf 93' lang='lat' dir='ltr'><strong>non</strong></span> <span class='ocrx_word' id='word_1_228' title='bbox 1439 2930 1599 2986; x_wconf 84' lang='lat' dir='ltr'><strong>habet</strong></span> <span class='ocrx_word' id='word_1_229' title='bbox 1627 2931 1715 2985; x_wconf 91' lang='lat' dir='ltr'><strong>ubi</strong></span> <span class='ocrx_word' id='word_1_230' title='bbox 1741 2941 1899 3002; x_wconf 90' lang='lat' dir='ltr'><strong>caput</strong></span> <span class='ocrx_word' id='word_1_231' title='bbox 1916 2947 2071 2987; x_wconf 92' lang='lat' dir='ltr'><strong>suum</strong></span> 
     </span>
    </p>
   </div>
   <div class='ocr_carea' id='block_1_29' title="bbox 480 3015 2080 3091">
    <p class='ocr_par' dir='ltr' id='par_1_29' title="bbox 480 3015 2080 3091">
     <span class='ocr_line' id='line_1_29' title="bbox 480 3015 2080 3091; baseline 0.006 -21"><span class='ocrx_word' id='word_1_232' title='bbox 480 3015 723 3072; x_wconf 87' lang='lat' dir='ltr'><strong>reclinet.</strong></span> <span class='ocrx_word' id='word_1_233' title='bbox 755 3017 821 3072; x_wconf 89' lang='lat' dir='ltr'><strong>Et</strong></span> <span class='ocrx_word' id='word_1_234' title='bbox 846 3018 959 3088; x_wconf 91' lang='lat' dir='ltr'><strong>ipsa</strong></span> <span class='ocrx_word' id='word_1_235' title='bbox 980 3021 1268 3076; x_wconf 89' lang='lat' dir='ltr'><strong>reclinatio</strong></span> <span class='ocrx_word' id='word_1_236' title='bbox 1293 3021 1482 3091; x_wconf 89' lang='lat' dir='ltr'><strong>capitis</strong></span> <span class='ocrx_word' id='word_1_237' title='bbox 1506 3064 1520 3088; x_wconf 94' lang='lat'><strong>,</strong></span> <span class='ocrx_word' id='word_1_238' title='bbox 1549 3037 1654 3077; x_wconf 92' lang='lat' dir='ltr'><strong>non</strong></span> <span class='ocrx_word' id='word_1_239' title='bbox 1705 3023 1905 3078; x_wconf 88' lang='lat' dir='ltr'><strong>erectio</strong></span> <span class='ocrx_word' id='word_1_240' title='bbox 1923 3063 1938 3089; x_wconf 92' lang='lat'><strong>,</strong></span> <span class='ocrx_word' id='word_1_241' title='bbox 1981 3024 2080 3080; x_wconf 91' lang='lat' dir='ltr'><strong>hu-</strong></span> 
     </span>
    </p>
   </div>
   <div class='ocr_carea' id='block_1_30' title="bbox 485 3105 2079 3186">
    <p class='ocr_par' dir='ltr' id='par_1_30' title="bbox 485 3105 2079 3186">
     <span class='ocr_line' id='line_1_30' title="bbox 485 3105 2079 3186; baseline 0.008 -27"><span class='ocrx_word' id='word_1_242' title='bbox 485 3105 729 3162; x_wconf 88' lang='lat' dir='ltr'><strong>militatis</strong></span> <span class='ocrx_word' id='word_1_243' title='bbox 749 3109 1000 3180; x_wconf 86' lang='lat' dir='ltr'><strong>magistra</strong></span> <span class='ocrx_word' id='word_1_244' title='bbox 1027 3119 1128 3165; x_wconf 91' lang='lat' dir='ltr'><strong>est.</strong></span> <span class='ocrx_word' id='word_1_245' title='bbox 1153 3111 1390 3167; x_wconf 82' lang='lat' dir='ltr'><strong>Revocat</strong></span> <span class='ocrx_word' id='word_1_246' title='bbox 1415 3128 1544 3184; x_wconf 84' lang='lat' dir='ltr'><strong>ergo</strong></span> <span class='ocrx_word' id='word_1_247' title='bbox 1569 3115 1728 3168; x_wconf 91' lang='lat' dir='ltr'><strong>istum</strong></span> <span class='ocrx_word' id='word_1_248' title='bbox 1765 3115 1840 3169; x_wconf 91' lang='lat' dir='ltr'><strong>ire</strong></span> <span class='ocrx_word' id='word_1_249' title='bbox 1859 3117 2079 3186; x_wconf 85' lang='lat' dir='ltr'><strong>cupien-</strong></span> 
     </span>
    </p>
   </div>
   <div class='ocr_carea' id='block_1_31' title="bbox 485 3201 2079 3279">
    <p class='ocr_par' dir='ltr' id='par_1_31' title="bbox 485 3201 2079 3279">
     <span class='ocr_line' id='line_1_31' title="bbox 485 3201 2079 3279; baseline 0.006 -23"><span class='ocrx_word' id='word_1_250' title='bbox 485 3208 592 3256; x_wconf 91' lang='lat' dir='ltr'><strong>tem</strong></span> <span class='ocrx_word' id='word_1_251' title='bbox 619 3242 632 3266; x_wconf 92' lang='lat'><strong>,</strong></span> <span class='ocrx_word' id='word_1_252' title='bbox 662 3201 824 3257; x_wconf 88' lang='lat' dir='ltr'><strong>trahit</strong></span> <span class='ocrx_word' id='word_1_253' title='bbox 865 3205 1025 3259; x_wconf 91' lang='lat' dir='ltr'><strong>alium</strong></span> <span class='ocrx_word' id='word_1_254' title='bbox 1063 3215 1421 3262; x_wconf 89' lang='lat' dir='ltr'><strong>recusantem.</strong></span> <span class='ocrx_word' id='word_1_255' title='bbox 1468 3207 1670 3262; x_wconf 88' lang='lat' dir='ltr'><strong>Eodem</strong></span> <span class='ocrx_word' id='word_1_256' title='bbox 1719 3209 1914 3279; x_wconf 84' lang='lat' dir='ltr'><strong>quippe</strong></span> <span class='ocrx_word' id='word_1_257' title='bbox 1962 3210 2079 3266; x_wconf 91' lang='lat' dir='ltr'><strong>loco</strong></span> 
     </span>
    </p>
   </div>
   <div class='ocr_carea' id='block_1_32' title="bbox 481 3292 2080 3370">
    <p class='ocr_par' dir='ltr' id='par_1_32' title="bbox 481 3292 2080 3370">
     <span class='ocr_line' id='line_1_32' title="bbox 481 3292 2080 3370; baseline 0.008 -25"><span class='ocrx_word' id='word_1_258' title='bbox 481 3292 555 3346; x_wconf 88' lang='lat' dir='ltr'><strong>ait</strong></span> <span class='ocrx_word' id='word_1_259' title='bbox 578 3292 786 3348; x_wconf 87' lang='lat' dir='ltr'><strong>cuidam</strong></span> <span class='ocrx_word' id='word_1_260' title='bbox 813 3312 828 3348; x_wconf 90' lang='lat'><strong>:</strong></span> <span class='ocrx_word' id='word_1_261' title='bbox 863 3295 1084 3366; x_wconf 82' lang='lat' dir='ltr'><strong>Sequere</strong></span> <span class='ocrx_word' id='word_1_262' title='bbox 1103 3314 1200 3351; x_wconf 87' lang='lat' dir='ltr'><strong>me.</strong></span> <span class='ocrx_word' id='word_1_263' title='bbox 1227 3297 1297 3352; x_wconf 90' lang='lat' dir='ltr'><strong>Et</strong></span> <span class='ocrx_word' id='word_1_264' title='bbox 1325 3299 1414 3354; x_wconf 91' lang='lat' dir='ltr'><strong>ille</strong></span> <span class='ocrx_word' id='word_1_265' title='bbox 1444 3317 1457 3352; x_wconf 86' lang='lat'><strong>:</strong></span> <span class='ocrx_word' id='word_1_266' title='bbox 1483 3300 1681 3370; x_wconf 87' lang='lat' dir='ltr'><strong>Sequar</strong></span> <span class='ocrx_word' id='word_1_267' title='bbox 1705 3311 1752 3355; x_wconf 91' lang='lat' dir='ltr'><strong>te</strong></span> <span class='ocrx_word' id='word_1_268' title='bbox 1774 3344 1788 3369; x_wconf 94' lang='lat'><strong>,</strong></span> <span class='ocrx_word' id='word_1_269' title='bbox 1822 3300 2039 3358; x_wconf 86' lang='lat' dir='ltr'><strong>Domine</strong></span> <span class='ocrx_word' id='word_1_270' title='bbox 2061 3319 2080 3358; x_wconf 91' lang='lat'><strong><em>:</em></strong></span> 
     </span>
    </p>
   </div>
   <div class='ocr_carea' id='block_1_33' title="bbox 481 3386 2080 3464">
    <p class='ocr_par' dir='ltr' id='par_1_33' title="bbox 481 3386 2080 3464">
     <span class='ocr_line' id='line_1_33' title="bbox 481 3386 2080 3464; baseline 0.005 -23"><span class='ocrx_word' id='word_1_271' title='bbox 481 3386 571 3441; x_wconf 84' lang='lat' dir='ltr'><strong>sed</strong></span> <span class='ocrx_word' id='word_1_272' title='bbox 599 3387 706 3440; x_wconf 85' lang='lat' dir='ltr'><strong>sine</strong></span> <span class='ocrx_word' id='word_1_273' title='bbox 725 3405 804 3442; x_wconf 91' lang='lat' dir='ltr'><strong>me</strong></span> <span class='ocrx_word' id='word_1_274' title='bbox 821 3389 983 3459; x_wconf 88' lang='lat' dir='ltr'><strong>primo</strong></span> <span class='ocrx_word' id='word_1_275' title='bbox 1007 3390 1084 3444; x_wconf 88' lang='lat' dir='ltr'><strong>ire</strong></span> <span class='ocrx_word' id='word_1_276' title='bbox 1101 3397 1148 3444; x_wconf 92' lang='lat' dir='ltr'><strong>et</strong></span> <span class='ocrx_word' id='word_1_277' title='bbox 1177 3391 1386 3462; x_wconf 85' lang='lat' dir='ltr'><strong>sepelire</strong></span> <span class='ocrx_word' id='word_1_278' title='bbox 1415 3401 1607 3462; x_wconf 85' lang='lat' dir='ltr'><strong>patrem</strong></span> <span class='ocrx_word' id='word_1_279' title='bbox 1632 3409 1816 3447; x_wconf 87' lang='lat' dir='ltr'><strong>meum.</strong></span> <span class='ocrx_word' id='word_1_280' title='bbox 1845 3394 1939 3450; x_wconf 93' lang='lat' dir='ltr'><strong>Pie</strong></span> <span class='ocrx_word' id='word_1_281' title='bbox 1963 3395 2080 3464; x_wconf 92' lang='lat' dir='ltr'><strong>qui-</strong></span> 
     </span>
    </p>
   </div>
   <div class='ocr_carea' id='block_1_34' title="bbox 483 3476 2079 3553">
    <p class='ocr_par' dir='ltr' id='par_1_34' title="bbox 483 3476 2079 3553">
     <span class='ocr_line' id='line_1_34' title="bbox 483 3476 2079 3553; baseline 0.006 -21"><span class='ocrx_word' id='word_1_282' title='bbox 483 3476 606 3533; x_wconf 91' lang='lat' dir='ltr'><strong>dem</strong></span> <span class='ocrx_word' id='word_1_283' title='bbox 650 3479 964 3534; x_wconf 75' lang='lat' dir='ltr'><strong>exeusavit:</strong></span> <span class='ocrx_word' id='word_1_284' title='bbox 998 3489 1051 3535; x_wconf 93' lang='lat' dir='ltr'><strong>et</strong></span> <span class='ocrx_word' id='word_1_285' title='bbox 1080 3479 1200 3536; x_wconf 92' lang='lat' dir='ltr'><strong>ideo</strong></span> <span class='ocrx_word' id='word_1_286' title='bbox 1239 3480 1447 3552; x_wconf 77' lang='lat' dir='ltr'><strong>dignior</strong></span> <span class='ocrx_word' id='word_1_287' title='bbox 1474 3483 1626 3553; x_wconf 91' lang='lat' dir='ltr'><strong>cujus</strong></span> <span class='ocrx_word' id='word_1_288' title='bbox 1655 3485 1930 3540; x_wconf 82' lang='lat' dir='ltr'><strong>excusatio</strong></span> <span class='ocrx_word' id='word_1_289' title='bbox 1985 3501 2079 3541; x_wconf 81' lang='lat' dir='ltr'><strong>re-</strong></span> 
     </span>
    </p>
   </div>
   <div class='ocr_carea' id='block_1_35' title="bbox 488 3564 2078 3648">
    <p class='ocr_par' dir='ltr' id='par_1_35' title="bbox 488 3564 2078 3648">
     <span class='ocr_line' id='line_1_35' title="bbox 488 3564 2078 3648; baseline 0.005 -22"><span class='ocrx_word' id='word_1_290' title='bbox 488 3579 797 3627; x_wconf 89' lang='lat' dir='ltr'><strong>moveretur</strong></span> <span class='ocrx_word' id='word_1_291' title='bbox 813 3613 828 3640; x_wconf 97' lang='lat'><strong>,</strong></span> <span class='ocrx_word' id='word_1_292' title='bbox 851 3573 1059 3628; x_wconf 91' lang='lat' dir='ltr'><strong>vocatio</strong></span> <span class='ocrx_word' id='word_1_293' title='bbox 1081 3572 1400 3630; x_wconf 88' lang='lat' dir='ltr'><strong>ﬁrmaretur.</strong></span> <span class='ocrx_word' id='word_1_294' title='bbox 1429 3575 1579 3631; x_wconf 89' lang='lat' dir='ltr'><strong>Pium</strong></span> <span class='ocrx_word' id='word_1_295' title='bbox 1628 3586 1743 3632; x_wconf 91' lang='lat' dir='ltr'><strong>erat</strong></span> <span class='ocrx_word' id='word_1_296' title='bbox 1770 3581 1909 3648; x_wconf 92' lang='lat' dir='ltr'><strong>quod</strong></span> <span class='ocrx_word' id='word_1_297' title='bbox 1931 3564 2078 3633; x_wconf 77' lang='lat' dir='ltr'><strong>vole-</strong></span> 
     </span>
    </p>
   </div>
   <div class='ocr_carea' id='block_1_36' title="bbox 483 3661 2076 3740">
    <p class='ocr_par' dir='ltr' id='par_1_36' title="bbox 483 3661 2076 3740">
     <span class='ocr_line' id='line_1_36' title="bbox 483 3661 2076 3740; baseline 0.006 -23"><span class='ocrx_word' id='word_1_298' title='bbox 483 3661 575 3718; x_wconf 87' lang='lat' dir='ltr'><strong>bat</strong></span> <span class='ocrx_word' id='word_1_299' title='bbox 614 3661 793 3719; x_wconf 86' lang='lat' dir='ltr'><strong>facere</strong></span> <span class='ocrx_word' id='word_1_300' title='bbox 823 3681 836 3717; x_wconf 93' lang='lat'><strong>:</strong></span> <span class='ocrx_word' id='word_1_301' title='bbox 865 3663 960 3719; x_wconf 85' lang='lat' dir='ltr'><strong>sed</strong></span> <span class='ocrx_word' id='word_1_302' title='bbox 998 3663 1179 3720; x_wconf 85' lang='lat' dir='ltr'><strong>docuit</strong></span> <span class='ocrx_word' id='word_1_303' title='bbox 1200 3666 1452 3738; x_wconf 80' lang='lat' dir='ltr'><strong>magister</strong></span> <span class='ocrx_word' id='word_1_304' title='bbox 1475 3668 1600 3738; x_wconf 91' lang='lat' dir='ltr'><strong>quid</strong></span> <span class='ocrx_word' id='word_1_305' title='bbox 1621 3668 1842 3725; x_wconf 89' lang='lat' dir='ltr'><strong>deberet</strong></span> <span class='ocrx_word' id='word_1_306' title='bbox 1867 3685 2076 3740; x_wconf 77' lang='lat' dir='ltr'><strong>praepo-</strong></span> 
     </span>
    </p>
   </div>
   <div class='ocr_carea' id='block_1_37' title="bbox 484 3754 2073 3834">
    <p class='ocr_par' dir='ltr' id='par_1_37' title="bbox 484 3754 2073 3834">
     <span class='ocr_line' id='line_1_37' title="bbox 484 3754 2073 3834; baseline 0.005 -24"><span class='ocrx_word' id='word_1_307' title='bbox 484 3770 632 3810; x_wconf 85' lang='lat' dir='ltr'><strong>nere.</strong></span> <span class='ocrx_word' id='word_1_308' title='bbox 657 3754 880 3812; x_wconf 85' lang='lat' dir='ltr'><strong>Volebat</strong></span> <span class='ocrx_word' id='word_1_309' title='bbox 906 3759 1048 3812; x_wconf 89' lang='lat' dir='ltr'><strong>enim</strong></span> <span class='ocrx_word' id='word_1_310' title='bbox 1067 3772 1190 3813; x_wconf 91' lang='lat' dir='ltr'><strong>eum</strong></span> <span class='ocrx_word' id='word_1_311' title='bbox 1216 3773 1335 3814; x_wconf 91' lang='lat' dir='ltr'><strong>esse</strong></span> <span class='ocrx_word' id='word_1_312' title='bbox 1349 3760 1453 3815; x_wconf 88' lang='lat' dir='ltr'><strong>vivi</strong></span> <span class='ocrx_word' id='word_1_313' title='bbox 1475 3760 1619 3816; x_wconf 87' lang='lat' dir='ltr'><strong>verbi</strong></span> <span class='ocrx_word' id='word_1_314' title='bbox 1650 3763 2073 3834; x_wconf 83' lang='lat' dir='ltr'><strong>praedicatorem,</strong></span> 
     </span>
    </p>
   </div>
   <div class='ocr_carea' id='block_1_38' title="bbox 485 3845 2078 3928">
    <p class='ocr_par' dir='ltr' id='par_1_38' title="bbox 485 3845 2078 3928">
     <span class='ocr_line' id='line_1_38' title="bbox 485 3845 2078 3928; baseline 0.008 -27"><span class='ocrx_word' id='word_1_315' title='bbox 485 3845 550 3901; x_wconf 89' lang='lat' dir='ltr'><strong>ad</strong></span> <span class='ocrx_word' id='word_1_316' title='bbox 577 3845 847 3903; x_wconf 81' lang='lat' dir='ltr'><strong>faciendos</strong></span> <span class='ocrx_word' id='word_1_317' title='bbox 889 3849 1143 3905; x_wconf 90' lang='lat' dir='ltr'><strong>victuros.</strong></span> <span class='ocrx_word' id='word_1_318' title='bbox 1194 3851 1361 3906; x_wconf 88' lang='lat' dir='ltr'><strong>Erant</strong></span> <span class='ocrx_word' id='word_1_319' title='bbox 1400 3862 1580 3909; x_wconf 86' lang='lat' dir='ltr'><strong>autem</strong></span> <span class='ocrx_word' id='word_1_320' title='bbox 1622 3854 1748 3921; x_wconf 90' lang='lat' dir='ltr'><strong>alii,</strong></span> <span class='ocrx_word' id='word_1_321' title='bbox 1802 3871 1895 3926; x_wconf 92' lang='lat' dir='ltr'><strong>per</strong></span> <span class='ocrx_word' id='word_1_322' title='bbox 1942 3872 2078 3928; x_wconf 87' lang='lat' dir='ltr'><strong>quos</strong></span> 
     </span>
    </p>
   </div>
   <div class='ocr_carea' id='block_1_39' title="bbox 486 3936 2078 4019">
    <p class='ocr_par' dir='ltr' id='par_1_39' title="bbox 486 3936 2078 4019">
     <span class='ocr_line' id='line_1_39' title="bbox 486 3936 2078 4019; baseline 0.008 -28"><span class='ocrx_word' id='word_1_323' title='bbox 486 3936 574 3992; x_wconf 89' lang='lat' dir='ltr'><strong>illa</strong></span> <span class='ocrx_word' id='word_1_324' title='bbox 606 3938 895 3992; x_wconf 88' lang='lat' dir='ltr'><strong>necessitas</strong></span> <span class='ocrx_word' id='word_1_325' title='bbox 917 3941 1246 4011; x_wconf 85' lang='lat' dir='ltr'><strong>impleretur.</strong></span> <span class='ocrx_word' id='word_1_326' title='bbox 1275 3942 1430 4010; x_wconf 90' lang='lat' dir='ltr'><strong>Sine,</strong></span> <span class='ocrx_word' id='word_1_327' title='bbox 1461 3944 1663 4014; x_wconf 85' lang='lat' dir='ltr'><strong>inquit,</strong></span> <span class='ocrx_word' id='word_1_328' title='bbox 1694 3956 1917 4002; x_wconf 87' lang='lat' dir='ltr'><strong>mortuos</strong></span> <span class='ocrx_word' id='word_1_329' title='bbox 1936 3965 2078 4019; x_wconf 81' lang='lat' dir='ltr'><strong>sepe-</strong></span> 
     </span>
    </p>
   </div>
   <div class='ocr_carea' id='block_1_40' title="bbox 490 4025 2077 4105">
    <p class='ocr_par' dir='ltr' id='par_1_40' title="bbox 490 4025 2077 4105">
     <span class='ocr_line' id='line_1_40' title="bbox 490 4025 2077 4105; baseline 0.011 -27"><span class='ocrx_word' id='word_1_330' title='bbox 490 4025 582 4080; x_wconf 76' lang='lat' dir='ltr'><strong>lire</strong></span> <span class='ocrx_word' id='word_1_331' title='bbox 611 4038 831 4084; x_wconf 87' lang='lat' dir='ltr'><strong>mortuos</strong></span> <span class='ocrx_word' id='word_1_332' title='bbox 869 4046 989 4085; x_wconf 90' lang='lat' dir='ltr'><strong>suos</strong></span> <span class='ocrx_word' id='word_1_333' title='bbox 1032 4029 1141 4101; x_wconf 88' lang='lat' dir='ltr'><strong>(Id.</strong></span> <span class='ocrx_word' id='word_1_334' title='bbox 1181 4048 1237 4087; x_wconf 79' lang='lat' dir='ltr'><strong>ix</strong></span> <span class='ocrx_word' id='word_1_335' title='bbox 1260 4075 1275 4099; x_wconf 94' lang='lat'><strong>,</strong></span> <span class='ocrx_word' id='word_1_336' title='bbox 1304 4034 1516 4105; x_wconf 79' lang='lat'><strong>57-60).</strong></span> <span class='ocrx_word' id='word_1_337' title='bbox 1550 4035 1794 4092; x_wconf 80' lang='lat' dir='ltr'><strong>[nﬁdeles</strong></span> <span class='ocrx_word' id='word_1_338' title='bbox 1851 4039 2077 4095; x_wconf 88' lang='lat' dir='ltr'><strong>cadaver</strong></span> 
     </span>
    </p>
   </div>
   <div class='ocr_carea' id='block_1_41' title="bbox 490 4118 2075 4198">
    <p class='ocr_par' dir='ltr' id='par_1_41' title="bbox 490 4118 2075 4198">
     <span class='ocr_line' id='line_1_41' title="bbox 490 4118 2075 4198; baseline 0.009 -27"><span class='ocrx_word' id='word_1_339' title='bbox 490 4118 704 4187; x_wconf 87' lang='lat' dir='ltr'><strong>quando</strong></span> <span class='ocrx_word' id='word_1_340' title='bbox 732 4120 994 4189; x_wconf 89' lang='lat' dir='ltr'><strong>sepeliunt</strong></span> <span class='ocrx_word' id='word_1_341' title='bbox 1017 4163 1032 4188; x_wconf 97' lang='lat'><strong>,</strong></span> <span class='ocrx_word' id='word_1_342' title='bbox 1060 4123 1253 4176; x_wconf 91' lang='lat' dir='ltr'><strong>mortui</strong></span> <span class='ocrx_word' id='word_1_343' title='bbox 1303 4134 1570 4181; x_wconf 92' lang='lat' dir='ltr'><strong>mortuum</strong></span> <span class='ocrx_word' id='word_1_344' title='bbox 1618 4129 1899 4198; x_wconf 89' lang='lat' dir='ltr'><strong>sepeliunt.</strong></span> <span class='ocrx_word' id='word_1_345' title='bbox 1933 4129 2075 4186; x_wconf 88' lang='lat' dir='ltr'><strong>Illius</strong></span> 
     </span>
    </p>
   </div>
   <div class='ocr_carea' id='block_1_42' title="bbox 491 4209 2078 4280">
    <p class='ocr_par' dir='ltr' id='par_1_42' title="bbox 491 4209 2078 4280">
     <span class='ocr_line' id='line_1_42' title="bbox 491 4209 2078 4280; baseline 0.01 -18"><span class='ocrx_word' id='word_1_346' title='bbox 491 4221 684 4277; x_wconf 91' lang='lat' dir='ltr'><strong>corpus</strong></span> <span class='ocrx_word' id='word_1_347' title='bbox 704 4209 935 4264; x_wconf 89' lang='lat' dir='ltr'><strong>animam</strong></span> <span class='ocrx_word' id='word_1_348' title='bbox 962 4211 1231 4280; x_wconf 89' lang='lat' dir='ltr'><strong>perdidit:</strong></span> <span class='ocrx_word' id='word_1_349' title='bbox 1262 4215 1472 4270; x_wconf 89' lang='lat' dir='ltr'><strong>illorum</strong></span> <span class='ocrx_word' id='word_1_350' title='bbox 1511 4218 1686 4273; x_wconf 89' lang='lat' dir='ltr'><strong>anima</strong></span> <span class='ocrx_word' id='word_1_351' title='bbox 1719 4219 1902 4275; x_wconf 92' lang='lat' dir='ltr'><strong>Deum.</strong></span> <span class='ocrx_word' id='word_1_352' title='bbox 1930 4221 2078 4278; x_wconf 89' lang='lat' dir='ltr'><strong>Sicut</strong></span> 
     </span>
    </p>
   </div>
   <div class='ocr_carea' id='block_1_43' title="bbox 490 4298 2074 4370">
    <p class='ocr_par' dir='ltr' id='par_1_43' title="bbox 490 4298 2074 4370">
     <span class='ocr_line' id='line_1_43' title="bbox 490 4298 2074 4370; baseline 0.011 -19"><span class='ocrx_word' id='word_1_353' title='bbox 490 4298 634 4352; x_wconf 90' lang='lat' dir='ltr'><strong>enim</strong></span> <span class='ocrx_word' id='word_1_354' title='bbox 674 4299 782 4354; x_wconf 90' lang='lat' dir='ltr'><strong>vita</strong></span> <span class='ocrx_word' id='word_1_355' title='bbox 805 4302 1044 4370; x_wconf 87' lang='lat' dir='ltr'><strong>corporis</strong></span> <span class='ocrx_word' id='word_1_356' title='bbox 1073 4302 1248 4358; x_wconf 89' lang='lat' dir='ltr'><strong>anima</strong></span> <span class='ocrx_word' id='word_1_357' title='bbox 1275 4313 1359 4361; x_wconf 91' lang='lat' dir='ltr'><strong>est</strong></span> <span class='ocrx_word' id='word_1_358' title='bbox 1384 4323 1395 4358; x_wconf 92' lang='lat'><strong>:</strong></span> <span class='ocrx_word' id='word_1_359' title='bbox 1428 4307 1505 4362; x_wconf 90' lang='lat' dir='ltr'><strong>sic</strong></span> <span class='ocrx_word' id='word_1_360' title='bbox 1544 4308 1649 4362; x_wconf 90' lang='lat' dir='ltr'><strong>vita</strong></span> <span class='ocrx_word' id='word_1_361' title='bbox 1688 4309 1880 4366; x_wconf 69' lang='lat' dir='ltr'><strong>animae</strong></span> <span class='ocrx_word' id='word_1_362' title='bbox 1911 4313 2074 4369; x_wconf 90' lang='lat' dir='ltr'><strong>Deus.</strong></span> 
     </span>
    </p>
   </div>
   <div class='ocr_carea' id='block_1_44' title="bbox 489 4387 2075 4464">
    <p class='ocr_par' dir='ltr' id='par_1_44' title="bbox 489 4387 2075 4464">
     <span class='ocr_line' id='line_1_44' title="bbox 489 4387 2075 4464; baseline 0.009 -20"><span class='ocrx_word' id='word_1_363' title='bbox 489 4387 637 4444; x_wconf 89' lang='lat' dir='ltr'><strong>Sicut</strong></span> <span class='ocrx_word' id='word_1_364' title='bbox 663 4391 896 4461; x_wconf 80' lang='lat' dir='ltr'><strong>exspirat</strong></span> <span class='ocrx_word' id='word_1_365' title='bbox 921 4407 1114 4464; x_wconf 89' lang='lat' dir='ltr'><strong>corpus</strong></span> <span class='ocrx_word' id='word_1_366' title='bbox 1135 4434 1152 4462; x_wconf 91' lang='lat'><strong>,</strong></span> <span class='ocrx_word' id='word_1_367' title='bbox 1175 4409 1295 4450; x_wconf 91' lang='lat' dir='ltr'><strong>cum</strong></span> <span class='ocrx_word' id='word_1_368' title='bbox 1325 4397 1559 4452; x_wconf 90' lang='lat' dir='ltr'><strong>animam</strong></span> <span class='ocrx_word' id='word_1_369' title='bbox 1613 4401 1808 4456; x_wconf 89' lang='lat' dir='ltr'><strong>emittit</strong></span> <span class='ocrx_word' id='word_1_370' title='bbox 1837 4421 1849 4457; x_wconf 96' lang='lat'><strong>:</strong></span> <span class='ocrx_word' id='word_1_371' title='bbox 1880 4403 1951 4458; x_wconf 89' lang='lat' dir='ltr'><strong>ita</strong></span> <span class='ocrx_word' id='word_1_372' title='bbox 1977 4419 2075 4460; x_wconf 84' lang='lat' dir='ltr'><strong>ex-</strong></span> 
     </span>
    </p>
   </div>
   <div class='ocr_carea' id='block_1_45' title="bbox 489 4482 2076 4564">
    <p class='ocr_par' dir='ltr' id='par_1_45' title="bbox 489 4482 2076 4564">
     <span class='ocr_line' id='line_1_45' title="bbox 489 4482 2076 4564; baseline 0.011 -28"><span class='ocrx_word' id='word_1_373' title='bbox 489 4482 657 4553; x_wconf 90' lang='lat' dir='ltr'><strong>spirat</strong></span> <span class='ocrx_word' id='word_1_374' title='bbox 681 4483 854 4538; x_wconf 87' lang='lat' dir='ltr'><strong>anima</strong></span> <span class='ocrx_word' id='word_1_375' title='bbox 869 4500 1036 4551; x_wconf 64' lang='lat' dir='ltr'><strong>,:cum</strong></span> <span class='ocrx_word' id='word_1_376' title='bbox 1057 4487 1224 4543; x_wconf 90' lang='lat' dir='ltr'><strong>Deum</strong></span> <span class='ocrx_word' id='word_1_377' title='bbox 1245 4489 1456 4545; x_wconf 90' lang='lat' dir='ltr'><strong>amittit.</strong></span> <span class='ocrx_word' id='word_1_378' title='bbox 1487 4491 1626 4548; x_wconf 91' lang='lat' dir='ltr'><strong>Deus</strong></span> <span class='ocrx_word' id='word_1_379' title='bbox 1647 4494 1875 4550; x_wconf 89' lang='lat' dir='ltr'><strong>amissus</strong></span> <span class='ocrx_word' id='word_1_380' title='bbox 1893 4536 1910 4564; x_wconf 97' lang='lat'><strong>,</strong></span> <span class='ocrx_word' id='word_1_381' title='bbox 1931 4512 2076 4554; x_wconf 92' lang='lat' dir='ltr'><strong>mors</strong></span> 
     </span>
    </p>
   </div>
   <div class='ocr_carea' id='block_1_46' title="bbox 490 4577 2078 4659">
    <p class='ocr_par' dir='ltr' id='par_1_46' title="bbox 490 4577 2078 4659">
     <span class='ocr_line' id='line_1_46' title="bbox 490 4577 2078 4659; baseline 0.009 -28"><span class='ocrx_word' id='word_1_382' title='bbox 490 4577 685 4632; x_wconf 69' lang='lat' dir='ltr'><strong>anima:</strong></span> <span class='ocrx_word' id='word_1_383' title='bbox 715 4594 728 4631; x_wconf 88' lang='lat'><strong>:</strong></span> <span class='ocrx_word' id='word_1_384' title='bbox 759 4577 934 4632; x_wconf 88' lang='lat' dir='ltr'><strong>anima</strong></span> <span class='ocrx_word' id='word_1_385' title='bbox 962 4579 1156 4636; x_wconf 90' lang='lat' dir='ltr'><strong>emissa</strong></span> <span class='ocrx_word' id='word_1_386' title='bbox 1175 4621 1189 4646; x_wconf 90' lang='lat'><strong>,</strong></span> <span class='ocrx_word' id='word_1_387' title='bbox 1219 4597 1365 4637; x_wconf 89' lang='lat' dir='ltr'><strong>mors</strong></span> <span class='ocrx_word' id='word_1_388' title='bbox 1385 4586 1644 4654; x_wconf 89' lang='lat' dir='ltr'><strong>corporis.</strong></span> <span class='ocrx_word' id='word_1_389' title='bbox 1672 4584 1814 4642; x_wconf 86' lang='lat' dir='ltr'><strong>Mors</strong></span> <span class='ocrx_word' id='word_1_390' title='bbox 1837 4591 2078 4659; x_wconf 91' lang='lat' dir='ltr'><strong>corporis</strong></span> 
     </span>
    </p>
   </div>
   <div class='ocr_carea' id='block_1_47' title="bbox 491 4669 1855 4730">
    <p class='ocr_par' dir='ltr' id='par_1_47' title="bbox 491 4669 1855 4730">
     <span class='ocr_line' id='line_1_47' title="bbox 491 4669 1855 4730; baseline 0.004 -6"><span class='ocrx_word' id='word_1_391' title='bbox 491 4669 793 4725; x_wconf 88' lang='lat' dir='ltr'><strong>necessaria</strong></span> <span class='ocrx_word' id='word_1_392' title='bbox 827 4687 842 4725; x_wconf 88' lang='lat'><strong>:</strong></span> <span class='ocrx_word' id='word_1_393' title='bbox 871 4685 1017 4726; x_wconf 90' lang='lat' dir='ltr'><strong>mors</strong></span> <span class='ocrx_word' id='word_1_394' title='bbox 1043 4671 1236 4728; x_wconf 67' lang='lat' dir='ltr'><strong>anima:</strong></span> <span class='ocrx_word' id='word_1_395' title='bbox 1262 4674 1578 4730; x_wconf 89' lang='lat' dir='ltr'><strong>voluntaria.</strong></span> <span class='ocrx_word' id='word_1_396' title='bbox 1850 4725 1855 4729; x_wconf 90' lang='lat'><strong>_</strong></span> 
     </span>
    </p>
   </div>
   <div class='ocr_carea' id='block_1_48' title="bbox 561 4760 2079 4832">
    <p class='ocr_par' dir='ltr' id='par_1_48' title="bbox 561 4760 2079 4832">
     <span class='ocr_line' id='line_1_48' title="bbox 561 4760 2079 4832; baseline 0.01 -16"><span class='ocrx_word' id='word_1_397' title='bbox 561 4761 616 4816; x_wconf 74' lang='lat'><strong>3.</strong></span> <span class='ocrx_word' id='word_1_398' title='bbox 671 4760 989 4817; x_wconf 81' lang='lat' dir='ltr'><strong>Ccnturionis</strong></span> <span class='ocrx_word' id='word_1_399' title='bbox 1040 4763 1167 4832; x_wconf 79' lang='lat' dir='ltr'><strong>ﬁdes</strong></span> <span class='ocrx_word' id='word_1_400' title='bbox 1221 4765 1273 4818; x_wconf 89' lang='lat' dir='ltr'><strong>in</strong></span> <span class='ocrx_word' id='word_1_401' title='bbox 1339 4767 1640 4824; x_wconf 82' lang='lat' dir='ltr'><strong>humilitate.</strong></span> <span class='ocrx_word' id='word_1_402' title='bbox 1704 4771 2079 4832; x_wconf 86' lang='lat' dir='ltr'><strong>Discumbebat</strong></span> 
     </span>
    </p>
   </div>
   <div class='ocr_carea' id='block_1_49' title="bbox 489 4852 2074 4934">
    <p class='ocr_par' dir='ltr' id='par_1_49' title="bbox 489 4852 2074 4934">
     <span class='ocr_line' id='line_1_49' title="bbox 489 4852 2074 4934; baseline 0.008 -25"><span class='ocrx_word' id='word_1_403' title='bbox 489 4867 619 4923; x_wconf 86' lang='lat' dir='ltr'><strong>ergo</strong></span> <span class='ocrx_word' id='word_1_404' title='bbox 647 4852 903 4907; x_wconf 90' lang='lat' dir='ltr'><strong>Dominus</strong></span> <span class='ocrx_word' id='word_1_405' title='bbox 950 4852 1003 4908; x_wconf 90' lang='lat' dir='ltr'><strong>in</strong></span> <span class='ocrx_word' id='word_1_406' title='bbox 1041 4853 1201 4908; x_wconf 91' lang='lat' dir='ltr'><strong>domo</strong></span> <span class='ocrx_word' id='word_1_407' title='bbox 1226 4855 1474 4924; x_wconf 69' lang='lat' dir='ltr'><strong>phariszei</strong></span> <span class='ocrx_word' id='word_1_408' title='bbox 1520 4858 1794 4928; x_wconf 90' lang='lat' dir='ltr'><strong>cujusdam</strong></span> <span class='ocrx_word' id='word_1_409' title='bbox 1838 4865 2074 4934; x_wconf 90' lang='lat' dir='ltr'><strong>superbi.</strong></span> 
     </span>
    </p>
   </div>
   <div class='ocr_carea' id='block_1_50' title="bbox 491 4944 2075 5021">
    <p class='ocr_par' dir='ltr' id='par_1_50' title="bbox 491 4944 2075 5021">
     <span class='ocr_line' id='line_1_50' title="bbox 491 4944 2075 5021; baseline 0.008 -21"><span class='ocrx_word' id='word_1_410' title='bbox 491 4945 549 5000; x_wconf 90' lang='lat' dir='ltr'><strong>ln</strong></span> <span class='ocrx_word' id='word_1_411' title='bbox 580 4944 739 4999; x_wconf 89' lang='lat' dir='ltr'><strong>domo</strong></span> <span class='ocrx_word' id='word_1_412' title='bbox 763 4945 878 5015; x_wconf 91' lang='lat' dir='ltr'><strong>ejus</strong></span> <span class='ocrx_word' id='word_1_413' title='bbox 908 4955 1052 5011; x_wconf 89' lang='lat' dir='ltr'><strong>erat,</strong></span> <span class='ocrx_word' id='word_1_414' title='bbox 1095 4955 1154 5001; x_wconf 91' lang='lat' dir='ltr'><strong>ut</strong></span> <span class='ocrx_word' id='word_1_415' title='bbox 1198 4946 1338 5013; x_wconf 78' lang='lat' dir='ltr'><strong>dixi;</strong></span> <span class='ocrx_word' id='word_1_416' title='bbox 1369 4957 1424 5004; x_wconf 90' lang='lat' dir='ltr'><strong>et</strong></span> <span class='ocrx_word' id='word_1_417' title='bbox 1466 4950 1518 5004; x_wconf 90' lang='lat' dir='ltr'><strong>iu</strong></span> <span class='ocrx_word' id='word_1_418' title='bbox 1571 4960 1786 5021; x_wconf 90' lang='lat' dir='ltr'><strong>pectore</strong></span> <span class='ocrx_word' id='word_1_419' title='bbox 1813 4955 1929 5019; x_wconf 88' lang='lat' dir='ltr'><strong>ejus</strong></span> <span class='ocrx_word' id='word_1_420' title='bbox 1972 4971 2075 5013; x_wconf 90' lang='lat' dir='ltr'><strong>non</strong></span> 
     </span>
    </p>
   </div>
   <div class='ocr_carea' id='block_1_51' title="bbox 490 5033 2073 5115">
    <p class='ocr_par' dir='ltr' id='par_1_51' title="bbox 490 5033 2073 5115">
     <span class='ocr_line' id='line_1_51' title="bbox 490 5033 2073 5115; baseline 0.008 -25"><span class='ocrx_word' id='word_1_421' title='bbox 490 5043 624 5090; x_wconf 72' lang='lat' dir='ltr'><strong>erat.</strong></span> <span class='ocrx_word' id='word_1_422' title='bbox 653 5033 710 5088; x_wconf 87' lang='lat' dir='ltr'><strong>In</strong></span> <span class='ocrx_word' id='word_1_423' title='bbox 739 5034 896 5105; x_wconf 87' lang='lat' dir='ltr'><strong>hujus</strong></span> <span class='ocrx_word' id='word_1_424' title='bbox 917 5050 1044 5090; x_wconf 88' lang='lat' dir='ltr'><strong>vero</strong></span> <span class='ocrx_word' id='word_1_425' title='bbox 1064 5035 1410 5094; x_wconf 89' lang='lat' dir='ltr'><strong>Ccnturionis</strong></span> <span class='ocrx_word' id='word_1_426' title='bbox 1435 5039 1651 5096; x_wconf 89' lang='lat' dir='ltr'><strong>domum</strong></span> <span class='ocrx_word' id='word_1_427' title='bbox 1684 5059 1791 5099; x_wconf 91' lang='lat' dir='ltr'><strong>non</strong></span> <span class='ocrx_word' id='word_1_428' title='bbox 1816 5045 2032 5103; x_wconf 88' lang='lat' dir='ltr'><strong>intravit</strong></span> <span class='ocrx_word' id='word_1_429' title='bbox 2059 5090 2073 5115; x_wconf 96' lang='lat'><strong>,</strong></span> 
     </span>
    </p>
   </div>
   <div class='ocr_carea' id='block_1_52' title="bbox 490 5127 2079 5196">
    <p class='ocr_par' dir='ltr' id='par_1_52' title="bbox 490 5127 2079 5196">
     <span class='ocr_line' id='line_1_52' title="bbox 490 5127 2079 5196; baseline 0.009 -16"><span class='ocrx_word' id='word_1_430' title='bbox 490 5137 546 5181; x_wconf 89' lang='lat' dir='ltr'><strong>et</strong></span> <span class='ocrx_word' id='word_1_431' title='bbox 571 5135 753 5196; x_wconf 89' lang='lat' dir='ltr'><strong>pectus</strong></span> <span class='ocrx_word' id='word_1_432' title='bbox 773 5127 1028 5196; x_wconf 89' lang='lat' dir='ltr'><strong>possedit.</strong></span> <span class='ocrx_word' id='word_1_433' title='bbox 1069 5127 1354 5184; x_wconf 83' lang='lat' dir='ltr'><strong>Zacchaeus</strong></span> <span class='ocrx_word' id='word_1_434' title='bbox 1374 5146 1501 5187; x_wconf 91' lang='lat' dir='ltr'><strong>vero</strong></span> <span class='ocrx_word' id='word_1_435' title='bbox 1526 5132 1805 5190; x_wconf 89' lang='lat' dir='ltr'><strong>Dominum</strong></span> <span class='ocrx_word' id='word_1_436' title='bbox 1826 5146 1880 5192; x_wconf 90' lang='lat' dir='ltr'><strong>et</strong></span> <span class='ocrx_word' id='word_1_437' title='bbox 1917 5138 2079 5194; x_wconf 93' lang='lat' dir='ltr'><strong>domo</strong></span> 
     </span>
    </p>
   </div>
   <div class='ocr_carea' id='block_1_53' title="bbox 491 5217 2076 5294">
    <p class='ocr_par' dir='ltr' id='par_1_53' title="bbox 491 5217 2076 5294">
     <span class='ocr_line' id='line_1_53' title="bbox 491 5217 2076 5294; baseline 0.009 -22"><span class='ocrx_word' id='word_1_438' title='bbox 491 5217 763 5287; x_wconf 89' lang='lat' dir='ltr'><strong>suscepit,</strong></span> <span class='ocrx_word' id='word_1_439' title='bbox 791 5228 846 5275; x_wconf 90' lang='lat' dir='ltr'><strong>et</strong></span> <span class='ocrx_word' id='word_1_440' title='bbox 871 5220 1050 5274; x_wconf 89' lang='lat' dir='ltr'><strong>animo</strong></span> <span class='ocrx_word' id='word_1_441' title='bbox 1080 5218 1190 5293; x_wconf 91' lang='lat' dir='ltr'><strong>(Id.</strong></span> <span class='ocrx_word' id='word_1_442' title='bbox 1213 5236 1334 5286; x_wconf 72' lang='lat' dir='ltr'><strong>xu,</strong></span> <span class='ocrx_word' id='word_1_443' title='bbox 1359 5222 1437 5293; x_wconf 84' lang='lat'><strong>6).</strong></span> <span class='ocrx_word' id='word_1_444' title='bbox 1472 5223 1639 5294; x_wconf 84' lang='lat' dir='ltr'><strong>Hujus</strong></span> <span class='ocrx_word' id='word_1_445' title='bbox 1665 5234 1840 5282; x_wconf 88' lang='lat' dir='ltr'><strong>tamen</strong></span> <span class='ocrx_word' id='word_1_446' title='bbox 1862 5228 1994 5284; x_wconf 88' lang='lat' dir='ltr'><strong>ﬁdes</strong></span> <span class='ocrx_word' id='word_1_447' title='bbox 2022 5231 2076 5287; x_wconf 91' lang='lat' dir='ltr'><strong>in</strong></span> 
     </span>
    </p>
   </div>
   <div class='ocr_carea' id='block_1_54' title="bbox 493 5306 2078 5387">
    <p class='ocr_par' dir='ltr' id='par_1_54' title="bbox 493 5306 2078 5387">
     <span class='ocr_line' id='line_1_54' title="bbox 493 5306 2078 5387; baseline 0.008 -27"><span class='ocrx_word' id='word_1_448' title='bbox 493 5306 788 5362; x_wconf 86' lang='lat' dir='ltr'><strong>humilitate</strong></span> <span class='ocrx_word' id='word_1_449' title='bbox 818 5308 1081 5364; x_wconf 89' lang='lat' dir='ltr'><strong>laudatur.</strong></span> <span class='ocrx_word' id='word_1_450' title='bbox 1110 5309 1252 5366; x_wconf 80' lang='lat' dir='ltr'><strong>Dixit</strong></span> <span class='ocrx_word' id='word_1_451' title='bbox 1281 5312 1425 5367; x_wconf 90' lang='lat' dir='ltr'><strong>enim</strong></span> <span class='ocrx_word' id='word_1_452' title='bbox 1449 5354 1463 5378; x_wconf 93' lang='lat'><strong>,</strong></span> <span class='ocrx_word' id='word_1_453' title='bbox 1498 5311 1631 5368; x_wconf 86' lang='lat' dir='ltr'><strong>Non</strong></span> <span class='ocrx_word' id='word_1_454' title='bbox 1661 5331 1774 5369; x_wconf 89' lang='lat' dir='ltr'><strong>sum</strong></span> <span class='ocrx_word' id='word_1_455' title='bbox 1811 5317 1994 5387; x_wconf 88' lang='lat' dir='ltr'><strong>dignus</strong></span> <span class='ocrx_word' id='word_1_456' title='bbox 2023 5329 2078 5373; x_wconf 90' lang='lat' dir='ltr'><strong>ut</strong></span> 
     </span>
    </p>
   </div>
   <div class='ocr_carea' id='block_1_55' title="bbox 489 5398 2075 5479">
    <p class='ocr_par' dir='ltr' id='par_1_55' title="bbox 489 5398 2075 5479">
     <span class='ocr_line' id='line_1_55' title="bbox 489 5398 2075 5479; baseline 0.009 -27"><span class='ocrx_word' id='word_1_457' title='bbox 489 5398 582 5453; x_wconf 80' lang='lat' dir='ltr'><strong>sub</strong></span> <span class='ocrx_word' id='word_1_458' title='bbox 609 5406 792 5452; x_wconf 90' lang='lat' dir='ltr'><strong>tectum</strong></span> <span class='ocrx_word' id='word_1_459' title='bbox 818 5415 980 5454; x_wconf 90' lang='lat' dir='ltr'><strong>meum</strong></span> <span class='ocrx_word' id='word_1_460' title='bbox 993 5402 1169 5457; x_wconf 86' lang='lat' dir='ltr'><strong>intres.</strong></span> <span class='ocrx_word' id='word_1_461' title='bbox 1201 5401 1270 5458; x_wconf 91' lang='lat' dir='ltr'><strong>Et</strong></span> <span class='ocrx_word' id='word_1_462' title='bbox 1297 5403 1554 5460; x_wconf 87' lang='lat' dir='ltr'><strong>Dominus</strong></span> <span class='ocrx_word' id='word_1_463' title='bbox 1569 5446 1583 5470; x_wconf 92' lang='lat'><strong>,</strong></span> <span class='ocrx_word' id='word_1_464' title='bbox 1612 5406 1771 5461; x_wconf 79' lang='lat' dir='ltr'><strong>Amen</strong></span> <span class='ocrx_word' id='word_1_465' title='bbox 1791 5408 1904 5462; x_wconf 87' lang='lat' dir='ltr'><strong>dico</strong></span> <span class='ocrx_word' id='word_1_466' title='bbox 1919 5410 2075 5479; x_wconf 85' lang='lat' dir='ltr'><strong>vobis,</strong></span> 
     </span>
    </p>
   </div>
   <div class='ocr_carea' id='block_1_56' title="bbox 491 5491 2074 5562">
    <p class='ocr_par' dir='ltr' id='par_1_56' title="bbox 491 5491 2074 5562">
     <span class='ocr_line' id='line_1_56' title="bbox 491 5491 2074 5562; baseline 0.006 -17"><span class='ocrx_word' id='word_1_467' title='bbox 491 5507 590 5546; x_wconf 87' lang='lat' dir='ltr'><strong>non</strong></span> <span class='ocrx_word' id='word_1_468' title='bbox 619 5491 781 5544; x_wconf 85' lang='lat' dir='ltr'><strong>inveni</strong></span> <span class='ocrx_word' id='word_1_469' title='bbox 827 5501 1018 5546; x_wconf 84' lang='lat' dir='ltr'><strong>tantam</strong></span> <span class='ocrx_word' id='word_1_470' title='bbox 1039 5494 1192 5562; x_wconf 80' lang='lat' dir='ltr'><strong>ﬁdem</strong></span> <span class='ocrx_word' id='word_1_471' title='bbox 1215 5495 1268 5548; x_wconf 86' lang='lat' dir='ltr'><strong>in</strong></span> <span class='ocrx_word' id='word_1_472' title='bbox 1285 5493 1450 5551; x_wconf 84' lang='lat' dir='ltr'><strong>Israel</strong></span> <span class='ocrx_word' id='word_1_473' title='bbox 1478 5511 1497 5552; x_wconf 90' lang='lat'><strong>:</strong></span> <span class='ocrx_word' id='word_1_474' title='bbox 1523 5498 1816 5554; x_wconf 90' lang='lat' dir='ltr'><strong>secundum</strong></span> <span class='ocrx_word' id='word_1_475' title='bbox 1841 5514 2074 5558; x_wconf 90' lang='lat' dir='ltr'><strong>carnem.</strong></span> 
     </span>
    </p>
   </div>
   <div class='ocr_carea' id='block_1_57' title="bbox 491 5584 2075 5665">
    <p class='ocr_par' dir='ltr' id='par_1_57' title="bbox 491 5584 2075 5665">
     <span class='ocr_line' id='line_1_57' title="bbox 491 5584 2075 5665; baseline 0.009 -26"><span class='ocrx_word' id='word_1_476' title='bbox 491 5584 626 5640; x_wconf 85' lang='lat' dir='ltr'><strong>Nam</strong></span> <span class='ocrx_word' id='word_1_477' title='bbox 649 5594 704 5639; x_wconf 91' lang='lat' dir='ltr'><strong>et</strong></span> <span class='ocrx_word' id='word_1_478' title='bbox 749 5584 848 5638; x_wconf 92' lang='lat' dir='ltr'><strong>iste</strong></span> <span class='ocrx_word' id='word_1_479' title='bbox 890 5584 1000 5655; x_wconf 88' lang='lat' dir='ltr'><strong>jam</strong></span> <span class='ocrx_word' id='word_1_480' title='bbox 1030 5586 1294 5644; x_wconf 87' lang='lat' dir='ltr'><strong>Israelites</strong></span> <span class='ocrx_word' id='word_1_481' title='bbox 1322 5597 1437 5645; x_wconf 91' lang='lat' dir='ltr'><strong>erat</strong></span> <span class='ocrx_word' id='word_1_482' title='bbox 1476 5591 1767 5647; x_wconf 90' lang='lat' dir='ltr'><strong>secundum</strong></span> <span class='ocrx_word' id='word_1_483' title='bbox 1810 5593 2075 5665; x_wconf 89' lang='lat' dir='ltr'><strong>spiritum.</strong></span> 
     </span>
    </p>
   </div>
   <div class='ocr_carea' id='block_1_58' title="bbox 491 5675 2079 5755">
    <p class='ocr_par' dir='ltr' id='par_1_58' title="bbox 491 5675 2079 5755">
     <span class='ocr_line' id='line_1_58' title="bbox 491 5675 2079 5755; baseline 0.009 -23"><span class='ocrx_word' id='word_1_484' title='bbox 491 5675 726 5732; x_wconf 81' lang='lat' dir='ltr'><strong>Venerat</strong></span> <span class='ocrx_word' id='word_1_485' title='bbox 755 5676 1010 5733; x_wconf 89' lang='lat' dir='ltr'><strong>Dominus</strong></span> <span class='ocrx_word' id='word_1_486' title='bbox 1037 5678 1106 5733; x_wconf 91' lang='lat' dir='ltr'><strong>ad</strong></span> <span class='ocrx_word' id='word_1_487' title='bbox 1135 5678 1381 5738; x_wconf 89' lang='lat' dir='ltr'><strong>lsraelem</strong></span> <span class='ocrx_word' id='word_1_488' title='bbox 1417 5683 1686 5738; x_wconf 88' lang='lat' dir='ltr'><strong>carnalem</strong></span> <span class='ocrx_word' id='word_1_489' title='bbox 1702 5724 1727 5753; x_wconf 62' lang='grc'><strong>,,</strong></span> <span class='ocrx_word' id='word_1_490' title='bbox 1766 5685 1817 5742; x_wconf 90' lang='lat' dir='ltr'><strong>id</strong></span> <span class='ocrx_word' id='word_1_491' title='bbox 1866 5696 1980 5755; x_wconf 87' lang='lat' dir='ltr'><strong>est,</strong></span> <span class='ocrx_word' id='word_1_492' title='bbox 2013 5689 2079 5746; x_wconf 89' lang='lat' dir='ltr'><strong>ad</strong></span> 
     </span>
    </p>
   </div>
   <div class='ocr_carea' id='block_1_59' title="bbox 491 5767 2082 5854">
    <p class='ocr_par' dir='ltr' id='par_1_59' title="bbox 491 5767 2082 5854">
     <span class='ocr_line' id='line_1_59' title="bbox 491 5767 2082 5854; baseline 0.008 -28"><span class='ocrx_word' id='word_1_493' title='bbox 491 5767 741 5838; x_wconf 70' lang='lat' dir='ltr'><strong>Iudaeos,</strong></span> <span class='ocrx_word' id='word_1_494' title='bbox 778 5769 850 5826; x_wconf 91' lang='lat' dir='ltr'><strong>ibi</strong></span> <span class='ocrx_word' id='word_1_495' title='bbox 898 5770 1128 5842; x_wconf 91' lang='lat' dir='ltr'><strong>primum</strong></span> <span class='ocrx_word' id='word_1_496' title='bbox 1155 5788 1398 5843; x_wconf 70' lang='lat' dir='ltr'><strong>quaerere</strong></span> <span class='ocrx_word' id='word_1_497' title='bbox 1425 5791 1554 5833; x_wconf 89' lang='lat' dir='ltr'><strong>oves</strong></span> <span class='ocrx_word' id='word_1_498' title='bbox 1593 5777 1826 5848; x_wconf 91' lang='lat' dir='ltr'><strong>perditas</strong></span> <span class='ocrx_word' id='word_1_499' title='bbox 1849 5822 1864 5847; x_wconf 94' lang='lat'><strong>,</strong></span> <span class='ocrx_word' id='word_1_500' title='bbox 1895 5782 1949 5838; x_wconf 92' lang='lat' dir='ltr'><strong>in</strong></span> <span class='ocrx_word' id='word_1_501' title='bbox 1973 5799 2082 5854; x_wconf 92' lang='lat' dir='ltr'><strong>quo</strong></span> 
     </span>
    </p>
   </div>
   <div class='ocr_carea' id='block_1_60' title="bbox 491 5863 2074 5947">
    <p class='ocr_par' dir='ltr' id='par_1_60' title="bbox 491 5863 2074 5947">
     <span class='ocr_line' id='line_1_60' title="bbox 491 5863 2074 5947; baseline 0.009 -28"><span class='ocrx_word' id='word_1_502' title='bbox 491 5864 692 5936; x_wconf 86' lang='lat' dir='ltr'><strong>populo</strong></span> <span class='ocrx_word' id='word_1_503' title='bbox 713 5906 729 5935; x_wconf 89' lang='lat'><strong>,</strong></span> <span class='ocrx_word' id='word_1_504' title='bbox 756 5872 810 5922; x_wconf 90' lang='lat' dir='ltr'><strong>et</strong></span> <span class='ocrx_word' id='word_1_505' title='bbox 826 5863 893 5922; x_wconf 90' lang='lat' dir='ltr'><strong>de</strong></span> <span class='ocrx_word' id='word_1_506' title='bbox 917 5880 1025 5937; x_wconf 91' lang='lat' dir='ltr'><strong>quo</strong></span> <span class='ocrx_word' id='word_1_507' title='bbox 1050 5866 1244 5939; x_wconf 92' lang='lat' dir='ltr'><strong>populo</strong></span> <span class='ocrx_word' id='word_1_508' title='bbox 1274 5869 1434 5925; x_wconf 89' lang='lat' dir='ltr'><strong>etiam</strong></span> <span class='ocrx_word' id='word_1_509' title='bbox 1460 5884 1659 5942; x_wconf 89' lang='lat' dir='ltr'><strong>corpus</strong></span> <span class='ocrx_word' id='word_1_510' title='bbox 1677 5887 2074 5947; x_wconf 84' lang='lat' dir='ltr'><strong>assumpserat:</strong></span> 
     </span>
    </p>
   </div>
   <div class='ocr_carea' id='block_1_61' title="bbox 1702 387 2509 457">
    <p class='ocr_par' dir='ltr' id='par_1_61' title="bbox 1702 387 2509 457">
     <span class='ocr_line' id='line_1_61' title="bbox 1702 387 2509 457; baseline -0.002 0"><span class='ocrx_word' id='word_1_511' title='bbox 1702 399 1761 457; x_wconf 89' lang='lat' dir='ltr'><strong>S.</strong></span> <span class='ocrx_word' id='word_1_512' title='bbox 1801 387 2165 456; x_wconf 80' lang='lat' dir='ltr'><strong>AUGUSTINI</strong></span> <span class='ocrx_word' id='word_1_513' title='bbox 2202 390 2509 455; x_wconf 84' lang='lat' dir='ltr'><strong>EPISCOPI</strong></span> 
     </span>
    </p>
   </div>
   <div class='ocr_carea' id='block_1_62' title="bbox 3183 352 3759 464">
    <p class='ocr_par' dir='ltr' id='par_1_62' title="bbox 3183 352 3759 464">
     <span class='ocr_line' id='line_1_62' title="bbox 3183 352 3759 464; baseline 0.007 -5"><span class='ocrx_word' id='word_1_514' title='bbox 3183 352 3450 449; x_wconf 68' lang='grc' dir='ltr'>ἶ</span> <span class='ocrx_word' id='word_1_515' title='bbox 3579 403 3759 464; x_wconf 50' lang='grc' dir='ltr'><strong>κιίσ</strong></span> 
     </span>
    </p>
   </div>
   <div class='ocr_carea' id='block_1_63' title="bbox 2172 502 3759 597">
    <p class='ocr_par' dir='ltr' id='par_1_63' title="bbox 2172 502 3759 597">
     <span class='ocr_line' id='line_1_63' title="bbox 2172 502 3759 597; baseline 0.009 -26"><span class='ocrx_word' id='word_1_516' title='bbox 2172 515 2291 572; x_wconf 89' lang='lat' dir='ltr'><strong>Non</strong></span> <span class='ocrx_word' id='word_1_517' title='bbox 2318 518 2388 573; x_wconf 90' lang='lat' dir='ltr'><strong>ibi</strong></span> <span class='ocrx_word' id='word_1_518' title='bbox 2411 519 2575 576; x_wconf 84' lang='lat' dir='ltr'><strong>inveni</strong></span> <span class='ocrx_word' id='word_1_519' title='bbox 2599 527 2790 577; x_wconf 81' lang='lat' dir='ltr'><strong>tentant</strong></span> <span class='ocrx_word' id='word_1_520' title='bbox 2817 523 2970 594; x_wconf 77' lang='lat' dir='ltr'><strong>ﬁdem</strong></span> <span class='ocrx_word' id='word_1_521' title='bbox 2989 566 3003 592; x_wconf 93' lang='lat'><strong>,</strong></span> <span class='ocrx_word' id='word_1_522' title='bbox 3034 522 3151 597; x_wconf 86' lang='lat' dir='ltr'><strong>ipse</strong></span> <span class='ocrx_word' id='word_1_523' title='bbox 3176 502 3636 587; x_wconf 36' lang='lat' dir='ltr'><strong>dicit-Possumus</strong></span> <span class='ocrx_word' id='word_1_524' title='bbox 3657 545 3759 586; x_wconf 80' lang='lat' dir='ltr'><strong>nos</strong></span> 
     </span>
    </p>
   </div>
   <div class='ocr_carea' id='block_1_64' title="bbox 2167 612 3750 693">
    <p class='ocr_par' dir='ltr' id='par_1_64' title="bbox 2167 612 3750 693">
     <span class='ocr_line' id='line_1_64' title="bbox 2167 612 3750 693; baseline 0.008 -28"><span class='ocrx_word' id='word_1_525' title='bbox 2167 612 2342 666; x_wconf 90' lang='lat' dir='ltr'><strong>metiri</strong></span> <span class='ocrx_word' id='word_1_526' title='bbox 2364 612 2521 669; x_wconf 90' lang='lat' dir='ltr'><strong>ﬁdem</strong></span> <span class='ocrx_word' id='word_1_527' title='bbox 2551 617 2825 672; x_wconf 87' lang='lat' dir='ltr'><strong>hominum</strong></span> <span class='ocrx_word' id='word_1_528' title='bbox 2849 658 2863 684; x_wconf 93' lang='lat'><strong>,</strong></span> <span class='ocrx_word' id='word_1_529' title='bbox 2889 618 3026 676; x_wconf 90' lang='lat' dir='ltr'><strong>sicut</strong></span> <span class='ocrx_word' id='word_1_530' title='bbox 3051 619 3294 676; x_wconf 86' lang='lat' dir='ltr'><strong>homines</strong></span> <span class='ocrx_word' id='word_1_531' title='bbox 3328 639 3342 676; x_wconf 90' lang='lat'><strong>:</strong></span> <span class='ocrx_word' id='word_1_532' title='bbox 3375 623 3467 678; x_wconf 88' lang='lat' dir='ltr'><strong>ille</strong></span> <span class='ocrx_word' id='word_1_533' title='bbox 3494 623 3585 693; x_wconf 90' lang='lat' dir='ltr'><strong>qui</strong></span> <span class='ocrx_word' id='word_1_534' title='bbox 3609 623 3750 678; x_wconf 83' lang='lat' dir='ltr'><strong>inte-</strong></span> 
     </span>
    </p>
   </div>
   <div class='ocr_carea' id='block_1_65' title="bbox 2168 704 3757 784">
    <p class='ocr_par' dir='ltr' id='par_1_65' title="bbox 2168 704 3757 784">
     <span class='ocr_line' id='line_1_65' title="bbox 2168 704 3757 784; baseline 0.006 -26"><span class='ocrx_word' id='word_1_535' title='bbox 2168 704 2308 760; x_wconf 89' lang='lat' dir='ltr'><strong>riora</strong></span> <span class='ocrx_word' id='word_1_536' title='bbox 2353 707 2637 774; x_wconf 86' lang='lat' dir='ltr'><strong>cernebat,</strong></span> <span class='ocrx_word' id='word_1_537' title='bbox 2679 709 2768 766; x_wconf 90' lang='lat' dir='ltr'><strong>ille</strong></span> <span class='ocrx_word' id='word_1_538' title='bbox 2793 725 2952 780; x_wconf 89' lang='lat' dir='ltr'><strong>quem</strong></span> <span class='ocrx_word' id='word_1_539' title='bbox 2995 726 3155 767; x_wconf 89' lang='lat' dir='ltr'><strong>nemo</strong></span> <span class='ocrx_word' id='word_1_540' title='bbox 3200 711 3450 779; x_wconf 81' lang='lat' dir='ltr'><strong>fallebat,</strong></span> <span class='ocrx_word' id='word_1_541' title='bbox 3480 714 3757 784; x_wconf 85' lang='lat' dir='ltr'><strong>perhibuit</strong></span> 
     </span>
    </p>
   </div>
   <div class='ocr_carea' id='block_1_66' title="bbox 2169 795 3847 868">
    <p class='ocr_par' dir='ltr' id='par_1_66' title="bbox 2169 795 3847 868">
     <span class='ocr_line' id='line_1_66' title="bbox 2169 795 3847 868; baseline 0.004 -18"><span class='ocrx_word' id='word_1_542' title='bbox 2169 795 2530 854; x_wconf 88' lang='lat' dir='ltr'><strong>testimonium</strong></span> <span class='ocrx_word' id='word_1_543' title='bbox 2557 799 2705 854; x_wconf 90' lang='lat' dir='ltr'><strong>cordi</strong></span> <span class='ocrx_word' id='word_1_544' title='bbox 2735 799 2967 857; x_wconf 88' lang='lat' dir='ltr'><strong>hominis</strong></span> <span class='ocrx_word' id='word_1_545' title='bbox 2986 842 3002 868; x_wconf 91' lang='lat'><strong>,</strong></span> <span class='ocrx_word' id='word_1_546' title='bbox 3029 802 3253 860; x_wconf 90' lang='lat' dir='ltr'><strong>audiens</strong></span> <span class='ocrx_word' id='word_1_547' title='bbox 3279 805 3442 861; x_wconf 87' lang='lat' dir='ltr'><strong>verba</strong></span> <span class='ocrx_word' id='word_1_548' title='bbox 3483 805 3761 862; x_wconf 87' lang='lat' dir='ltr'><strong>humilita-</strong></span> <span class='ocrx_word' id='word_1_549' title='bbox 3836 849 3847 857; x_wconf 93' lang='lat'><strong>.</strong></span> 
     </span>
    </p>
   </div>
   <div class='ocr_carea' id='block_1_67' title="bbox 2169 888 3273 959">
    <p class='ocr_par' dir='ltr' id='par_1_67' title="bbox 2169 888 3273 959">
     <span class='ocr_line' id='line_1_67' title="bbox 2169 888 3273 959; baseline 0.009 -17"><span class='ocrx_word' id='word_1_550' title='bbox 2169 888 2240 943; x_wconf 90' lang='lat' dir='ltr'><strong>tis</strong></span> <span class='ocrx_word' id='word_1_551' title='bbox 2258 930 2273 955; x_wconf 95' lang='lat'><strong>,</strong></span> <span class='ocrx_word' id='word_1_552' title='bbox 2299 891 2646 959; x_wconf 88' lang='lat' dir='ltr'><strong>pronuntians</strong></span> <span class='ocrx_word' id='word_1_553' title='bbox 2668 894 2986 950; x_wconf 89' lang='lat' dir='ltr'><strong>sententiam</strong></span> <span class='ocrx_word' id='word_1_554' title='bbox 3008 895 3273 953; x_wconf 85' lang='lat' dir='ltr'><strong>sanitatis.</strong></span> 
     </span>
    </p>
   </div>
   <div class='ocr_carea' id='block_1_68' title="bbox 2241 981 3762 1062">
    <p class='ocr_par' dir='ltr' id='par_1_68' title="bbox 2241 981 3762 1062">
     <span class='ocr_line' id='line_1_68' title="bbox 2241 981 3762 1062; baseline 0.005 -26"><span class='ocrx_word' id='word_1_555' title='bbox 2241 981 2466 1038; x_wconf 82' lang='lat' dir='ltr'><strong>CAPUT</strong></span> <span class='ocrx_word' id='word_1_556' title='bbox 2498 983 2563 1037; x_wconf 91' lang='lat' dir='ltr'><strong>ll.</strong></span> <span class='ocrx_word' id='word_1_557' title='bbox 2592 1014 2664 1025; x_wconf 94' lang='lat'><strong><em>—</em></strong></span> <span class='ocrx_word' id='word_1_558' title='bbox 2685 985 2739 1040; x_wconf 74' lang='grc'><strong>4.</strong></span> <span class='ocrx_word' id='word_1_559' title='bbox 2792 984 2860 1039; x_wconf 91' lang='lat' dir='ltr'><strong>In</strong></span> <span class='ocrx_word' id='word_1_560' title='bbox 2919 988 3206 1043; x_wconf 82' lang='lat' dir='ltr'><strong>centurione</strong></span> <span class='ocrx_word' id='word_1_561' title='bbox 3263 987 3445 1044; x_wconf 79' lang='lat' dir='ltr'><strong>Gentes</strong></span> <span class='ocrx_word' id='word_1_562' title='bbox 3502 991 3762 1062; x_wconf 66' lang='lat' dir='ltr'><strong>ﬁguram.</strong></span> 
     </span>
    </p>
   </div>
   <div class='ocr_carea' id='block_1_69' title="bbox 2172 1072 3764 1151">
    <p class='ocr_par' dir='ltr' id='par_1_69' title="bbox 2172 1072 3764 1151">
     <span class='ocr_line' id='line_1_69' title="bbox 2172 1072 3764 1151; baseline 0.004 -23"><span class='ocrx_word' id='word_1_563' title='bbox 2172 1072 2328 1128; x_wconf 73' lang='lat' dir='ltr'><strong>Unde</strong></span> <span class='ocrx_word' id='word_1_564' title='bbox 2355 1083 2532 1130; x_wconf 89' lang='lat' dir='ltr'><strong>autem</strong></span> <span class='ocrx_word' id='word_1_565' title='bbox 2567 1074 2669 1130; x_wconf 90' lang='lat' dir='ltr'><strong>hoc</strong></span> <span class='ocrx_word' id='word_1_566' title='bbox 2707 1077 3086 1147; x_wconf 64' lang='lat' dir='ltr'><strong>prmsumpsit?</strong></span> <span class='ocrx_word' id='word_1_567' title='bbox 3111 1076 3182 1132; x_wconf 87' lang='lat' dir='ltr'><strong>Et</strong></span> <span class='ocrx_word' id='word_1_568' title='bbox 3209 1095 3300 1150; x_wconf 85' lang='lat' dir='ltr'><strong>ego</strong></span> <span class='ocrx_word' id='word_1_569' title='bbox 3320 1121 3336 1148; x_wconf 96' lang='lat'><strong>,</strong></span> <span class='ocrx_word' id='word_1_570' title='bbox 3372 1080 3580 1151; x_wconf 86' lang='lat' dir='ltr'><strong>inquit,</strong></span> <span class='ocrx_word' id='word_1_571' title='bbox 3609 1083 3764 1135; x_wconf 87' lang='lat' dir='ltr'><strong>homo</strong></span> 
     </span>
    </p>
   </div>
   <div class='ocr_carea' id='block_1_70' title="bbox 2171 1165 3763 1238">
    <p class='ocr_par' dir='ltr' id='par_1_70' title="bbox 2171 1165 3763 1238">
     <span class='ocr_line' id='line_1_70' title="bbox 2171 1165 3763 1238; baseline 0.006 -20"><span class='ocrx_word' id='word_1_572' title='bbox 2171 1181 2284 1218; x_wconf 87' lang='lat' dir='ltr'><strong>sum</strong></span> <span class='ocrx_word' id='word_1_573' title='bbox 2306 1165 2397 1220; x_wconf 84' lang='lat' dir='ltr'><strong>sub</strong></span> <span class='ocrx_word' id='word_1_574' title='bbox 2423 1175 2664 1236; x_wconf 79' lang='lat' dir='ltr'><strong>potestate</strong></span> <span class='ocrx_word' id='word_1_575' title='bbox 2691 1169 2988 1224; x_wconf 83' lang='lat' dir='ltr'><strong>constitutus</strong></span> <span class='ocrx_word' id='word_1_576' title='bbox 3012 1212 3026 1236; x_wconf 96' lang='lat'><strong>,</strong></span> <span class='ocrx_word' id='word_1_577' title='bbox 3061 1169 3248 1226; x_wconf 86' lang='lat' dir='ltr'><strong>habens</strong></span> <span class='ocrx_word' id='word_1_578' title='bbox 3285 1172 3376 1226; x_wconf 85' lang='lat' dir='ltr'><strong>sub</strong></span> <span class='ocrx_word' id='word_1_579' title='bbox 3425 1189 3505 1227; x_wconf 84' lang='lat' dir='ltr'><strong>me</strong></span> <span class='ocrx_word' id='word_1_580' title='bbox 3528 1174 3716 1228; x_wconf 87' lang='lat' dir='ltr'><strong>milites</strong></span> <span class='ocrx_word' id='word_1_581' title='bbox 3745 1191 3763 1238; x_wconf 87' lang='lat'><strong><em>;</em></strong></span> 
     </span>
    </p>
   </div>
   <div class='ocr_carea' id='block_1_71' title="bbox 2173 1257 3765 1332">
    <p class='ocr_par' dir='ltr' id='par_1_71' title="bbox 2173 1257 3765 1332">
     <span class='ocr_line' id='line_1_71' title="bbox 2173 1257 3765 1332; baseline 0.005 -23"><span class='ocrx_word' id='word_1_582' title='bbox 2173 1265 2220 1310; x_wconf 91' lang='lat' dir='ltr'><strong>et</strong></span> <span class='ocrx_word' id='word_1_583' title='bbox 2249 1257 2360 1311; x_wconf 87' lang='lat' dir='ltr'><strong>dico</strong></span> <span class='ocrx_word' id='word_1_584' title='bbox 2388 1257 2504 1312; x_wconf 87' lang='lat' dir='ltr'><strong>huic</strong></span> <span class='ocrx_word' id='word_1_585' title='bbox 2525 1300 2541 1324; x_wconf 92' lang='lat'><strong>,</strong></span> <span class='ocrx_word' id='word_1_586' title='bbox 2583 1257 2723 1314; x_wconf 88' lang='lat' dir='ltr'><strong>Vade</strong></span> <span class='ocrx_word' id='word_1_587' title='bbox 2743 1302 2759 1328; x_wconf 90' lang='lat'><strong>,</strong></span> <span class='ocrx_word' id='word_1_588' title='bbox 2791 1270 2838 1315; x_wconf 91' lang='lat' dir='ltr'><strong>et</strong></span> <span class='ocrx_word' id='word_1_589' title='bbox 2867 1261 3002 1315; x_wconf 85' lang='lat' dir='ltr'><strong>vadit</strong></span> <span class='ocrx_word' id='word_1_590' title='bbox 3023 1276 3046 1326; x_wconf 82' lang='lat'><strong>,°</strong></span> <span class='ocrx_word' id='word_1_591' title='bbox 3072 1271 3119 1316; x_wconf 91' lang='lat' dir='ltr'><strong>et</strong></span> <span class='ocrx_word' id='word_1_592' title='bbox 3141 1262 3266 1328; x_wconf 87' lang='lat' dir='ltr'><strong>alii,</strong></span> <span class='ocrx_word' id='word_1_593' title='bbox 3317 1261 3444 1318; x_wconf 86' lang='lat' dir='ltr'><strong>Veni</strong></span> <span class='ocrx_word' id='word_1_594' title='bbox 3469 1305 3486 1332; x_wconf 97' lang='lat'><strong>,</strong></span> <span class='ocrx_word' id='word_1_595' title='bbox 3513 1274 3561 1320; x_wconf 90' lang='lat' dir='ltr'><strong>et</strong></span> <span class='ocrx_word' id='word_1_596' title='bbox 3582 1267 3716 1320; x_wconf 88' lang='lat' dir='ltr'><strong>venit</strong></span> <span class='ocrx_word' id='word_1_597' title='bbox 3745 1281 3765 1329; x_wconf 89' lang='lat'><em>;</em></span> 
     </span>
    </p>
   </div>
   <div class='ocr_carea' id='block_1_72' title="bbox 2173 1350 3767 1427">
    <p class='ocr_par' dir='ltr' id='par_1_72' title="bbox 2173 1350 3767 1427">
     <span class='ocr_line' id='line_1_72' title="bbox 2173 1350 3767 1427; baseline 0.006 -23"><span class='ocrx_word' id='word_1_598' title='bbox 2173 1359 2221 1404; x_wconf 89' lang='lat' dir='ltr'><strong>et</strong></span> <span class='ocrx_word' id='word_1_599' title='bbox 2249 1367 2389 1405; x_wconf 89' lang='lat' dir='ltr'><strong>servo</strong></span> <span class='ocrx_word' id='word_1_600' title='bbox 2409 1367 2520 1407; x_wconf 85' lang='lat' dir='ltr'><strong>meo</strong></span> <span class='ocrx_word' id='word_1_601' title='bbox 2542 1392 2558 1418; x_wconf 94' lang='lat'><strong>,</strong></span> <span class='ocrx_word' id='word_1_602' title='bbox 2587 1350 2698 1406; x_wconf 87' lang='lat' dir='ltr'><strong>Fac</strong></span> <span class='ocrx_word' id='word_1_603' title='bbox 2723 1351 2818 1406; x_wconf 83' lang='lat' dir='ltr'><strong>hoc</strong></span> <span class='ocrx_word' id='word_1_604' title='bbox 2839 1393 2853 1420; x_wconf 91' lang='lat'><strong>,</strong></span> <span class='ocrx_word' id='word_1_605' title='bbox 2885 1363 2932 1408; x_wconf 93' lang='lat' dir='ltr'><strong>et</strong></span> <span class='ocrx_word' id='word_1_606' title='bbox 2952 1354 3094 1425; x_wconf 78' lang='lat' dir='ltr'><strong>facit.</strong></span> <span class='ocrx_word' id='word_1_607' title='bbox 3122 1353 3364 1411; x_wconf 88' lang='lat' dir='ltr'><strong>Potestas</strong></span> <span class='ocrx_word' id='word_1_608' title='bbox 3393 1371 3512 1410; x_wconf 90' lang='lat' dir='ltr'><strong>sum</strong></span> <span class='ocrx_word' id='word_1_609' title='bbox 3540 1357 3767 1427; x_wconf 87' lang='lat' dir='ltr'><strong>quibus-</strong></span> 
     </span>
    </p>
   </div>
   <div class='ocr_carea' id='block_1_73' title="bbox 2174 1443 3763 1520">
    <p class='ocr_par' dir='ltr' id='par_1_73' title="bbox 2174 1443 3763 1520">
     <span class='ocr_line' id='line_1_73' title="bbox 2174 1443 3763 1520; baseline 0.004 -22"><span class='ocrx_word' id='word_1_610' title='bbox 2174 1443 2297 1498; x_wconf 88' lang='lat' dir='ltr'><strong>dam</strong></span> <span class='ocrx_word' id='word_1_611' title='bbox 2326 1444 2425 1499; x_wconf 88' lang='lat' dir='ltr'><strong>sub</strong></span> <span class='ocrx_word' id='word_1_612' title='bbox 2469 1459 2554 1499; x_wconf 89' lang='lat' dir='ltr'><strong>me</strong></span> <span class='ocrx_word' id='word_1_613' title='bbox 2583 1445 2769 1514; x_wconf 86' lang='lat' dir='ltr'><strong>positis</strong></span> <span class='ocrx_word' id='word_1_614' title='bbox 2791 1486 2807 1512; x_wconf 97' lang='lat'><strong>,</strong></span> <span class='ocrx_word' id='word_1_615' title='bbox 2854 1445 3059 1515; x_wconf 90' lang='lat' dir='ltr'><strong>positus</strong></span> <span class='ocrx_word' id='word_1_616' title='bbox 3092 1446 3192 1502; x_wconf 91' lang='lat' dir='ltr'><strong>sub</strong></span> <span class='ocrx_word' id='word_1_617' title='bbox 3219 1455 3481 1516; x_wconf 83' lang='lat' dir='ltr'><strong>potestate</strong></span> <span class='ocrx_word' id='word_1_618' title='bbox 3527 1449 3763 1520; x_wconf 86' lang='lat' dir='ltr'><strong>quadam</strong></span> 
     </span>
    </p>
   </div>
   <div class='ocr_carea' id='block_1_74' title="bbox 2173 1535 3762 1608">
    <p class='ocr_par' dir='ltr' id='par_1_74' title="bbox 2173 1535 3762 1608">
     <span class='ocr_line' id='line_1_74' title="bbox 2173 1535 3762 1608; baseline 0.004 -18"><span class='ocrx_word' id='word_1_619' title='bbox 2173 1549 2336 1604; x_wconf 83' lang='lat' dir='ltr'><strong>super</strong></span> <span class='ocrx_word' id='word_1_620' title='bbox 2363 1550 2468 1590; x_wconf 89' lang='lat' dir='ltr'><strong>me.</strong></span> <span class='ocrx_word' id='word_1_621' title='bbox 2494 1535 2550 1590; x_wconf 87' lang='lat' dir='ltr'><strong>Si</strong></span> <span class='ocrx_word' id='word_1_622' title='bbox 2572 1549 2699 1607; x_wconf 87' lang='lat' dir='ltr'><strong>ergo</strong></span> <span class='ocrx_word' id='word_1_623' title='bbox 2718 1550 2817 1607; x_wconf 87' lang='lat' dir='ltr'><strong>ego</strong></span> <span class='ocrx_word' id='word_1_624' title='bbox 2834 1578 2850 1604; x_wconf 94' lang='lat'><strong>,</strong></span> <span class='ocrx_word' id='word_1_625' title='bbox 2877 1536 3079 1608; x_wconf 90' lang='lat' dir='ltr'><strong>inquit,</strong></span> <span class='ocrx_word' id='word_1_626' title='bbox 3109 1538 3271 1593; x_wconf 91' lang='lat' dir='ltr'><strong>homo</strong></span> <span class='ocrx_word' id='word_1_627' title='bbox 3314 1538 3416 1594; x_wconf 89' lang='lat' dir='ltr'><strong>sub</strong></span> <span class='ocrx_word' id='word_1_628' title='bbox 3448 1547 3718 1608; x_wconf 86' lang='lat' dir='ltr'><strong>potestate</strong></span> <span class='ocrx_word' id='word_1_629' title='bbox 3745 1582 3762 1606; x_wconf 87' lang='lat'><strong>,</strong></span> 
     </span>
    </p>
   </div>
   <div class='ocr_carea' id='block_1_75' title="bbox 2170 1625 3766 1699">
    <p class='ocr_par' dir='ltr' id='par_1_75' title="bbox 2170 1625 3766 1699">
     <span class='ocr_line' id='line_1_75' title="bbox 2170 1625 3766 1699; baseline 0.005 -19"><span class='ocrx_word' id='word_1_630' title='bbox 2170 1625 2388 1696; x_wconf 76' lang='lat' dir='ltr'><strong>iubendi</strong></span> <span class='ocrx_word' id='word_1_631' title='bbox 2416 1625 2586 1684; x_wconf 87' lang='lat' dir='ltr'><strong>habeo</strong></span> <span class='ocrx_word' id='word_1_632' title='bbox 2616 1635 2961 1698; x_wconf 88' lang='lat' dir='ltr'><strong>potestatem;</strong></span> <span class='ocrx_word' id='word_1_633' title='bbox 2990 1627 3119 1698; x_wconf 90' lang='lat' dir='ltr'><strong>quid</strong></span> <span class='ocrx_word' id='word_1_634' title='bbox 3149 1635 3208 1683; x_wconf 78' lang='lat' dir='ltr'><strong>tu</strong></span> <span class='ocrx_word' id='word_1_635' title='bbox 3229 1630 3432 1699; x_wconf 84' lang='lat' dir='ltr'><strong>possis,</strong></span> <span class='ocrx_word' id='word_1_636' title='bbox 3455 1631 3541 1686; x_wconf 91' lang='lat' dir='ltr'><strong>cui</strong></span> <span class='ocrx_word' id='word_1_637' title='bbox 3570 1647 3766 1689; x_wconf 89' lang='lat' dir='ltr'><strong>omnes</strong></span> 
     </span>
    </p>
   </div>
   <div class='ocr_carea' id='block_1_76' title="bbox 2175 1719 3768 1794">
    <p class='ocr_par' dir='ltr' id='par_1_76' title="bbox 2175 1719 3768 1794">
     <span class='ocr_line' id='line_1_76' title="bbox 2175 1719 3768 1794; baseline 0.002 -16"><span class='ocrx_word' id='word_1_638' title='bbox 2175 1724 2414 1789; x_wconf 87' lang='lat' dir='ltr'><strong>serviunt</strong></span> <span class='ocrx_word' id='word_1_639' title='bbox 2441 1725 2766 1794; x_wconf 88' lang='lat' dir='ltr'><strong>potestates?</strong></span> <span class='ocrx_word' id='word_1_640' title='bbox 2797 1719 2924 1780; x_wconf 85' lang='lat' dir='ltr'><strong>Erat</strong></span> <span class='ocrx_word' id='word_1_641' title='bbox 2959 1734 3139 1782; x_wconf 90' lang='lat' dir='ltr'><strong>autem</strong></span> <span class='ocrx_word' id='word_1_642' title='bbox 3183 1727 3285 1784; x_wconf 86' lang='lat' dir='ltr'><strong>iste</strong></span> <span class='ocrx_word' id='word_1_643' title='bbox 3331 1727 3400 1787; x_wconf 86' lang='lat' dir='ltr'><strong>de</strong></span> <span class='ocrx_word' id='word_1_644' title='bbox 3449 1726 3716 1783; x_wconf 86' lang='lat' dir='ltr'><strong>Gentibus</strong></span> <span class='ocrx_word' id='word_1_645' title='bbox 3746 1742 3768 1781; x_wconf 90' lang='lat'><strong>:</strong></span> 
     </span>
    </p>
   </div>
   <div class='ocr_carea' id='block_1_77' title="bbox 2176 1814 3766 1890">
    <p class='ocr_par' dir='ltr' id='par_1_77' title="bbox 2176 1814 3766 1890">
     <span class='ocr_line' id='line_1_77' title="bbox 2176 1814 3766 1890; baseline 0 -20"><span class='ocrx_word' id='word_1_646' title='bbox 2176 1822 2293 1870; x_wconf 90' lang='lat' dir='ltr'><strong>erat</strong></span> <span class='ocrx_word' id='word_1_647' title='bbox 2312 1814 2508 1886; x_wconf 91' lang='lat' dir='ltr'><strong>quippe</strong></span> <span class='ocrx_word' id='word_1_648' title='bbox 2550 1817 2812 1871; x_wconf 90' lang='lat' dir='ltr'><strong>centurio.</strong></span> <span class='ocrx_word' id='word_1_649' title='bbox 2841 1816 2958 1872; x_wconf 85' lang='lat' dir='ltr'><strong>Jam</strong></span> <span class='ocrx_word' id='word_1_650' title='bbox 2985 1817 3168 1873; x_wconf 72' lang='lat' dir='ltr'><strong>Iudaea</strong></span> <span class='ocrx_word' id='word_1_651' title='bbox 3191 1832 3323 1890; x_wconf 86' lang='lat' dir='ltr'><strong>gens</strong></span> <span class='ocrx_word' id='word_1_652' title='bbox 3362 1816 3594 1874; x_wconf 85' lang='lat' dir='ltr'><strong>habebat</strong></span> <span class='ocrx_word' id='word_1_653' title='bbox 3616 1817 3766 1871; x_wconf 84' lang='lat' dir='ltr'><strong>mili-</strong></span> 
     </span>
    </p>
   </div>
   <div class='ocr_carea' id='block_1_78' title="bbox 2176 1907 3768 1984">
    <p class='ocr_par' dir='ltr' id='par_1_78' title="bbox 2176 1907 3768 1984">
     <span class='ocr_line' id='line_1_78' title="bbox 2176 1907 3768 1984; baseline 0.002 -21"><span class='ocrx_word' id='word_1_654' title='bbox 2176 1916 2286 1967; x_wconf 86' lang='lat' dir='ltr'><strong>tem</strong></span> <span class='ocrx_word' id='word_1_655' title='bbox 2313 1907 2537 1964; x_wconf 82' lang='lat' dir='ltr'><strong>Romani</strong></span> <span class='ocrx_word' id='word_1_656' title='bbox 2565 1909 2771 1981; x_wconf 90' lang='lat' dir='ltr'><strong>imperii</strong></span> <span class='ocrx_word' id='word_1_657' title='bbox 2801 1912 2838 1963; x_wconf 75' lang='grc' dir='ltr'><strong>ί.</strong></span> <span class='ocrx_word' id='word_1_658' title='bbox 2861 1911 2937 1967; x_wconf 90' lang='lat' dir='ltr'><strong>lbi</strong></span> <span class='ocrx_word' id='word_1_659' title='bbox 2957 1912 3060 1969; x_wconf 91' lang='lat' dir='ltr'><strong>iste</strong></span> <span class='ocrx_word' id='word_1_660' title='bbox 3079 1912 3302 1968; x_wconf 88' lang='lat' dir='ltr'><strong>militem</strong></span> <span class='ocrx_word' id='word_1_661' title='bbox 3329 1913 3555 1984; x_wconf 89' lang='lat' dir='ltr'><strong>agebat,</strong></span> <span class='ocrx_word' id='word_1_662' title='bbox 3587 1927 3768 1984; x_wconf 88' lang='lat' dir='ltr'><strong>quan-</strong></span> 
     </span>
    </p>
   </div>
   <div class='ocr_carea' id='block_1_79' title="bbox 2177 2003 3769 2076">
    <p class='ocr_par' dir='ltr' id='par_1_79' title="bbox 2177 2003 3769 2076">
     <span class='ocr_line' id='line_1_79' title="bbox 2177 2003 3769 2076; baseline 0.001 -20"><span class='ocrx_word' id='word_1_663' title='bbox 2177 2009 2288 2056; x_wconf 91' lang='lat' dir='ltr'><strong>tum</strong></span> <span class='ocrx_word' id='word_1_664' title='bbox 2311 2016 2470 2072; x_wconf 88' lang='lat' dir='ltr'><strong>agere</strong></span> <span class='ocrx_word' id='word_1_665' title='bbox 2493 2003 2736 2058; x_wconf 88' lang='lat' dir='ltr'><strong>centurio</strong></span> <span class='ocrx_word' id='word_1_666' title='bbox 2771 2013 3010 2073; x_wconf 88' lang='lat' dir='ltr'><strong>poterat;</strong></span> <span class='ocrx_word' id='word_1_667' title='bbox 3042 2014 3092 2060; x_wconf 88' lang='lat' dir='ltr'><strong>et</strong></span> <span class='ocrx_word' id='word_1_668' title='bbox 3124 2005 3224 2062; x_wconf 90' lang='lat' dir='ltr'><strong>sub</strong></span> <span class='ocrx_word' id='word_1_669' title='bbox 3246 2012 3543 2076; x_wconf 87' lang='lat' dir='ltr'><strong>potestate,</strong></span> <span class='ocrx_word' id='word_1_670' title='bbox 3573 2012 3629 2059; x_wconf 91' lang='lat' dir='ltr'><strong>et</strong></span> <span class='ocrx_word' id='word_1_671' title='bbox 3666 2004 3769 2059; x_wconf 82' lang='lat' dir='ltr'><strong>ha-</strong></span> 
     </span>
    </p>
   </div>
   <div class='ocr_carea' id='block_1_80' title="bbox 2174 2093 3762 2170">
    <p class='ocr_par' dir='ltr' id='par_1_80' title="bbox 2174 2093 3762 2170">
     <span class='ocr_line' id='line_1_80' title="bbox 2174 2093 3762 2170; baseline 0.001 -20"><span class='ocrx_word' id='word_1_672' title='bbox 2174 2093 2310 2151; x_wconf 89' lang='lat' dir='ltr'><strong>bens</strong></span> <span class='ocrx_word' id='word_1_673' title='bbox 2329 2103 2675 2165; x_wconf 89' lang='lat' dir='ltr'><strong>potestatem;</strong></span> <span class='ocrx_word' id='word_1_674' title='bbox 2694 2097 2937 2153; x_wconf 90' lang='lat' dir='ltr'><strong>subditus</strong></span> <span class='ocrx_word' id='word_1_675' title='bbox 2959 2097 3214 2154; x_wconf 89' lang='lat' dir='ltr'><strong>obediens</strong></span> <span class='ocrx_word' id='word_1_676' title='bbox 3235 2139 3251 2167; x_wconf 97' lang='lat'><strong>,</strong></span> <span class='ocrx_word' id='word_1_677' title='bbox 3281 2098 3524 2154; x_wconf 90' lang='lat' dir='ltr'><strong>subditos</strong></span> <span class='ocrx_word' id='word_1_678' title='bbox 3543 2113 3762 2170; x_wconf 82' lang='lat' dir='ltr'><strong>regens.</strong></span> 
     </span>
    </p>
   </div>
   <div class='ocr_carea' id='block_1_81' title="bbox 2177 2189 3769 2261">
    <p class='ocr_par' dir='ltr' id='par_1_81' title="bbox 2177 2189 3769 2261">
     <span class='ocr_line' id='line_1_81' title="bbox 2177 2189 3769 2261; baseline 0.001 -19"><span class='ocrx_word' id='word_1_679' title='bbox 2177 2189 2434 2244; x_wconf 90' lang='lat' dir='ltr'><strong>Dominus</strong></span> <span class='ocrx_word' id='word_1_680' title='bbox 2455 2197 2633 2244; x_wconf 90' lang='lat' dir='ltr'><strong>autem</strong></span> <span class='ocrx_word' id='word_1_681' title='bbox 2663 2189 2848 2261; x_wconf 88' lang='lat' dir='ltr'><strong>(quod</strong></span> <span class='ocrx_word' id='word_1_682' title='bbox 2876 2189 3115 2245; x_wconf 89' lang='lat' dir='ltr'><strong>intendat</strong></span> <span class='ocrx_word' id='word_1_683' title='bbox 3155 2190 3419 2261; x_wconf 73' lang='lat' dir='ltr'><strong>przecipue</strong></span> <span class='ocrx_word' id='word_1_684' title='bbox 3457 2191 3769 2246; x_wconf 88' lang='lat' dir='ltr'><strong>necessario</strong></span> 
     </span>
    </p>
   </div>
   <div class='ocr_carea' id='block_1_82' title="bbox 2125 2278 3766 2352">
    <p class='ocr_par' dir='ltr' id='par_1_82' title="bbox 2125 2278 3766 2352">
     <span class='ocr_line' id='line_1_82' title="bbox 2125 2278 3766 2352; baseline -0.001 -14"><span class='ocrx_word' id='word_1_685' title='bbox 2125 2323 2133 2338; x_wconf 59' lang='grc' dir='ltr'>ε</span> <span class='ocrx_word' id='word_1_686' title='bbox 2177 2279 2419 2335; x_wconf 90' lang='lat' dir='ltr'><strong>Charitas</strong></span> <span class='ocrx_word' id='word_1_687' title='bbox 2443 2278 2681 2352; x_wconf 84' lang='lat' dir='ltr'><strong>vestra),</strong></span> <span class='ocrx_word' id='word_1_688' title='bbox 2713 2281 2958 2351; x_wconf 88' lang='lat' dir='ltr'><strong>quamvis</strong></span> <span class='ocrx_word' id='word_1_689' title='bbox 2995 2281 3048 2336; x_wconf 93' lang='lat' dir='ltr'><strong>in</strong></span> <span class='ocrx_word' id='word_1_690' title='bbox 3090 2281 3287 2352; x_wconf 91' lang='lat' dir='ltr'><strong>populo</strong></span> <span class='ocrx_word' id='word_1_691' title='bbox 3327 2280 3548 2336; x_wconf 84' lang='lat' dir='ltr'><strong>Judaico</strong></span> <span class='ocrx_word' id='word_1_692' title='bbox 3573 2288 3766 2348; x_wconf 89' lang='lat' dir='ltr'><strong>esset,</strong></span> 
     </span>
    </p>
   </div>
   <div class='ocr_carea' id='block_1_83' title="bbox 2173 2372 3771 2443">
    <p class='ocr_par' dir='ltr' id='par_1_83' title="bbox 2173 2372 3771 2443">
     <span class='ocr_line' id='line_1_83' title="bbox 2173 2372 3771 2443; baseline 0.001 -17"><span class='ocrx_word' id='word_1_693' title='bbox 2173 2372 2284 2443; x_wconf 89' lang='lat' dir='ltr'><strong>jam</strong></span> <span class='ocrx_word' id='word_1_694' title='bbox 2312 2373 2686 2443; x_wconf 87' lang='lat' dir='ltr'><strong>pronuntiabat</strong></span> <span class='ocrx_word' id='word_1_695' title='bbox 2703 2373 2999 2429; x_wconf 88' lang='lat' dir='ltr'><strong>Ecclesiam</strong></span> <span class='ocrx_word' id='word_1_696' title='bbox 3037 2384 3147 2430; x_wconf 91' lang='lat' dir='ltr'><strong>toto</strong></span> <span class='ocrx_word' id='word_1_697' title='bbox 3174 2373 3307 2430; x_wconf 89' lang='lat' dir='ltr'><strong>orbe</strong></span> <span class='ocrx_word' id='word_1_698' title='bbox 3333 2383 3596 2430; x_wconf 89' lang='lat' dir='ltr'><strong>terrarum</strong></span> <span class='ocrx_word' id='word_1_699' title='bbox 3621 2373 3771 2430; x_wconf 77' lang='lat' dir='ltr'><strong>[utu-</strong></span> 
     </span>
    </p>
   </div>
   <div class='ocr_carea' id='block_1_84' title="bbox 2179 2464 3772 2536">
    <p class='ocr_par' dir='ltr' id='par_1_84' title="bbox 2179 2464 3772 2536">
     <span class='ocr_line' id='line_1_84' title="bbox 2179 2464 3772 2536; baseline 0.001 -19"><span class='ocrx_word' id='word_1_700' title='bbox 2179 2477 2294 2518; x_wconf 88' lang='lat' dir='ltr'><strong>ram</strong></span> <span class='ocrx_word' id='word_1_701' title='bbox 2317 2504 2333 2530; x_wconf 94' lang='lat'><strong>,</strong></span> <span class='ocrx_word' id='word_1_702' title='bbox 2364 2464 2416 2518; x_wconf 93' lang='lat' dir='ltr'><strong>in</strong></span> <span class='ocrx_word' id='word_1_703' title='bbox 2445 2478 2603 2534; x_wconf 90' lang='lat' dir='ltr'><strong>quam</strong></span> <span class='ocrx_word' id='word_1_704' title='bbox 2639 2473 2757 2520; x_wconf 90' lang='lat' dir='ltr'><strong>erat</strong></span> <span class='ocrx_word' id='word_1_705' title='bbox 2781 2464 3039 2520; x_wconf 90' lang='lat' dir='ltr'><strong>missurus</strong></span> <span class='ocrx_word' id='word_1_706' title='bbox 3068 2465 3354 2535; x_wconf 78' lang='lat' dir='ltr'><strong>Apostolos</strong></span> <span class='ocrx_word' id='word_1_707' title='bbox 3381 2483 3394 2518; x_wconf 90' lang='lat'><strong>:</strong></span> <span class='ocrx_word' id='word_1_708' title='bbox 3417 2465 3533 2536; x_wconf 87' lang='lat' dir='ltr'><strong>ipse</strong></span> <span class='ocrx_word' id='word_1_709' title='bbox 3553 2481 3583 2519; x_wconf 90' lang='lat' dir='ltr'><strong>a</strong></span> <span class='ocrx_word' id='word_1_710' title='bbox 3622 2465 3772 2522; x_wconf 86' lang='lat' dir='ltr'><strong>Gen-</strong></span> 
     </span>
    </p>
   </div>
   <div class='ocr_carea' id='block_1_85' title="bbox 2180 2555 3769 2626">
    <p class='ocr_par' dir='ltr' id='par_1_85' title="bbox 2180 2555 3769 2626">
     <span class='ocr_line' id='line_1_85' title="bbox 2180 2555 3769 2626; baseline 0.002 -16"><span class='ocrx_word' id='word_1_711' title='bbox 2180 2555 2322 2613; x_wconf 87' lang='lat' dir='ltr'><strong>tibus</strong></span> <span class='ocrx_word' id='word_1_712' title='bbox 2348 2571 2453 2612; x_wconf 92' lang='lat' dir='ltr'><strong>non</strong></span> <span class='ocrx_word' id='word_1_713' title='bbox 2473 2556 2618 2611; x_wconf 86' lang='lat' dir='ltr'><strong>visus</strong></span> <span class='ocrx_word' id='word_1_714' title='bbox 2643 2565 2697 2612; x_wconf 89' lang='lat' dir='ltr'><strong>et</strong></span> <span class='ocrx_word' id='word_1_715' title='bbox 2715 2557 2951 2613; x_wconf 91' lang='lat' dir='ltr'><strong>creditus</strong></span> <span class='ocrx_word' id='word_1_716' title='bbox 2969 2599 2983 2626; x_wconf 96' lang='lat'><strong>,</strong></span> <span class='ocrx_word' id='word_1_717' title='bbox 3015 2573 3044 2612; x_wconf 91' lang='lat' dir='ltr'><strong>a</strong></span> <span class='ocrx_word' id='word_1_718' title='bbox 3065 2557 3265 2614; x_wconf 77' lang='lat' dir='ltr'><strong>Judzcis</strong></span> <span class='ocrx_word' id='word_1_719' title='bbox 3290 2557 3436 2614; x_wconf 87' lang='lat' dir='ltr'><strong>visus</strong></span> <span class='ocrx_word' id='word_1_720' title='bbox 3453 2567 3509 2615; x_wconf 91' lang='lat' dir='ltr'><strong>et</strong></span> <span class='ocrx_word' id='word_1_721' title='bbox 3533 2559 3769 2614; x_wconf 90' lang='lat' dir='ltr'><strong>occisus.</strong></span> 
     </span>
    </p>
   </div>
   <div class='ocr_carea' id='block_1_86' title="bbox 2179 2647 3770 2723">
    <p class='ocr_par' dir='ltr' id='par_1_86' title="bbox 2179 2647 3770 2723">
     <span class='ocr_line' id='line_1_86' title="bbox 2179 2647 3770 2723; baseline 0.005 -22"><span class='ocrx_word' id='word_1_722' title='bbox 2179 2647 2458 2716; x_wconf 74' lang='lat' dir='ltr'><strong>Quomodo</strong></span> <span class='ocrx_word' id='word_1_723' title='bbox 2485 2647 2626 2704; x_wconf 89' lang='lat' dir='ltr'><strong>enim</strong></span> <span class='ocrx_word' id='word_1_724' title='bbox 2647 2649 2865 2705; x_wconf 90' lang='lat' dir='ltr'><strong>domum</strong></span> <span class='ocrx_word' id='word_1_725' title='bbox 2895 2649 3052 2721; x_wconf 91' lang='lat' dir='ltr'><strong>hujus</strong></span> <span class='ocrx_word' id='word_1_726' title='bbox 3089 2651 3342 2708; x_wconf 91' lang='lat' dir='ltr'><strong>Dominus</strong></span> <span class='ocrx_word' id='word_1_727' title='bbox 3383 2666 3608 2723; x_wconf 90' lang='lat' dir='ltr'><strong>corpore</strong></span> <span class='ocrx_word' id='word_1_728' title='bbox 3659 2668 3770 2710; x_wconf 90' lang='lat' dir='ltr'><strong>non</strong></span> 
     </span>
    </p>
   </div>
   <div class='ocr_carea' id='block_1_87' title="bbox 2180 2737 3770 2816">
    <p class='ocr_par' dir='ltr' id='par_1_87' title="bbox 2180 2737 3770 2816">
     <span class='ocr_line' id='line_1_87' title="bbox 2180 2737 3770 2816; baseline 0.005 -24"><span class='ocrx_word' id='word_1_729' title='bbox 2180 2737 2430 2806; x_wconf 72' lang='lat' dir='ltr'><strong>intravit,</strong></span> <span class='ocrx_word' id='word_1_730' title='bbox 2459 2749 2513 2795; x_wconf 90' lang='lat' dir='ltr'><strong>et</strong></span> <span class='ocrx_word' id='word_1_731' title='bbox 2558 2741 2674 2812; x_wconf 84' lang='lat' dir='ltr'><strong>eius</strong></span> <span class='ocrx_word' id='word_1_732' title='bbox 2723 2750 2898 2798; x_wconf 92' lang='lat' dir='ltr'><strong>tamen</strong></span> <span class='ocrx_word' id='word_1_733' title='bbox 2952 2741 3111 2799; x_wconf 91' lang='lat' dir='ltr'><strong>ﬁdem</strong></span> <span class='ocrx_word' id='word_1_734' title='bbox 3154 2751 3313 2814; x_wconf 87' lang='lat' dir='ltr'><strong>atque</strong></span> <span class='ocrx_word' id='word_1_735' title='bbox 3349 2745 3517 2816; x_wconf 89' lang='lat' dir='ltr'><strong>ipsam</strong></span> <span class='ocrx_word' id='word_1_736' title='bbox 3546 2744 3770 2802; x_wconf 90' lang='lat' dir='ltr'><strong>domum</strong></span> 
     </span>
    </p>
   </div>
   <div class='ocr_carea' id='block_1_88' title="bbox 2181 2831 3773 2907">
    <p class='ocr_par' dir='ltr' id='par_1_88' title="bbox 2181 2831 3773 2907">
     <span class='ocr_line' id='line_1_88' title="bbox 2181 2831 3773 2907; baseline 0.006 -22"><span class='ocrx_word' id='word_1_737' title='bbox 2181 2831 2377 2889; x_wconf 63' lang='lat' dir='ltr'><strong>absens</strong></span> <span class='ocrx_word' id='word_1_738' title='bbox 2418 2847 2644 2903; x_wconf 88' lang='lat' dir='ltr'><strong>corpore</strong></span> <span class='ocrx_word' id='word_1_739' title='bbox 2666 2875 2681 2902; x_wconf 90' lang='lat'><strong>,</strong></span> <span class='ocrx_word' id='word_1_740' title='bbox 2715 2849 2950 2904; x_wconf 60' lang='lat' dir='ltr'><strong>praesens</strong></span> <span class='ocrx_word' id='word_1_741' title='bbox 2979 2837 3256 2907; x_wconf 89' lang='lat' dir='ltr'><strong>majestate</strong></span> <span class='ocrx_word' id='word_1_742' title='bbox 3303 2838 3551 2893; x_wconf 87' lang='lat' dir='ltr'><strong>sanavit:</strong></span> <span class='ocrx_word' id='word_1_743' title='bbox 3591 2839 3668 2895; x_wconf 92' lang='lat' dir='ltr'><strong>sic</strong></span> <span class='ocrx_word' id='word_1_744' title='bbox 3717 2847 3773 2896; x_wconf 90' lang='lat' dir='ltr'><strong>et</strong></span> 
     </span>
    </p>
   </div>
   <div class='ocr_carea' id='block_1_89' title="bbox 2183 2921 3770 3000">
    <p class='ocr_par' dir='ltr' id='par_1_89' title="bbox 2183 2921 3770 3000">
     <span class='ocr_line' id='line_1_89' title="bbox 2183 2921 3770 3000; baseline 0.006 -24"><span class='ocrx_word' id='word_1_745' title='bbox 2183 2921 2323 2978; x_wconf 92' lang='lat' dir='ltr'><strong>idem</strong></span> <span class='ocrx_word' id='word_1_746' title='bbox 2374 2923 2629 2979; x_wconf 92' lang='lat' dir='ltr'><strong>Dominus</strong></span> <span class='ocrx_word' id='word_1_747' title='bbox 2657 2925 2709 2979; x_wconf 92' lang='lat' dir='ltr'><strong>in</strong></span> <span class='ocrx_word' id='word_1_748' title='bbox 2756 2925 2874 2982; x_wconf 93' lang='lat' dir='ltr'><strong>solo</strong></span> <span class='ocrx_word' id='word_1_749' title='bbox 2901 2925 3086 2982; x_wconf 81' lang='lat' dir='ltr'><strong>Judaeo</strong></span> <span class='ocrx_word' id='word_1_750' title='bbox 3119 2929 3313 2998; x_wconf 90' lang='lat' dir='ltr'><strong>p0pulo</strong></span> <span class='ocrx_word' id='word_1_751' title='bbox 3361 2943 3585 3000; x_wconf 89' lang='lat' dir='ltr'><strong>corpore</strong></span> <span class='ocrx_word' id='word_1_752' title='bbox 3631 2930 3770 2998; x_wconf 86' lang='lat' dir='ltr'><strong>luit;</strong></span> 
     </span>
    </p>
   </div>
   <div class='ocr_carea' id='block_1_90' title="bbox 2181 3013 3774 3091">
    <p class='ocr_par' dir='ltr' id='par_1_90' title="bbox 2181 3013 3774 3091">
     <span class='ocr_line' id='line_1_90' title="bbox 2181 3013 3774 3091; baseline 0.006 -24"><span class='ocrx_word' id='word_1_753' title='bbox 2181 3013 2322 3083; x_wconf 87' lang='lat' dir='ltr'><strong>apud</strong></span> <span class='ocrx_word' id='word_1_754' title='bbox 2345 3014 2478 3070; x_wconf 90' lang='lat' dir='ltr'><strong>alias</strong></span> <span class='ocrx_word' id='word_1_755' title='bbox 2497 3023 2682 3086; x_wconf 89' lang='lat' dir='ltr'><strong>gentes</strong></span> <span class='ocrx_word' id='word_1_756' title='bbox 2699 3032 2798 3073; x_wconf 90' lang='lat' dir='ltr'><strong>nec</strong></span> <span class='ocrx_word' id='word_1_757' title='bbox 2823 3017 2891 3073; x_wconf 89' lang='lat' dir='ltr'><strong>de</strong></span> <span class='ocrx_word' id='word_1_758' title='bbox 2918 3018 3121 3089; x_wconf 87' lang='lat' dir='ltr'><strong>virgine</strong></span> <span class='ocrx_word' id='word_1_759' title='bbox 3147 3028 3302 3074; x_wconf 91' lang='lat' dir='ltr'><strong>natus</strong></span> <span class='ocrx_word' id='word_1_760' title='bbox 3321 3027 3404 3076; x_wconf 88' lang='lat' dir='ltr'><strong>est</strong></span> <span class='ocrx_word' id='word_1_761' title='bbox 3424 3062 3437 3086; x_wconf 87' lang='lat'><strong>,</strong></span> <span class='ocrx_word' id='word_1_762' title='bbox 3461 3035 3561 3076; x_wconf 88' lang='lat' dir='ltr'><strong>nec</strong></span> <span class='ocrx_word' id='word_1_763' title='bbox 3582 3035 3774 3091; x_wconf 90' lang='lat' dir='ltr'><strong>passus</strong></span> 
     </span>
    </p>
   </div>
   <div class='ocr_carea' id='block_1_91' title="bbox 2181 3107 3771 3183">
    <p class='ocr_par' dir='ltr' id='par_1_91' title="bbox 2181 3107 3771 3183">
     <span class='ocr_line' id='line_1_91' title="bbox 2181 3107 3771 3183; baseline 0.005 -23"><span class='ocrx_word' id='word_1_764' title='bbox 2181 3114 2296 3174; x_wconf 86' lang='lat' dir='ltr'><strong>est,</strong></span> <span class='ocrx_word' id='word_1_765' title='bbox 2330 3122 2428 3163; x_wconf 91' lang='lat' dir='ltr'><strong>nec</strong></span> <span class='ocrx_word' id='word_1_766' title='bbox 2474 3107 2694 3178; x_wconf 90' lang='lat' dir='ltr'><strong>pedibus</strong></span> <span class='ocrx_word' id='word_1_767' title='bbox 2722 3109 3046 3176; x_wconf 86' lang='lat' dir='ltr'><strong>ambulavit,</strong></span> <span class='ocrx_word' id='word_1_768' title='bbox 3103 3125 3203 3167; x_wconf 88' lang='lat' dir='ltr'><strong>nec</strong></span> <span class='ocrx_word' id='word_1_769' title='bbox 3243 3111 3472 3167; x_wconf 88' lang='lat' dir='ltr'><strong>humana</strong></span> <span class='ocrx_word' id='word_1_770' title='bbox 3508 3113 3771 3183; x_wconf 88' lang='lat' dir='ltr'><strong>pertulit,</strong></span> 
     </span>
    </p>
   </div>
   <div class='ocr_carea' id='block_1_92' title="bbox 2181 3199 3774 3262">
    <p class='ocr_par' dir='ltr' id='par_1_92' title="bbox 2181 3199 3774 3262">
     <span class='ocr_line' id='line_1_92' title="bbox 2181 3199 3774 3262; baseline 0.006 -9"><span class='ocrx_word' id='word_1_771' title='bbox 2181 3215 2282 3254; x_wconf 89' lang='lat' dir='ltr'><strong>nec</strong></span> <span class='ocrx_word' id='word_1_772' title='bbox 2307 3199 2484 3255; x_wconf 84' lang='lat' dir='ltr'><strong>divina</strong></span> <span class='ocrx_word' id='word_1_773' title='bbox 2532 3201 2795 3258; x_wconf 89' lang='lat' dir='ltr'><strong>mirabilia</strong></span> <span class='ocrx_word' id='word_1_774' title='bbox 2826 3202 2967 3258; x_wconf 80' lang='lat' dir='ltr'><strong>fecit.</strong></span> <span class='ocrx_word' id='word_1_775' title='bbox 3024 3203 3165 3259; x_wconf 85' lang='lat' dir='ltr'><strong>Nihil</strong></span> <span class='ocrx_word' id='word_1_776' title='bbox 3214 3204 3407 3261; x_wconf 91' lang='lat' dir='ltr'><strong>horum</strong></span> <span class='ocrx_word' id='word_1_777' title='bbox 3452 3207 3503 3260; x_wconf 91' lang='lat' dir='ltr'><strong>in</strong></span> <span class='ocrx_word' id='word_1_778' title='bbox 3558 3208 3774 3262; x_wconf 68' lang='lat' dir='ltr'><strong>caneris</strong></span> 
     </span>
    </p>
   </div>
   <div class='ocr_carea' id='block_1_93' title="bbox 2182 3291 3773 3368">
    <p class='ocr_par' dir='ltr' id='par_1_93' title="bbox 2182 3291 3773 3368">
     <span class='ocr_line' id='line_1_93' title="bbox 2182 3291 3773 3368; baseline 0.006 -23"><span class='ocrx_word' id='word_1_779' title='bbox 2182 3291 2466 3361; x_wconf 86' lang='lat' dir='ltr'><strong>gentibus:</strong></span> <span class='ocrx_word' id='word_1_780' title='bbox 2493 3299 2550 3348; x_wconf 90' lang='lat' dir='ltr'><strong>et</strong></span> <span class='ocrx_word' id='word_1_781' title='bbox 2577 3302 2754 3349; x_wconf 86' lang='lat' dir='ltr'><strong>tamen</strong></span> <span class='ocrx_word' id='word_1_782' title='bbox 2797 3293 2864 3349; x_wconf 92' lang='lat' dir='ltr'><strong>dc</strong></span> <span class='ocrx_word' id='word_1_783' title='bbox 2902 3294 2996 3350; x_wconf 91' lang='lat' dir='ltr'><strong>illo</strong></span> <span class='ocrx_word' id='word_1_784' title='bbox 3026 3295 3298 3366; x_wconf 89' lang='lat' dir='ltr'><strong>impletum</strong></span> <span class='ocrx_word' id='word_1_785' title='bbox 3352 3305 3467 3364; x_wconf 89' lang='lat' dir='ltr'><strong>est,</strong></span> <span class='ocrx_word' id='word_1_786' title='bbox 3495 3298 3636 3368; x_wconf 91' lang='lat' dir='ltr'><strong>quod</strong></span> <span class='ocrx_word' id='word_1_787' title='bbox 3682 3298 3773 3354; x_wconf 89' lang='lat' dir='ltr'><strong>di-</strong></span> 
     </span>
    </p>
   </div>
   <div class='ocr_carea' id='block_1_94' title="bbox 2182 3382 3770 3458">
    <p class='ocr_par' dir='ltr' id='par_1_94' title="bbox 2182 3382 3770 3458">
     <span class='ocr_line' id='line_1_94' title="bbox 2182 3382 3770 3458; baseline 0.003 -22"><span class='ocrx_word' id='word_1_788' title='bbox 2182 3389 2328 3436; x_wconf 89' lang='lat' dir='ltr'><strong>ctum</strong></span> <span class='ocrx_word' id='word_1_789' title='bbox 2348 3391 2481 3450; x_wconf 89' lang='lat' dir='ltr'><strong>erat,</strong></span> <span class='ocrx_word' id='word_1_790' title='bbox 2526 3382 2759 3454; x_wconf 85' lang='lat' dir='ltr'><strong>Populus</strong></span> <span class='ocrx_word' id='word_1_791' title='bbox 2781 3401 2927 3456; x_wconf 85' lang='lat' dir='ltr'><strong>quem</strong></span> <span class='ocrx_word' id='word_1_792' title='bbox 2954 3401 3055 3440; x_wconf 89' lang='lat' dir='ltr'><strong>non</strong></span> <span class='ocrx_word' id='word_1_793' title='bbox 3105 3387 3314 3458; x_wconf 88' lang='lat' dir='ltr'><strong>cognovi</strong></span> <span class='ocrx_word' id='word_1_794' title='bbox 3335 3428 3350 3453; x_wconf 93' lang='lat'><strong>,</strong></span> <span class='ocrx_word' id='word_1_795' title='bbox 3381 3388 3578 3443; x_wconf 84' lang='lat' dir='ltr'><strong>servivit</strong></span> <span class='ocrx_word' id='word_1_796' title='bbox 3621 3389 3770 3441; x_wconf 87' lang='lat' dir='ltr'><strong>mihi.</strong></span> 
     </span>
    </p>
   </div>
   <div class='ocr_carea' id='block_1_95' title="bbox 2181 3471 3775 3547">
    <p class='ocr_par' dir='ltr' id='par_1_95' title="bbox 2181 3471 3775 3547">
     <span class='ocr_line' id='line_1_95' title="bbox 2181 3471 3775 3547; baseline 0.005 -20"><span class='ocrx_word' id='word_1_797' title='bbox 2181 3471 2494 3542; x_wconf 81' lang='lat' dir='ltr'><strong>Quomodo,</strong></span> <span class='ocrx_word' id='word_1_798' title='bbox 2535 3475 2580 3530; x_wconf 91' lang='lat' dir='ltr'><strong>si</strong></span> <span class='ocrx_word' id='word_1_799' title='bbox 2621 3491 2724 3534; x_wconf 91' lang='lat' dir='ltr'><strong>non</strong></span> <span class='ocrx_word' id='word_1_800' title='bbox 2755 3477 3041 3547; x_wconf 78' lang='lat' dir='ltr'><strong>cognovit?</strong></span> <span class='ocrx_word' id='word_1_801' title='bbox 3080 3476 3147 3532; x_wconf 86' lang='lat' dir='ltr'><strong>In</strong></span> <span class='ocrx_word' id='word_1_802' title='bbox 3187 3479 3365 3533; x_wconf 88' lang='lat' dir='ltr'><strong>auditu</strong></span> <span class='ocrx_word' id='word_1_803' title='bbox 3389 3479 3529 3534; x_wconf 86' lang='lat' dir='ltr'><strong>auris</strong></span> <span class='ocrx_word' id='word_1_804' title='bbox 3555 3479 3775 3535; x_wconf 83' lang='lat' dir='ltr'><strong>obedivit</strong></span> 
     </span>
    </p>
   </div>
   <div class='ocr_carea' id='block_1_96' title="bbox 2181 3566 3770 3643">
    <p class='ocr_par' dir='ltr' id='par_1_96' title="bbox 2181 3566 3770 3643">
     <span class='ocr_line' id='line_1_96' title="bbox 2181 3566 3770 3643; baseline 0.006 -23"><span class='ocrx_word' id='word_1_805' title='bbox 2181 3567 2306 3620; x_wconf 89' lang='lat' dir='ltr'><strong>mihi</strong></span> <span class='ocrx_word' id='word_1_806' title='bbox 2335 3566 2506 3640; x_wconf 87' lang='lat' dir='ltr'><strong>(Psal.</strong></span> <span class='ocrx_word' id='word_1_807' title='bbox 2541 3585 2650 3624; x_wconf 81' lang='lat' dir='ltr'><strong>xvu</strong></span> <span class='ocrx_word' id='word_1_808' title='bbox 2670 3610 2684 3635; x_wconf 95' lang='lat'><strong>,</strong></span> <span class='ocrx_word' id='word_1_809' title='bbox 2708 3571 2819 3640; x_wconf 68' lang='grc'><strong>45).</strong></span> <span class='ocrx_word' id='word_1_810' title='bbox 2843 3570 3024 3626; x_wconf 77' lang='lat' dir='ltr'><strong>Judcea</strong></span> <span class='ocrx_word' id='word_1_811' title='bbox 3045 3586 3176 3641; x_wconf 85' lang='lat' dir='ltr'><strong>gens</strong></span> <span class='ocrx_word' id='word_1_812' title='bbox 3204 3573 3489 3643; x_wconf 84' lang='lat' dir='ltr'><strong>cognovit,</strong></span> <span class='ocrx_word' id='word_1_813' title='bbox 3523 3582 3578 3628; x_wconf 91' lang='lat' dir='ltr'><strong>et</strong></span> <span class='ocrx_word' id='word_1_814' title='bbox 3597 3574 3770 3629; x_wconf 65' lang='lat' dir='ltr'><strong>cruci«</strong></span> 
     </span>
    </p>
   </div>
   <div class='ocr_carea' id='block_1_97' title="bbox 2181 3658 3444 3732">
    <p class='ocr_par' dir='ltr' id='par_1_97' title="bbox 2181 3658 3444 3732">
     <span class='ocr_line' id='line_1_97' title="bbox 2181 3658 3444 3732; baseline 0.005 -19"><span class='ocrx_word' id='word_1_815' title='bbox 2181 3658 2298 3714; x_wconf 80' lang='lat' dir='ltr'><strong>ﬁxit</strong></span> <span class='ocrx_word' id='word_1_816' title='bbox 2330 3678 2343 3714; x_wconf 95' lang='lat'><strong>:</strong></span> <span class='ocrx_word' id='word_1_817' title='bbox 2375 3660 2522 3717; x_wconf 88' lang='lat' dir='ltr'><strong>orbis</strong></span> <span class='ocrx_word' id='word_1_818' title='bbox 2552 3669 2813 3717; x_wconf 88' lang='lat' dir='ltr'><strong>terrarum</strong></span> <span class='ocrx_word' id='word_1_819' title='bbox 2841 3663 3077 3732; x_wconf 89' lang='lat' dir='ltr'><strong>audivit,</strong></span> <span class='ocrx_word' id='word_1_820' title='bbox 3109 3671 3164 3720; x_wconf 91' lang='lat' dir='ltr'><strong>et</strong></span> <span class='ocrx_word' id='word_1_821' title='bbox 3191 3664 3444 3720; x_wconf 89' lang='lat' dir='ltr'><strong>credidit.</strong></span> 
     </span>
    </p>
   </div>
   <div class='ocr_carea' id='block_1_98' title="bbox 2252 3751 3774 3827">
    <p class='ocr_par' dir='ltr' id='par_1_98' title="bbox 2252 3751 3774 3827">
     <span class='ocr_line' id='line_1_98' title="bbox 2252 3751 3774 3827; baseline 0.005 -24"><span class='ocrx_word' id='word_1_822' title='bbox 2252 3751 2476 3808; x_wconf 79' lang='lat' dir='ltr'><strong>CAPUT</strong></span> <span class='ocrx_word' id='word_1_823' title='bbox 2515 3751 2601 3807; x_wconf 87' lang='lat' dir='ltr'><strong>Ill.</strong></span> <span class='ocrx_word' id='word_1_824' title='bbox 2630 3778 2700 3793; x_wconf 83' lang='lat'><strong>-—-</strong></span> <span class='ocrx_word' id='word_1_825' title='bbox 2727 3753 2782 3808; x_wconf 86' lang='lat'><strong>5.</strong></span> <span class='ocrx_word' id='word_1_826' title='bbox 2815 3752 3006 3809; x_wconf 74' lang='lat' dir='ltr'><strong>Mulier</strong></span> <span class='ocrx_word' id='word_1_827' title='bbox 3033 3763 3243 3824; x_wconf 86' lang='lat' dir='ltr'><strong>tangens</strong></span> <span class='ocrx_word' id='word_1_828' title='bbox 3271 3756 3522 3825; x_wconf 76' lang='lat' dir='ltr'><strong>ﬁmbriam</strong></span> <span class='ocrx_word' id='word_1_829' title='bbox 3557 3755 3774 3827; x_wconf 83' lang='lat' dir='ltr'><strong>Christi,</strong></span> 
     </span>
    </p>
   </div>
   <div class='ocr_carea' id='block_1_99' title="bbox 2181 3845 3774 3917">
    <p class='ocr_par' dir='ltr' id='par_1_99' title="bbox 2181 3845 3774 3917">
     <span class='ocr_line' id='line_1_99' title="bbox 2181 3845 3774 3917; baseline 0.004 -19"><span class='ocrx_word' id='word_1_830' title='bbox 2181 3859 2296 3898; x_wconf 90' lang='lat' dir='ltr'><strong>cum</strong></span> <span class='ocrx_word' id='word_1_831' title='bbox 2336 3861 2450 3898; x_wconf 90' lang='lat' dir='ltr'><strong>eum</strong></span> <span class='ocrx_word' id='word_1_832' title='bbox 2493 3847 2639 3900; x_wconf 87' lang='lat' dir='ltr'><strong>turba</strong></span> <span class='ocrx_word' id='word_1_833' title='bbox 2686 3847 2884 3916; x_wconf 84' lang='lat' dir='ltr'><strong>premit.</strong></span> <span class='ocrx_word' id='word_1_834' title='bbox 2932 3845 3079 3902; x_wconf 83' lang='lat' dir='ltr'><strong>Hanc</strong></span> <span class='ocrx_word' id='word_1_835' title='bbox 3117 3847 3347 3917; x_wconf 90' lang='lat' dir='ltr'><strong>quodam</strong></span> <span class='ocrx_word' id='word_1_836' title='bbox 3374 3847 3536 3904; x_wconf 91' lang='lat' dir='ltr'><strong>modo</strong></span> <span class='ocrx_word' id='word_1_837' title='bbox 3572 3849 3774 3904; x_wconf 83' lang='lat' dir='ltr'><strong>absen-</strong></span> 
     </span>
    </p>
   </div>
   <div class='ocr_carea' id='block_1_100' title="bbox 2183 3935 3776 4008">
    <p class='ocr_par' dir='ltr' id='par_1_100' title="bbox 2183 3935 3776 4008">
     <span class='ocr_line' id='line_1_100' title="bbox 2183 3935 3776 4008; baseline 0.003 -18"><span class='ocrx_word' id='word_1_838' title='bbox 2183 3935 2309 3990; x_wconf 91' lang='lat' dir='ltr'><strong>tiam</strong></span> <span class='ocrx_word' id='word_1_839' title='bbox 2337 3937 2578 4008; x_wconf 92' lang='lat' dir='ltr'><strong>corporis</strong></span> <span class='ocrx_word' id='word_1_840' title='bbox 2606 3937 2688 3993; x_wconf 93' lang='lat' dir='ltr'><strong>sui</strong></span> <span class='ocrx_word' id='word_1_841' title='bbox 2715 3946 2770 3992; x_wconf 91' lang='lat' dir='ltr'><strong>et</strong></span> <span class='ocrx_word' id='word_1_842' title='bbox 2795 3939 3130 4008; x_wconf 66' lang='lat' dir='ltr'><strong>praisentiam</strong></span> <span class='ocrx_word' id='word_1_843' title='bbox 3149 3939 3360 3994; x_wconf 92' lang='lat' dir='ltr'><strong>virtutis</strong></span> <span class='ocrx_word' id='word_1_844' title='bbox 3387 3954 3497 3995; x_wconf 75' lang='lat' dir='ltr'><strong>sua:</strong></span> <span class='ocrx_word' id='word_1_845' title='bbox 3525 3940 3578 3994; x_wconf 92' lang='lat' dir='ltr'><strong>in</strong></span> <span class='ocrx_word' id='word_1_846' title='bbox 3598 3941 3776 3995; x_wconf 84' lang='lat' dir='ltr'><strong>omni-</strong></span> 
     </span>
    </p>
   </div>
   <div class='ocr_carea' id='block_1_101' title="bbox 2181 4025 3778 4102">
    <p class='ocr_par' dir='ltr' id='par_1_101' title="bbox 2181 4025 3778 4102">
     <span class='ocr_line' id='line_1_101' title="bbox 2181 4025 3778 4102; baseline 0.004 -21"><span class='ocrx_word' id='word_1_847' title='bbox 2181 4025 2282 4082; x_wconf 93' lang='lat' dir='ltr'><strong>bus</strong></span> <span class='ocrx_word' id='word_1_848' title='bbox 2305 4026 2583 4095; x_wconf 89' lang='lat' dir='ltr'><strong>Gentibus,</strong></span> <span class='ocrx_word' id='word_1_849' title='bbox 2613 4037 2668 4083; x_wconf 90' lang='lat' dir='ltr'><strong>et</strong></span> <span class='ocrx_word' id='word_1_850' title='bbox 2694 4029 2746 4083; x_wconf 90' lang='lat' dir='ltr'><strong>in</strong></span> <span class='ocrx_word' id='word_1_851' title='bbox 2774 4029 2860 4083; x_wconf 87' lang='lat' dir='ltr'><strong>illa</strong></span> <span class='ocrx_word' id='word_1_852' title='bbox 2889 4030 3115 4086; x_wconf 90' lang='lat' dir='ltr'><strong>muliere</strong></span> <span class='ocrx_word' id='word_1_853' title='bbox 3141 4030 3475 4100; x_wconf 88' lang='lat' dir='ltr'><strong>signiﬁcavit,</strong></span> <span class='ocrx_word' id='word_1_854' title='bbox 3507 4048 3624 4102; x_wconf 70' lang='lat' dir='ltr'><strong>qute</strong></span> <span class='ocrx_word' id='word_1_855' title='bbox 3655 4033 3778 4087; x_wconf 84' lang='lat' dir='ltr'><strong>ﬁm-</strong></span> 
     </span>
    </p>
   </div>
   <div class='ocr_carea' id='block_1_102' title="bbox 2180 4116 3774 4192">
    <p class='ocr_par' dir='ltr' id='par_1_102' title="bbox 2180 4116 3774 4192">
     <span class='ocr_line' id='line_1_102' title="bbox 2180 4116 3774 4192; baseline 0.004 -20"><span class='ocrx_word' id='word_1_856' title='bbox 2180 4116 2350 4172; x_wconf 86' lang='lat' dir='ltr'><strong>briam</strong></span> <span class='ocrx_word' id='word_1_857' title='bbox 2380 4117 2681 4173; x_wconf 88' lang='lat' dir='ltr'><strong>vestimenti</strong></span> <span class='ocrx_word' id='word_1_858' title='bbox 2713 4117 2827 4189; x_wconf 88' lang='lat' dir='ltr'><strong>ejus</strong></span> <span class='ocrx_word' id='word_1_859' title='bbox 2854 4120 3129 4190; x_wconf 88' lang='lat' dir='ltr'><strong>tetigerat,</strong></span> <span class='ocrx_word' id='word_1_860' title='bbox 3155 4135 3274 4175; x_wconf 92' lang='lat' dir='ltr'><strong>cum</strong></span> <span class='ocrx_word' id='word_1_861' title='bbox 3301 4121 3524 4192; x_wconf 80' lang='lat' dir='ltr'><strong>requirit</strong></span> <span class='ocrx_word' id='word_1_862' title='bbox 3552 4121 3774 4180; x_wconf 89' lang='lat' dir='ltr'><strong>dicens:</strong></span> 
     </span>
    </p>
   </div>
   <div class='ocr_carea' id='block_1_103' title="bbox 2184 4207 3775 4286">
    <p class='ocr_par' dir='ltr' id='par_1_103' title="bbox 2184 4207 3775 4286">
     <span class='ocr_line' id='line_1_103' title="bbox 2184 4207 3775 4286; baseline 0.004 -23"><span class='ocrx_word' id='word_1_863' title='bbox 2184 4207 2311 4275; x_wconf 82' lang='lat' dir='ltr'><strong>Quis</strong></span> <span class='ocrx_word' id='word_1_864' title='bbox 2338 4226 2418 4264; x_wconf 90' lang='lat' dir='ltr'><strong>me</strong></span> <span class='ocrx_word' id='word_1_865' title='bbox 2445 4211 2643 4282; x_wconf 84' lang='lat' dir='ltr'><strong>tetigit?</strong></span> <span class='ocrx_word' id='word_1_866' title='bbox 2667 4211 2939 4283; x_wconf 90' lang='lat' dir='ltr'><strong>Tanquam</strong></span> <span class='ocrx_word' id='word_1_867' title='bbox 2969 4213 3196 4281; x_wconf 87' lang='lat' dir='ltr'><strong>absens,</strong></span> <span class='ocrx_word' id='word_1_868' title='bbox 3227 4214 3449 4286; x_wconf 90' lang='lat' dir='ltr'><strong>requirit</strong></span> <span class='ocrx_word' id='word_1_869' title='bbox 3475 4234 3489 4269; x_wconf 88' lang='lat'><strong>:</strong></span> <span class='ocrx_word' id='word_1_870' title='bbox 3519 4223 3775 4286; x_wconf 89' lang='lat' dir='ltr'><strong>tanquam</strong></span> 
     </span>
    </p>
   </div>
   <div class='ocr_carea' id='block_1_104' title="bbox 2181 4301 3777 4376">
    <p class='ocr_par' dir='ltr' id='par_1_104' title="bbox 2181 4301 3777 4376">
     <span class='ocr_line' id='line_1_104' title="bbox 2181 4301 3777 4376; baseline 0.004 -22"><span class='ocrx_word' id='word_1_871' title='bbox 2181 4315 2439 4371; x_wconf 52' lang='lat' dir='ltr'><strong>praesens,</strong></span> <span class='ocrx_word' id='word_1_872' title='bbox 2471 4311 2639 4357; x_wconf 91' lang='lat' dir='ltr'><strong>sanat.</strong></span> <span class='ocrx_word' id='word_1_873' title='bbox 2675 4301 2856 4358; x_wconf 72' lang='lat' dir='ltr'><strong>Turba:</strong></span> <span class='ocrx_word' id='word_1_874' title='bbox 2880 4312 2946 4369; x_wconf 89' lang='lat' dir='ltr'><strong>te,</strong></span> <span class='ocrx_word' id='word_1_875' title='bbox 2980 4305 3225 4376; x_wconf 92' lang='lat' dir='ltr'><strong>inquiunt</strong></span> <span class='ocrx_word' id='word_1_876' title='bbox 3253 4305 3516 4376; x_wconf 89' lang='lat' dir='ltr'><strong>discipuli,</strong></span> <span class='ocrx_word' id='word_1_877' title='bbox 3547 4308 3777 4376; x_wconf 83' lang='lat' dir='ltr'><strong>compri-</strong></span> 
     </span>
    </p>
   </div>
   <div class='ocr_carea' id='block_1_105' title="bbox 2181 4392 3777 4467">
    <p class='ocr_par' dir='ltr' id='par_1_105' title="bbox 2181 4392 3777 4467">
     <span class='ocr_line' id='line_1_105' title="bbox 2181 4392 3777 4467; baseline 0.003 -22"><span class='ocrx_word' id='word_1_878' title='bbox 2181 4402 2358 4461; x_wconf 87' lang='lat' dir='ltr'><strong>munt,</strong></span> <span class='ocrx_word' id='word_1_879' title='bbox 2403 4401 2451 4448; x_wconf 89' lang='lat' dir='ltr'><strong>et</strong></span> <span class='ocrx_word' id='word_1_880' title='bbox 2487 4392 2659 4447; x_wconf 87' lang='lat' dir='ltr'><strong>dicis:</strong></span> <span class='ocrx_word' id='word_1_881' title='bbox 2690 4393 2814 4461; x_wconf 83' lang='lat' dir='ltr'><strong>Quis</strong></span> <span class='ocrx_word' id='word_1_882' title='bbox 2855 4411 2934 4449; x_wconf 89' lang='lat' dir='ltr'><strong>me</strong></span> <span class='ocrx_word' id='word_1_883' title='bbox 2975 4395 3135 4466; x_wconf 88' lang='lat' dir='ltr'><strong>tetigit</strong></span> <span class='ocrx_word' id='word_1_884' title='bbox 3177 4394 3325 4467; x_wconf 89' lang='lat' dir='ltr'><strong>(Luc.</strong></span> <span class='ocrx_word' id='word_1_885' title='bbox 3354 4411 3478 4462; x_wconf 80' lang='lat' dir='ltr'><strong>vui,</strong></span> <span class='ocrx_word' id='word_1_886' title='bbox 3517 4397 3777 4467; x_wconf 65' lang='lat'><strong>43-48)?</strong></span> 
     </span>
    </p>
   </div>
   <div class='ocr_carea' id='block_1_106' title="bbox 2181 4483 3779 4560">
    <p class='ocr_par' dir='ltr' id='par_1_106' title="bbox 2181 4483 3779 4560">
     <span class='ocr_line' id='line_1_106' title="bbox 2181 4483 3779 4560; baseline 0.003 -20"><span class='ocrx_word' id='word_1_887' title='bbox 2181 4483 2343 4552; x_wconf 85' lang='lat' dir='ltr'><strong>Quasi</strong></span> <span class='ocrx_word' id='word_1_888' title='bbox 2366 4487 2508 4541; x_wconf 91' lang='lat' dir='ltr'><strong>enim</strong></span> <span class='ocrx_word' id='word_1_889' title='bbox 2535 4487 2614 4542; x_wconf 91' lang='lat' dir='ltr'><strong>sic</strong></span> <span class='ocrx_word' id='word_1_890' title='bbox 2639 4487 2956 4555; x_wconf 90' lang='lat' dir='ltr'><strong>ambularet,</strong></span> <span class='ocrx_word' id='word_1_891' title='bbox 2987 4497 3098 4544; x_wconf 90' lang='lat' dir='ltr'><strong>uta</strong></span> <span class='ocrx_word' id='word_1_892' title='bbox 3123 4488 3273 4544; x_wconf 91' lang='lat' dir='ltr'><strong>nullo</strong></span> <span class='ocrx_word' id='word_1_893' title='bbox 3303 4503 3519 4559; x_wconf 92' lang='lat' dir='ltr'><strong>prorsus</strong></span> <span class='ocrx_word' id='word_1_894' title='bbox 3545 4505 3779 4560; x_wconf 85' lang='lat' dir='ltr'><strong>corpore</strong></span> 
     </span>
    </p>
   </div>
   <div class='ocr_carea' id='block_1_107' title="bbox 2182 4577 3780 4650">
    <p class='ocr_par' dir='ltr' id='par_1_107' title="bbox 2182 4577 3780 4650">
     <span class='ocr_line' id='line_1_107' title="bbox 2182 4577 3780 4650; baseline 0.003 -19"><span class='ocrx_word' id='word_1_895' title='bbox 2182 4584 2509 4649; x_wconf 83' lang='lat' dir='ltr'><strong>tangerelur,</strong></span> <span class='ocrx_word' id='word_1_896' title='bbox 2536 4579 2608 4634; x_wconf 89' lang='lat' dir='ltr'><strong>ita</strong></span> <span class='ocrx_word' id='word_1_897' title='bbox 2630 4578 2780 4644; x_wconf 79' lang='lat' dir='ltr'><strong>dixit,</strong></span> <span class='ocrx_word' id='word_1_898' title='bbox 2816 4577 2940 4645; x_wconf 81' lang='lat' dir='ltr'><strong>Quis</strong></span> <span class='ocrx_word' id='word_1_899' title='bbox 2963 4595 3042 4632; x_wconf 89' lang='lat' dir='ltr'><strong>me</strong></span> <span class='ocrx_word' id='word_1_900' title='bbox 3071 4580 3270 4650; x_wconf 84' lang='lat' dir='ltr'><strong>tetigit?</strong></span> <span class='ocrx_word' id='word_1_901' title='bbox 3295 4579 3363 4635; x_wconf 86' lang='lat' dir='ltr'><strong>Et</strong></span> <span class='ocrx_word' id='word_1_902' title='bbox 3386 4580 3492 4647; x_wconf 86' lang='lat' dir='ltr'><strong>illi,</strong></span> <span class='ocrx_word' id='word_1_903' title='bbox 3523 4579 3705 4635; x_wconf 75' lang='lat' dir='ltr'><strong>Turba:</strong></span> <span class='ocrx_word' id='word_1_904' title='bbox 3729 4590 3780 4635; x_wconf 89' lang='lat' dir='ltr'><strong>te</strong></span> 
     </span>
    </p>
   </div>
   <div class='ocr_carea' id='block_1_108' title="bbox 2181 4667 3777 4742">
    <p class='ocr_par' dir='ltr' id='par_1_108' title="bbox 2181 4667 3777 4742">
     <span class='ocr_line' id='line_1_108' title="bbox 2181 4667 3777 4742; baseline 0.003 -20"><span class='ocrx_word' id='word_1_905' title='bbox 2181 4669 2538 4739; x_wconf 88' lang='lat' dir='ltr'><strong>comprimunt.</strong></span> <span class='ocrx_word' id='word_1_906' title='bbox 2567 4667 2636 4724; x_wconf 85' lang='lat' dir='ltr'><strong>Et</strong></span> <span class='ocrx_word' id='word_1_907' title='bbox 2655 4678 2903 4740; x_wconf 88' lang='lat' dir='ltr'><strong>tanquam</strong></span> <span class='ocrx_word' id='word_1_908' title='bbox 2924 4670 3128 4726; x_wconf 87' lang='lat' dir='ltr'><strong>diceret</strong></span> <span class='ocrx_word' id='word_1_909' title='bbox 3146 4671 3420 4739; x_wconf 89' lang='lat' dir='ltr'><strong>Dominus,</strong></span> <span class='ocrx_word' id='word_1_910' title='bbox 3443 4671 3777 4742; x_wconf 83' lang='lat' dir='ltr'><strong>Tangentem</strong></span> 
     </span>
    </p>
   </div>
   <div class='ocr_carea' id='block_1_109' title="bbox 2181 4761 3780 4835">
    <p class='ocr_par' dir='ltr' id='par_1_109' title="bbox 2181 4761 3780 4835">
     <span class='ocr_line' id='line_1_109' title="bbox 2181 4761 3780 4835; baseline 0.003 -20"><span class='ocrx_word' id='word_1_911' title='bbox 2181 4775 2399 4832; x_wconf 71' lang='lat' dir='ltr'><strong>qumro,</strong></span> <span class='ocrx_word' id='word_1_912' title='bbox 2439 4776 2545 4818; x_wconf 92' lang='lat' dir='ltr'><strong>non</strong></span> <span class='ocrx_word' id='word_1_913' title='bbox 2581 4771 2935 4832; x_wconf 89' lang='lat' dir='ltr'><strong>prementem.</strong></span> <span class='ocrx_word' id='word_1_914' title='bbox 2975 4761 3064 4819; x_wconf 92' lang='lat' dir='ltr'><strong>Sic</strong></span> <span class='ocrx_word' id='word_1_915' title='bbox 3091 4763 3249 4818; x_wconf 87' lang='lat' dir='ltr'><strong>etiam</strong></span> <span class='ocrx_word' id='word_1_916' title='bbox 3280 4779 3421 4820; x_wconf 92' lang='lat' dir='ltr'><strong>nunc</strong></span> <span class='ocrx_word' id='word_1_917' title='bbox 3458 4774 3541 4820; x_wconf 91' lang='lat' dir='ltr'><strong>est</strong></span> <span class='ocrx_word' id='word_1_918' title='bbox 3579 4779 3780 4835; x_wconf 84' lang='lat' dir='ltr'><strong>corpus</strong></span> 
     </span>
    </p>
   </div>
   <div class='ocr_carea' id='block_1_110' title="bbox 2183 4850 3773 4925">
    <p class='ocr_par' dir='ltr' id='par_1_110' title="bbox 2183 4850 3773 4925">
     <span class='ocr_line' id='line_1_110' title="bbox 2183 4850 3773 4925; baseline 0.003 -19"><span class='ocrx_word' id='word_1_919' title='bbox 2183 4851 2320 4920; x_wconf 86' lang='lat' dir='ltr'><strong>ejus,</strong></span> <span class='ocrx_word' id='word_1_920' title='bbox 2345 4851 2397 4906; x_wconf 91' lang='lat' dir='ltr'><strong>id</strong></span> <span class='ocrx_word' id='word_1_921' title='bbox 2415 4859 2518 4918; x_wconf 90' lang='lat' dir='ltr'><strong>est,</strong></span> <span class='ocrx_word' id='word_1_922' title='bbox 2539 4850 2774 4908; x_wconf 87' lang='lat' dir='ltr'><strong>Ecclesia</strong></span> <span class='ocrx_word' id='word_1_923' title='bbox 2795 4852 2932 4922; x_wconf 87' lang='lat' dir='ltr'><strong>ejus.</strong></span> <span class='ocrx_word' id='word_1_924' title='bbox 2957 4851 3146 4924; x_wconf 83' lang='lat' dir='ltr'><strong>Tangit</strong></span> <span class='ocrx_word' id='word_1_925' title='bbox 3163 4868 3282 4910; x_wconf 89' lang='lat' dir='ltr'><strong>eam</strong></span> <span class='ocrx_word' id='word_1_926' title='bbox 3305 4854 3438 4910; x_wconf 88' lang='lat' dir='ltr'><strong>ﬁdes</strong></span> <span class='ocrx_word' id='word_1_927' title='bbox 3457 4869 3773 4925; x_wconf 90' lang='lat' dir='ltr'><strong>paucorum,</strong></span> 
     </span>
    </p>
   </div>
   <div class='ocr_carea' id='block_1_111' title="bbox 2183 4942 3780 5015">
    <p class='ocr_par' dir='ltr' id='par_1_111' title="bbox 2183 4942 3780 5015">
     <span class='ocr_line' id='line_1_111' title="bbox 2183 4942 3780 5015; baseline 0.003 -18"><span class='ocrx_word' id='word_1_928' title='bbox 2183 4943 2376 5012; x_wconf 91' lang='lat' dir='ltr'><strong>premit</strong></span> <span class='ocrx_word' id='word_1_929' title='bbox 2403 4942 2555 4998; x_wconf 90' lang='lat' dir='ltr'><strong>turba</strong></span> <span class='ocrx_word' id='word_1_930' title='bbox 2581 4944 2888 5000; x_wconf 85' lang='lat' dir='ltr'><strong>multorum.</strong></span> <span class='ocrx_word' id='word_1_931' title='bbox 2919 4943 3122 5015; x_wconf 85' lang='lat' dir='ltr'><strong>Corpus</strong></span> <span class='ocrx_word' id='word_1_932' title='bbox 3143 4946 3286 5001; x_wconf 90' lang='lat' dir='ltr'><strong>enim</strong></span> <span class='ocrx_word' id='word_1_933' title='bbox 3306 4945 3502 5002; x_wconf 87' lang='lat' dir='ltr'><strong>Christi</strong></span> <span class='ocrx_word' id='word_1_934' title='bbox 3529 4961 3650 5002; x_wconf 88' lang='lat' dir='ltr'><strong>esse</strong></span> <span class='ocrx_word' id='word_1_935' title='bbox 3673 4947 3780 5002; x_wconf 87' lang='lat' dir='ltr'><strong>Ee-</strong></span> 
     </span>
    </p>
   </div>
   <div class='ocr_carea' id='block_1_112' title="bbox 2184 5035 3858 5108">
    <p class='ocr_par' dir='ltr' id='par_1_112' title="bbox 2184 5035 3858 5108">
     <span class='ocr_line' id='line_1_112' title="bbox 2184 5035 3858 5108; baseline 0.004 -19"><span class='ocrx_word' id='word_1_936' title='bbox 2184 5035 2422 5100; x_wconf 89' lang='lat' dir='ltr'><strong>clesiam,</strong></span> <span class='ocrx_word' id='word_1_937' title='bbox 2451 5042 2702 5105; x_wconf 87' lang='lat' dir='ltr'><strong>tauquam</strong></span> <span class='ocrx_word' id='word_1_938' title='bbox 2728 5035 2823 5090; x_wconf 91' lang='lat' dir='ltr'><strong>ﬁlii</strong></span> <span class='ocrx_word' id='word_1_939' title='bbox 2847 5035 2985 5106; x_wconf 90' lang='lat' dir='ltr'><strong>ejus,</strong></span> <span class='ocrx_word' id='word_1_940' title='bbox 3013 5035 3234 5092; x_wconf 89' lang='lat' dir='ltr'><strong>audistis</strong></span> <span class='ocrx_word' id='word_1_941' title='bbox 3265 5054 3278 5091; x_wconf 91' lang='lat'><strong>:</strong></span> <span class='ocrx_word' id='word_1_942' title='bbox 3310 5047 3366 5092; x_wconf 90' lang='lat' dir='ltr'><strong>et</strong></span> <span class='ocrx_word' id='word_1_943' title='bbox 3389 5037 3434 5093; x_wconf 91' lang='lat' dir='ltr'><strong>si</strong></span> <span class='ocrx_word' id='word_1_944' title='bbox 3462 5037 3644 5106; x_wconf 86' lang='lat' dir='ltr'><strong>vultis,</strong></span> <span class='ocrx_word' id='word_1_945' title='bbox 3672 5039 3778 5108; x_wconf 90' lang='lat' dir='ltr'><strong>ipsi</strong></span> <span class='ocrx_word' id='word_1_946' title='bbox 3851 5080 3858 5085; x_wconf 88' lang='grc'><strong>-</strong></span> 
     </span>
    </p>
   </div>
   <div class='ocr_carea' id='block_1_113' title="bbox 2182 5129 3779 5202">
    <p class='ocr_par' dir='ltr' id='par_1_113' title="bbox 2182 5129 3779 5202">
     <span class='ocr_line' id='line_1_113' title="bbox 2182 5129 3779 5202; baseline 0.003 -19"><span class='ocrx_word' id='word_1_947' title='bbox 2182 5130 2333 5184; x_wconf 90' lang='lat' dir='ltr'><strong>estis.</strong></span> <span class='ocrx_word' id='word_1_948' title='bbox 2365 5130 2652 5200; x_wconf 89' lang='lat' dir='ltr'><strong>Apostolus</strong></span> <span class='ocrx_word' id='word_1_949' title='bbox 2690 5129 2870 5186; x_wconf 92' lang='lat' dir='ltr'><strong>multis</strong></span> <span class='ocrx_word' id='word_1_950' title='bbox 2908 5131 3039 5186; x_wconf 88' lang='lat' dir='ltr'><strong>locis</strong></span> <span class='ocrx_word' id='word_1_951' title='bbox 3067 5130 3172 5186; x_wconf 92' lang='lat' dir='ltr'><strong>hoc</strong></span> <span class='ocrx_word' id='word_1_952' title='bbox 3198 5130 3330 5186; x_wconf 92' lang='lat' dir='ltr'><strong>dicit</strong></span> <span class='ocrx_word' id='word_1_953' title='bbox 3355 5148 3370 5186; x_wconf 90' lang='lat'><strong>:</strong></span> <span class='ocrx_word' id='word_1_954' title='bbox 3400 5131 3508 5187; x_wconf 88' lang='lat' dir='ltr'><strong>Pro</strong></span> <span class='ocrx_word' id='word_1_955' title='bbox 3537 5149 3779 5202; x_wconf 71' lang='lat' dir='ltr'><strong>corpore,</strong></span> 
     </span>
    </p>
   </div>
   <div class='ocr_carea' id='block_1_114' title="bbox 2184 5222 3776 5296">
    <p class='ocr_par' dir='ltr' id='par_1_114' title="bbox 2184 5222 3776 5296">
     <span class='ocr_line' id='line_1_114' title="bbox 2184 5222 3776 5296; baseline 0.001 -17"><span class='ocrx_word' id='word_1_956' title='bbox 2184 5222 2374 5294; x_wconf 89' lang='lat' dir='ltr'><strong>inquit,</strong></span> <span class='ocrx_word' id='word_1_957' title='bbox 2402 5225 2510 5296; x_wconf 88' lang='lat' dir='ltr'><strong>ejus</strong></span> <span class='ocrx_word' id='word_1_958' title='bbox 2531 5239 2646 5294; x_wconf 70' lang='lat' dir='ltr'><strong>qua:</strong></span> <span class='ocrx_word' id='word_1_959' title='bbox 2665 5232 2738 5278; x_wconf 83' lang='lat' dir='ltr'><strong>est</strong></span> <span class='ocrx_word' id='word_1_960' title='bbox 2761 5223 2989 5278; x_wconf 83' lang='lat' dir='ltr'><strong>Ecclesia</strong></span> <span class='ocrx_word' id='word_1_961' title='bbox 3016 5223 3231 5296; x_wconf 87' lang='lat' dir='ltr'><strong>(Coloss.</strong></span> <span class='ocrx_word' id='word_1_962' title='bbox 3255 5241 3302 5292; x_wconf 81' lang='grc' dir='ltr'><strong>ι,</strong></span> <span class='ocrx_word' id='word_1_963' title='bbox 3321 5225 3438 5296; x_wconf 73' lang='grc'><strong>24).</strong></span> <span class='ocrx_word' id='word_1_964' title='bbox 3461 5225 3527 5281; x_wconf 86' lang='grc' dir='ltr'><strong>Ει</strong></span> <span class='ocrx_word' id='word_1_965' title='bbox 3547 5227 3776 5282; x_wconf 89' lang='lat' dir='ltr'><strong>iterum:</strong></span> 
     </span>
    </p>
   </div>
   <div class='ocr_carea' id='block_1_115' title="bbox 2194 5315 3776 5392">
    <p class='ocr_par' dir='ltr' id='par_1_115' title="bbox 2194 5315 3776 5392">
     <span class='ocr_line' id='line_1_115' title="bbox 2194 5315 3776 5392; baseline 0.003 -22"><span class='ocrx_word' id='word_1_966' title='bbox 2194 5315 2295 5371; x_wconf 91' lang='lat' dir='ltr'><strong>Vos</strong></span> <span class='ocrx_word' id='word_1_967' title='bbox 2313 5326 2479 5371; x_wconf 89' lang='lat' dir='ltr'><strong>autem</strong></span> <span class='ocrx_word' id='word_1_968' title='bbox 2497 5318 2613 5372; x_wconf 90' lang='lat' dir='ltr'><strong>estis</strong></span> <span class='ocrx_word' id='word_1_969' title='bbox 2631 5332 2814 5389; x_wconf 87' lang='lat' dir='ltr'><strong>corpus</strong></span> <span class='ocrx_word' id='word_1_970' title='bbox 2829 5317 3018 5372; x_wconf 81' lang='lat' dir='ltr'><strong>Christi</strong></span> <span class='ocrx_word' id='word_1_971' title='bbox 3035 5327 3082 5373; x_wconf 91' lang='lat' dir='ltr'><strong>et</strong></span> <span class='ocrx_word' id='word_1_972' title='bbox 3102 5318 3321 5373; x_wconf 87' lang='lat' dir='ltr'><strong>membra</strong></span> <span class='ocrx_word' id='word_1_973' title='bbox 3340 5319 3380 5392; x_wconf 90' lang='grc' dir='ltr'><strong>(Ι</strong></span> <span class='ocrx_word' id='word_1_974' title='bbox 3403 5318 3519 5374; x_wconf 86' lang='lat' dir='ltr'><strong>Cor.</strong></span> <span class='ocrx_word' id='word_1_975' title='bbox 3539 5335 3635 5387; x_wconf 83' lang='lat' dir='ltr'><strong>xu,</strong></span> <span class='ocrx_word' id='word_1_976' title='bbox 3652 5320 3748 5389; x_wconf 77' lang='lat'><strong>27)</strong></span> <span class='ocrx_word' id='word_1_977' title='bbox 3761 5362 3776 5375; x_wconf 93' lang='lat'><strong>.</strong></span> 
     </span>
    </p>
   </div>
   <div class='ocr_carea' id='block_1_116' title="bbox 2184 5405 3782 5480">
    <p class='ocr_par' dir='ltr' id='par_1_116' title="bbox 2184 5405 3782 5480">
     <span class='ocr_line' id='line_1_116' title="bbox 2184 5405 3782 5480; baseline 0.002 -17"><span class='ocrx_word' id='word_1_978' title='bbox 2184 5405 2244 5464; x_wconf 90' lang='lat' dir='ltr'><strong>Si</strong></span> <span class='ocrx_word' id='word_1_979' title='bbox 2269 5423 2397 5479; x_wconf 90' lang='lat' dir='ltr'><strong>ergo</strong></span> <span class='ocrx_word' id='word_1_980' title='bbox 2423 5423 2619 5478; x_wconf 91' lang='lat' dir='ltr'><strong>corpus</strong></span> <span class='ocrx_word' id='word_1_981' title='bbox 2655 5409 2770 5478; x_wconf 90' lang='lat' dir='ltr'><strong>ejus</strong></span> <span class='ocrx_word' id='word_1_982' title='bbox 2802 5421 3012 5474; x_wconf 88' lang='lat' dir='ltr'><strong>sumus,</strong></span> <span class='ocrx_word' id='word_1_983' title='bbox 3043 5409 3186 5480; x_wconf 91' lang='lat' dir='ltr'><strong>quod</strong></span> <span class='ocrx_word' id='word_1_984' title='bbox 3219 5416 3346 5466; x_wconf 91' lang='lat' dir='ltr'><strong>tunc</strong></span> <span class='ocrx_word' id='word_1_985' title='bbox 3381 5425 3574 5480; x_wconf 83' lang='lat' dir='ltr'><strong>corpus</strong></span> <span class='ocrx_word' id='word_1_986' title='bbox 3604 5408 3782 5480; x_wconf 82' lang='lat' dir='ltr'><strong>ipsius</strong></span> 
     </span>
    </p>
   </div>
   <div class='ocr_carea' id='block_1_117' title="bbox 2186 5498 3779 5570">
    <p class='ocr_par' dir='ltr' id='par_1_117' title="bbox 2186 5498 3779 5570">
     <span class='ocr_line' id='line_1_117' title="bbox 2186 5498 3779 5570; baseline 0.003 -16"><span class='ocrx_word' id='word_1_987' title='bbox 2186 5498 2240 5555; x_wconf 90' lang='lat' dir='ltr'><strong>in</strong></span> <span class='ocrx_word' id='word_1_988' title='bbox 2285 5500 2448 5556; x_wconf 85' lang='lat' dir='ltr'><strong>turba</strong></span> <span class='ocrx_word' id='word_1_989' title='bbox 2477 5500 2808 5570; x_wconf 84' lang='lat' dir='ltr'><strong>patiebatur,</strong></span> <span class='ocrx_word' id='word_1_990' title='bbox 2853 5499 2956 5556; x_wconf 84' lang='lat' dir='ltr'><strong>hee</strong></span> <span class='ocrx_word' id='word_1_991' title='bbox 2999 5500 3196 5570; x_wconf 89' lang='lat' dir='ltr'><strong>patitur</strong></span> <span class='ocrx_word' id='word_1_992' title='bbox 3232 5501 3471 5557; x_wconf 88' lang='lat' dir='ltr'><strong>Ecclesia</strong></span> <span class='ocrx_word' id='word_1_993' title='bbox 3511 5501 3696 5570; x_wconf 78' lang='lat' dir='ltr'><strong>ipsius.</strong></span> <span class='ocrx_word' id='word_1_994' title='bbox 3728 5503 3779 5558; x_wconf 80' lang='grc' dir='ltr'>Α</span> 
     </span>
    </p>
   </div>
   <div class='ocr_carea' id='block_1_118' title="bbox 2187 5593 3775 5665">
    <p class='ocr_par' dir='ltr' id='par_1_118' title="bbox 2187 5593 3775 5665">
     <span class='ocr_line' id='line_1_118' title="bbox 2187 5593 3775 5665; baseline 0.001 -17"><span class='ocrx_word' id='word_1_995' title='bbox 2187 5595 2357 5650; x_wconf 89' lang='lat' dir='ltr'><strong>turbis</strong></span> <span class='ocrx_word' id='word_1_996' title='bbox 2383 5595 2676 5665; x_wconf 86' lang='lat' dir='ltr'><strong>premitur:</strong></span> <span class='ocrx_word' id='word_1_997' title='bbox 2704 5610 2734 5648; x_wconf 93' lang='lat' dir='ltr'><strong>a</strong></span> <span class='ocrx_word' id='word_1_998' title='bbox 2760 5595 2941 5665; x_wconf 86' lang='lat' dir='ltr'><strong>paucis</strong></span> <span class='ocrx_word' id='word_1_999' title='bbox 2970 5595 3219 5664; x_wconf 86' lang='lat' dir='ltr'><strong>tangitur.</strong></span> <span class='ocrx_word' id='word_1_1000' title='bbox 3247 5593 3384 5651; x_wconf 88' lang='lat' dir='ltr'><strong>Caro</strong></span> <span class='ocrx_word' id='word_1_1001' title='bbox 3406 5609 3527 5651; x_wconf 84' lang='lat' dir='ltr'><strong>eam</strong></span> <span class='ocrx_word' id='word_1_1002' title='bbox 3555 5595 3775 5664; x_wconf 89' lang='lat' dir='ltr'><strong>premit,</strong></span> 
     </span>
    </p>
   </div>
   <div class='ocr_carea' id='block_1_119' title="bbox 2187 5686 3779 5761">
    <p class='ocr_par' dir='ltr' id='par_1_119' title="bbox 2187 5686 3779 5761">
     <span class='ocr_line' id='line_1_119' title="bbox 2187 5686 3779 5761; baseline 0 -19"><span class='ocrx_word' id='word_1_1003' title='bbox 2187 5686 2322 5744; x_wconf 88' lang='lat' dir='ltr'><strong>ﬁdes</strong></span> <span class='ocrx_word' id='word_1_1004' title='bbox 2353 5689 2536 5759; x_wconf 87' lang='lat' dir='ltr'><strong>tangit.</strong></span> <span class='ocrx_word' id='word_1_1005' title='bbox 2577 5687 2775 5761; x_wconf 85' lang='lat' dir='ltr'><strong>Erigite</strong></span> <span class='ocrx_word' id='word_1_1006' title='bbox 2813 5687 2973 5760; x_wconf 89' lang='lat' dir='ltr'><strong>igitur</strong></span> <span class='ocrx_word' id='word_1_1007' title='bbox 3011 5687 3231 5758; x_wconf 90' lang='lat' dir='ltr'><strong>oculos,</strong></span> <span class='ocrx_word' id='word_1_1008' title='bbox 3267 5688 3493 5744; x_wconf 89' lang='lat' dir='ltr'><strong>obsecro</strong></span> <span class='ocrx_word' id='word_1_1009' title='bbox 3528 5701 3656 5754; x_wconf 84' lang='lat' dir='ltr'><strong>vos,</strong></span> <span class='ocrx_word' id='word_1_1010' title='bbox 3684 5689 3779 5758; x_wconf 89' lang='lat' dir='ltr'><strong>qui</strong></span> 
     </span>
    </p>
   </div>
   <div class='ocr_carea' id='block_1_120' title="bbox 2252 5811 3832 5891">
    <p class='ocr_par' dir='ltr' id='par_1_120' title="bbox 2252 5811 3832 5891">
     <span class='ocr_line' id='line_1_120' title="bbox 2252 5811 3832 5891; baseline -0.001 -16"><span class='ocrx_word' id='word_1_1011' title='bbox 2252 5827 2265 5857; x_wconf 83' lang='grc'>¹</span> <span class='ocrx_word' id='word_1_1012' title='bbox 2295 5824 2412 5891; x_wconf 68' lang='lat' dir='ltr'><strong>aditi</strong></span> <span class='ocrx_word' id='word_1_1013' title='bbox 2429 5863 2443 5884; x_wconf 95' lang='lat'><strong>,</strong></span> <span class='ocrx_word' id='word_1_1014' title='bbox 2482 5825 2680 5891; x_wconf 81' lang='lat' dir='ltr'><strong>habebat</strong></span> <span class='ocrx_word' id='word_1_1015' title='bbox 2713 5827 2932 5891; x_wconf 86' lang='lat' dir='ltr'><strong>militem,</strong></span> <span class='ocrx_word' id='word_1_1016' title='bbox 2971 5823 3170 5880; x_wconf 82' lang='lat' dir='ltr'><strong>habebat</strong></span> <span class='ocrx_word' id='word_1_1017' title='bbox 3203 5833 3460 5878; x_wconf 69' lang='lat' dir='ltr'><strong>Horitarum:</strong></span> <span class='ocrx_word' id='word_1_1018' title='bbox 3499 5823 3777 5889; x_wconf 78' lang='lat' dir='ltr'><strong>imperium.</strong></span> <span class='ocrx_word' id='word_1_1019' title='bbox 3815 5811 3832 5856; x_wconf 75' lang='grc' dir='ltr'>ί</span> 
     </span>
    </p>
   </div>
   <div class='ocr_carea' id='block_1_121' title="bbox 2188 5887 2711 5944">
    <p class='ocr_par' dir='ltr' id='par_1_121' title="bbox 2188 5887 2711 5944">
     <span class='ocr_line' id='line_1_121' title="bbox 2188 5887 2711 5944; baseline -0.008 0"><span class='ocrx_word' id='word_1_1020' title='bbox 2188 5887 2506 5944; x_wconf 77' lang='lat' dir='ltr'><strong>Emendantur</strong></span> <span class='ocrx_word' id='word_1_1021' title='bbox 2528 5890 2588 5940; x_wconf 85' lang='lat' dir='ltr'><strong>ad</strong></span> <span class='ocrx_word' id='word_1_1022' title='bbox 2607 5897 2711 5943; x_wconf 76' lang='lat' dir='ltr'><strong>Mss.</strong></span> 
     </span>
    </p>
   </div>
  </div>
