4032 6332
230 335 333 392 417

233 445 445 502 habetis
484 441 627 499 unde
663 440 904 497 videatis.
950 438 1167 495 Habetis
1208 438 1351 494 enim
1389 434 1529 508 quod
1566 432 1807 491 videatis.

232 537 437 608 Erigite
458 535 646 592 oculos
668 533 814 600 ﬁdei,
843 532 1038 603 tangite
1063 539 1353 587 extremm
1381 528 1640 584 ﬁmbriam
1659 524 1816 581 vesti-

232 630 429 697 menti,
460 627 690 684 sufﬁciet
716 626 782 682 ad
810 626 1054 681 salutem.

304 720 357 775 6.
390 718 672 790 [inpletum
708 733 845 772 nunc
880 717 1015 785 quod
1045 717 1101 771 in
1126 714 1404 787 Evangelia
1433 712 1812 786 praedicebatur.

231 811 405 867 Judci
459 827 616 882 quare
671 810 766 880 ﬁlii
817 810 980 881 regni.
1040 807 1228 863 Videte
1282 807 1424 877 quod
1478 806 1697 861 audistis
1749 818 1819 859 ex

234 902 530 973 Evangelia
559 911 686 957 tunc
710 899 977 967 futurum,
1006 907 1133 955 tunc
1159 912 1393 969 praesens
1418 906 1518 953 est.
1547 895 1701 960 Ideo,
1733 895 1818 949 in-

233 993 363 1064 quit,
392 992 511 1046 dico
536 991 673 1045 vobis
697 1006 717 1047 :
746 997 964 1061 propter
989 988 1255 1045 laudatam
1276 987 1612 1042 Centurionis
1636 985 1815 1052 ﬁdem,

233 1094 488 1155 tanquam
522 1083 835 1153 alienigena:
860 1095 1021 1136 carne
1042 1121 1056 1145 ,
1086 1078 1361 1134 domestici
1387 1076 1569 1147 corde.
1599 1074 1819 1145 Propte-

231 1192 345 1243 rea,
378 1174 589 1245 inquit,
629 1173 776 1228 multi
815 1172 877 1227 ab
909 1163 1096 1226 oriente
1119 1180 1166 1225 et
1190 1170 1441 1225 occidente
1463 1168 1675 1223 uenient.
1704 1166 1821 1222 Non

231 1281 422 1323 omnes
442 1308 458 1334 ,
490 1265 589 1322 sed
613 1264 757 1319 multi
786 1280 805 1319 :
830 1272 1005 1319 tamen
1038 1262 1135 1333 ipsi
1163 1262 1224 1315 ab
1248 1262 1433 1317 oriente
1459 1269 1505 1314 et
1530 1259 1781 1314 occidente
1800 1272 1821 1313 :

232 1359 345 1417 istis
382 1358 596 1413 duabus
622 1356 863 1427 partibus
894 1362 1036 1411 totus
1061 1353 1205 1409 orbis
1229 1341 1553 1423 designatur.
1583 1348 1736 1403 Multi
1758 1347 1821 1402 ab

231 1452 423 1505 oriente
448 1456 498 1504 et
515 1446 772 1503 occidente
787 1446 979 1501 uenient
996 1487 1010 1511 ,
1041 1454 1088 1499 et
1110 1443 1389 1499 recumbent
1410 1459 1525 1497 cum
1544 1440 1819 1505 Abraham,

232 1549 279 1594 et
302 1537 461 1593 Isaac
479 1579 496 1603 ,
525 1546 573 1592 et
594 1536 773 1602 Iacob,
806 1536 857 1588 in
882 1550 1033 1605 regno
1062 1533 1300 1587 caelorum
1325 1549 1342 1585 :
1373 1532 1469 1601 ﬁlii
1496 1541 1659 1585 autem
1683 1530 1824 1602 regni

234 1631 502 1703 ejicientur
524 1629 577 1681 in
597 1627 820 1681 tenebras
840 1626 1122 1691 exteriores.
1147 1622 1270 1676 Filii
1289 1630 1455 1676 autem
1474 1622 1634 1692 regni,
1655 1620 1824 1676 Judaei

236 1720 462 1775 scilicet.
491 1716 644 1771 Unde
673 1714 769 1784 ﬁlii
794 1715 972 1785 regni?
1000 1712 1130 1780 Quia
1156 1711 1353 1781 Legem
1383 1716 1726 1780 ac‘ccperunt,
1757 1709 1824 1763 ad

236 1827 368 1883 quos
400 1809 689 1881 Propheta:
715 1809 862 1865 missi
891 1816 1033 1875 sunt,
1064 1806 1201 1876 apud
1225 1820 1359 1877 quos
1385 1805 1635 1874 templum
1664 1811 1718 1859 et
1740 1818 1825 1858 sa-

237 1903 536 1959 cerdotium
570 1902 686 1969 fuit,
718 1901 807 1971 qui
835 1899 1175 1956 celebrabant
1199 1898 1393 1969 ﬁguras
1420 1898 1656 1953 omnium
1682 1896 1824 1952 futu-

238 2007 443 2047 rorum.
480 1991 717 2058 Quarum
760 1991 900 2045 enim
942 2005 1120 2045 rerum
1167 1988 1363 2060 ﬁguras
1405 1988 1824 2055 celebraverunt,

237 2082 585 2152 prtesentiam
633 2096 738 2135 non
778 2089 1123 2152 agnoverunt.
1158 2078 1281 2133 Filii
1319 2094 1445 2149 ergo
1485 2080 1624 2148 regni
1662 2078 1824 2147 ibunt,

240 2174 430 2244 inquit,
462 2174 518 2227 in
544 2172 768 2228 tenebras
793 2173 1092 2239 exteriores;
1116 2172 1183 2225 ibi
1207 2173 1299 2225 erit
1323 2172 1548 2243 ploratus
1575 2180 1620 2225 et
1644 2170 1829 2224 stridor

238 2264 487 2320 duilium.
515 2262 770 2321 Videmus
795 2262 1005 2318 Judaaos
1033 2261 1342 2332 reprobatos
1362 2301 1376 2328 ,
1404 2260 1644 2316 videmus
1670 2259 1827 2315 Chri-

237 2358 443 2412 stianos
482 2354 553 2410 ab
588 2356 796 2411 oriente
823 2362 877 2412 et
904 2354 1181 2411 occidente
1205 2362 1422 2409 vocatos
1459 2353 1526 2409 ad
1565 2354 1829 2424 quoddam

237 2446 547 2505 convivium
589 2447 843 2514 caeleste,
884 2455 943 2501 ut
982 2445 1292 2502 recumbant
1330 2459 1453 2500 cum
1482 2444 1750 2500 Abraham
1777 2452 1832 2500 et

239 2540 387 2595 Isaac
410 2548 470 2596 et
491 2538 692 2605 Jacob;
720 2538 811 2594 ubi
836 2536 988 2609 panis
1011 2536 1234 2607 justitia,
1263 2536 1351 2592 ubi
1376 2544 1529 2606 potus
1553 2535 1827 2605 sapientia.

305 2629 542 2687 CAPUT
570 2628 659 2685 IV.
676 2659 747 2671 —
766 2629 820 2683 7.
843 2626 1299 2699 Reprehenduntur
1321 2628 1373 2680 in
1395 2626 1549 2680 idolio
1569 2625 1833 2679 convivan-

240 2734 310 2779 tes
336 2741 459 2779 cum
479 2721 730 2794 Paganis.
778 2721 1051 2778 Attendite
1088 2736 1214 2791 ergo
1233 2762 1248 2788 ,
1292 2719 1482 2775 fratres
1510 2737 1524 2774 :
1556 2719 1656 2775 hoc
1688 2719 1835 2774 enim

240 2814 391 2882 estis,
420 2829 488 2869 ex
518 2813 623 2869 hoc
650 2812 848 2884 populo
876 2812 1024 2879 estis,
1050 2811 1160 2882 jam
1190 2819 1315 2866 tunc
1343 2810 1596 2880 praedicto
1622 2811 1662 2874 ί,
1695 2823 1833 2864 nunc

243 2912 592 2976 przesentato.
626 2905 703 2961 De
743 2904 827 2960 his
866 2904 1048 2973 utique
1087 2902 1243 2968 estis,
1279 2902 1369 2973 qui
1407 2901 1577 2957 vocati
1616 2910 1740 2957 sunt
1767 2901 1834 2956 ab

241 2999 451 3052 oriente
490 3004 547 3052 et
585 2995 862 3052 occidente
897 2994 1211 3051 recumbere
1249 2994 1301 3047 in
1347 3008 1513 3063 regno
1552 2993 1832 3061 caelorum,

243 3103 351 3143 non
378 3089 435 3143 in
469 3087 669 3158 templo
685 3082 980 3143 idolorum.
1017 3085 1198 3140 Estote
1235 3099 1362 3154 ergo
1398 3097 1592 3152 corpus
1616 3082 1834 3149 Christi,

245 3194 351 3236 non
394 3193 653 3251 pressura
678 3179 700 3210 ²
738 3177 979 3248 corporis
1017 3176 1231 3232 Christi.
1279 3174 1492 3229 Habetis
1533 3173 1835 3229 vestimenti

247 3270 541 3336 ﬁmbriam,
570 3284 729 3340 quam
762 3268 984 3339 tangatis
1002 3308 1016 3336 ,
1047 3276 1160 3321 uta
1185 3266 1443 3336 proﬂuvio
1463 3265 1752 3335 sanguinis,
1785 3264 1838 3320 id

246 3368 358 3427 est,
390 3359 687 3415 carnalium
726 3359 1051 3429 voluptatum
1090 3355 1235 3411 ﬂuxu
1279 3356 1557 3411 sanemini.
1599 3355 1838 3423 Habetis,

248 3451 488 3521 inquam,
516 3451 821 3506 vestimenti
847 3449 1129 3517 ﬁmbriam,
1161 3464 1319 3520 quam
1348 3450 1593 3519 tangatis.
1624 3449 1837 3505 Vestem

248 3538 431 3611 putate
460 3541 769 3612 Apostolus,
798 3540 899 3597 sub
925 3548 1131 3596 textura
1161 3540 1378 3595 unitatis
1405 3540 1738 3595 adhaerentes
1762 3540 1840 3595 la.

249 3635 456 3690 teribus
477 3634 696 3690 Christi.
727 3634 785 3689 ln
812 3633 895 3690 bis
918 3633 1187 3703 Apostolis
1215 3641 1331 3689 erat
1358 3642 1606 3711 tanquam
1632 3634 1839 3690 ﬁmbria

249 3729 507 3783 minimus
532 3735 589 3783 et
608 3727 928 3783 novissimus
949 3725 1142 3782 Paulus
1168 3744 1180 3779 :
1209 3727 1325 3797 ipso
1344 3726 1572 3793 dicente,
1597 3725 1709 3797 Ego
1729 3742 1841 3781 sum
1890 3759 1895 3765 -

250 3818 492 3873 minimus
512 3819 867 3888 Apostolorum
893 3818 938 3887 (Ι
970 3816 1088 3873 Cor.
1110 3833 1204 3884 xv,
1231 3816 1309 3891 9).
1340 3817 1392 3871 In
1434 3827 1581 3874 veste
1616 3819 1839 3875 novissi-
1890 3830 1899 3845 *

251 3925 395 3964 mum
416 3918 475 3965 et
497 3909 778 3965 minimum
799 3950 814 3977 ,
837 3909 1041 3963 ﬁmbria
1067 3918 1167 3965 est.
1198 3909 1429 3963 Fimbria
1459 3925 1581 3965 cum
1605 3920 1844 3965 contem-
1892 3944 1899 3951 ο

254 4013 344 4073 ptu
366 4003 663 4073 aspicitur:
690 4002 784 4058 sed
810 4018 931 4057 cum
961 4002 1130 4057 salute
1154 4003 1402 4072 tangitur.
1434 4002 1600 4074 Usque
1622 4004 1689 4058 ad
1713 4004 1843 4059 hanc

256 4094 434 4148 lteram
462 4103 508 4148 et
536 4093 780 4148 esurimus
798 4134 814 4161 ,
842 4102 888 4148 et
916 4094 1111 4148 sitintus
1130 4134 1144 4158 ,
1172 4102 1216 4146 et
1242 4094 1364 4161 nudi
1394 4111 1563 4148 sumus
1580 4134 1595 4161 ,
1622 4104 1672 4150 et
1699 4095 1839 4149 cola-

255 4186 525 4253 phizamur
557 4183 667 4255 (Id.
691 4200 764 4252 ιν,
792 4183 900 4257 ll).
933 4184 1067 4251 Quid
1090 4191 1196 4238 tam
1226 4193 1519 4239 extremum
1541 4226 1555 4250 ,
1585 4186 1707 4256 quid
1736 4198 1841 4241 tam

254 4277 698 4347 contemptibile?
724 4276 937 4348 Tange,
977 4278 1022 4331 si
1062 4276 1260 4331 ﬂuxum
1299 4278 1567 4347 sanguinis
1608 4279 1840 4347 pateris:

256 4369 398 4425 exiet
424 4369 598 4423 virtus
621 4367 689 4423 de
715 4369 804 4423 illo
828 4367 979 4437 cujus
1003 4367 1165 4423 vestis
1184 4376 1285 4436 est,
1309 4376 1364 4423 et
1381 4367 1587 4422 sanabit
1605 4376 1677 4423 te.
1702 4368 1844 4423 Fim-

257 4461 369 4516 bria
398 4459 567 4515 modo
593 4460 852 4530 tangenda
880 4460 1275 4530 proponebatur
1292 4498 1309 4526 ,
1339 4458 1549 4529 quando
1569 4474 1634 4515 ex
1654 4460 1843 4516 eodem

260 4551 507 4622 apostolo
537 4550 812 4622 legebatur
839 4568 853 4605 :
882 4551 943 4606 Si
967 4551 1100 4605 enim
1122 4551 1232 4620 quis
1258 4551 1433 4605 uiderit
1457 4568 1568 4605 eum
1591 4552 1677 4622 qui
1700 4552 1847 4607 habet

260 4642 556 4708 scientiam,
601 4642 657 4695 in
695 4641 851 4696 idolio
895 4642 1253 4696 recumbentem
1270 4657 1291 4707 ;
1336 4658 1500 4697 nonne
1545 4642 1846 4697 conscientia

262 4733 403 4801 ejus,
433 4748 553 4785 cum
593 4733 656 4785 sit
692 4731 929 4799 inﬁrma,
964 4731 1294 4800 wdiﬁcabitur
1335 4732 1401 4785 ad
1440 4733 1847 4787 manducandum

260 4823 588 4894 idolothyta.’
614 4819 683 4877 Et
716 4823 893 4893 peribit
916 4823 1157 4899 inﬁrmus
1189 4825 1244 4877 in
1280 4831 1366 4878 tua
1400 4825 1635 4893 scientia,
1668 4826 1843 4896 frater,

264 4922 467 4984 propter
503 4930 652 4980 quem
676 4913 911 4969 Christus
938 4923 1163 4969 mortuus
1189 4914 1306 4969 est?
1332 4914 1616 4983 Quomodo
1655 4920 1849 4987 putatis

262 5007 435 5077 decipi
477 5022 634 5078 posse
676 5008 974 5065 simulacris
1014 5008 1292 5076 homines,
1322 5026 1440 5081 qum
1467 5027 1499 5066 a
1535 5011 1849 5071 Christianis

265 5099 516 5154 honorari
543 5099 767 5170 putant?
795 5101 982 5169 Novit,
1010 5102 1198 5172 inquit,
1232 5103 1372 5157 Deus
1398 5118 1490 5159 cor
1515 5120 1711 5161 meum.
1742 5108 1848 5164 Sed

265 5190 429 5245 frater
454 5199 577 5246 tuus
601 5206 705 5246 non
737 5192 886 5248 novit
923 5207 1017 5249 cor
1054 5201 1219 5248 tuum.
1249 5193 1303 5250 Si
1334 5194 1575 5251 inﬁrmus
1601 5212 1690 5264 es,
1721 5214 1850 5257 cave

264 5282 522 5353 majorem
547 5282 911 5353 aegritudinem
939 5302 951 5339 :
980 5284 1025 5338 si
1050 5283 1235 5341 ﬁrmus
1254 5299 1336 5355 es,
1356 5300 1483 5343 cura
1506 5287 1684 5345 fratris
1703 5291 1851 5347 inﬁr-

265 5375 524 5429 mitatem.
554 5373 655 5439 Qui
679 5374 858 5430 vident
882 5376 1003 5441 ista,
1032 5376 1355 5432 aediﬁcantur
1379 5379 1443 5434 ad
1468 5380 1570 5435 alia
1590 5380 1630 5446 ³,
1660 5390 1717 5436 ιιι
1742 5398 1848 5438 non

266 5474 468 5521 tantum
498 5465 573 5521 ibi
599 5465 922 5523 manducare
940 5467 1081 5565 ,‘sed
1107 5479 1161 5526 et
1187 5470 1485 5527 sacriﬁcare
1523 5471 1844 5533 desiderent.

330 5582 494 5643 ius"
513 5578 799 5643 Wwdim-

330 5642 354 5705 ξ
375 5640 537 5705 Florus
561 5649 613 5691 et
632 5640 935 5692 Colbertinus
956 5649 1058 5705 δίδη
1083 5656 1338 5704 pressores.

265 5703 358 5822 ua:
378 5706 450 5757 sic
470 5703 638 5783 Florus
658 5710 712 5759 et
741 5715 918 5778 omnes,
940 5703 1050 5758 Mss.
1072 5703 1139 5760 At»
1158 5707 1294 5773 editi,
1329 5704 1634 5775 aediﬁcantur
1655 5711 1722 5765 ad
1742 5712 1847 5768 ido-

1678 313 1907 376 SERMO
1931 314 2090 371 LXII.

3390 312 3496 371 418

1919 428 2059 484 Ecce
2076 430 2212 499 perit
2232 429 2471 486 inﬁrmus
2491 432 2547 486 in
2565 439 2652 487 tua
2675 432 2894 487 scientia
2913 429 3096 486 frater.
3118 431 3276 499 Audi,
3297 430 3491 487 frater:

1919 525 1964 579 si
1986 526 2363 581 contemnebas
2396 526 2690 595 inﬁrmum,
2726 527 2884 583 etiam
2917 526 3133 582 fratrem
3162 526 3498 582 contemnis?

1921 614 2321 687 Expergiscere.
2365 616 2530 685 Quid,
2591 618 2637 673 si
2674 619 2729 672 in
2771 619 2939 689 ipsum
2967 618 3235 673 Christum
3272 616 3497 687 peccas?

1922 707 2149 763 Attende
2174 709 2313 763 enim
2336 708 2477 778 quod
2496 708 2645 762 nullo
2668 717 2818 777 pacto
2840 708 3006 778 possis
3026 716 3386 764 contemnere.
3411 707 3501 764 Sic

1920 809 2105 867 autem,
2134 801 2321 871 inquit,
2356 810 2615 871 peccantes
2644 801 2695 854 in
2723 805 2923 871 fratres,
2952 811 2997 854 et
3024 802 3350 871 percutientes
3375 816 3498 854 con-

1922 892 2181 946 scientiam
2211 908 2383 946 eorum
2420 892 2675 960 inﬁrmam
2694 932 2709 957 ,
2739 891 2791 944 in
2820 889 3071 945 Christum
3101 892 3332 960 peccatis.
3367 892 3499 947 Eant

1924 997 2099 1050 nunc,
2140 982 2230 1051 qui
2260 982 2359 1036 ista
2388 988 2766 1049 contemnunt,
2795 990 2850 1035 et
2882 982 3191 1037 recumbant
3218 983 3270 1036 in
3302 982 3498 1036 idolio:

1924 1086 2102 1127 nonne
2131 1080 2285 1127 erunt
2322 1080 2661 1142 prementes,
2694 1087 2798 1127 non
2829 1073 3138 1143 tangentes?
3164 1083 3218 1129 et
3254 1089 3372 1127 cum
3412 1089 3500 1128 re-

1924 1162 2205 1218 cubuerint
2245 1164 2297 1218 in
2341 1163 2533 1231 idolio,
2566 1164 2780 1219 veniant
2819 1171 2872 1218 et
2910 1163 3162 1234 impleant
3185 1164 3502 1229 ecclesiam;

1927 1270 2034 1310 non
2064 1256 2286 1311 salutem
2314 1257 2601 1327 accepturi,
2634 1256 2727 1311 sed
2753 1270 3054 1326 pressuram
3085 1255 3291 1311 facturi.

1995 1345 2223 1401 CAPUT
2252 1346 2317 1400 ν.
2342 1376 2414 1385 -
2442 1347 2493 1401 8.
2529 1346 2745 1417 Majoris
2772 1348 2989 1416 alicujus
3016 1357 3147 1400 metu
3176 1348 3507 1403 recumbentes

1926 1436 1980 1490 in
2020 1436 2196 1491 idolio.
2242 1435 2568 1491 Obseruantia
2609 1438 2664 1490 in
2705 1439 2946 1507 majorem
2979 1454 3218 1508 quemque
3263 1441 3323 1494 sit
3367 1440 3509 1493 ordi-

1928 1536 2069 1581 nata.
2104 1526 2211 1583 Sed
2234 1529 2414 1596 timeo,
2439 1529 2663 1599 inquies,
2691 1544 2759 1583 ne
2779 1529 3040 1584 offendam
3064 1530 3337 1599 majorem.
3361 1531 3511 1587 Time

1927 1631 2168 1687 prorsus,
2198 1633 2265 1673 ne
2287 1617 2522 1673 offendas
2546 1619 2831 1689 majorem;
2861 1629 2915 1675 et
2942 1636 3046 1674 non
3074 1620 3299 1676 oll‘endis
3324 1622 3509 1677 Deum.

1928 1706 2029 1774 Qui
2063 1710 2203 1764 enim
2245 1710 2397 1765 times
2417 1752 2430 1776 ,
2464 1726 2531 1765 ne
2560 1710 2796 1765 offendas
2822 1711 3107 1781 majorem,
3136 1712 3256 1768 vide
3286 1729 3352 1768 ne
3380 1714 3514 1771 forte

1928 1800 1999 1855 sit
2023 1802 2192 1871 major
2217 1803 2348 1870 isto,
2387 1819 2542 1873 quem
2579 1805 2732 1860 times
2759 1804 3047 1861 oﬁ‘enderc.
3090 1807 3339 1876 Majorem
3368 1818 3515 1865 certe

1932 1892 2037 1947 noli
2062 1892 2349 1947 oliendere.
2381 1893 2503 1948 llzee
2529 1894 2617 1949 tibi
2640 1896 2819 1964 regula
2842 1896 3168 1965 proponitur.
3195 1896 3380 1953 Nonne
3400 1913 3513 1953 ma-

1931 1982 2181 2039 nifestum
2204 1992 2305 2051 est,
2329 1999 2449 2040 eum
2472 1985 2689 2041 minime
2709 1986 3105 2055 offendendum,
3134 1990 3223 2059 qui
3242 1990 3411 2060 major
3428 2000 3514 2047 est

1931 2074 2178 2130 caneris?
2208 2075 2417 2129 Discute
2446 2091 2585 2130 nunc
2613 2077 2841 2146 majores
2876 2086 3014 2132 tuos.
3058 2078 3219 2133 Primi
3262 2079 3355 2135 tibi
3393 2089 3516 2138 sunt

1930 2173 2081 2235 pater
2121 2174 2175 2219 et
2215 2174 2383 2220 mater
2413 2186 2425 2220 :
2455 2166 2499 2220 si
2539 2176 2683 2221 recte
2726 2167 3044 2235 educautes,
3085 2171 3129 2224 si
3166 2172 3216 2224 in
3241 2170 3514 2229 Christum

1932 2257 2264 2324 nutrientes;
2295 2258 2538 2312 audiendi
2568 2260 2617 2311 in
2645 2260 2918 2328 omnibus,
2949 2262 3416 2332 obtemperandum
3441 2266 3520 2321 eis

1935 2347 1986 2401 in
2031 2349 2175 2402 omni
2217 2348 2490 2417 jussione;
2524 2358 2705 2403 contra
2733 2350 2989 2419 majorem
3032 2352 3159 2406 nihil
3182 2353 3433 2423 jubeant,
3466 2364 3521 2411 et

1934 2439 2198 2494 serviatur
2226 2440 2347 2493 illis.
2382 2440 2509 2507 Quis
2537 2448 2647 2506 est,
2679 2441 2879 2510 inquis,
2907 2443 3077 2511 major
3104 2458 3167 2498 eo
3194 2445 3283 2514 qui
3314 2461 3398 2499 me
3425 2461 3521 2516 ge-

1936 2532 2178 2586 neravit?
2206 2533 2295 2587 Ille
2316 2534 2405 2602 qui
2429 2542 2480 2587 te
2502 2535 2672 2603 ipsum
2695 2536 2912 2589 creavit.
2931 2535 3159 2591 General
3175 2540 3315 2593 enim
3338 2540 3517 2608 homo,

1935 2635 2082 2681 creat
2102 2626 2261 2681 Deus.
2288 2626 2436 2681 Unde
2462 2636 2681 2697 generat
2707 2627 2887 2695 homo,
2916 2630 3085 2685 nescit
3110 2649 3122 2683 :
3154 2632 3277 2701 quid
3302 2648 3524 2703 genera-

1937 2727 2086 2775 turus
2115 2719 2203 2785 sit,
2234 2721 2419 2774 nescit.
2449 2719 2540 2775 llle
2564 2722 2652 2790 qui
2685 2730 2735 2776 te
2762 2721 2892 2777 vidit
2917 2731 2973 2777 ut
2999 2723 3211 2790 faceret,
3239 2735 3521 2797 antequam

1937 2817 2078 2865 esset
2108 2826 2265 2881 quem
2294 2810 2418 2866 fecit
2438 2853 2450 2876 ,
2483 2821 2627 2866 certe
2656 2814 2825 2883 major
2849 2822 2929 2869 est
2956 2823 3104 2884 patre
3132 2825 3238 2871 tuo.
3268 2817 3433 2888 Major
3454 2820 3527 2873 sit

1939 2902 2107 2973 patria
2140 2912 2192 2957 et
2222 2903 2352 2973 ipsis
2385 2904 2691 2974 parentibus
2722 2906 2858 2971 tuis;
2894 2915 2949 2961 ut
2982 2907 3236 2978 quidquid
3271 2909 3527 2979 jusserint

1939 3005 2185 3065 parentes
2212 3004 2393 3051 contra
2424 2997 2680 3068 patriam,
2714 3014 2819 3053 non
2846 2999 3146 3055 audiantur.
3177 3000 3245 3056 Et
3270 3002 3528 3073 quidquid

1935 3089 2154 3159 jusserit
2193 3089 2357 3159 patria
2394 3098 2575 3145 contra
2604 3091 2768 3145 Deum
2790 3132 2804 3157 ,
2850 3106 2956 3146 non
2994 3092 3256 3147 audiatur.
3301 3093 3356 3148 Si
3383 3094 3527 3151 enim

1941 3179 2116 3233 sanari
2153 3180 2265 3245 vis,
2308 3180 2351 3235 si
2391 3190 2511 3250 post
2548 3178 2748 3235 fluxum
2796 3182 3095 3252 sanguinis,
3147 3184 3189 3238 si
3224 3193 3355 3254 post
3391 3186 3529 3243 duo-

1942 3271 2113 3326 decim
2149 3286 2329 3326 annos
2348 3271 2400 3325 in
2422 3272 2514 3327 illo
2535 3272 2720 3327 morbo
2739 3314 2753 3339 ,
2794 3274 2837 3328 si
2866 3283 2987 3343 post
3012 3284 3323 3347 consumpta
3350 3280 3531 3335 omnia

1943 3364 1995 3417 in
2024 3364 2271 3432 medicis,
2298 3374 2351 3420 et
2374 3380 2477 3419 non
2503 3376 2715 3435 recepta
2742 3367 2967 3423 sanitate
2988 3368 3270 3439 aliquando
3299 3371 3377 3427 vis
3402 3372 3531 3428 sana

1944 3457 2088 3523 ﬁeri,
2117 3472 2150 3512 ο
2170 3457 2388 3522 mulier,
2412 3473 2568 3528 quam
2595 3458 2836 3528 alloquor
2858 3460 2910 3513 in
2936 3470 3057 3531 typo
3076 3460 3352 3527 Ecclesim,
3378 3464 3532 3533 jubet

1945 3546 2071 3601 illud
2109 3556 2258 3617 pater
2285 3554 2425 3612 tuus,
2455 3555 2507 3602 et
2532 3547 2657 3601 illud
2680 3548 2831 3616 jubet
2856 3550 3078 3618 pepulus
3111 3559 3248 3607 tuus.
3274 3552 3378 3608 Sed
3404 3554 3533 3610 dicit

1946 3637 2037 3692 tibi
2060 3638 2316 3692 Dominus
2339 3647 2456 3692 tuus
2471 3680 2486 3705 ,
2513 3637 2812 3693 Obliviscere
2831 3640 3073 3709 populum
3098 3651 3238 3695 tuum
3260 3653 3305 3696 et
3325 3643 3533 3698 domum

1946 3729 2102 3798 patris
2127 3730 2218 3783 tui.
2249 3729 2363 3795 Quo
2382 3728 2564 3784 bono?
2592 3744 2697 3800 quo
2720 3728 2932 3785 fructu?
2956 3746 3058 3801 qua
3080 3734 3365 3789 mercede?
3393 3736 3532 3803 Quo-

1945 3823 2081 3876 niam
2101 3822 2396 3891 concupivit,
2429 3822 2616 3893 inquit,
2644 3838 2735 3876 rea:
2761 3822 2988 3877 decorem
3012 3832 3151 3877 tuum
3180 3824 3350 3895 (Psal.
3382 3842 3529 3895 κων,

1946 3916 2033 3982 Η,
2060 3914 2169 3985 12).
2195 3912 2507 3984 Concupivit
2526 3913 2665 3984 quod
2698 3912 2819 3968 fecit
2843 3931 2856 3966 :
2883 3915 3131 3985 quoniam
3168 3924 3224 3970 ut
3254 3916 3531 3986 pulchram

1946 4005 2175 4074 faceret,
2210 4003 2407 4061 foedam
2443 4005 2659 4060 amavit.
2699 4005 2802 4060 Pro
2835 4004 3033 4060 inﬁdeli
3060 4014 3115 4061 et
3138 4006 3279 4063 fceda
3316 4008 3533 4079 sangui-

1946 4113 2069 4154 nem
2099 4098 2260 4164 fudit,
2294 4097 2500 4153 ﬁdelem
2544 4113 2605 4152 ac
2643 4097 2917 4167 pulchram
2955 4097 3217 4163 reddidit,
3259 4100 3396 4156 dona
3434 4116 3532 4159 sua

1948 4192 2000 4246 in
2042 4198 2095 4245 te
2132 4191 2345 4244 amavit.
2386 4188 2522 4257 Quid
2557 4189 2699 4244 enim
2724 4203 2921 4259 sponso
2947 4197 3038 4245 tuo
3067 4192 3374 4247 contulisti?
3394 4192 3535 4260 Quid

1949 4282 1999 4337 in
2037 4281 2213 4336 dotem
2254 4296 2283 4335 a
2321 4281 2499 4350 priore
2538 4288 2686 4350 patre
2720 4289 2772 4335 et
2802 4280 2979 4351 priore
3010 4282 3206 4353 populo
3241 4283 3534 4355 accepisti?

1947 4372 2135 4428 Nonne
2156 4372 2393 4425 luxurias
2413 4378 2467 4426 et
2489 4385 2689 4440 pannos
2711 4374 3083 4441 peccatorum?
3102 4372 3311 4443 Abjecit
3332 4388 3535 4444 pannos

1950 4473 2088 4531 tuos,
2116 4463 2326 4519 discidit
2352 4463 2581 4519 cilicium
2607 4472 2752 4518 tuum
2782 4484 2794 4518 :
2818 4464 3069 4523 misertus
3088 4474 3186 4533 est,
3210 4476 3268 4522 ut
3288 4477 3533 4535 ornaret;

1950 4556 2176 4622 ornavit,
2209 4563 2268 4611 ut
2297 4564 2517 4610 amaret.
3116 4588 3117 4591 η
3453 4592 3461 4602 .

2020 4646 2245 4702 CAPUT
2275 4646 2362 4701 Vl.
2385 4676 2456 4686 —
2476 4646 2528 4703 9.
2555 4646 2865 4701 Scandalum
2890 4648 3037 4719 fratri
3057 4658 3358 4719 ,peecatum
3387 4658 3459 4705 est
3482 4651 3537 4704 in

1951 4738 2225 4795 Christum.
2270 4739 2407 4804 Quid
2456 4739 2640 4809 plura,
2689 4739 2915 4795 fratres?
2964 4740 3250 4795 Christiani
3292 4742 3530 4807 audistis,

1953 4833 2073 4903 quia
2118 4841 2377 4902 peccantes
2414 4832 2467 4886 in
2508 4835 2720 4903 fratres,
2758 4841 2805 4886 et
2832 4834 3158 4903 percutientes
3187 4835 3538 4888 conscientiam

1954 4942 2125 4981 comm
2152 4926 2406 4994 inﬁrmam
2427 4967 2443 4993 ,
2474 4927 2527 4980 in
2570 4925 2824 4983 Christum
2876 4929 3111 4999 peccatis.
3138 4928 3310 4984 Nolite
3346 4926 3535 4985 cente-

1955 5032 2156 5083 mnere,
2177 5018 2220 5071 si
2248 5032 2351 5071 non
2378 5018 2535 5072 vultis
2566 5018 2733 5072 deleri
2756 5018 2822 5073 de
2845 5018 2980 5073 libro
2996 5018 3138 5072 vitae.
3157 5017 3420 5085 Quamdiu
3447 5034 3540 5074 co-

1955 5124 2142 5163 namur
2174 5108 2467 5163 luculenter
2493 5115 2548 5163 et
2570 5107 2954 5164 delectabiliter
2978 5108 3131 5163 vobis
3155 5108 3334 5165 dicere
3353 5150 3367 5177 ,
3395 5111 3535 5181 quod

1954 5201 2108 5258 dolor
2133 5208 2313 5256 noster
2340 5201 2481 5271 cogit
2504 5201 3001 5272 quomodocumque
3028 5200 3207 5258 dicere
3226 5244 3242 5271 ,
3274 5211 3327 5258 et
3359 5212 3538 5260 tacere

1954 5307 2061 5347 non
2090 5291 2379 5362 permittit?
2404 5291 2733 5364 Quicumque
2758 5293 3020 5348 voluerint
3045 5293 3144 5348 ista
3172 5292 3534 5365 cantemnere,

1955 5385 2007 5437 in
2033 5382 2300 5438 Christum
2329 5393 2570 5453 peccant,
2594 5384 2807 5439 videant
2831 5383 2957 5454 quid
2982 5392 3156 5453 agant.
3186 5382 3425 5454 l’aganos
3454 5401 3538 5442 re-

1954 5474 2124 5544 liquos
2163 5474 2339 5545 colligi
2378 5475 2651 5541 volumus,
2693 5474 2895 5544 lapides
2938 5475 3065 5529 estis
3106 5474 3157 5529 in
3198 5476 3317 5543 via;
3356 5479 3538 5533 venire

1952 5563 2193 5618 volentes
2221 5564 2492 5619 oll‘endunt
2512 5606 2526 5631 ,
2559 5575 2611 5620 et
2638 5564 2879 5619 redeunt.
2911 5564 3101 5620 Dicunt
3120 5570 3258 5622 enim
3287 5567 3337 5621 in
3359 5566 3536 5622 cordi-

1952 5655 2054 5711 bus
2073 5658 2181 5712 suis
2207 5676 2220 5711 :
2243 5657 2419 5725 Quare
2440 5675 2537 5713 nos
2560 5660 2918 5731 relinquamus
2934 5662 3086 5730 deus,
3106 5678 3239 5733 quos
3254 5660 3537 5717 Christiani

1959 5747 2063 5825 ipsi
2084 5749 2363 5811 nobiscum
2382 5752 2601 5811 colunt?
2627 5754 2795 5828 Absit,
2824 5770 2854 5813 a
2876 5771 2981 5828 me,
3005 5755 3190 5829 inquit,
3214 5762 3272 5812 ut
3288 5768 3390 5829 ego
3406 5752 3537 5815 deos
