3980 6440
573 345 680 404 M9

577 458 826 516 Gentium
854 457 1047 516 uolam.
1072 455 1235 526 Novi,
1265 456 1534 528 intelligo,
1563 455 1747 514 credo.
1772 455 1909 523 Quid
1937 455 2068 514 facis
2090 457 2159 513 de

576 551 901 609 conscientia
928 549 1144 617 inﬁrmi,
1169 565 1326 622 quam
1353 549 1616 621 percutis?
1643 549 1782 620 Quid
1806 549 1938 604 facis
1954 549 2021 605 de
2041 565 2162 620 pre-

577 641 683 708 tio,
711 641 756 697 si
779 640 1073 698 contemnis
1098 639 1240 712 quod
1268 649 1504 718 emptum
1533 641 1652 696 est?
1683 640 1814 696 Vide
1838 639 2019 711 quanti
2045 655 2159 696 em-

575 742 722 807 ptum
743 740 841 787 est.
863 731 1073 798 Peribit,
1097 733 1284 803 inquit,
1307 733 1537 804 inﬁrmus
1556 733 1609 787 in
1629 743 1717 788 tua
1734 734 1941 788 scientia
1962 749 1979 787 :
1998 747 2157 804 quam

575 833 630 881 te
653 825 788 882 dicis
810 823 1030 892 habere,
1057 835 1115 880 ut
1138 825 1277 881 scias
1305 826 1424 896 quia
1452 825 1583 880 nihil
1608 835 1691 881 est
1716 824 1937 890 idolum,
1970 834 2026 880 et
2047 825 2160 880 ani-

572 931 666 972 mo
691 917 892 987 cogites
916 916 1080 971 Deum
1101 955 1115 981 ,
1145 925 1200 972 et
1233 917 1312 972 sic
1346 915 1626 972 recumbas
1665 918 1718 972 in
1754 915 1934 970 idolio.
1973 915 2028 970 ln
2058 915 2159 972 hac

572 1008 794 1063 scientia
837 1009 978 1078 perit
1017 1007 1272 1064 inﬁrmus.
1320 1007 1389 1063 Et
1421 1023 1488 1062 ne
1522 1016 1832 1062 contemnas
1867 1006 2154 1071 inﬁrmum,

572 1097 776 1153 addidit
794 1140 809 1164 ,
841 1108 1044 1170 prepter
1071 1115 1218 1167 quem
1249 1098 1474 1153 Christus
1505 1107 1728 1152 mortuus
1757 1106 1847 1152 est.
1878 1097 2044 1163 Quem
2077 1097 2158 1152 vis

573 1198 946 1254 contemnere,
977 1190 1204 1260 pretium
1248 1189 1413 1259 ipsius
1453 1187 1699 1254 attende,
1735 1199 1789 1242 et
1824 1203 1952 1242 cum.
1987 1196 2157 1242 morte

572 1280 770 1337 Christi
796 1291 961 1336 totum
993 1281 1248 1338 mundum
1274 1281 1537 1352 appende.
1569 1282 1638 1336 Et
1658 1295 1723 1334 nc
1747 1278 1918 1335 adhuc
1945 1289 2156 1351 putares

573 1378 628 1428 te
657 1372 710 1427 in
747 1371 1015 1428 inﬁrmum
1041 1388 1260 1451 peccare
1281 1412 1297 1438 ,
1326 1382 1380 1426 et
1407 1372 1522 1426 leve
1550 1370 1773 1426 duceres
1798 1380 2068 1440 peccatum
2094 1387 2156 1427 ac

572 1464 723 1534 parvi
751 1462 1039 1533 penderes,
1069 1462 1137 1517 in
1166 1463 1418 1518 Christum
1437 1503 1450 1530 ,
1478 1460 1674 1532 inquit,
1704 1462 1938 1532 peccatis.
1974 1461 2158 1517 Solent

572 1557 718 1614 enim
755 1557 1000 1614 homines
1039 1557 1216 1613 dicere
1245 1575 1256 1610 :
1287 1556 1342 1612 In
1375 1557 1640 1612 hominem
1672 1571 1861 1625 pecco,
1901 1555 2155 1626 numquid

573 1647 630 1706 in
652 1648 852 1703 Deum?
877 1648 1020 1719 Nega
1043 1650 1058 1679 ί
1086 1647 1352 1703 Christum
1376 1648 1562 1702 Deum.
1589 1647 1767 1702 Audes
1787 1661 1980 1718 negare
2005 1645 2154 1702 Chri-

571 1747 714 1796 stum
738 1741 934 1796 Deum?
958 1740 1039 1794 An
1061 1738 1220 1804 aliud,
1246 1739 1300 1793 in
1319 1739 1479 1793 idolio
1498 1753 1618 1796 cum
1639 1739 1998 1805 recamberes,
2019 1737 2156 1793 didi-

571 1830 734 1886 cisti?
760 1829 878 1885 Non
905 1830 1136 1884 admittit
1163 1829 1317 1884 istam
1348 1829 1640 1884 doctrinam
1668 1828 1866 1883 Christi
1893 1828 2150 1884 doctrina.

569 1920 763 1990 Quaero
785 1924 805 1954 ³
836 1922 924 1978 ubi
951 1921 1202 1977 didiceris
1230 1936 1336 1976 non
1377 1936 1495 1976 esse
1530 1919 1800 1976 Christum
1834 1921 2019 1976 Deum.
2048 1920 2151 1976 Pa-

568 2013 694 2086 gani
714 2014 815 2070 hoc
835 2015 1010 2070 solent
1033 2014 1233 2071 dicere.
1261 2013 1422 2068 Vides
1449 2013 1572 2083 quid
1599 2014 1797 2068 faciunt
1819 2027 2016 2069 mensa
2035 2028 2150 2068 ma-

571 2105 674 2164 lae?
697 2106 854 2162 Vides
874 2107 1123 2176 quoniam
1143 2114 1490 2175 corrumpunt
1512 2119 1687 2160 mores
1706 2104 1874 2160 bonos
1891 2104 2151 2174 colloquia

569 2199 711 2258 maia
743 2200 793 2270 (Ι
817 2198 937 2258 Cor.
967 2214 1063 2266 xv,
1097 2199 1225 2268 55)?
1254 2198 1331 2253 Tu
1360 2199 1431 2254 ibi
1459 2197 1527 2253 de
1557 2197 1842 2268 Evangelio
1871 2196 2012 2266 loqui
2045 2211 2151 2252 non

532 2332 542 2341 .
569 2298 758 2361 potes,
789 2300 843 2345 et
870 2289 939 2346 de
965 2289 1120 2345 idolis
1149 2289 1425 2359 loquentes
1451 2288 1620 2342 audis.
1665 2288 1879 2342 Amittis
1914 2287 1984 2343 ibi
2009 2287 2149 2358 quod

567 2380 816 2438 Christus
845 2383 986 2438 Deus
1013 2391 1096 2437 est
1125 2398 1139 2435 :
1164 2389 1219 2436 et
1244 2381 1386 2451 quod
1420 2380 1493 2436 ibi
1518 2380 1653 2434 bibis
1672 2421 1686 2446 ,
1717 2381 1766 2434 in
1793 2381 2032 2436 Ecclesia
2054 2396 2147 2435 vo-

568 2472 693 2529 mis.
722 2473 881 2528 Forte
914 2472 1001 2528 hic
1037 2471 1203 2528 audes
1242 2473 1415 2542 loqui,
1449 2471 1582 2526 forte
1613 2472 1750 2526 inter
1776 2472 1956 2527 turbas
1984 2472 2148 2526 audes

566 2579 904 2621 murmurare
927 2581 939 2617 :
961 2562 1224 2632 Numquid
1243 2562 1485 2618 Christus
1506 2576 1610 2616 non
1633 2561 1793 2616 homo
1813 2561 1948 2617 fuit?
1973 2577 2148 2618 nonne

563 2655 852 2714 cruciﬁxus
880 2656 1001 2710 est?
1030 2656 1076 2710 A
1101 2655 1324 2724 Paganis
1354 2654 1453 2708 hoc
1481 2654 1742 2720 didicisti,
1775 2655 1995 2710 salutem
2023 2669 2146 2724 per-

563 2747 779 2818 didisti,
811 2748 1074 2803 ﬁmbriam
1105 2762 1209 2803 non
1240 2746 1476 2817 tetigisti.
1509 2746 1685 2816 Tange
1719 2755 1774 2801 et
1809 2747 1861 2801 in
1890 2746 1996 2802 hoc
2031 2745 2146 2801 ﬁm-

563 2840 758 2910 briam,
786 2841 967 2910 recipe
985 2841 1228 2896 salutem.
1259 2840 1407 2896 Sicut
1426 2855 1542 2894 eam
1566 2848 1618 2894 te
1640 2847 1854 2908 tangere
1871 2837 2146 2892 docuimus

562 2931 620 2991 in
647 2949 712 2989 eo
738 2933 879 3004 quod
906 2933 1158 3004 scriptum
1187 2940 1299 2996 est,
1334 2930 1435 2996 Qui
1472 2930 1648 2986 uiderit
1677 2932 1882 3000 fratrem
1911 2931 1962 2982 in
1990 2929 2146 2983 idolio

563 3023 929 3080 recumbente»:
955 3039 973 3078 :
1001 3034 1158 3096 tange
1187 3023 1329 3080 illam
1360 3032 1416 3079 et
1442 3022 1507 3077 de
1535 3022 1807 3077 divinitate
1831 3021 2046 3078 Christi.
2069 3023 2146 3080 De

561 3116 760 3174 Iudaeis
788 3116 998 3173 dicebat
1020 3116 1204 3172 eadem
1232 3115 1468 3183 ﬁmbria,
1513 3113 1739 3180 Quorum
1779 3125 1946 3186 patres
1965 3157 1982 3182 ,
2010 3123 2058 3169 et
2084 3132 2148 3171 ex

559 3210 741 3283 quibus
765 3209 996 3264 Christus
1021 3208 1294 3264 secundum
1332 3224 1530 3262 carnem
1546 3247 1561 3275 ,
1594 3223 1679 3276 qut
1705 3216 1776 3260 est
1803 3224 1952 3278 super
1976 3209 2146 3262 omnia

559 3300 700 3359 Deus
723 3302 1007 3357 benedictus
1033 3302 1086 3355 in
1110 3300 1296 3356 sarcula
1323 3299 1496 3370 (Rom.
1524 3315 1596 3362 rx,
1626 3297 1700 3370 5).
1731 3297 1868 3353 Ecce
1903 3299 1955 3352 in
1985 3314 2142 3368 quem

560 3408 749 3451 verum
773 3394 936 3450 Deum
958 3407 1166 3463 peccas,
1193 3391 1320 3445 dum
1343 3389 1633 3446 discumbis
1654 3389 1792 3458 apud
1813 3389 1942 3444 deos
1963 3389 2139 3447 falsos.

638 3485 725 3541 10.
758 3485 942 3556 Inepta
985 3484 1239 3538 excusatio
1285 3482 1670 3536 recumbentium
1713 3482 1765 3534 in
1807 3479 1982 3536 idolio.
2026 3482 2142 3538 Non

558 3585 674 3645 at,
701 3577 898 3647 inquit,
938 3577 1112 3641 Deus;
1151 3573 1273 3644 quia
1307 3573 1533 3643 genium‘
1560 3579 1644 3626 est
1681 3570 2016 3641 Carthaginis
2041 3572 2138 3644 (a).

561 3669 724 3738 Quasi
765 3669 810 3724 si
844 3667 984 3723 Mars
1022 3675 1117 3723 aut
1152 3664 1441 3722 Mercurius
1465 3671 1632 3730 esset,
1667 3663 1804 3720 Deus
1833 3674 1994 3721 esset.
2037 3665 2140 3722 Sed

494 3759 828 3833 ..,quomodo
868 3759 936 3814 ab
977 3759 1106 3830 ipsis
1149 3758 1438 3823 habeatur,
1474 3755 1722 3822 attende;
1763 3772 1870 3813 non
1899 3758 2024 3828 quid
2049 3759 2136 3814 sit.

557 3851 693 3910 Nam
716 3860 770 3907 et
793 3865 892 3922 ego
918 3859 1090 3906 tecum
1114 3848 1227 3905 scio
1249 3848 1372 3917 quia
1398 3847 1529 3916 lapis
1553 3856 1654 3902 est.
1677 3845 1731 3903 Si
1753 3849 1967 3918 genium
1985 3864 2142 3905 orna-

557 3953 796 4000 mentum
831 3951 912 3996 est
948 3939 1193 4010 aliquod;
1225 3939 1370 3994 cives
1399 3937 1728 4007 Carthaginis
1765 3939 1904 3994 bene
1939 3940 2134 4005 vivant,

557 4043 616 4092 et
643 4034 744 4104 ipsi
776 4040 934 4088 erunt
970 4031 1181 4101 genium
1224 4027 1574 4099 Carthaginis.
1619 4029 1676 4084 Si
1719 4039 1896 4086 autem
1924 4032 2139 4101 genium

557 4126 881 4184 daemonium
910 4133 1026 4188 est,
1057 4122 1250 4177 audisti
1280 4131 1334 4176 et
1359 4121 1427 4176 ibi
1457 4139 1468 4174 :
1499 4121 1624 4186 Qua!
1649 4122 1909 4177 immolant
1936 4122 2132 4190 Gentes,

556 4215 868 4276 damonibus
894 4212 1174 4278 immolant,
1205 4223 1250 4267 et
1281 4228 1379 4266 non
1408 4211 1513 4265 Deo
1540 4251 1554 4266 .
1586 4211 1702 4265 nolo
1729 4227 1813 4266 uos
1838 4214 1998 4268 socios
2022 4215 2138 4283 ﬁeri

557 4309 922 4368 damoniorum
967 4305 1016 4379 (I
1047 4305 1164 4360 Cor.
1193 4321 1262 4371 ιι,
1292 4303 1408 4373 20).
1450 4303 1703 4358 Novimus
1745 4305 1867 4374 quia
1908 4321 2014 4360 non
2057 4316 2139 4363 est

558 4401 736 4465 Deus;
766 4401 965 4454 utinam
996 4407 1050 4453 et
1077 4397 1177 4467 ipsi
1205 4397 1282 4452 sic
1316 4396 1492 4451 norint
1521 4414 1532 4449 :
1562 4396 1655 4452 sed
1685 4407 1901 4467 propter
1929 4414 2022 4454 eos
2047 4401 2136 4470 qui

555 4494 661 4552 hoc
688 4508 792 4548 non
817 4500 1013 4548 norunt
1038 4491 1297 4555 inﬁrmos,
1327 4504 1430 4544 non
1457 4489 1614 4544 debet
1640 4491 1840 4559 percuti
1862 4493 2136 4548 conscien-

556 4591 629 4646 tia
659 4590 914 4659 ipsorum.
951 4586 1066 4641 Hoc
1105 4594 1285 4640 monet
1314 4584 1618 4654 Apostolus.
1651 4583 1780 4639 Nam
1811 4595 1864 4638 et
1892 4585 1967 4640 illi
1995 4586 2136 4656 quod

556 4696 758 4742 numen
777 4678 1078 4735 habeantet
1098 4692 1194 4746 pro
1213 4676 1427 4732 num-ine
1446 4677 1703 4746 accipiant
1724 4677 1867 4731 illam
1889 4687 2131 4748 statuam,

553 4787 649 4829 ara
679 4778 924 4828 testatur.
951 4767 1087 4834 Quid
1113 4767 1224 4822 illic
1249 4766 1371 4822 facit
1396 4783 1486 4821 ara
1505 4807 1520 4832 ,
1548 4766 1590 4822 si
1620 4766 1749 4821 illud
1778 4783 1882 4821 non
1912 4766 2135 4824 habetur

553 4881 654 4936 pro
681 4862 938 4920 numine?
964 4861 1130 4916 Nemo
1159 4859 1287 4914 mihi
1316 4858 1484 4919 dicat,
1513 4859 1624 4912 Non
1661 4867 1745 4913 est
1775 4875 1998 4926 numen,
2029 4875 2135 4914 non

552 4966 640 5012 est
665 4955 821 5010 Deus.
850 4952 969 5010 iam
994 4950 1139 5017 dixi,
1169 4949 1380 5006 Utinam
1409 4950 1484 5004 sic
1509 4949 1606 5018 ipsi
1634 4948 1811 5004 norint
1837 4949 1935 5005 hoc
1956 4991 1970 5018 ,
2003 4967 2134 5021 quo-

554 5047 714 5107 modo
742 5040 991 5102 novimus
1014 5058 1199 5102 omnes
1225 5057 1343 5098 nos.
1371 5042 1474 5098 Sed
1497 5043 1618 5113 quid
1644 5043 1890 5110 habeant,
1915 5060 2012 5115 pro
2031 5059 2133 5115 qua

554 5155 616 5196 re
639 5139 901 5204 habeant,
932 5135 1060 5209 quid
1086 5136 1156 5194 ibi
1182 5135 1375 5192 faciant
1399 5133 1440 5202 ³,
1478 5149 1567 5189 ara
1603 5135 1688 5188 illa
1722 5141 1961 5191 testatur.
1994 5135 2133 5192 Con~

554 5231 681 5287 vicit
705 5231 944 5288 omnium
973 5229 1262 5286 colentium
1299 5235 1506 5282 mentes
1525 5225 1568 5294 ‘,
1597 5241 1703 5281 non
1737 5227 2015 5283 convincat
2041 5242 2130 5284 re-

552 5322 883 5379 eumbentes.

605 5414 637 5486 f
663 5420 840 5498 Amzet
859 5419 956 5498 Er?
978 5421 1162 5498 pestas.
1207 5417 1339 5475 ων..
1371 5414 1534 5475 Negat.
1559 5408 1654 5460 sed
1687 5410 1846 5472 aptius
1881 5408 2045 5461 Florus
2081 5418 2134 5462 et

555 5473 1366 5606 ‘l'il‘gii‘a'ifsgnem,
1388 5541 1444 5585 Αι
1459 5535 1626 5606 plures
1649 5541 1751 5584 MSS.
1771 5541 1956 5595 ραωνο.

619 5599 640 5662 ἓ
661 5598 830 5662 Plures
850 5597 976 5662 lusa,
999 5597 1317 5662 faeitnmaet
1339 5604 1432 5662 Er”
1459 5597 1622 5662 Tacita.

617 5661 637 5693 ⁸
657 5655 1082 5720 Οοιιιριίἱιιιιεᾟδη
1113 5657 1364 5710 Convincat
1390 5655 1632 5710 hoininum
1656 5655 1908 5709 colentium
1934 5663 2128 5710 mentes.

550 5721 734 5783 Morus,
756 5720 995 5772 convenit
1015 5720 1257 5771 hominum
1287 5721 1536 5774 colentium
1559 5725 1752 5770 mentes.

558 5852 560 5855 .
615 5789 691 5852 (κ)
723 5781 838 5842 ωηο
857 5784 994 5836 ίνλιιδ
1015 5784 1262 5844 iNellittas
1287 5798 1569 5844 Wtuouutlt
1589 5784 1716 5844 hunc
2048 5783 2130 5844 ιω.

1104 5925 1212 5948 -.ου’
1234 5924 1328 5950 "ﬂ."

1795 341 1852 400 S.
1893 338 2258 406 AUGUSTINI
2297 343 2598 404 EPlSCOPI

3735 363 3844 424 420

2336 458 2562 518 CAPUT
2586 458 2692 516 Vll.
2708 488 2779 502 --
2793 460 2881 520 il.
2896 461 3093 536 Corp.
3107 462 3293 526 Christi
3311 483 3536 540 premere
3553 477 3602 532 et
3615 479 3843 546 tangere.

2261 549 2368 611 Sed
2410 567 2516 608 non
2558 563 2798 624 premant
2821 553 3104 613 Christiani
3126 599 3143 628 ,
3191 560 3240 616 si
3280 570 3534 632 premunt
3571 565 3768 638 Pagaui
3797 572 3836 628 ¹.

2262 641 2471 713 Corpus
2496 643 2692 700 Christi
2723 656 2822 702 est.
2850 647 3034 704 Nonne
3059 648 3162 706 hoc
3187 650 3493 714 dicebamus
3509 695 3527 725 ,
3574 659 3698 732 quia
3722 676 3845 718 cor-

2263 748 2362 806 pus
2383 734 2582 792 Christi
2609 739 2970 809 premebatur,
2995 751 3050 797 et
3075 757 3184 800 non
3211 745 3233 776 ⁸
3261 747 3641 817 ιδιιαθιιειωτΛ
3681 754 3811 810 Tole

2261 827 2415 882 rabat
2442 827 2529 884 ille
2559 843 2892 900 prementes,
2920 836 3190 903 quaerebat
3219 845 3512 910 tangentes.
3542 844 3722 916 Atque
3743 849 3845 903 uti-

2263 933 2386 974 nam
2407 960 2423 986 ,
2456 919 2649 978 fratres
2665 963 2683 990 ,.
2723 938 2753 980 a
2780 923 3002 995 Paganis
3042 937 3311 997 premautr
3335 945 3528 1000 corpus
3553 934 3781 1003 Christi,
3812 955 3845 996 a

2262 1011 2460 1104 quibus
2481 1015 2650 1104 premi
2692 1016 2864 1083 solet;
2908 1015 3192 1076 Christiani
3230 1035 3338 1077 non
3367 1034 3614 1093 prostant
3649 1043 3846 1104 corpus

2261 1099 2485 1156 Christi.
2519 1103 2752 1171 Fratres,
2781 1105 2847 1161 ad
2875 1121 2973 1160 nos
3002 1109 3230 1177 pertinet
3253 1110 3407 1168 vobis
3429 1113 3630 1184 dicere,
3652 1117 3726 1176 nd

2263 1194 2493 1263 pertinet
2515 1195 2829 1254 Christianis
2857 1200 3020 1269 loqui.
3053 1201 3188 1267 Quid
3221 1203 3355 1260 enim
3395 1205 3520 1262 γηἱὲ
3549 1207 3613 1268 de
3639 1210 3722 1266 Itis
3759 1213 3845 1282 qui

2261 1286 2387 1356 foris
2409 1297 2524 1340 sunt
2540 1290 2819 1357 judicare?
2861 1291 2977 1361 ipse
2998 1293 3285 1362 Apostolus
3309 1296 3384 1352 ait
3419 1297 3464 1370 (ι
3484 1299 3606 1354 Cor.
3631 1317 3665 1358 ν
3682 1338 3700 1368 .
3732 1303 3842 1376 ιε).

2263 1376 2388 1433 Illos
2415 1379 2572 1434 aliter
2606 1381 2943 1452 alloquimur,
2977 1395 3225 1455 tanquam
3251 1386 3512 1446 inﬁrmos.
3554 1391 3843 1450 Blandien-

2260 1467 2390 1524 dum
2418 1479 2502 1525 est
2526 1470 2650 1537 illis,
2684 1481 2742 1528 ut
2765 1473 2981 1530 audiant
3009 1477 3282 1533 veritatem
3315 1496 3330 1532 :
3357 1478 3414 1536 in
3434 1481 3585 1539 Vibio
3611 1486 3843 1544 secanda

2260 1560 2488 1632 putredo
2514 1570 2617 1617 est.
2647 1562 2703 1618 Si
2728 1565 2965 1634 qumritis
2989 1566 3130 1622 unde
3155 1568 3431 1624 vincantur
3457 1570 3677 1642 Pagani,
3701 1577 3843 1632 unde

2259 1651 2625 1710 illuminentur
2647 1693 2663 1719 ,
2720 1655 2860 1710 unde
2907 1655 2972 1710 ad
3016 1658 3242 1714 salutem
3284 1669 3537 1717 vocentur
3568 1681 3582 1717 :
3609 1665 3844 1724 doserite

2257 1744 2621 1801 solemnitates
2645 1761 2864 1814 eorum.
2905 1749 3140 1807 deserite
3177 1764 3344 1821 nugas
3389 1753 3664 1824 ipsorum;
3712 1769 3771 1814 et
3799 1763 3844 1815 si

2257 1850 2363 1892 non
2393 1839 2731 1896 consentiunt
2767 1840 2976 1897 veritati
3003 1852 3199 1900 nostra
3217 1883 3234 1912 ,
3268 1848 3586 1906 erubescant
3607 1850 3628 1882 ³
3658 1855 3844 1922 pauci-

2259 1929 2350 1985 tati
2388 1946 2518 1988 suae.

2329 2021 2414 2077 12.
2459 2021 2716 2078 Prwlatus
2748 2039 2836 2078 seu
2861 2023 3020 2080 bonus
3042 2041 3130 2080 seu
3157 2027 3324 2084 metus
3347 2069 3362 2094 ,
3409 2031 3508 2102 piis
3533 2048 3714 2088 nocere
3741 2052 3842 2091 non

2253 2114 2402 2169 ualet.
2455 2113 2632 2170 Bonus
2668 2115 2713 2170 si
2741 2114 2900 2171 fuerit
2925 2116 3012 2187 qui
3045 2117 3136 2173 tibi
3163 2128 3390 2188 prmest,
3439 2124 3670 2179 nutritor
3715 2134 3840 2183 tuus

2255 2212 2338 2259 est
2367 2222 2382 2258 :
2414 2205 2588 2260 malus
2615 2205 2662 2260 si
2692 2205 2872 2274 fuerit,
2901 2215 3132 2264 testator
3157 2219 3277 2267 tuus
3296 2219 3397 2267 est.
3428 2212 3495 2267 Et
3514 2216 3840 2274 nutrimenta

2256 2293 2485 2350 libenter
2511 2296 2715 2366 accipe,
2747 2305 2803 2352 et
2827 2297 2883 2352 in
2911 2300 3202 2356 testatione
3238 2303 3550 2372 approbare.
3578 2305 3718 2362 Esto
3743 2321 3840 2364 au-

2253 2400 2393 2444 rum.
2453 2388 2683 2442 Attende
2729 2388 2984 2444 mundum
3035 2391 3196 2447 istum
3259 2402 3506 2464 tanquam
3564 2395 3840 2455 tornum

2252 2477 2485 2532 auriﬁcis
2515 2494 2527 2530 :
2556 2479 2609 2533 in
2635 2493 2746 2534 uno
2779 2491 3007 2551 angusto
3030 2481 3146 2538 loco
3172 2483 3272 2540 tria
3297 2494 3420 2541 sunt
3441 2527 3456 2552 ,
3483 2502 3674 2543 aurum
3697 2531 3716 2556 ,
3749 2507 3842 2560 pa-

2252 2566 2334 2624 lea
2359 2607 2373 2633 ,
2398 2569 2553 2639 ignis.
2596 2569 2679 2624 Ad
2709 2570 2796 2626 illa
2824 2571 2932 2628 duo
2951 2573 3084 2642 ignis
3107 2577 3422 2645 apponitur,
3457 2579 3609 2648 pelea
3635 2583 3832 2650 tis-itur,

2251 2671 2439 2713 aurum
2469 2670 2738 2729 purgatur.
2770 2661 2942 2718 Cessit
2960 2664 3138 2720 nescio
3161 2665 3283 2735 quis
3296 2667 3474 2733 minis,
3497 2677 3552 2726 et
3574 2670 3840 2729 adductus

2252 2757 2336 2806 est
2357 2750 2422 2804 ad
2451 2750 2667 2806 idolium
2697 2769 2710 2806 :
2739 2768 2818 2808 va:
2845 2752 3014 2821 mihi,
3049 2756 3171 2824 quia
3195 2757 3404 2825 paleam
3441 2759 3658 2832 plango,
3688 2765 3838 2820 ciue-

2250 2854 2366 2895 rem
2393 2841 2568 2896 video.
2600 2843 2750 2898 Alius
2785 2859 2892 2898 non
2918 2846 3081 2902 cessit
3107 2848 3268 2903 ruinis
3290 2887 3306 2916 ,
3335 2865 3442 2906 non
3469 2853 3634 2910 cessit
3659 2861 3838 2912 turo-

2249 2930 2400 2989 ribus
2427 2930 2448 2962 ⁸
2475 2948 2491 2997 ;
2536 2933 2791 2990 adductus
2818 2935 2883 2991 ad
2910 2935 3142 3004 judicem
3161 2978 3177 3004 ,
3225 2940 3374 2996 stetit
3407 2940 3465 2996 in
3494 2943 3840 3004 confessione

2248 3038 2366 3091 sua,
2397 3039 2503 3080 non
2527 3033 2610 3081 est
2636 3026 2804 3083 ﬁcxus
2828 3027 2896 3087 ad
2926 3027 3142 3086 idolium
3164 3030 3187 3064 ⁸
3220 3049 3233 3086 :
3264 3032 3392 3102 quid
3414 3032 3540 3090 facit
3575 3035 3840 3094 heims?

2246 3114 2438 3173 Nonne
2463 3133 2648 3174 aurum
2677 3120 2905 3189 purgat?
2930 3121 3078 3178 State
3106 3123 3161 3179 in
3192 3124 3437 3195 Domino,
3471 3125 3668 3185 fratres
3697 3149 3716 3186 :
3741 3148 3840 3203 po-

2248 3210 2446 3266 tentior
2467 3219 2550 3265 est
2567 3211 2656 3281 qui
2686 3213 2892 3268 vocavit
2918 3227 3033 3268 vos.
3063 3214 3232 3272 Minas
3246 3216 3529 3288 impiorum
3549 3235 3619 3277 ne
3644 3221 3840 3280 timue-

2248 3300 2384 3356 ritis.
2439 3301 2688 3357 inimicos
2715 3304 2991 3372 patimini;
3040 3305 3246 3364 habetis
3273 3324 3370 3380 pro
3394 3311 3587 3382 quibus
3624 3315 3835 3384 om;

2247 3405 2464 3462 prorsus
2503 3409 2608 3450 non
2644 3411 2739 3451 vos
2780 3404 3034 3453 terreant.
3080 3399 3207 3457 Hae
3229 3412 3310 3458 est
3337 3405 3574 3472 sanitas,
3622 3406 3838 3467 haurite

2246 3483 2372 3541 hinc
2395 3486 2446 3541 in
2469 3486 2571 3543 isto
2593 3489 2838 3545 convivio
2871 3509 2884 3545 :
2915 3490 3002 3545 hic
3025 3491 3216 3560 bibite,
3240 3493 3380 3552 unde
3400 3497 3698 3566 satiemini,
3731 3516 3840 3558 non

2245 3577 2374 3643 illic,
2401 3578 2542 3635 unde
2561 3579 2856 3638 insaniatis.
2878 3581 3026 3638 State
3053 3585 3107 3640 in
3129 3585 3372 3642 Doutino.
3400 3589 3654 3660 Argentsi
3680 3594 3837 3663 estis,

2245 3685 2434 3727 aurum
2458 3673 2627 3728 eritis.
2678 3673 2782 3728 ista
2822 3675 3114 3732 similitudo
3141 3691 3248 3732 non
3275 3683 3306 3732 ι
3337 3680 3493 3736 nobis
3515 3690 3618 3749 est,
3653 3683 3730 3740 de
3757 3685 3841 3740 di-

2246 3765 2372 3820 vina
2396 3764 2670 3836 Scriptura
2692 3772 2810 3836 ,‘est.
2857 3767 3086 3839 Legistls
3109 3811 3125 3836 ,
3173 3771 3396 3828 audistis
3426 3789 3441 3828 :
3474 3773 3621 3829 Sicut
3648 3791 3839 3834 atrurn

2242 3856 2298 3912 in
2325 3862 2531 3928 fornace
2572 3858 2798 3929 probavit
2838 3860 2990 3927 illos;
3039 3871 3086 3916 et
3129 3863 3258 3917 sicut
3297 3863 3577 3920 hdowusti
3613 3867 3838 3924 hostium

2243 3951 2435 4021 accepit
2453 3950 2568 4005 illos
2606 3950 2765 4022 (Sep.
2797 3967 2874 4018 ιιι,
2903 3953 2980 4023 6).
3008 3953 3146 4009 Ecce
3170 3955 3299 4026 quid
3327 3956 3479 4011 eritis
3506 3958 3572 4012 ad
3605 3959 3838 4017 “sessu-

2243 4057 2334 4100 ros
2368 4044 2480 4100 Dei.
2521 4045 2706 4100 Estote
2731 4045 2920 4101 divites
2947 4047 3016 4102 de
3044 4047 3154 4102 Deo
3182 4067 3196 4103 :
3228 4063 3336 4104 non
3362 4065 3484 4106 eum
3523 4049 3723 4110 ﬂeturi
3753 4055 3836 4111 di-

2241 4135 2402 4191 vitem
2425 4177 2440 4203 ,
2470 4137 2564 4192 sed
2593 4137 2661 4192 de
2687 4138 2780 4192 illo
2808 4137 2968 4193 futuri
2999 4138 3189 4196 divites
3215 4141 3254 4194 ε.
3287 4139 3508 4212 impleat
3531 4158 3654 4210 vos,
3691 4145 3838 4202 aliud

2243 4243 2349 4284 non
2372 4228 2662 4285 admittatis
2686 4230 2752 4285 ad
2778 4245 2871 4286 cor
2897 4241 3153 4286 vestrum.

2311 4321 2536 4378 CAPUT
2576 4321 2710 4377 Vlll.
2743 4352 2814 4363 —-
2853 4325 2938 4380 15.
2976 4322 3306 4379 Obseruantia
3349 4334 3654 4396 potestatum
3685 4345 3833 4384 oret-

2240 4425 2381 4468 nata.
2465 4414 2730 4486 Numquid
2783 4417 2836 4471 in
2880 4418 3180 4487 superbiam
3243 4431 3340 4474 vos
3388 4420 3682 4491 erigimus,
3735 4433 3837 4479 aut

2240 4505 2467 4561 dicimus
2505 4507 2655 4562 vobis
2696 4517 2753 4561 ut
2785 4507 3041 4564 adversus
3075 4518 3367 4578 potestates
3393 4511 3669 4568 ordinatas
3697 4528 3835 4570 con-

2239 4605 2528 4668 temptores
2553 4599 2709 4654 sitis?
2734 4599 2849 4653 Non
2877 4600 2978 4654 hoc
3006 4600 3257 4656 dicimus.
3303 4602 3403 4670 Qui
3433 4611 3486 4657 et
3510 4601 3633 4658 hinc
3653 4617 3837 4676 agro-

2237 4690 2362 4744 tatis
2382 4731 2396 4755 ,
2426 4688 2623 4760 tangite
2647 4700 2700 4745 et
2732 4691 2852 4744 hinc
2880 4691 3142 4746 ﬁmbriam
3166 4691 3312 4748 illam
3343 4695 3668 4749 vestimenti.
3717 4695 3838 4766 Ipse

2239 4780 2369 4836 dicit
2397 4782 2687 4851 Apostolus
2718 4802 2730 4836 :
2766 4783 2946 4838 Omnis
2967 4783 3137 4838 anima
3167 4780 3490 4855 potestatibus
3513 4786 3835 4843 sublimiori-

2239 4874 2329 4929 bus
2353 4875 2555 4930 subdita
2575 4876 2636 4929 sit
2666 4891 2684 4929 .'
2710 4885 2810 4930 non
2846 4885 2918 4930 est
2941 4877 3073 4930 enim
3101 4886 3316 4948 potestas
3345 4877 3442 4933 nisi
3461 4895 3492 4932 a
3519 4877 3650 4933 Deo.
3704 4879 3838 4946 Quae

2237 4975 2402 5021 autem
2430 4977 2582 5032 sunt,
2624 4979 2657 5022 ιι
2690 4966 2798 5022 Deo
2828 4969 3078 5023 ordinata:
3109 4979 3245 5024 sunt.
3293 4971 3394 5038 Qui
3429 4981 3595 5027 autem
3638 4974 3837 5028 resistit

2239 5059 2490 5129 potestati,
2538 5057 2637 5112 Dei
2685 5060 2990 5113 ordinationi
3035 5060 3220 5115 resistit
3258 5059 3430 5132 (Rom.
3482 5077 3598 5127 xui,
3651 5063 3710 5129 1,
3747 5063 3832 5134 2).

2237 5148 2346 5206 Sed
2373 5148 2534 5222 quid,
2580 5149 2626 5204 si
2667 5148 2795 5205 illud
2838 5149 3059 5221 lubeat,
3101 5149 3242 5222 quod
3281 5165 3386 5206 non
3414 5151 3578 5208 debes
3605 5151 3841 5210 facere?

2301 5348 2319 5382 ί
2353 5355 2452 5396 am.
2475 5351 2552 5417 Er.
2577 5351 2630 5396 et
2648 5343 2834 5417 aliquot
2853 5353 2985 5417 ,κων
3014 5345 3221 5417 Settnon
3241 5349 3522 5412 premantur
3536 5343 3830 5410 CW,

2233 5423 2280 5462 st
2299 5414 2578 5472 premwttur
2601 5408 2799 5472 Pagani.
2823 5409 2897 5458 Sic
2915 5409 3060 5472 etiam
3076 5408 3256 5462 Florus;
3383 5471 3387 5472 ν
3436 5471 3441 5472 γ
3630 5463 3636 5472 λ

2344 5459 2725 5534 Particulo,
2762 5483 2872 5534 quae
2903 5459 3294 5534 desideraturiin
3332 5471 3473 5520 editis
3517 5477 3579 5534 et
3599 5463 3833 5534 pluribus

2232 5538 2342 5606 Iss.
2376 5533 2603 5606 restituta
2638 5532 2716 5582 hic
2738 5531 2817 5582 est
2847 5543 2913 5582 ex
2951 5531 3084 5582 Floro
3127 5538 3180 5583 et
3217 5539 3281 5584 ex
3317 5540 3493 5584 vetere
3537 5531 3659 5583 libro
3715 5537 3832 5584 Fos-

2297 5657 2319 5726 ξ
2343 5667 2442 5707 Am.
2465 5662 2519 5707 et
2537 5655 2860 5726 pluresAMss”
2882 5655 3178 5709 erubescunt.

2294 5717 2318 5751 ⁸
2340 5727 2462 5770 'tres
2475 5716 2600 5778 Μεζς..
2631 5716 2902 5771 tortoribus.

2293 5779 2316 5813 ⁸
2339 5781 2412 5830 Sic
2434 5789 2532 5830 am.
2556 5777 2607 5829 ct
2622 5785 2696 5828 Er.
2722 5785 2776 5829 At
2794 5786 2900 5830 Iov.
2922 5783 2975 5828 et
2987 5783 3114 5836 Mss,
3141 5777 3337 5832 ιασιιυιι.

2297 5842 2320 5883 ⁸
2340 5843 2639 5904 Emensis
2657 5839 3160 5903 muscarium.
