4032 6332
279 384 383 446 ιιι

283 502 381 558 Hic
408 513 537 556 sane
557 505 840 554 contemne
862 498 1179 569 potestatem
1200 534 1217 560 ,
1258 488 1493 548 timendo
1516 494 1852 561 potestatem.

283 591 435 661 Ipsos
470 587 819 644 humanarum
845 599 1023 642 rerum
1050 584 1244 655 gradus
1272 579 1550 638 advertite.
1582 578 1640 635 Si
1664 576 1860 647 aliquid

280 682 501 753 jusserit
543 685 797 748 curator,
844 692 1022 735 nonne
1070 675 1366 733 faciendum
1408 675 1522 731 est?
1572 673 1770 730 Tamen
1814 670 1859 726 si

283 782 471 830 contra
499 774 876 844 proconsulem
922 771 1138 843 jubeat,
1189 786 1295 825 non
1340 768 1520 837 utique
1565 764 1858 822 contemnis

282 872 621 937 potestatem,
642 863 738 921 sed
757 864 906 935 eligis
932 862 1121 933 majori
1146 860 1365 916 servire.
1407 858 1516 913 Nec
1545 856 1668 912 hinc
1696 854 1857 910 debet

282 958 459 1012 minor
482 956 659 1022 irasci,
686 955 731 1011 si
757 952 927 1024 major
946 954 1191 1024 praelatus
1211 959 1311 1007 est.
1342 950 1569 1005 Rursum
1599 945 1643 1001 si
1664 944 1859 1016 aliquid

281 1052 401 1120 ipse
440 1047 727 1121 proconsul
771 1048 991 1119 jubeat,
1040 1055 1094 1101 et
1138 1043 1278 1099 aliud
1318 1041 1499 1114 jubcat
1547 1040 1855 1110 imperator,

280 1143 543 1215 numquid
587 1142 853 1198 dubitatur
878 1140 978 1196 isto
1020 1146 1323 1207 contempto
1353 1135 1428 1190 illi
1466 1149 1586 1190 esse
1626 1132 1861 1188 servien-

281 1234 456 1290 dum?
503 1234 642 1304 Ergo
664 1232 709 1287 si
735 1230 874 1287 aliud
902 1232 1219 1301 imperatur,
1265 1236 1318 1283 et
1354 1224 1494 1281 aliud
1522 1225 1690 1291 Deus,
1734 1221 1859 1295 quid

280 1325 571 1396 iudicatis?
610 1323 777 1399 Solve.
812 1322 1062 1378 tributum
1084 1361 1099 1387 ,
1138 1330 1253 1375 esto
1283 1316 1409 1373 mihi
1446 1316 1497 1371 in
1525 1315 1856 1385 obsequium.

284 1416 471 1481 Recte,
504 1414 598 1470 sed
620 1429 726 1469 non
752 1412 804 1467 in
830 1412 1007 1468 idolio.
1035 1409 1093 1467 In
1121 1410 1278 1466 idolio
1307 1408 1566 1480 prohibet.
1590 1406 1717 1474 Quis
1739 1420 1862 1475 pro-

284 1506 472 1562 hibet?
501 1504 667 1576 Major
694 1513 950 1575 potestas.
983 1504 1057 1558 Da
1086 1503 1291 1558 veniam
1326 1518 1337 1553 :
1370 1510 1423 1555 tu
1446 1514 1734 1564 carcerem,
1770 1497 1859 1553 ille

284 1602 587 1673 gehennam
608 1600 855 1654 minatur.
886 1596 1020 1652 Hinc
1036 1596 1144 1667 jam
1167 1596 1258 1651 tibi
1279 1592 1592 1649 assumenda
1618 1601 1699 1647 est
1728 1590 1858 1647 ﬁdes

285 1700 375 1747 tua
405 1700 656 1761 tanquam
683 1700 892 1746 scutum
915 1730 931 1757 ,
962 1690 1015 1743 in
1045 1702 1150 1757 quo
1186 1686 1359 1757 possis
1387 1684 1564 1740 omnia
1590 1680 1751 1755 ignita
1773 1682 1860 1754 ja-

284 1784 403 1838 cula
436 1781 635 1836 inimici
663 1781 995 1852 exstinguere
1022 1779 1233 1852 (Ep/ws.
1260 1793 1333 1843 vn,
1363 1777 1471 1848 16).

354 1872 587 1930 CAPUT
633 1871 722 1928 IX.
752 1903 824 1914 —
862 1872 949 1928 14.
994 1869 1155 1927 Dolus
1194 1872 1403 1942 potentis
1445 1869 1566 1925 ntali
1607 1869 1862 1925 novacula

285 1973 630 2035 Mparatur.
697 1962 803 2020 Sed
862 1962 1137 2019 insidiatur
1177 1973 1361 2019 contra
1414 1971 1464 2018 te
1525 1972 1751 2034 potens,
1809 1971 1864 2018 et

285 2057 506 2112 molitur
528 2064 713 2112 contra
738 2065 790 2111 te
824 2065 1014 2127 potens
1043 2072 1056 2108 :
1084 2055 1225 2111 acuit
1253 2054 1560 2110 novaculam
1593 2054 1731 2110 unde
1769 2068 1862 2109 ca-

286 2148 447 2221 pillos
468 2150 640 2215 radat,
672 2164 777 2204 non
804 2149 941 2205 unde
969 2158 1127 2220 caput
1146 2144 1360 2205 incidat.
1389 2148 1539 2219 Quod
1553 2147 1681 2216 dixi,
1705 2148 1863 2204 modo

286 2239 514 2295 audistis
541 2241 591 2294 in
615 2236 827 2295 Psalmo
856 2257 869 2295 :
908 2236 1052 2296 Sicut
1073 2239 1313 2295 novacula
1336 2251 1483 2294 acuta
1512 2240 1671 2311 fecisti
1692 2238 1865 2294 dolum
1930 2300 1933 2303 ν

286 2331 464 2403 (Psal.
499 2348 581 2399 LI,
606 2333 681 2403 Δ).
732 2332 908 2401 Quare
934 2331 1113 2388 dolum
1152 2332 1382 2403 potentis
1422 2330 1546 2386 mali
1593 2332 1865 2387 novaculae
1934 2324 1951 2355 θ

288 2425 621 2495 comparavit
645 2424 697 2478 I‘?
722 2424 853 2492 Quia
892 2439 997 2480 non
1024 2425 1335 2493 admittitur,
1376 2425 1476 2479 nisi
1502 2421 1567 2479 ad
1601 2422 1865 2494 superﬂua

289 2524 499 2571 nosmt.
554 2514 701 2571 Sicut
740 2516 913 2588 capilli
950 2516 1002 2571 in
1028 2531 1249 2587 corpore
1283 2522 1463 2571 nostro
1507 2524 1753 2586 tanquam
1779 2530 1869 2570 su-

288 2607 483 2679 perﬂui
514 2607 779 2675 videntur,
824 2616 878 2664 et
911 2610 1022 2663 sine
1049 2607 1364 2663 detrimento
1384 2606 1556 2661 carnis
1579 2606 1863 2672 raduntur;

289 2701 369 2755 sic
397 2698 653 2770 quidquid
698 2708 869 2769 potest
908 2698 1001 2755 tibi
1044 2698 1219 2754 facere
1262 2698 1425 2754 iratus
1464 2706 1680 2769 potens,
1732 2696 1869 2752 inter

288 2791 561 2862 superﬂua
611 2801 701 2847 tua
750 2807 988 2847 numera.
1062 2792 1223 2847 Tollit
1266 2801 1627 2861 paupertatem
1682 2800 1864 2846 tuam:

289 2883 552 2953 numquid
596 2884 730 2938 tollit
761 2883 969 2938 divitias
1011 2883 1174 2939 tuas?
1213 2883 1499 2953 Paupertas
1525 2892 1642 2947 tua,
1672 2882 1869 2937 divitiae

291 2982 400 3029 tua
417 2975 474 3029 in
499 2973 664 3030 corde
683 2982 774 3029 tuo
792 2975 835 3028 ’.
864 2972 1138 3043 Superﬂua
1154 2983 1239 3029 tua
1262 2975 1429 3044 potuit
1452 2974 1657 3042 tollere,
1677 2973 1870 3028 damno

292 3067 468 3138 potuit
493 3066 711 3123 allicere
729 3109 745 3134 ,
774 3068 1065 3137 permissus
1090 3074 1143 3121 et
1167 3080 1329 3136 usque
1350 3065 1414 3121 ad
1441 3065 1737 3121 laedendum
1754 3080 1872 3121 cor-

288 3172 413 3228 pus.
449 3159 623 3214 Etiam
649 3159 747 3215 ista
772 3159 874 3212 vita
902 3200 916 3224 ,
958 3157 1306 3227 cogitantibus
1336 3158 1489 3212 aliam
1522 3161 1715 3224 vitam;
1746 3158 1867 3226 ista,

290 3252 546 3323 inquam,
594 3253 700 3306 vita
737 3252 873 3306 inter
893 3250 1153 3320 superflua
1184 3249 1482 3321 deputanda
1520 3257 1620 3306 est.
1664 3248 1796 3305 Nam
1817 3259 1871 3306 et

289 3351 562 3414 martyres
590 3349 1022 3411 contempserunt
1065 3342 1231 3397 illam.
1280 3340 1395 3401 Non
1434 3342 1597 3398 vitam
1626 3340 1872 3414 perdide-

290 3441 436 3497 runt,
470 3433 565 3488 sed
593 3433 755 3487 vitam
779 3432 1152 3503 acquisierunt.

361 3520 593 3579 CAPUT
620 3523 688 3577 X.
720 3550 789 3564 --
833 3523 919 3579 15.
951 3522 1210 3579 Securitas
1253 3524 1451 3593 piorum
1488 3524 1579 3578 sub
1613 3521 1708 3578 Dei
1736 3540 1869 3594 pra:-

292 3614 445 3670 sidio.
497 3610 645 3672 Certi
690 3624 895 3684 estote,
944 3613 1156 3682 fratres,
1189 3614 1431 3672 inimicos
1471 3632 1575 3671 non
1617 3615 1823 3672 admitti
1849 3617 1870 3648 ³

294 3707 562 3762 adversus
590 3707 770 3763 fideles
793 3749 807 3774 ,
850 3707 953 3761 nisi
982 3714 1233 3777 quantum
1273 3706 1490 3778 prodest
1515 3707 1778 3763 tentandis
1817 3717 1872 3764 et

293 3796 589 3867 probantis
616 3794 878 3854 ﬁdelibus.
906 3797 1052 3854 Certi
1080 3808 1273 3865 estote,
1300 3798 1510 3866 fratres,
1542 3815 1701 3855 nemo
1728 3799 1871 3855 aliud
1933 3804 1945 3822 ’

292 3890 458 3945 dicat.
510 3890 736 3946 Omnem
762 3904 941 3946 curam
986 3899 1212 3947 vestram
1242 3906 1401 3962 super
1425 3891 1704 3947 Dominum
1749 3892 1872 3949 mit-

293 3982 408 4047 tite,
434 3992 656 4050 prorsus
678 3995 772 4036 vos
800 3979 943 4052 ipsos
964 3990 1100 4038 totos
1123 3983 1363 4053 projicite
1392 3983 1445 4038 in
1471 3984 1636 4039 illum.
1664 3983 1779 4040 Non
1809 4002 1871 4042 se

292 4077 567 4144 subducit,
601 4084 659 4131 ut
682 4076 901 4132 cadetis.
951 4075 1044 4133 ille
1070 4078 1160 4148 qui
1185 4092 1281 4133 nos
1305 4079 1503 4134 creavit
1523 4120 1538 4147 ,
1569 4087 1623 4135 et
1650 4077 1715 4135 de
1742 4079 1870 4150 ipsis

290 4168 503 4237 capillis
548 4170 744 4224 nostris
787 4169 1122 4224 securitatem
1158 4170 1311 4226 nobis
1357 4171 1519 4226 dedit.
1565 4172 1722 4226 Amen
1760 4173 1871 4227 dico

290 4260 430 4314 vobis
456 4298 469 4325 ,
516 4260 689 4331 inquit
707 4303 721 4328 ,
772 4270 819 4315 et
845 4262 1022 4333 capilli
1043 4263 1219 4334 capitis
1254 4265 1402 4317 vestri
1429 4281 1599 4318 omnes
1626 4267 1874 4320 numerati

291 4360 413 4405 sunt
438 4349 655 4421 (lauit.
673 4366 731 4419 ι,
758 4352 872 4425 50).
902 4351 1089 4425 Capilli
1118 4356 1281 4411 nostri
1305 4357 1563 4411 numerati
1586 4367 1707 4413 sunt
1727 4358 1867 4414 Deo:

293 4452 495 4513 quanto
522 4445 692 4515 magis
719 4460 899 4502 mores
924 4449 1127 4515 nostri,
1164 4449 1249 4503 cui
1287 4449 1364 4505 sic
1397 4451 1507 4504 noti
1546 4461 1670 4505 sunt
1696 4453 1871 4522 capilli

291 4537 509 4591 nostri?
558 4536 783 4607 Videte,
828 4540 949 4609 quia
987 4541 1203 4595 minima
1241 4549 1418 4597 nostra
1449 4560 1554 4598 non
1584 4546 1874 4601 contemnit

294 4630 463 4686 Deus.
514 4631 648 4686 Nam
673 4633 717 4687 si
741 4643 1122 4701 contemneret,
1155 4650 1253 4690 nec
1279 4646 1500 4691 crearet.
1549 4637 1677 4691 Nam
1704 4647 1755 4693 et
1781 4654 1871 4695 ca—

294 4722 455 4789 pillos
481 4730 695 4777 nostros
713 4723 824 4794 ipse
841 4724 1020 4793 utique
1043 4725 1258 4794 creavit,
1283 4734 1335 4781 et
1364 4739 1666 4785 numeratos
1693 4730 1868 4787 habet.

292 4814 402 4869 Sed
435 4813 599 4868 modo
630 4830 752 4870 cum
775 4817 915 4883 sint,
944 4814 1149 4886 inquis,
1180 4818 1315 4874 forte
1343 4820 1607 4888 peribunt.
1657 4821 1723 4877 Et
1751 4823 1873 4878 hinc

208 4966 213 4979 ο
292 4905 417 4960 audi
463 4920 649 4961 vocem
688 4907 804 4976 ejus
837 4925 851 4962 :
881 4906 1039 4963 Amen
1078 4911 1187 4964 dico
1229 4911 1395 4977 vobis,
1446 4916 1659 4983 capillus
1696 4919 1873 4987 capitis

294 4998 450 5051 uestri
493 5012 596 5051 nou
634 4996 811 5067 peribit
841 4996 993 5068 (Luc.
1025 5015 1119 5055 xxr
1142 5042 1157 5068 ,
1186 5000 1296 5072 18).
1345 5002 1480 5069 Quid
1528 5004 1679 5061 times
1706 5006 1875 5062 homi-

294 5101 423 5143 nem
447 5128 466 5156 ,
495 5104 531 5143 o
558 5086 719 5145 homo
747 5088 802 5145 in
837 5089 957 5147 sinu
994 5090 1088 5147 Dei
1118 5093 1360 5162 positus?
1402 5094 1479 5149 Tu
1505 5095 1569 5151 de
1597 5095 1734 5153 illius
1755 5098 1875 5155 sinu

293 5182 405 5235 noli
432 5180 630 5237 cadere
659 5180 949 5254 :quidquid
983 5183 1057 5240 ibi
1095 5199 1280 5254 passus
1307 5186 1501 5254 lueris,
1549 5187 1616 5243 ad
1653 5190 1875 5247 salutem

294 5272 530 5337 valebit,
588 5287 694 5328 non
735 5272 803 5329 ad
847 5275 1151 5345 perniciem.
1218 5277 1468 5335 Laniatus
1518 5280 1871 5339 membrorum

294 5375 571 5437 martyres
615 5368 979 5437 pertulerunt,
1027 5378 1081 5424 et
1122 5371 1311 5427 timent
1333 5371 1617 5430 Christiani
1661 5376 1875 5448 injurias

296 5465 607 5528 temporum
658 5458 1112 5517 Christianorum?
1160 5462 1260 5531 Qui
1313 5466 1404 5521 tibi
1452 5466 1575 5522 facit
1628 5469 1871 5540 injuriam

365 5571 385 5647 ξ
412 5571 719 5647 sic'potiores
740 5581 851 5647 Mss.
870 5573 988 5647 μία
1010 5588 1145 5638 vero,
1170 5585 1324 5639 Quare
1347 5579 1507 5632 dolum
1523 5584 1720 5647 potentis
1736 5585 1877 5638 malae

290 5632 544 5699 ηοὲααςζὶε
565 5634 851 5699 mceravi!
866 5634 891 5686 ?

290 5694 704 5813 “:(gtl‘bugrtinus
724 5703 827 5759 1313.,
866 5704 1124 5761 Paupertas
1169 5711 1250 5755 tua
1293 5704 1437 5769 foris,
1480 5706 1658 5763 divitiw
1693 5716 1789 5761 tua:
1825 5710 1878 5764 in

364 5819 389 5852 ³
413 5818 637 5884 Plerique
659 5825 787 5887 Βῆ,

1708 365 1936 430 SERMO
1972 365 2107 428 LXI.

3427 376 3534 436 422

1966 476 2160 551 modo,
2201 480 2392 540 timens
2433 485 2575 541 facit.
2623 485 2737 542 Non
2776 486 2903 544 dicit
2927 496 3143 563 aperte,
3170 488 3303 549 Veni
3327 492 3393 549 ad
3420 494 3537 552 ido-

1965 572 2073 630 lum
2111 593 2122 628 :
2152 592 2255 631 non
2296 575 2423 631 dicit
2448 588 2627 648 aperte
2649 620 2662 644 ,
2694 579 2825 633 Veni
2857 580 2925 634 ad
2950 595 3068 635 aras
3093 597 3239 637 meas
3260 623 3276 649 ,
3307 584 3378 640 ibi
3406 601 3535 641 con-

1965 665 2163 721 vivare.
2216 665 2282 721 Et
2318 665 2365 722 si
2394 664 2615 735 dixerit,
2647 678 2700 724 et
2724 670 2989 737 nolueris,
3018 672 3118 728 hoc
3158 689 3530 746 conqueratur,

1965 751 2067 811 hoc
2091 757 2145 811 in
2173 757 2578 829 postulationem
2604 802 2619 828 ,
2648 760 2748 816 hoc
2773 762 2825 817 in
2855 763 3235 835 querimoniam
3263 767 3531 838 deponat:

1965 845 2144 902 Noluit
2169 849 2347 903 venire
2373 850 2438 905 ad
2465 860 2583 906 aras
2610 866 2775 919 meas,
2805 854 2970 909 noluit
2988 856 3168 912 venire
3191 856 3258 912 ad
3277 860 3532 930 templum

1966 934 2107 1009 quod
2146 955 2386 995 veneror.
2429 940 2543 997 Hoc
2571 942 2730 997 dicat.
2759 943 2871 999 Non
2899 945 3055 1001 audet
3075 947 3251 1004 dicere
3276 968 3287 1002 :
3317 951 3411 1008 sed
3431 952 3532 1006 alia

1966 1031 2297 1087 machinatur
2318 1030 2520 1089 dolose.
2569 1034 2700 1089 Para
2730 1037 2946 1107 capillos
2969 1078 2985 1104 ,
3021 1042 3326 1096 novaculam
3352 1043 3530 1097 acuit:

1963 1117 2236 1172 ablaturus
2262 1126 2342 1171 est
2366 1116 2628 1187 superﬂua
2651 1131 2735 1174 tua
2760 1162 2775 1189 ,
2810 1136 3026 1177 rasurus
3046 1124 3296 1194 quidquid
3319 1126 3534 1182 relictu-

1967 1224 2057 1265 rus
2084 1225 2161 1265 es.
2204 1208 2377 1265 Tollat
2415 1210 2665 1282 quidquid
2694 1208 3057 1282 permanebit,
3090 1216 3134 1270 si
3159 1225 3351 1286 potest.
3396 1220 3532 1288 Quid

1963 1300 2085 1356 tulit
2115 1312 2299 1372 potens
2326 1305 2556 1359 nocens?
2602 1302 2726 1375 quid
2766 1322 3010 1376 magnum
3052 1309 3207 1363 tulit?
3250 1312 3401 1379 Quod
3428 1312 3533 1382 fur,

1965 1395 2109 1464 quod
2136 1394 2417 1462 ellractor;
2450 1405 2505 1450 ut
2535 1397 2754 1451 multum
2785 1398 2998 1467 saeviat,
3037 1402 3175 1471 quod
3201 1402 3354 1459 latro.
3394 1404 3451 1461 Si
3480 1415 3536 1461 et

1964 1485 2031 1542 ad
2062 1486 2231 1556 ipsum
2262 1503 2453 1557 corpus
2494 1487 2838 1544 occidendum
2870 1494 3159 1561 permissus
3185 1494 3382 1566 fuerit,
3403 1501 3529 1568 quid

1965 1577 2099 1634 tollit
2128 1579 2228 1634 nisi
2257 1579 2398 1649 quod
2434 1578 2611 1634 latro?
2660 1580 2957 1652 llonoravi,
3002 1599 3123 1639 eum
3166 1586 3315 1655 dixi,
3352 1589 3533 1647 Latro.

1963 1667 2094 1723 Nam
2144 1670 2540 1742 qualiscumque
2572 1670 2748 1740 latro,
2800 1672 2960 1729 homo
3006 1686 3107 1732 est.
3160 1678 3313 1744 Quod
3353 1681 3535 1750 febris,

1963 1760 2107 1836 quod
2130 1760 2401 1833 scorpius,
2444 1762 2583 1835 quod
2623 1764 2810 1837 fungus
2848 1769 3036 1823 malus.
3085 1770 3190 1826 Ista
3218 1779 3327 1828 tota
3352 1783 3538 1845 poten-

1966 1853 2036 1909 tia
2065 1855 2391 1909 smvientium
2427 1865 2539 1925 est,
2585 1856 2758 1914 facere
2798 1860 2935 1930 quod
2971 1860 3177 1935 fungus.
3224 1865 3540 1923 Manducant

1918 1960 1921 1965 ‘
1967 1946 2209 2004 homines
2262 1947 2477 2018 fungum
2530 1950 2769 2019 malum,
2818 1961 2873 2007 et
2924 1955 3242 2010 moriuntur.
3296 1958 3435 2015 Ecce
3484 1961 3538 2015 in

1967 2055 2071 2111 qua
2124 2038 2407 2109 fragilitate
2455 2049 2535 2096 est
2584 2043 2687 2096 vita
2729 2042 2955 2099 humana
2986 2064 3000 2102 :
3026 2062 3182 2117 quam
3225 2051 3541 2124 quandoque

1966 2132 2248 2188 relicturus
2291 2147 2387 2200 es,
2428 2132 2535 2188 noli
2575 2150 2670 2205 pro
2711 2134 2799 2190 illa
2843 2138 2920 2191 sic
2963 2153 3226 2209 pugnare,
3264 2151 3321 2198 ut
3359 2150 3415 2198 tu
3450 2159 3539 2201 re-

1966 2222 2239 2297 linquaris.

2037 2312 2259 2371 CAPUT
2313 2312 2404 2371 Xl.
2455 2346 2527 2357 —
2590 2319 2677 2375 16.
2736 2317 2850 2374 Vita
2888 2330 3074 2377 (eterna
3119 2324 3303 2381 laboris
3333 2343 3539 2383 merces.

1967 2400 2086 2462 Vita
2144 2416 2327 2461 nostra
2353 2407 2368 2438 ³
2396 2402 2640 2464 Christus
2680 2419 2803 2464 est:
2840 2411 3108 2470 Christum
3145 2417 3377 2473 attende.
3427 2419 3543 2475 Pati

1968 2500 2147 2565 venit,
2177 2499 2269 2555 sed
2296 2510 2350 2555 et
2389 2500 2706 2571 glorificari;
2747 2506 3051 2573 contemni,
3091 2508 3185 2564 sed
3214 2510 3370 2565 etiam
3401 2512 3544 2567 exal-

1970 2589 2071 2646 tari
2096 2608 2110 2657 ;
2138 2592 2292 2658 mori,
2313 2590 2405 2646 sed
2430 2592 2588 2646 etiam
2617 2608 2913 2664 resurgere.
2942 2596 3085 2667 Opus
3106 2607 3156 2655 te
3185 2608 3368 2668 terret,
3396 2618 3541 2659 mer-
3640 2606 3643 2615 '

1970 2680 2154 2736 cedem
2194 2681 2333 2737 vide.
2376 2680 2550 2750 Quare
2590 2684 2671 2738 vis
2709 2686 2986 2756 pervenire
3021 2687 3276 2746 delicatus
3319 2692 3388 2747 ad
3427 2708 3545 2749 eam

1972 2790 2108 2842 rem,
2139 2775 2204 2829 ad
2230 2791 2387 2846 quam
2417 2791 2522 2831 non
2554 2776 2794 2846 perducit
2817 2780 2918 2836 nisi
2950 2780 3141 2837 labor?
3169 2782 3273 2840 Sed
3301 2786 3454 2842 times
3477 2802 3545 2843 ne

1971 2866 2162 2936 perdas
2191 2876 2466 2936 argentum
2497 2876 2676 2934 tuum;
2705 2870 2829 2940 quia
2853 2870 2919 2925 ad
2941 2882 3217 2942 argentum
3245 2884 3395 2935 tuum
3422 2892 3547 2933 cum

1972 2970 2165 3030 magno
2188 2958 2367 3015 labore
2392 2961 2698 3030 pervenisti.
2736 2961 2791 3018 Si
2815 2963 2880 3017 ad
2903 2975 3177 3035 argentum
3202 2969 3343 3039 quod
3377 2985 3549 3041 quan-

1973 3051 2149 3123 doque
2180 3051 2266 3109 vel
2300 3055 2534 3112 moriens
2556 3059 2850 3118 amissurus
2877 3076 2957 3129 es,
2989 3077 3096 3119 non
3120 3066 3409 3134 pervenisti
3432 3068 3546 3125 sine

1973 3143 2180 3213 labore;
2208 3144 2275 3202 ad
2298 3147 2459 3204 vitam
2486 3160 2738 3209 :eternam
2758 3154 2876 3212 sine
2904 3155 3086 3213 labore
3116 3158 3199 3215 vis
3224 3161 3545 3230 pervenire?

1972 3237 2196 3295 Charior
2224 3241 2291 3297 sit
2323 3243 2412 3299 tibi
2440 3244 2559 3311 illa,
2603 3246 2668 3301 ad
2694 3263 2851 3318 quam
2890 3259 3013 3320 post
3037 3266 3223 3308 omnes
3244 3252 3449 3311 labores
3471 3255 3549 3311 sic

1974 3332 2274 3400 pervenies,
2316 3342 2373 3388 ut
2410 3351 2677 3407 nunquam
2712 3340 2944 3396 amittas.
2992 3340 3050 3400 Si
3085 3342 3188 3399 hoc
3216 3343 3307 3399 tibi
3328 3345 3546 3401 charum

1918 3422 1921 3423 ⁷
1974 3430 2073 3483 est,
2102 3421 2167 3477 ad
2192 3424 2331 3494 quod
2362 3434 2480 3496 post
2500 3442 2684 3484 omnes
2706 3429 2913 3488 labores
2940 3433 3017 3487 sic
3038 3436 3343 3505 pervenisti,
3367 3446 3423 3492 ut
3446 3437 3547 3493 ali-

1975 3514 2186 3583 quando
2208 3517 2501 3573 amissurus
2520 3519 2622 3588 sis;
2655 3531 2854 3591 quanto
2878 3524 3044 3596 magis
3062 3526 3153 3582 illa
3179 3536 3434 3599 perpetua
3454 3530 3550 3588 de-

1977 3604 2213 3660 siderare
2230 3605 2523 3665 debemus?

1979 3696 2005 3761 ιτ
2050 3694 2137 3750 17.
2186 3695 2339 3753 Idola
2384 3700 2483 3754 nisi
2525 3700 2743 3774 legitima
2789 3714 3004 3775 potestas
3045 3707 3227 3779 detur,
3262 3728 3364 3767 non
3408 3716 3549 3785 fran-

1977 3788 2158 3856 genda.
2223 3790 2410 3847 Verbis
2452 3793 2688 3863 ipsorum
2736 3812 2805 3853 ne
2849 3799 3109 3869 credatis,
3159 3817 3258 3859 nec
3294 3805 3544 3863 timeatis.

1976 3879 2167 3937 Hostes
2212 3899 2308 3937 nos
2368 3884 2548 3942 dicunt
2596 3888 2857 3944 idolorum
2904 3906 3144 3949 suorum.
3201 3893 3293 3951 Sic
3334 3906 3548 3965 praestet

1977 3974 2138 4042 Deus,
2168 3986 2223 4033 et
2251 3976 2340 4033 det
2364 3980 2540 4036 omnia
2561 3982 2612 4036 in
2638 3992 2927 4052 potestate,
2954 3986 3222 4055 quomodo
3243 3987 3390 4045 dedit
3407 3991 3549 4061 quod

1982 4066 2206 4124 fractum
2229 4078 2329 4125 est.
2374 4071 2485 4127 Hoc
2510 4073 2650 4128 enim
2681 4074 2905 4131 dicimus
2940 4075 3193 4134 Charitati
3217 4089 3409 4137 vestrm
3430 4123 3446 4150 ,
3482 4099 3550 4139 ne

1951 4158 2178 4217 ~laciatis
2203 4162 2304 4217 ista
2329 4205 2343 4229 ,
2370 4163 2581 4233 quando
2621 4165 2671 4219 in
2702 4173 2964 4236 potestate
2991 4178 3169 4224 vestra
3205 4185 3311 4226 non
3335 4180 3419 4227 est
3439 4212 3455 4240 ,
3492 4182 3551 4231 ut

1977 4251 2182 4309 faciatis
2230 4254 2378 4311 illud.
2429 4256 2718 4313 Pravorum
2766 4258 3036 4316 hominum
3066 4271 3181 4327 est,
3230 4262 3548 4323 furiosorum

1978 4344 2470 4402 Circumcellionum
2496 4390 2511 4414 ,
2548 4358 2600 4403 et
2631 4350 2717 4404 ubi
2750 4359 3064 4419 potestatem
3101 4368 3209 4408 non
3234 4352 3429 4410 habent
3449 4370 3550 4412 sa:-

1932 4460 1933 4463 ‘
1976 4436 2124 4506 vire,
2168 4449 2221 4493 et
2256 4439 2395 4495 velle
2432 4441 2566 4495 mori
2611 4452 2896 4512 properant
2931 4443 3047 4500 sine
3085 4460 3263 4501 causa.
3314 4450 3548 4506 Audistis

1976 4548 2094 4601 quce
2114 4529 2262 4587 vobis
2290 4530 2531 4601 legimus,
2559 4548 2744 4589 omnes
2766 4535 2853 4606 qui
2874 4551 3040 4606 nuper
3059 4537 3109 4592 in
3125 4538 3453 4609 Mappalibus
3470 4541 3547 4613 (a)

1977 4619 2236 4677 adfuistis.
2292 4621 2415 4677 Cum
2454 4624 2574 4678 data
2617 4625 2754 4682 vobis
2791 4629 2943 4698 fuerit
2984 4638 3119 4683 terra
3162 4631 3216 4686 in
3261 4640 3547 4701 potestatem

1980 4708 2151 4786 (prius
2169 4713 2261 4781 ait,
2280 4717 2331 4769 in
2352 4726 2661 4786 potestatem,
2679 4727 2734 4773 et
2751 4719 2829 4774 sic
2848 4720 2979 4776 dixit
3000 4738 3117 4791 qua:
3131 4721 3367 4779 facienda
3381 4724 3544 4798 sunt),

1987 4823 2103 4863 aras
2126 4824 2291 4863 eorum
2314 4848 2327 4872 ,
2358 4807 2554 4877 inquit,
2583 4810 2862 4877 destructis,
2890 4812 3027 4867 lucos
3050 4830 3218 4868 eorum
3243 4816 3543 4871 comminus-

1981 4899 2073 4966 tis,
2114 4909 2161 4953 et
2200 4915 2367 4953 omnes
2411 4897 2579 4953 titulos
2610 4916 2779 4955 eorum
2806 4904 3126 4974 canit-iugetis
3153 4903 3332 4975 (Deut.
3363 4922 3455 4974 vn,
3490 4909 3543 4978 1,

1980 4988 2058 5062 5).
2092 4990 2221 5045 Cum
2248 4990 2557 5059 acceperitis
2588 5001 2933 5061 potestatem,
2967 4993 3067 5049 hoc
3094 4993 3269 5050 facite.
3318 4996 3417 5052 Ubi
3446 5013 3539 5053 uo-

1979 5085 2060 5141 bis
2090 5102 2193 5140 non
2218 5094 2301 5141 est
2320 5084 2440 5140 data
2467 5096 2717 5156 potestas,
2748 5102 2851 5142 non
2880 5085 3101 5143 facimus
3126 5104 3141 5153 ;
3183 5087 3271 5143 ubi
3292 5088 3415 5145 data
3439 5100 3542 5158 est,

1978 5192 2084 5232 non
2128 5177 2597 5247 praetermittimus.
2644 5178 2792 5233 Multi
2829 5178 3020 5248 pagani
3045 5177 3239 5234 habent
3274 5180 3403 5237 istas
3448 5181 3545 5236 ab-

1975 5315 2360 5429 “rzsichabent
2387 5314 2557 5378 pitu-es
2586 5322 2692 5366 uss.
2732 5312 3091 5364 Alii'verocum
3136 5315 3292 5379 critus,
3336 5317 3422 5370 ria
3465 5330 3546 5370 nov

2045 5462 2117 5524 (a)
2149 5470 2320 5512 Locum
2354 5460 2606 5525 signiﬁcat,
2625 5461 2716 5525 ubi
2728 5459 2948 5525 Cypriani
2965 5462 3191 5525 martyris
3210 5474 3385 5525 corpus
3405 5464 3547 5525 quie-

1980 5521 2177 5586 scebat;
2202 5526 2265 5575 de
2308 5521 2597 5586 quo'victor.
2620 5524 2669 5586 in
2702 5521 2787 5571 lib.
2817 5523 2835 5571 l
2864 5521 2927 5571 de
2954 5521 3545 5586 Persecutione'v'andaliea

1978 5584 2177 5639 scribit:
2213 5584 2341 5635 «Sed
2366 5587 2509 5636 etiam
2547 5584 2660 5648 foris
2697 5598 2859 5634 muros
2893 5584 3204 5648 Carthaginis,
3222 5598 3546 5648 quascumque

1986 5667 2009 5697 ι
2029 5649 2177 5699 voluit
2199 5650 2503 5705 censericus,
2531 5646 2746 5695 basilicas
2764 5648 3034 5708 occupavit,
3070 5646 3122 5697 et
3153 5648 3391 5709 praecipue
3429 5646 3547 5697 duas

1986 5729 2009 5759 ι
2033 5711 2535 5777 ρξξιηιμὶθξ(ες-διιηέξίιε
2618 5710 3100 5777 inartyristlyprjani;
3139 5722 3281 5777 unam
3300 5708 3399 5759 'ubi
3436 5720 3545 5777 sunt

1983 5769 2225 5845 (guinem
2250 5773 2397 5845 fudit,
2422 5769 2560 5845 aliam
2584 5772 2666 5845 ubi
2706 5769 2813 5838 ejus
3118 5776 3192 5825 est
3227 5782 3427 5836 corpus,
3463 5769 3545 5832 qui

1983 5834 2165 5893 (locth
2186 5834 2412 5899 Maenalia
2431 5834 2679 5890 vocitatur.

2548 5933 2583 5951 κ
3276 5926 3333 5945 ἰΑλῖ
3338 5938 3354 5949 ι
3361 5936 3417 5951 ν’
