4032 6332
538 335 649 396 895

538 449 857 507 minationes
891 448 946 504 in
987 446 1161 502 fundis
1201 447 1312 502 suis
1344 462 1357 501 :
1384 447 1643 519 numquid
1678 449 2015 516 accedimus,
2056 457 2114 506 et

537 541 959 614 confringimus?
986 539 1139 596 Prius
1165 541 1309 596 enim
1338 542 1562 612 agimus,
1593 552 1652 598 ut
1680 544 1817 600 idola
1847 545 1900 599 in
1927 559 2112 600 eorum

535 635 699 690 corde
727 634 1047 703 frangamus.
1094 632 1317 698 Quando
1347 633 1621 689 christiani
1645 643 1699 690 et
1717 635 1818 706 ipsi
1846 635 1970 691 facti
1993 635 2112 692 fue-

531 726 674 793 rint,
707 735 798 780 aut
821 723 1045 779 invitant
1073 738 1170 780 nos
1194 725 1263 781 ad
1293 735 1396 780 tam
1435 726 1632 782 bonum
1660 741 1793 798 Opus
1815 769 1830 795 ,
1862 737 1951 783 aut
1970 742 2111 799 pm-

532 818 749 872 veniunt
768 829 884 870 nos.
911 815 1066 871 Modo
1084 817 1340 873 orandum
1366 827 1447 875 est
1473 834 1568 890 pro
1595 819 1719 885 illis,
1752 835 1856 874 non
1874 820 2110 875 irascen-
2171 820 2174 822 ⁷

531 905 656 960 dum
684 904 808 960 ilis.
855 905 911 962 Si
953 913 1136 961 movet
1161 906 1315 962 dolor
1341 923 1564 979 magnus
1587 949 1602 977 ,
1646 908 1925 964 adversum
1951 907 2108 964 Chri-

530 998 733 1055 stianos
759 1007 972 1065 movet,
1010 999 1289 1055 adversum
1328 1000 1516 1056 fratres
1541 1011 1750 1057 nostros
1779 1009 1982 1076 movet,
2018 1000 2107 1072 qui

528 1089 607 1145 sic
633 1090 816 1146 volunt
845 1090 1042 1146 intrare
1084 1091 1141 1146 in
1181 1092 1497 1160 ecclesiam,
1542 1101 1602 1148 ut
1647 1092 1734 1150 hic
1771 1107 1964 1163 corpus
2005 1091 2106 1149 ha-

528 1183 724 1249 beant,
763 1182 892 1239 alibi
918 1198 1031 1239 cor.
1084 1183 1279 1240 Totum
1307 1184 1450 1241 intus
1485 1200 1605 1242 esse
1641 1186 1818 1242 debet.
1866 1185 1924 1242 Si
1965 1186 2107 1243 intus

527 1283 608 1328 est
655 1273 797 1345 quod
844 1274 987 1332 videt
1038 1277 1235 1345 homo,
1291 1291 1461 1347 quare
1517 1277 1647 1335 foris
1703 1285 1785 1335 est
1829 1277 1973 1350 quod
2022 1277 2104 1336 vi-

525 1363 616 1419 det
652 1364 835 1420 Deus?

594 1458 820 1515 CAPUT
859 1459 976 1514 XII.
1014 1460 1202 1516 -18.
1246 1459 1644 1516 Idololatrarum
1686 1463 1889 1534 injustw
1929 1464 2102 1534 queri-

523 1550 723 1605 moniae.
780 1549 973 1607 Sciatis
1027 1560 1224 1620 autem,
1276 1551 1613 1621 charissimi,
1667 1569 1943 1608 murmura
1982 1555 2102 1612 illo-

522 1655 640 1695 rum
689 1640 1011 1712 conjungere
1051 1655 1112 1696 se
1161 1657 1281 1698 cum
1343 1641 1607 1698 haereticis
1635 1685 1652 1710 ,
1705 1659 1827 1700 cum
1883 1643 2100 1702 Judaeis.

521 1731 796 1799 Hmretici,
821 1731 993 1787 Judaai
1017 1739 1071 1788 et
1094 1732 1291 1804 Pagani
1329 1735 1583 1790 unitatem
1630 1735 1870 1792 fecerunt
1917 1746 2100 1793 contra

520 1821 794 1877 unitatem.
820 1821 952 1890 Quia
977 1823 1196 1894 contigit
1224 1833 1281 1879 ut
1317 1825 1370 1879 in
1403 1825 1667 1896 aliquibus
1695 1827 1826 1883 locis
1863 1827 2100 1898 discipli-

518 1927 642 1967 nam
669 1911 971 1983 acciperent
993 1912 1160 1968 Judazi
1190 1925 1406 1985 propter
1425 1915 1787 1986 improbitates
1806 1933 1958 1985 suas;
1988 1919 2099 1974 cri-

517 2005 822 2073 minantur,
856 2014 912 2062 et
936 2006 1304 2078 suspicantur,
1335 2015 1428 2066 aut
1451 2006 1684 2080 lingunt,
1725 2010 1847 2080 quia
1877 2010 2001 2065 talia
2030 2009 2099 2067 de

516 2096 620 2152 illis
649 2112 863 2168 semper
887 2113 1206 2168 quaeramus.
1231 2099 1365 2167 Quia
1391 2101 1613 2170 contigit
1632 2107 1690 2155 ut
1707 2101 1898 2157 alicubi
1930 2101 2099 2158 hmrc-

516 2187 602 2241 tici
631 2203 822 2258 poenas
846 2188 1034 2244 darent
1054 2189 1256 2260 legibus
1283 2204 1378 2260 pro
1403 2189 1674 2260 impietate
1699 2199 1752 2247 et
1779 2190 1956 2246 furore
1979 2192 2095 2246 vio-

515 2279 796 2335 lentiarum
824 2296 1072 2347 suarum;
1096 2281 1206 2351 jam
1226 2282 1408 2337 dicunt
1423 2297 1519 2338 nos
1539 2296 1636 2354 per
1655 2284 1833 2338 omnia
1856 2299 2096 2354 quaerere

511 2370 742 2440 aliquam
794 2371 1284 2427 incommoditatem
1347 2373 1584 2442 ipsorum
1650 2373 1718 2429 ad
1779 2376 2090 2445 perniciem.

511 2463 717 2520 Rursus
741 2465 862 2534 quia
891 2473 1077 2520 contra
1103 2465 1344 2536 Paganos
1379 2467 1579 2536 placuit
1613 2475 1672 2522 ut
1718 2467 1862 2538 leges
1888 2466 2095 2524 ferren-

481 2561 616 2622 ‘tur,
644 2555 751 2610 imo
778 2570 876 2626 pro
905 2556 1148 2627 Paganis,
1193 2557 1239 2612 si
1283 2558 1490 2628 sapiant
1528 2557 1697 2631 (Sicut
1722 2561 1866 2615 enim
1913 2562 2093 2631 pueris

508 2646 794 2701 iusensatis
833 2646 901 2701 ad
941 2646 1113 2703 lutum
1145 2646 1482 2717 ludentibus,
1513 2656 1567 2705 et
1592 2664 1782 2707 manus
1807 2651 2090 2722 inquinan-

505 2735 666 2801 tibus,
703 2735 1020 2808 ptedagogus
1057 2751 1176 2792 cum
1206 2739 1352 2794 venit
1375 2753 1615 2808 severus,
1643 2741 1809 2796 lutum
1835 2741 1902 2798 de
1931 2759 2091 2800 manu

504 2827 728 2894 excutit,
764 2827 1002 2884 codicem
1024 2829 1246 2899 porrigit
1274 2849 1287 2884 :
1317 2831 1387 2885 ita
1416 2832 1582 2887 voluit
1605 2833 1744 2888 Deus
1771 2850 1864 2905 per
1895 2838 2092 2914 primi-

505 2929 601 2985 pes
635 2917 876 2972 subditos
899 2918 1000 2974 sibi
1025 2927 1230 2976 terrere
1252 2922 1410 2976 corda
1440 2922 1708 2994 {mensula
1739 2936 1955 3004 puerilia
1977 2977 1994 3005 ,
2034 2947 2092 2994 ut

504 3005 755 3083 abjiciant
781 3008 948 3063 lutum
994 3009 1061 3074 de
1106 3020 1348 3077 manibus
1371 3063 1385 3088 ,
1419 3030 1472 3077 et
1495 3024 1692 3094 aliquid
1723 3026 1849 3081 utile
1874 3027 2084 3083 faciant.

505 3102 644 3170 Quid
673 3113 755 3161 est
795 3107 923 3162 utile
952 3107 1020 3164 de
1057 3109 1338 3166 manibus?
1381 3111 1586 3184 Frange
1633 3115 1869 3169 esurienti
1907 3134 2088 3187 panem

507 3204 668 3263 tuum,
695 3205 742 3251 et
769 3214 979 3270 egenum
1007 3202 1114 3255 sine
1141 3210 1268 3257 tecto
1288 3203 1442 3258 induc
1461 3206 1514 3259 in
1537 3205 1741 3261 domum
1768 3218 1904 3262 tuam
1930 3209 2081 3282 (lsai.

504 3303 650 3357 Lvm,
675 3291 753 3362 7).
785 3291 853 3346 Et
881 3302 1056 3349 tamen
1083 3296 1232 3365 pueri
1263 3297 1496 3354 evadunt
1518 3300 1585 3356 ab
1603 3303 1774 3358 oculis
1791 3303 2081 3376 paedagogi,

503 3392 560 3440 et
586 3384 813 3441 redeunt
835 3386 902 3442 ad
929 3388 1099 3444 lutum
1136 3389 1350 3456 furtim;
1383 3401 1438 3448 et
1465 3395 1676 3464 quando
1703 3395 2044 3452 inveniuntur
2066 3441 2082 3465 ,

501 3475 836 3533 abscondunt
862 3494 1070 3548 manus,
1103 3496 1172 3536 ne
1207 3481 1508 3556 videantur)
1536 3503 1548 3540 :
1579 3485 1699 3556 quia
1746 3502 1873 3557 ergo
1918 3488 2085 3544 voluit

502 3567 645 3623 Deus
677 3569 695 3600 ¹
717 3610 732 3636 ,
773 3577 960 3639 putant
993 3585 1092 3626 nos
1133 3571 1451 3644 ubicumque
1492 3591 1732 3646 quaerere
1761 3577 1933 3646 idola;
1965 3595 2073 3649 qua

501 3675 623 3716 cum
651 3660 1027 3730 invenerimus,
1057 3664 1110 3720 in
1139 3665 1386 3722 omnibus
1413 3667 1544 3722 locis
1573 3667 1834 3740 frangere.
1871 3671 2074 3738 Quare.

500 3753 616 3808 Non
642 3763 766 3811 ante
791 3769 889 3811 nos
927 3764 1050 3811 sunt
1091 3757 1239 3826 loca,
1287 3759 1341 3814 in
1375 3759 1564 3829 quibus
1606 3762 1760 3816 sunt?
1797 3762 1904 3818 Aut
1955 3779 2080 3820 vere

499 3847 804 3916 ignoramus
833 3847 922 3903 ubi
949 3850 1058 3904 sint
1082 3848 1226 3904 ista?
1253 3849 1322 3904 Et
1351 3858 1525 3906 tamen
1549 3867 1655 3908 non
1670 3851 1894 3909 facimus
1920 3873 1932 3909 :
1957 3857 2078 3927 quia

499 3951 608 3991 non
637 3937 783 3994 dedit
820 3939 874 3993 in
913 3948 1226 4009 potestatem
1259 3942 1418 3998 Deus.
1464 3941 1687 4009 Quando
1726 3945 1817 4000 dat
1853 3947 1994 4003 Deus
2023 3949 2076 4004 in

500 4027 853 4095 potestatem?
894 4028 1115 4095 Quando
1153 4030 1472 4088 christianus
1515 4037 1616 4089 erit
1653 4035 1804 4106 cujus
1842 4052 1929 4093 res
1973 4049 2074 4095 est.

501 4116 658 4173 Modo
683 4117 881 4173 factum
905 4120 1070 4176 voluit
1097 4122 1248 4192 cuius
1272 4139 1360 4179 res
1388 4132 1488 4180 est.
1517 4124 1574 4180 Si
1602 4127 1769 4183 nollet
1795 4129 1966 4198 ipsum
1995 4131 2076 4187 Ιο-

505 4223 624 4264 cum
652 4210 780 4266 dare
808 4211 1079 4280 Ecclesiae,
1106 4223 1161 4270 et
1181 4223 1383 4271 tantum
1405 4217 1616 4288 juberet
1659 4219 1712 4274 in
1750 4235 1810 4277 re
1847 4237 1939 4278 sua
1969 4240 2076 4281 non

503 4316 625 4358 esse
659 4302 832 4370 idola;
863 4313 988 4374 puto
1012 4305 1131 4375 quia
1154 4304 1335 4363 debuit
1373 4324 1578 4364 summa
1605 4297 1886 4370 devotione
1919 4315 2030 4372 fieri
2055 4359 2072 4387 ,

499 4401 561 4448 ut
585 4408 615 4448 a
641 4393 952 4449 Christianis
977 4396 1314 4466 adjuvaretur
1340 4399 1534 4455 absens
1562 4401 1848 4459 christiana
1875 4407 2072 4474 anima,

501 4499 621 4555 qua:
664 4484 719 4540 in
761 4492 900 4541 terra
942 4487 1055 4542 vult
1096 4488 1206 4544 Deo
1242 4490 1439 4560 gratias
1463 4507 1622 4564 agere
1642 4496 1663 4528 ³
1683 4536 1698 4564 ,
1726 4512 1833 4553 non
1861 4498 1974 4555 vult
2002 4500 2074 4556 ibi

495 4575 694 4646 aliquid
736 4591 858 4632 esse
900 4577 954 4632 in
996 4580 1372 4637 contumeliam
1411 4584 1525 4639 Dei.
1552 4585 1668 4642 Huc
1691 4589 1926 4658 accedit,
1951 4591 2074 4661 quia

497 4665 752 4722 Ecclesia:
781 4666 926 4723 dedit
962 4668 1076 4740 ipsa
1115 4669 1249 4726 loca.
1279 4673 1345 4728 Et
1371 4674 1422 4729 in
1450 4691 1509 4731 re
1533 4675 1787 4735 Ecclesia:
1813 4679 1952 4736 idola
1986 4679 2075 4737 fu-

502 4766 614 4812 tura
637 4744 823 4814 erant?
848 4759 1087 4829 Fratres,
1116 4776 1241 4819 ecce
1265 4764 1389 4835 quid
1417 4765 1660 4838 displicet
1685 4770 1926 4844 Paganis.
1967 4774 2072 4830 Pa-

497 4864 615 4904 rum
646 4859 729 4905 est
758 4850 860 4906 illis
883 4851 1005 4921 quia
1029 4851 1096 4909 de
1119 4854 1257 4910 villis
1287 4855 1522 4927 ipsorum
1547 4877 1652 4918 non
1678 4863 1765 4920 illa
1796 4866 2027 4924 tollimus
2052 4912 2069 4939 ,

497 4955 603 4995 non
650 4941 738 4996 illa
785 4940 1115 5014 frangimus:
1143 4954 1198 5001 et
1221 4946 1274 5001 in
1302 4949 1497 5005 nostris
1525 4953 1710 5010 volunt
1750 4971 1811 5010 ea
1849 4960 2071 5016 servari.

496 5031 691 5088 Contra
721 5034 858 5090 idola
888 5036 1237 5106 praedicamus
1260 5081 1275 5106 ,
1305 5041 1372 5097 de
1401 5044 1649 5101 cordibus
1675 5047 1763 5103 illa
1794 5051 2028 5110 tollimus
2055 5072 2070 5109 :

494 5137 680 5180 sumus
707 5136 1074 5195 persecutores
1103 5129 1363 5188 idolorum
1396 5151 1409 5189 :
1451 5138 1779 5205 profitemur.
1809 5141 2072 5217 Numquid

497 5217 836 5273 servatores?
861 5218 976 5274 Non
1003 5220 1137 5277 facio
1163 5223 1252 5279 ubi
1279 5240 1384 5282 non
1415 5241 1666 5297 possum;
1695 5248 1800 5288 non
1827 5235 1965 5292 facio
1984 5238 2074 5294 ubi

498 5312 837 5379 conqueritur
855 5312 1103 5372 dominus
1127 5316 1205 5374 rei
1238 5333 1252 5371 :
1280 5318 1368 5375 ubi
1391 5329 1568 5379 autem
1591 5324 1705 5381 vult
1729 5325 1864 5397 fieri,
1883 5337 1939 5385 et
1954 5345 2077 5402 gra-

498 5401 597 5456 tias
621 5401 755 5472 agit;
783 5418 906 5460 reus
929 5421 1056 5477 ero;
1084 5407 1130 5464 si
1158 5423 1264 5466 non
1287 5407 1487 5470 fecero.

1525 5486 1551 5500 .A
1569 5487 1850 5504 νκυιογν--ς-ηνωε
1873 5488 1880 5510 ι

495 5620 685 5734 waste
707 5619 831 5684 apud
854 5626 962 5723 Iov;
983 5623 1188 5687 additur,
1207 5631 1388 5680 terrere
1409 5642 1520 5694 eos;
1542 5634 1669 5696 quod
1686 5650 1713 5687 a
1729 5642 1921 5693 steteris
1942 5639 2077 5697 libris

479 5828 494 5838 ρ
550 5745 581 5811 s
603 5751 780 5799 οωηθε
798 5754 928 5814 “55,,
949 5750 1145 5818 φιωαλθ
1159 5753 1312 5820 terra,
1330 5754 1459 5808 wide
1475 5755 1574 5816 vult
1587 5766 1690 5817 Deo
1706 5763 1891 5834 gratias
1911 5759 2080 5836 agere;

1760 335 1819 394 S.
1859 333 2228 396 AUGUSTINI
2262 337 2566 400 EPISCOPI

2709 462 2937 526 διεκιιο
2964 470 3126 531 LXltl
3155 481 3176 502 ο
3196 463 3295 554 (α).

2215 542 2298 601 De
2339 549 2496 605 verbis
2533 551 2798 660 Evangelii
2842 562 3071 623 Matt/uri
3092 610 3108 636 ,
3136 542 3273 646 'cap’.
3324 593 3437 650 vui,
3488 584 3683 660 25-37,
3721 597 3792 654 Et

2515 647 2834 708 ascendente
2861 656 3006 712 eoin
3032 663 3356 739 naviculam,
3385 647 3480 730 etc.

2297 732 2348 786 l.
2395 733 2705 809 Navigantes
2757 745 2809 800 in
2855 752 3058 806 saeculo.
3121 756 3199 814 De
3238 732 3467 824 lectione
3521 779 3754 834 recentis
3765 809 3787 822 οι

2214 822 2347 878 sima
2395 831 2905 938 sanctinEvangelii,
2949 843 3183 905 donan‘e
3229 822 3491 926 Domino,

2215 930 2344 1021 vos,
2371 926 2426 973 et
2463 920 2517 975 in
2553 923 2645 979 illo
2685 926 2975 1000 exhortor,
3007 945 3064 990 ut
3114 951 3297 998 contra
3341 920 3794 1021 tempestatesie-t

2213 1003 2400 1105 ﬂuctus
2443 1015 2619 1105 saeculi
2658 1015 2814 1088 hujus
2855 1037 2961 1079 non
3002 1028 3226 1089 dormiat
3269 1035 3401 1094 ﬁdes

2210 1098 2422 1155 vestris.
2451 1100 2566 1157 Non
2594 1105 2735 1162 enim
2764 1126 2950 1170 revera
2980 1117 3234 1180 Dominus
3271 1126 3512 1187 Christus
3555 1146 3786 1194 mortem

2210 1186 2394 1298 habuit
2418 1193 2780 1298 iunpotestatc,
2808 1218 3051 1265 somnum
3069 1229 3175 1269 non
3202 1216 3388 1277 habuit
3407 1223 3460 1278 in

2209 1288 2265 1384 et
2302 1281 2443 1386 forte
2469 1286 2895 1393 (lmnipotentem
2941 1305 3274 1378 navigantem
3319 1281 3536 1375 somnus

2209 1373 2451 1432 invitum.
2481 1379 2594 1437 Hoc
2621 1385 2666 1440 si
2695 1388 3047 1463 credideritis,
3079 1398 3274 1457 dormit
3298 1405 3353 1460 in
3379 1409 3528 1466 vobis
3561 1373 3654 1468 :rsi
3688 1431 3788 1472 au-

2208 1472 2315 1564 tem
2363 1467 2424 1564 in
2467 1471 2615 1564 vobis
2662 1478 2840 1548 vigilat
2877 1483 3138 1555 Christus,
3190 1493 3371 1564 vigilat
3410 1499 3541 1558 fides
3577 1467 3781 1561 vestra.

2207 1555 2490 1656 apostolus
2516 1562 2660 1656 dicit,
2689 1567 2934 1628 Habitare
2957 1576 3209 1636 Christum
3233 1555 3324 1654 ﬁer
3346 1555 3786 1656 [idem—

2207 1647 2297 1743 bus
2320 1654 2491 1708 vestris
2517 1655 2731 1728 (Ep/nes.
2777 1679 2856 1730 ιιι,
2899 1665 3008 1740 17).
3047 1669 3188 1743 Ergo
3226 1647 3281 1730 et
3320 1647 3537 1737 somnus
3585 1647 3791 1743 Christi

2205 1741 2411 1814 signum
2456 1758 2537 1802 est
2582 1757 2918 1811 sacramenti.
2971 1741 3288 1834 Navigantes
3333 1779 3456 1826 sunt
3494 1777 3688 1832 anima:
3725 1779 3788 1833 in

2204 1832 2348 1924 ligno
2371 1839 2620 1896 sacculum
2648 1851 3000 1904 transeuntes.
3015 1832 3185 1910 Etiam
3205 1860 3352 1915 navis
3371 1863 3460 1917 illa
3478 1832 3783 1924 Ecclesiam

2203 1921 2480 1996 figurabat.
2510 1930 2576 1985 Et
2599 1933 2789 2005 singuli
2815 1940 3009 2012 quippe
3030 1947 3226 2016 templa
3243 1961 3370 2007 sunt
3391 1954 3506 2022 Dei,
3532 1921 3595 2012 et

2202 2022 2425 2092 quisque
2453 2025 2506 2078 in
2535 2027 2695 2085 corde
2721 2046 2817 2087 suo
2843 2037 3054 2107 navigat
3080 2055 3096 2094 :
3127 2055 3226 2097 nec
3253 2041 3380 2101 facit
3403 2049 3737 2122 naufragium
3763 2095 3784 2122 ,

2201 2112 2246 2167 si
2271 2114 2411 2170 bona
2433 2119 2647 2188 cogitat.

2269 2204 2324 2258 2.
2353 2205 2668 2267 Excitandus
2695 2213 2920 2273 Christus
2970 2219 3098 2275 inter
3148 2225 3240 2278 ira:
3286 2234 3617 2299 tempestates.
3669 2233 3788 2288 Au-

2199 2294 2323 2352 disti
2353 2303 2662 2368 convicium
2683 2349 2698 2372 ,
2733 2318 2919 2366 ventus
2947 2321 3028 2367 est
3058 2330 3072 2366 :
3104 2316 3268 2372 iratus
3305 2294 3397 2387 es,
3439 2321 3628 2378 ﬂuctus
3672 2335 3781 2381 est.

2201 2387 2370 2487 Vento
2397 2392 2554 2462 igitur
2582 2394 2761 2465 ﬂante,
2781 2399 2941 2460 fluctu
2961 2417 3228 2477 surgente,
3250 2412 3577 2480 periclitatur
3599 2418 3779 2487 navis,

2197 2479 2526 2548 periclitatur
2551 2500 2644 2541 cor
2671 2497 2837 2558 tuum,
2866 2492 3083 2550 fluctuat
3107 2512 3200 2554 cor
3229 2479 3395 2557 tuum.
3423 2504 3620 2562 Audito
3647 2479 3784 2564 con:-

2197 2569 2333 2626 vicio
2375 2573 2630 2631 vindicari
2669 2578 2940 2644 desideras
2969 2602 2981 2637 :
3013 2595 3068 2641 et
3094 2603 3220 2645 ecce
3258 2593 3554 2651 vindicatus
3590 2613 3685 2665 es,
3724 2609 3787 2656 et

2197 2662 2337 2717 malo
2364 2664 2538 2767 a‘lieno
2563 2668 2782 2736 cedens,
2805 2671 2975 2730 fecisti
2991 2678 3340 2751 naufragium.
3363 2685 3426 2739 Et
3444 2703 3609 2767 quam
3633 2662 3737 2758 Hoc
3756 2704 3785 2758 ιζ

2194 2753 2326 2852 quia
2371 2754 2567 2812 dormit
2605 2759 2655 2814 in
2706 2771 2756 2827 te
2801 2762 3061 2833 Christus.
3104 2769 3240 2848 Quid
3269 2795 3382 2852 est,
3411 2753 3608 2846 dormit
3635 2753 3782 2850 iuit;

2193 2847 2474 2913 Christus?
2493 2857 2697 2917 Oblitus
2718 2878 2778 2919 es
2796 2866 3089 2924 Christum.
3116 2847 3300 2929 Excita
3326 2847 3454 2948 ergo
3473 2847 3776 2956 Christum;

2194 2947 2474 3005 recordare
2500 2949 2798 3024 Christum,
2840 2959 3051 3030 evigilet
3094 2963 3151 3018 in
3191 2974 3242 3020 te
3273 2947 3558 3027 Christus:
3590 2947 3779 3035 consi;

2192 3035 2319 3092 dera
2365 3039 2534 3098 illum.
2580 3044 2716 3112 Quid
2763 3049 3021 3106 volebas?
3054 3053 3338 3112 Vindicari.
3381 3048 3591 3120 Eiicidit
3629 3068 3773 3139 tibi,

2191 3131 2312 3199 quia
2343 3131 2455 3202 ipse
2481 3149 2600 3189 cum
2623 3139 3018 3211 crucifigeretur
3037 3145 3208 3203 dixit:
3234 3149 3405 3221 Pater,
3427 3156 3629 3226 ignosce
3641 3131 3773 3224 illis;

2190 3222 2306 3316 quia
2335 3225 2559 3279 nesciunt
2587 3229 2709 3298 quid
2745 3233 2938 3300 faciunt
2967 3233 3114 3307 (Luc.
3151 3255 3312 3309 mn,
3342 3222 3474 3316 54):?
3508 3247 3610 3316 Qui
3643 3222 3778 3309 dor;

2189 3310 2383 3366 miebat
2410 3313 2462 3368 in
2493 3316 2655 3372 corde
2693 3328 2814 3388 tuo,
2856 3323 3023 3379 noluit
3051 3327 3326 3386 vindicari.
3359 3310 3553 3393 sicui
3573 3339 3728 3398 illum
3749 3385 3772 3413 ,

2188 3402 2363 3458 recole
2392 3403 2561 3460 illum.
2587 3407 2839 3466 Memoria
2866 3413 3050 3483 ipsius,
3081 3419 3300 3476 verbum
3325 3424 3492 3494 ipsius
3520 3445 3534 3482 :
3561 3402 3780 3490 meme:

2187 3493 2263 3593 ria
2295 3493 2478 3594 ipsius,
2503 3497 2671 3567 jussio
2696 3501 2880 3571 ipsius.
2904 3504 2972 3560 Et
3007 3507 3151 3566 dices
3201 3493 3361 3582 apud
3390 3524 3461 3585 te,
3494 3521 3540 3575 si
3583 3522 3774 3594 vigilat

2186 3582 2239 3674 in
2271 3592 2322 3638 te
2350 3585 2592 3644 Christus
2622 3608 2634 3644 :
2660 3589 2842 3658 Qualis
2865 3611 2964 3666 ego
2987 3596 3169 3669 homo,
3199 3605 3288 3674 qui
3317 3582 3722 3672 volo'vindicari
3744 3618 3772 3672 ?

2187 3673 2284 3765 Qui
2313 3689 2428 3732 sum
2459 3694 2578 3750 ego,
2606 3683 2694 3752 qui
2724 3684 2778 3740 in
2800 3685 3069 3746 hominem
3093 3673 3282 3753 exsero
3299 3703 3772 3765 comminationes?

2184 3763 2380 3823 Morior
2426 3771 2561 3828 forte
2607 3775 2887 3848 antequam
2918 3782 3172 3842 vindicer.
3201 3788 3270 3845 Et
3305 3807 3426 3849 cum
3461 3763 3769 3869 anhelans,

2184 3858 2262 3914 ira
2292 3860 2678 3932 inflammatus,
2711 3878 2764 3924 et
2793 3870 2978 3929 sitiens
3010 3875 3317 3951 vindictam,
3345 3886 3526 3943 exiero
3550 3888 3617 3946 de
3638 3858 3770 3949 cor:

2182 3966 2311 4022 pore
2333 3996 2349 4023 ,
2400 3972 2504 4012 non
2546 3974 2634 4015 me
2675 3964 2894 4035 suscipit
2915 3967 3002 4023 ille
3025 3972 3114 4040 qui
3139 3974 3309 4031 noluit
3335 3978 3622 4038 vindicari:
3651 4002 3765 4043 nou

2181 4060 2269 4145 me
2297 4049 2514 4145 suscipit
2551 4053 2643 4109 ille
2677 4056 2766 4126 qui
2808 4057 2958 4128 dixit,
3001 4061 3152 4134 Date,
3184 4080 3231 4122 et
3256 4070 3455 4129 dabitur
3472 4076 3644 4145 vobis;
3674 4083 3762 4137 di-

2181 4137 2396 4208 mittite,
2447 4150 2494 4195 et
2540 4142 2815 4202 dimittetur
2860 4150 2994 4206 vobis
3032 4153 3182 4227 (Luc.
3220 4175 3292 4229 vi,
3332 4165 3434 4233 57,
3471 4170 3585 4241 58).
3618 4137 3768 4246 iirgo

2184 4241 2516 4298 compescam
2544 4251 2632 4291 me
2651 4237 2718 4292 ab
2746 4241 3016 4300 iracundia
3042 4263 3182 4317 mea,
3211 4260 3267 4307 et
3300 4256 3485 4315 redibo
3510 4237 3576 4316 ad
3605 4237 3765 4334 quic-

2183 4328 2290 4376 tem
2330 4325 2506 4381 cordis
2547 4329 2671 4385 mei.
2717 4329 3003 4404 Imperavit
3047 4340 3286 4402 Christus
3313 4351 3465 4419 mari,
3497 4325 3636 4411 facta
3677 4369 3766 4414 est

2182 4415 2556 4484 tranquillitas.

2253 4505 2307 4560 ὅ.
2340 4504 2630 4602 imperante
2663 4512 2862 4572 Christo
2905 4520 2982 4588 ‘ﬁt
3033 4528 3393 4598 tranquillitas.
3456 4534 3608 4602 Quod
3661 4555 3764 4596 au-

2181 4604 2290 4653 tem
2325 4598 2440 4655 dixi
2479 4601 2546 4658 ad
2586 4603 2931 4680 iracundiam,
2976 4613 3079 4670 hoc
3124 4625 3296 4675 tenete
3321 4645 3324 4648 ~
3348 4598 3662 4694 regulariter
3706 4631 3762 4686 in

2179 4689 2424 4746 omnibus
2452 4695 2829 4754 tentationibus
2853 4703 3062 4759 vestris.
3093 4706 3225 4764 Nata
3250 4719 3332 4766 est
3358 4689 3596 4782 tentatio,
3624 4735 3761 4776 vcn-

2178 4787 2265 4834 tus
2293 4789 2376 4837 est
2400 4799 2412 4836 :
2442 4785 2681 4844 turbatus
2705 4803 2764 4844 es
2785 4832 2800 4858 ,
2840 4790 3032 4850 ﬂuctus
3075 4807 3171 4854 est.
3219 4800 3404 4860 Excita
3442 4806 3716 4865 Christum
3745 4855 3762 4878 ,

2180 4869 2426 4942 loquatur
2453 4885 2645 4933 tecum.
2678 4881 2804 4947 Quis
2831 4893 2904 4940 est
2929 4886 3030 4957 hic,
3059 4893 3260 4961 quando
3297 4905 3343 4950 et
3381 4900 3512 4953 venti
3545 4911 3590 4955 et
3621 4869 3766 4960 mare

2181 4965 2416 5022 obediunt
2453 4970 2542 5026 ei?
2579 4971 2707 5038 Quis
2734 4985 2818 5031 est
2856 4977 2974 5048 hic,
3015 4983 3100 5038 cui
3134 4985 3348 5044 obaudit
3375 4993 3560 5048 mare?
3590 4993 3768 5064 ipsius

2180 5068 2262 5114 est
2293 5075 2473 5127 mare,
2514 5069 2569 5118 et
2607 5065 2720 5134 ipse
2756 5067 2878 5125 fecit
2921 5072 3049 5128 illud
3089 5074 3262 5144 (Psat.
3294 5096 3433 5150 κων,
3459 5085 3536 5156 5).
3569 5086 3769 5146 Omnia

2179 5163 2276 5220 per
2297 5150 2468 5220 ipsum
2495 5152 2628 5208 facta
2655 5165 2777 5211 sunt
2802 5157 2977 5230 (Joan.
3006 5179 3057 5232 ι,
3094 5165 3172 5240 ὅ).
3200 5167 3366 5241 Magis
3393 5150 3600 5232 imitare
3630 5194 3770 5235 ven-

2181 5247 2265 5297 tos
2289 5250 2341 5298 et
2364 5259 2511 5300 mare
2532 5261 2544 5299 ε
2563 5244 2870 5318 obtempera
2892 5250 3150 5311 Creatori.
3176 5257 3288 5316 Sub
3297 5261 3539 5332 jussioue
3558 5267 3766 5328 Christi

2179 5348 2327 5388 mare
2363 5334 2544 5406 audit,
2585 5347 2639 5392 ct
2665 5345 2718 5393 tu
2745 5342 2936 5398 surdus
2958 5347 3219 5406 esfhiarc
3256 5354 3444 5426 audit,
3482 5369 3536 5415 et
3569 5374 3768 5422 ventus

2181 5436 2372 5493 cessat,
2401 5437 2455 5483 et
2485 5437 2538 5483 tu
2568 5429 2792 5525 sufilas?
2818 5435 2992 5501 Quid?
3029 5439 3155 5497 Dico
3173 5484 3188 5511 ,
3231 5443 3389 5515 facio,
3418 5449 3558 5522 fingo
3588 5473 3600 5507 :
3633 5459 3768 5525 quid

2181 5525 2264 5572 est
2287 5517 2429 5572 aliud
2459 5519 2559 5573 nisi
2584 5519 2816 5590 sumare,
2842 5534 2896 5580 et
2921 5526 3020 5582 sub
3046 5532 3208 5587 verbo
3241 5533 3439 5594 Christi
3467 5517 3610 5599 mille
3639 5517 3767 5603 ces-

2176 5652 2263 5764 ω*
2290 5657 2359 5700 tiu
2381 5665 2421 5700 nc
2452 5667 2730 5709 sermonem
2769 5672 2863 5708 non
2888 5661 3159 5720 invenimus
3182 5678 3259 5721 est
3295 5672 3391 5724 nisi
3426 5676 3544 5728 Edit.
3579 5684 3684 5729 Par.
3716 5692 3768 5733 ct

2240 5727 2288 5764 v.

2240 5727 2288 5764 ν.

2243 5776 2316 5847 (α)
2347 5776 2491 5852 Alias,
2512 5779 2545 5833 5
2563 5779 2688 5837 lutet
2709 5781 2895 5844 additos
2912 5797 2944 5845 ι
2963 5789 3356 5881 Parium.»
