4032 6332
267 381 374 438 425

263 496 422 552 sare?
459 494 578 553 Non
603 510 701 552 vos
723 493 902 550 vincat
927 491 1120 550 ﬂuctus
1155 490 1210 550 in
1244 494 1645 566 perturbatione
1671 497 1850 556 cordis

260 588 444 644 vestri.
472 588 578 645 Sed
603 596 780 644 tamen
810 587 931 660 quia
955 587 1200 643 homines
1228 601 1433 659 sumus,
1459 590 1505 646 si
1533 597 1724 648 ventus
1751 591 1854 646 im-

262 681 475 750 pulerit,
498 682 544 735 si
568 680 816 736 affectum
838 681 1032 736 animae
1051 690 1248 736 nostra:
1273 681 1520 751 moverit,
1534 698 1640 738 non
1659 683 1852 754 despe-

258 786 437 826 remus
469 788 483 824 :
513 772 784 828 Christum
825 773 1151 840 excitemus,
1202 779 1260 829 ut
1295 773 1351 829 in
1390 775 1674 845 tranquillo
1703 775 1853 831 navi-

262 877 472 934 gemus,
506 873 562 920 et
588 863 654 920 ad
683 865 910 935 patriam
937 865 1239 922 veniamus.
1270 863 1530 923 Conversi
1559 865 1628 922 ad
1663 866 1850 923 Domi~

258 973 409 1025 num,
443 967 550 1014 etc.
1717 964 1720 967 ’

725 1052 953 1111 sumre
992 1053 1153 1110 LXIV
1179 1059 1199 1079 ί
1243 1054 1342 1127 (α).

251 1139 330 1197 De
363 1144 531 1199 verbis
570 1143 834 1217 Evangelii
882 1145 1136 1214 Mattluei,
1179 1162 1294 1217 cap.
1337 1161 1394 1216 x,
1438 1144 1523 1213 16,
1569 1143 1710 1200 Ecce
1747 1157 1850 1216 ego

340 1237 500 1292 mitto
528 1251 625 1293 vos
653 1238 789 1292 sicut
812 1253 940 1294 oves
969 1239 1023 1294 in
1053 1239 1232 1295 medio
1256 1238 1524 1310 luporum,
1545 1246 1639 1293 etc.
1665 1236 1761 1311 (b).

570 1327 783 1383 Habitus
809 1330 863 1383 in
893 1330 1206 1385 solemnitate
1233 1328 1539 1401 Martyrum.

321 1417 556 1475 CAPUT
606 1418 891 1476 PRIMUM.
939 1450 1011 1462 —-
1061 1421 1116 1476 1.
1163 1420 1298 1493 Lupi
1355 1436 1468 1475 oves
1535 1421 1676 1493 facti.
1732 1419 1848 1476 Au-

249 1509 430 1579 distis,
467 1511 690 1578 fratres,
731 1529 855 1570 cum
897 1522 1140 1570 sanetum
1179 1514 1524 1586 Evangelium
1559 1515 1845 1584 legeretur,

246 1604 706 1673 quemadmodum
728 1606 986 1663 Dominus
1011 1617 1194 1664 noster
1221 1607 1378 1664 Jesus
1406 1607 1650 1664 Christus
1687 1607 1848 1664 disci-

247 1697 398 1766 plina
437 1711 533 1751 sua
570 1706 833 1770 martyres
860 1714 987 1755 suos
1015 1699 1444 1756 corroboraverit
1468 1699 1690 1756 dicens:
1715 1698 1849 1754 Ecce

244 1808 342 1862 ego
370 1791 517 1848 mitto
541 1809 627 1848 vos
643 1794 772 1848 sicut
796 1811 910 1849 oves
928 1795 982 1849 in
1006 1795 1172 1850 medio
1194 1795 1451 1864 luporum.
1473 1793 1842 1861 Considerate,

241 1882 445 1939 fratres
470 1885 599 1948 mei,
629 1884 756 1955 quid
784 1884 963 1940 faciat.
1007 1885 1064 1942 Si
1105 1901 1241 1941 unus
1283 1886 1440 1957 lupus
1480 1886 1621 1941 inter
1649 1886 1846 1941 multas

241 1991 379 2031 oves
418 1977 635 2044 veniat,
686 1987 1110 2048 quantacumque
1155 1980 1261 2032 sint
1292 1979 1470 2033 ovium
1514 1977 1708 2045 millia,
1738 1991 1845 2032 uno

243 2067 379 2138 lupo
398 2069 456 2121 in
476 2068 653 2124 medio
673 2069 1026 2124 turbabuntur
1050 2087 1062 2123 :
1087 2079 1141 2125 et
1163 2070 1209 2126 si
1225 2085 1331 2124 non
1349 2084 1537 2126 omnes
1553 2068 1840 2136 laniantur,

242 2174 442 2214 omnes
467 2168 644 2215 tamen
679 2168 966 2216 terrentur.
996 2160 1178 2228 Qualis
1217 2148 1346 2232 ergo
1382 2169 1496 2217 erat
1536 2161 1636 2216 ista
1667 2159 1840 2228 ratio,

241 2253 409 2322 quale
433 2253 736 2320 consilium,
765 2255 940 2326 qualis
980 2264 1234 2325 potestas,
1278 2269 1378 2311 nec
1404 2255 1585 2324 lupum
1611 2253 1678 2309 ad
1711 2267 1846 2308 oves

238 2343 554 2412 admittere,
583 2344 678 2400 sed
707 2347 760 2400 in
786 2346 941 2416 lupos
979 2361 1108 2401 ovcs
1136 2345 1388 2402 mittere?
1419 2345 1591 2412 Mitto,
1633 2345 1842 2417 inquit,

238 2451 337 2489 eos
375 2437 509 2490 sicut
536 2452 650 2492 oves
680 2437 736 2490 in
771 2437 938 2491 medio
965 2437 1204 2508 luporum
1236 2453 1256 2491 :
1284 2453 1392 2493 non
1424 2437 1490 2493 ad
1521 2437 1719 2492 limites
1758 2436 1844 2490 lu-

241 2542 442 2596 porum
469 2569 485 2594 ,
531 2527 626 2584 sed
667 2529 721 2583 in
760 2530 922 2584 medio
965 2531 1218 2600 luporum.
1272 2529 1401 2584 Erat
1441 2544 1570 2600 ergo
1600 2529 1845 2598 luporum

238 2635 466 2691 agmen,
512 2637 643 2678 oves
694 2637 896 2692 paucae.
930 2622 1064 2677 Cum
1102 2622 1247 2676 enim
1291 2621 1444 2676 inulti
1481 2621 1591 2692 lupi
1627 2620 1844 2677 occide-

237 2721 372 2767 rent
400 2727 598 2783 paucas
625 2727 754 2770 oves
777 2755 792 2780 ,
831 2714 1074 2770 conversi
1118 2722 1241 2768 sunt
1286 2712 1418 2784 lupi,
1459 2722 1514 2769 et
1551 2711 1678 2770 facti
1721 2722 1848 2770 sunt

240 2817 380 2860 oves
407 2806 450 2858 ⁸.

322 2895 379 2949 2.
439 2894 589 2950 Unde
631 2895 820 2966 ﬁducia
869 2897 1145 2952 christiano
1172 2897 1304 2952 inter
1331 2899 1495 2969 lupos.
1552 2897 1844 2954 Audiamus

242 3001 378 3058 ergo
406 2987 538 3058 quid
564 2989 790 3056 monuit,
839 2989 927 3059 qui
971 3004 1197 3045 coronas
1242 2991 1505 3061 promisit,
1537 2997 1591 3046 et
1618 3006 1842 3062 agonem

242 3078 544 3148 pramisit;
577 3089 629 3135 et
653 3081 744 3151 qui
773 3089 1047 3152 exspeth
1089 3091 1359 3138 certantes
1383 3125 1398 3152 ,
1443 3082 1659 3155 adjuvat
1694 3084 1844 3140 labo—

240 3182 456 3228 rantes.
484 3170 793 3244 Cujusmodi
822 3183 1091 3229 certamen
1122 3175 1350 3230 indixit?
1378 3173 1588 3245 Estote,
1629 3177 1840 3248 inquit,

243 3266 404 3321 astuti
446 3274 503 3319 ut
541 3276 834 3337 serpentes,
877 3276 923 3322 et
963 3266 1214 3338 simplices
1263 3268 1391 3322 sicut
1430 3267 1696 3324 columbae.
1727 3270 1844 3328 Hoc

193 3427 196 3430 _
243 3357 338 3426 qui
368 3356 696 3414 intellexerit
723 3366 777 3414 et
801 3357 1060 3424 tenuerit,
1078 3372 1298 3413 securus
1316 3359 1557 3427 moritur,
1587 3361 1709 3431 quia
1733 3376 1842 3418 non

243 3450 530 3505 morietur.
572 3449 741 3506 Nemo
767 3450 909 3505 enim
939 3449 1101 3506 debet
1129 3465 1350 3507 securus
1380 3452 1518 3507 mori
1546 3454 1589 3520 ³,
1619 3454 1722 3510 nisi
1748 3454 1840 3525 qui

244 3555 306 3596 se
336 3542 548 3597 noverit
571 3543 647 3597 sic
672 3543 1010 3610 moriturum,
1045 3550 1103 3598 ut
1141 3557 1286 3600 mors
1325 3543 1379 3599 in
1418 3543 1510 3600 illo
1537 3545 1797 3600 moriatur
1817 3587 1835 3614 ,

243 3633 355 3688 vita
374 3642 681 3689 coronetur.

315 3725 549 3782 CAPUT
585 3725 632 3781 ll
659 3755 728 3766 —
749 3727 802 3781 5.
832 3726 1094 3797 Serpentis
1127 3727 1314 3782 astutia
1347 3722 1596 3798 quomodo
1633 3729 1842 3786 imitan-

242 3819 333 3874 da.
379 3819 757 3890 Quapropter,
803 3818 1098 3876 charissimi
1125 3861 1140 3887 ,
1188 3819 1558 3890 exponendum
1608 3831 1693 3877 est
1741 3838 1839 3877 vo-

245 3910 350 3977 bis,
375 3912 623 3981 quamvis
653 3910 778 3966 hinc
792 3910 903 3980 jam
922 3911 1116 3981 saepius
1142 3911 1457 3980 dixerimus,
1477 3913 1604 3983 quid
1633 3913 1702 3968 sit
1719 3927 1839 3971 esse

243 4002 519 4072 simplices
562 4012 622 4057 ut
668 4002 962 4067 columbae,
1007 4003 1166 4057 astuti
1202 4011 1261 4057 ut
1302 4011 1598 4074 serpentes.
1635 4003 1692 4060 Si
1727 4003 1838 4075 jam

243 4096 563 4164 simplicitas
590 4095 957 4150 columbarum
981 4094 1175 4150 indicta
1201 4103 1283 4149 est
1303 4095 1476 4163 nobis,
1502 4096 1695 4150 astutia
1724 4110 1838 4152 ser-

241 4191 422 4259 pentis
455 4187 585 4259 quid
613 4187 741 4243 facit
768 4189 820 4242 in
844 4187 1102 4243 columba:
1132 4187 1467 4257 simplicitate
1482 4187 1506 4241 ?
1521 4189 1658 4244 Amo
1677 4189 1731 4244 in
1747 4204 1840 4244 co-

245 4279 425 4336 lumba
453 4279 596 4351 quod
635 4280 705 4335 fel
745 4295 851 4334 non
892 4279 1088 4335 habet:
1121 4278 1282 4334 timeo
1313 4279 1367 4334 in
1407 4288 1658 4350 serpente
1692 4281 1836 4355 quod

243 4385 509 4427 venenum
539 4371 719 4427 habet.
752 4371 870 4426 Noli
905 4388 969 4426 ex
1003 4371 1146 4426 omni
1181 4380 1331 4441 parte
1364 4370 1585 4427 horrere
1615 4387 1838 4443 serpen-

244 4469 350 4517 tem
374 4481 388 4516 :
409 4461 572 4518 habet
585 4461 731 4532 quod
755 4461 954 4530 oderis,
983 4461 1141 4517 habet
1164 4461 1306 4532 quod
1335 4462 1576 4518 imiteris.
1602 4462 1835 4535 Serpens

243 4554 387 4610 enim
426 4570 552 4611 cum
587 4553 747 4610 fuerit
785 4561 1060 4610 senectute
1105 4563 1483 4626 praegravatus,
1521 4565 1576 4612 et
1604 4559 1834 4615 senserit

284 4726 326 4794 _'
348 4731 486 4777 nunc
505 4736 788 4777 sermonem
827 4723 1035 4776 vidimus
1056 4725 1116 4774 ad
1147 4733 1230 4775 Ms.
1264 4737 1357 4775 rm.
1384 4732 1438 4778 et
1477 4727 1606 4790 apud
1627 4733 1738 4781 Lov.
1780 4739 1834 4782 et

242 4793 436 4922 “gntae
457 4851 563 4922 ipse
579 4862 758 4922 sermo.
773 4851 840 4922 in.
853 4849 1148 4922 vigueriano
1177 4847 1521 4922 supplemento
1533 4888 1548 4913 ,
1573 4853 1659 4902 ubi
1684 4867 1832 4922 excu-

242 4922 330 4960 sm
347 4913 440 4961 sub
471 4911 567 4962 isto
589 4912 794 4962 exordio
815 4911 995 4975 fuerat,
1022 4911 1298 4975 meritoriam
1332 4911 1602 4975 martyrum
1623 4916 1832 4968 celebra.

241 4985 348 5023 πηιε
365 5009 400 5048 ι.
431 4982 550 5048 εις-ν
582 4975 734 5048 habet
762 4976 864 5048 ,ξιοο
899 4965 1006 5048 1906
1033 4972 1430 5048 ξλιέἀίωπξιευωῖξι.
1457 4965 1828 5048 “summa?

243 5035 470 5106 Qualibus
493 5044 650 5086 tamen
674 5035 870 5106 dicitur,
894 5041 940 5086 et
962 5035 1044 5100 qui
1075 5035 1226 5106 futuri
1256 5035 1463 5106 erantin
1485 5035 1685 5106 Domino
1721 5055 1829 5106 erg.

242 5096 393 5150 ditari
417 5105 526 5150 mite
553 5113 638 5162 nos
675 5106 720 5150 et
759 5096 864 5162 post
905 5096 1017 5158 nos,
1057 5098 1270 5151 cautibus
1306 5097 1512 5159 dicitur,
1554 5101 1698 5152 [tritis
1718 5105 1831 5155 odio

240 5163 458 5212 erratibus
476 5161 691 5228 gentibus
718 5168 913 5273 pryter
935 5173 1106 5211 nomen
1140 5174 1319 5232 metuit.
1355 5169 1448 5231 Per
1478 5174 1640 5214 omnes
1667 5173 1830 5235 gentes

242 5221 407 5273 futura
427 5222 638 5273 Ecclesia
671 5237 777 5273 ora:
813 5223 941 5273 icata
971 5229 1039 5273 est
1081 5234 1097 5272 :
1133 5229 1255 5273 sicut
1286 5234 1570 5273 promissam
1608 5226 1825 5273 lemmus-

241 5221 407 5298 [satura
421 5221 638 5298 Ecclesia
671 5221 941 5294 praedicata
969 5229 1039 5298 est
1079 5222 1255 5298 {sicut
1286 5221 1576 5298 promissam
1608 5221 1825 5298 legimus,

239 5285 311 5334 ita
342 5285 588 5348 redditam
622 5285 862 5338 cemimus
882 5323 897 5347 ,
936 5290 982 5335 et
1017 5289 1126 5336 sunt
1155 5285 1316 5336 omnes
1329 5293 1491 5348 gentes
1529 5285 1824 5341 christime

241 5352 390 5418 Aratea
412 5347 614 5398 oderant
635 5362 729 5418 eos
742 5361 902 5418 crimes
915 5353 1083 5418 gentes
1110 5354 1303 5412 propter
1326 5347 1496 5418 npmen
1517 5349 1622 5412 ejus
1645 5363 1664 5402 :
1686 5353 1830 5403 modo

240 5415 412 5481 agitem.
428 5423 595 5460 armes
622 5415 781 5476 gentes
802 5408 1073 5481 clarificant
1320 5408 1441 5481 ejus,
1456 5408 1634 5481 Agentes
1668 5425 1829 5481 onmes
1870 5423 1874 5426 '

241 5469 523 5522 divinitate
554 5469 751 5530 germen
774 5469 998 5522 Ecclesia
1028 5471 1277 5523 catholica:
1314 5469 1409 5523 toto
1428 5469 1691 5526 terrarum
1714 5478 1828 5530 orbe

241 5531 738 5607 άὶθῖτιξωμυᾷἱᾳηωξ
757 5547 874 5607 ergo
900 5532 1017 5598 quid
1045 5535 1363 5607 pwnuit,_etc.
1409 5597 1418 5607 .

307 5598 327 5625 ι
349 5598 764 5675 ,κθωίεἱθηείε
795 5597 941 5675 vetus
953 5597 1127 5675 Achex
1146 5604 1204 5675 et
1226 5597 1739 5675 vigueriusaathlcvq
1774 5609 1829 5675 et.

241 5657 467 5727 terruerit,
487 5657 685 5710 secta-us
704 5658 926 5710 moritur.
946 5659 1058 5721 Quis
1079 5664 1240 5710 autem
1259 5657 1459 5711 securus
1478 5661 1701 5727 maritur,
1727 5657 1828 5718 "nisi

241 5719 326 5784 qui
343 5735 413 5783 se,
443 5729 538 5773 etc.

325 5807 377 5867 ᾳ)
409 5805 553 5867 Alias,
575 5807 642 5857 de
656 5807 875 5857 Diversis
895 5805 1003 5856 119.

330 5817 356 5852 α
409 5807 553 5867 Alias,
575 5807 642 5857 de
656 5807 875 5857 Diversis
895 5807 1003 5856 119.

330 5807 379 5934 ὁ)
410 5875 605 5922 notatur
628 5871 680 5919 in
700 5869 895 5920 Possidii
915 5869 1143 5931 Indiculo,
1167 5880 1272 5934 cap.
1296 5869 1345 5922 8.

525 5951 772 6048 εκτει-ἒ
783 5953 1079 6050 -Auausr.
1107 5954 1166 6020 V

1705 380 1939 443 SERMO
1975 383 2136 442 LXV.

1960 497 2172 571 pondus
2195 504 2496 572 vetustatis,
2534 515 2773 566 coarctat
2795 523 2858 568 se
2885 525 2985 584 per
3019 526 3329 587 cavernam,
3363 525 3422 576 et
3451 517 3552 576 de-

1956 594 2106 662 ponit
2148 595 2381 652 tunicam
2423 607 2680 670 veterem,
2707 612 2767 659 ut
2791 619 2964 662 novus
2999 608 3202 665 exultet
3243 610 3284 664 ¹.
3324 609 3544 670 Imitare

1953 685 2122 756 illum,
2153 688 2467 759 christiane,
2500 694 2592 764 qui
2632 695 2783 752 audis
2818 696 3088 757 Christum
3123 701 3411 773 dicentem,
3445 705 3516 761 In
3534 746 3540 748 --

1954 786 2084 834 trate
2109 797 2199 851 per
2231 795 2498 855 angustam
2525 797 2724 857 portam
2747 789 2963 860 (Matth.
2986 811 3074 861 vn,
3111 796 3224 866 15).
3252 797 3320 852 Ει
3341 798 3540 857 Paulus

1952 873 2227 942 apostolus
2263 875 2357 932 tibi
2381 876 2550 934 dicit:
2584 879 2770 936 Exuite
2795 899 2881 939 vos
2917 896 3126 943 veterem
3151 889 3402 946 hominem
3426 909 3545 948 cum

1951 964 2144 1019 actibus
2191 969 2327 1036 suis,
2375 980 2420 1024 et
2446 971 2638 1027 induite
2671 991 2854 1030 novum
2891 977 3122 1049 (Coloss.
3155 998 3233 1050 ιιι,
3270 983 3324 1046 9,
3368 985 3456 1052 10,
3494 993 3545 1043 et

1951 1054 2145 1127 Ephes.
2169 1075 2242 1127 ιν,
2273 1060 2363 1129 22,
2391 1061 2504 1133 24).
2530 1063 2706 1121 Habes
2729 1082 2857 1139 ergo
2885 1070 3028 1140 quod
3073 1071 3296 1129 imiteris
3333 1074 3386 1129 in
3428 1091 3544 1131 ser—
3601 1105 3604 1112 λ

1951 1160 2132 1219 pente.
2162 1151 2282 1208 Noli
2309 1155 2445 1210 mori
2470 1172 2568 1227 pro
2593 1167 2879 1228 vetustate,
2917 1163 3012 1218 sed
3050 1179 3148 1234 pro
3173 1167 3414 1222 veritate.
3439 1167 3544 1235 Qui

1949 1242 2175 1298 moritur
2201 1259 2299 1313 pro
2322 1248 2604 1304 commodo
2626 1252 2939 1319 temporali,
2985 1268 3084 1322 pro
3126 1265 3388 1313 vetustate
3425 1273 3544 1314 mo-

1950 1331 2108 1386 ritur.
2165 1332 2301 1389 Cum
2349 1344 2529 1392 autem
2591 1349 2784 1396 exutus
2837 1342 2998 1399 fueris
3051 1347 3194 1400 omni
3241 1347 3340 1402 ista
3384 1357 3541 1404 vetu-

1949 1431 2108 1493 state,
2143 1424 2380 1483 imitatus
2403 1443 2464 1484 es
2490 1430 2736 1486 astutiam
2761 1434 3046 1500 serpentis.
3073 1435 3284 1492 imitare
3311 1438 3457 1494 illum
3487 1447 3544 1497 et

1949 1515 2006 1571 in
2043 1516 2187 1576 hoc:
2220 1533 2374 1574 serva
2421 1531 2580 1592 caput
2615 1531 2786 1580 tuum.
2827 1524 2966 1593 Quid
3011 1536 3124 1596 est,
3180 1544 3336 1585 serva
3382 1536 3544 1605 caput

1949 1616 2096 1664 tuum
2114 1611 2138 1663 ?
2153 1609 2300 1666 Tene
2326 1611 2466 1682 apud
2488 1620 2537 1668 te
2561 1612 2856 1672 Christum.
2873 1617 2930 1674 Si
2946 1620 3081 1676 forte
3094 1621 3286 1692 aliquis
3302 1633 3544 1684 vestrum

1948 1699 2177 1754 advertit
2202 1701 2508 1772 aliquando,
2540 1719 2660 1760 cum
2695 1707 2925 1765 voluerit
2951 1711 3226 1767 colubrum
3255 1715 3499 1771 occidere
3519 1757 3540 1786 ,

1948 1793 2218 1862 quomodo
2243 1809 2341 1864 pro
2371 1797 2546 1866 capite
2574 1813 2672 1854 suo
2707 1807 2880 1856 totum
2908 1817 3104 1876 corpus
3132 1805 3316 1876 objicit
3348 1808 3543 1866 ictibus

1949 1881 2204 1938 ferientis.
2229 1885 2362 1940 illud
2383 1887 2434 1941 in
2457 1902 2516 1942 se
2537 1889 2689 1946 feriri
2709 1907 2816 1947 non
2841 1893 2975 1959 vult,
3009 1895 3098 1951 ubi
3125 1912 3184 1952 se
3211 1899 3357 1954 novit
3376 1899 3544 1958 vitam

1949 1974 2168 2031 habere.
2200 1977 2266 2033 Et
2290 1977 2534 2036 Christus
2561 1981 2668 2036 vita
2694 1994 2875 2040 nostra
2895 1994 2995 2042 est.
3028 1987 3146 2059 Ipse
3175 1989 3318 2046 enim
3356 1991 3491 2047 dixit
3521 2011 3539 2049 :

1947 2065 2061 2137 Ego
2088 2082 2200 2122 sum
2230 2069 2328 2138 via,
2361 2081 2411 2124 et
2435 2073 2638 2140 teritas,
2671 2083 2718 2129 et
2742 2076 2841 2130 vita
2870 2077 3044 2150 (Joan.
3073 2096 3180 2147 xiv,
3205 2081 3281 2152 6).
3317 2084 3456 2139 Audi
3484 2092 3542 2141 et

1945 2158 2261 2231 Apostolum
2295 2181 2309 2218 :
2342 2162 2508 2235 Caput
2557 2167 2650 2220 viri
2694 2167 2923 2227 Christus
2962 2180 3034 2226 est
3073 2173 3132 2244 (l
3177 2172 3295 2229 Cor.
3338 2193 3412 2242 x1,
3457 2175 3540 2250 '5).

1947 2250 2048 2319 Qui
2070 2267 2197 2324 ergo
2221 2252 2496 2312 Christum
2537 2271 2713 2314 servat
2753 2261 2808 2316 in
2850 2277 2908 2319 se
2932 2305 2947 2331 ,
2979 2273 3139 2336 caput
3175 2283 3330 2325 suum
3358 2279 3538 2328 servat

1946 2357 2046 2413 pro
2074 2359 2152 2399 se.

2018 2435 2243 2493 CAPUT
2283 2437 2370 2494 ΙΙΙ.
2407 2471 2477 2481 —-
2514 2443 2569 2497 4.
2622 2441 2876 2499 Columba:
2918 2447 3216 2518 simplicitas
3266 2445 3543 2509 imitanda.

1945 2525 2063 2582 Jam
2103 2543 2232 2583 vero
2273 2530 2397 2600 quid
2433 2547 2566 2601 opus
2609 2543 2690 2589 est
2729 2540 3107 2598 commendare
3145 2545 3325 2600 multis
3361 2548 3541 2603 verbis

1947 2618 2342 2688 simplicitatem
2367 2622 2778 2680 columbarum?
2809 2627 3053 2685 Cavenda
3091 2635 3232 2688 enim
3264 2647 3415 2691 erant
3443 2655 3540 2694 ve-

1946 2727 2084 2768 nena
2113 2715 2413 2784 serpentis;
2456 2717 2526 2770 ibi
2572 2717 2797 2775 imitatio
2839 2723 3277 2796 periclitabatur,
3324 2730 3395 2785 ibi
3423 2738 3538 2786 erat

1947 2805 2087 2875 quod
2115 2806 2393 2862 timeretur
2420 2825 2431 2861 :
2456 2810 2756 2867 columbam
2777 2829 2903 2870 vero
2930 2832 3150 2875 securus
3180 2820 3409 2878 imitare.
3442 2825 3541 2878 At-

1947 2899 2106 2955 tende
2131 2901 2408 2956 columbas
2437 2902 2490 2957 in
2517 2903 2772 2961 societate
2798 2907 3029 2978 gaudere
3056 2912 3076 2942 '
3111 2930 3126 2967 :
3156 2913 3348 2984 ubique
3378 2915 3539 2972 simul

1945 2993 2144 3060 volant,
2179 2994 2337 3049 simul
2367 3006 2660 3065 pascuntur
2683 3040 2698 3066 ,
2727 3000 2916 3057 nolunt
2950 3019 3071 3060 esse
3100 3006 3228 3061 solae
3249 3049 3262 3072 ,
3292 3023 3540 3065 commu-

1945 3085 2106 3142 nione
2131 3087 2382 3158 gaudent,
2417 3088 2728 3147 charitatem
2756 3104 2990 3163 servant,
3022 3097 3308 3167 gemitibus
3336 3101 3542 3156 amoris

1946 3189 2320 3248 murmurant;
2353 3181 2550 3238 osculis
2575 3183 2714 3239 filios
2740 3195 3015 3256 generant.
3041 3187 3174 3243 Nam
3202 3191 3413 3260 quando
3441 3207 3538 3247 co-

1943 3270 2163 3339 lumbae,
2191 3272 2334 3343 quod
2365 3273 2675 3346 plerumque
2698 3275 3025 3335 advertimus
3044 3321 3060 3348 ,
3093 3279 3235 3337 inter
3259 3297 3319 3337 se
3347 3271 3552 3360 rixan-L

1943 3369 2031 3418 tur
2055 3362 2123 3418 de
2159 3363 2370 3418 cellulis
2409 3365 2520 3421 suis
2544 3407 2560 3435 ,
2600 3367 2831 3438 quodam
2862 3370 3023 3426 modo
3050 3382 3234 3442 pacata
3263 3378 3542 3433 contentio

1943 3461 2046 3508 est.
2077 3451 2350 3525 Numquid
2393 3456 2515 3526 quia
2546 3455 2789 3514 rixantur
2810 3501 2826 3527 ,
2855 3465 3210 3530 separantur?
3241 3465 3412 3522 Simul
3437 3485 3538 3524 νο·-
3576 3480 3585 3487 ·

1944 3543 2075 3612 lant,
2102 3546 2260 3601 simul
2286 3558 2593 3617 pascuntur,
2621 3559 2673 3604 et
2696 3549 2810 3618 ipsa
2833 3551 2974 3607 inter
2997 3569 3054 3609 se
3085 3565 3268 3624 pacata
3291 3569 3371 3613 est
3398 3561 3534 3616 rixa.

1944 3634 2134 3692 Videte
2166 3637 2337 3692 rixam
2377 3640 2765 3695 columbarum.
2807 3641 3095 3712 Apostolus
3133 3646 3260 3702 dicit
3294 3667 3306 3701 :
3338 3650 3398 3704 Si
3423 3653 3536 3718 quis

1942 3729 2089 3784 verba
2119 3739 2289 3784 nostro
2311 3748 2410 3785 non
2437 3731 2642 3786 obaudit
2669 3750 2758 3804 per
2784 3736 3070 3805 epistolam,
3104 3741 3237 3793 hunc
3271 3753 3455 3805 notate,
3486 3753 3536 3798 et

1943 3818 2099 3874 nolite
2117 3820 2428 3876 commisceri
2452 3838 2566 3876 cum
2587 3839 2662 3877 eo.
2691 3825 2828 3880 Ecce
2853 3827 2964 3881 rixa
2995 3846 3009 3882 :
3041 3830 3135 3884 sed
3161 3833 3376 3890 attende
3401 3851 3536 3904 quc-

1943 3910 2093 3967 niam
2122 3913 2488 3969 columbarum
2516 3915 2631 3970 rixa
2667 3925 2749 3971 cst
2771 3958 2786 3982 ,
2817 3934 2923 3973 non
2964 3921 3230 3989 luporum.
3263 3924 3532 3982 Continuo

1943 4002 2169 4070 subiecit
2195 4022 2207 4057 :
2240 4002 2311 4058 Et
2332 4021 2431 4058 non
2458 4015 2512 4059 ut
2538 4007 2803 4062 inimicum
2831 4011 3141 4079 existimetis,
3176 4015 3265 4068 scd
3291 4019 3536 4090 corripite

1953 4104 2005 4148 ut
2032 4099 2236 4166 fratrem
2263 4094 2329 4164 (ll
2361 4095 2536 4152 Thess.
2579 4115 2674 4164 ιιι,
2706 4101 2772 4155 14
2797 4143 2812 4167 ,
2865 4101 2976 4172 15).
3009 4104 3264 4162 Columba
3295 4121 3437 4166 amat
3477 4121 3534 4168 et

1941 4183 2154 4253 quando
2175 4185 2414 4240 rixatur:
2444 4185 2600 4256 lupus
2626 4189 2738 4244 odit
2763 4201 2816 4245 et
2847 4193 3058 4262 quando
3085 4196 3372 4254 blanditur.
3421 4199 3529 4256 Co-

1941 4275 2240 4332 lumbarum
2261 4293 2389 4348 ergo
2400 4279 2788 4350 simplicitatem
2804 4284 3080 4356 habentes,
3095 4301 3147 4345 et
3160 4294 3406 4347 astutiam
3426 4309 3535 4350 ser-

1940 4376 2179 4436 pentum,
2219 4369 2476 4426 solemnia
2515 4383 2805 4444 martyrum
2845 4377 3112 4436 celebrate
3151 4383 3203 4436 in
3243 4387 3534 4444 sobrietate

1939 4457 2156 4526 mentis,
2175 4461 2280 4513 non
2303 4459 2356 4514 in
2373 4460 2629 4519 ebrietate
2652 4465 2871 4532 ventris,
2895 4466 3007 4524 Deo
3027 4470 3210 4527 laudes
3223 4475 3530 4546 dicitersc

1939 4551 2174 4607 estenim
2186 4551 2441 4609 Dominus
2452 4555 2592 4610 Deus
2605 4566 2805 4625 noster,
2820 4562 2909 4630 qui
2925 4571 3214 4634 martyrum
3235 4568 3394 4633 Deus;
3416 4570 3529 4640 ipse

1939 4652 2224 4699 coronator
2243 4653 2445 4702 noster.
2473 4646 2529 4702 Si
2549 4647 2685 4703 bene
2707 4651 2888 4706 luctati
2908 4652 3183 4726 fuerimus,
3207 4675 3527 4718 coronamur

1938 4734 2006 4790 ad
2038 4736 2220 4808 eo,qui
2253 4739 2528 4794 coronavit
2557 4755 2650 4796 eos
2683 4756 2817 4812 quos
2845 4743 3042 4802 imitari
3074 4754 3524 4822 concupiscimus.

2453 4865 2680 4923 δεξιΜο
2717 4867 2855 4924 va
2887 4871 3022 4944 ’(a).

1935 4975 2015 5032 De
2039 4977 2200 5032 verbis
2228 4977 2490 5051 Evangelii
2521 4977 2793 5053 Matthtei,
2831 5001 2946 5058 cap.
2978 5003 3013 5042 x
3037 5029 3052 5053 ,
3097 4988 3166 5045 28
3191 5033 3205 5056 ,
3249 4991 3422 5049 Nolite
3455 4996 3517 5050 ti-

2149 5085 2294 5126 mere
2321 5087 2414 5126 eos
2451 5074 2540 5142 qui
2568 5088 2762 5146 corpus
2790 5078 3070 5148 occidunt,
3099 5091 3192 5137 etc.
3235 5083 3308 5154 (ιι)

2283 5164 2482 5215 Habitus
2501 5180 2554 5216 in
2575 5165 2888 5221 solemnitate
2908 5178 3178 5237 Martyrum.

2007 5266 2232 5324 CAPUT
2270 5268 2680 5328 PRIMUM.—l.
2709 5274 2908 5330 Timore
2925 5277 3073 5331 timor
3101 5279 3380 5349 pellendus.
3406 5283 3522 5339 Ad~

1936 5371 2158 5417 monent
2183 5377 2282 5419 nos
2303 5364 2513 5435 eloquia
2539 5365 2715 5421 divina
2739 5409 2754 5435 ,
2783 5384 2903 5438 quae
2928 5369 3062 5425 lecta
3093 5383 3251 5440 sunt,
3281 5374 3526 5434 timendo

1934 5468 2040 5510 non
2065 5454 2276 5522 timere,
2301 5465 2356 5512 et
2374 5471 2490 5512 non'
2505 5457 2742 5516 timendo
2763 5459 2973 5520 timere.
3009 5462 3325 5524 Advertistis
3348 5511 3364 5538 ,
3395 5485 3524 5528 cum

1997 5627 2018 5703 ξ
2040 5627 2488 5703 eartholomaausde
2510 5631 2688 5703 orbitae
2703 5632 2768 5703 in_
2776 5630 3082 5700 Milleloquio,
3103 5637 3312 5692 exsiliat.

1997 5691 2018 5720 ¹
2043 5691 2298 5752 Viguerius
2317 5690 2464 5752 addit,
2484 5690 2716 5744 charitate
2737 5695 2938 5757 feruere.
2966 5690 2984 5699 ’

1997 5752 2014 5769 “
2042 5751 2252 5801 vidimus
2269 5753 2317 5801 in
2339 5754 2418 5802 cb.
2443 5766 2484 5801 r.
2510 5768 2558 5803 v.
2584 5761 2682 5804 vat.
2707 5763 2809 5807 Par.
2837 5765 2890 5808 et
2909 5765 3002 5809 Lov

2017 5789 2064 5860 α’
2081 5789 2252 5875 iiii:
2269 5789 2484 5864 ΐὲῖιῖίεὶ·
2498 5789 2682 5867 sane

1995 5811 2069 5940 ibi
2100 5880 2394 5930 Reeensetur
2410 5877 2462 5930 in
2483 5879 2679 5934 Possidii
2694 5881 2920 5940 lndiculo,
2946 5896 3050 5940 cap.
3075 5883 3118 5932 9.

2017 5872 2067 5940 ὁ)
2100 5872 2394 5930 Recensetur
2410 5877 2462 5930 in
2483 5879 2679 5944 Possidii
2694 5881 2920 5942 lndiculo,
2946 5896 3050 5946 cap.
3075 5883 3122 5932 9.

2823 5964 3238 6051 (enatam)
