3980 6448
481 390 589 451 427

479 518 729 572 sanctum
754 504 1096 580 Evangelium
1126 500 1415 575 legeretur,
1444 499 1731 561 Dominum
1771 502 1938 558 Deum
1968 515 2070 558 no-

480 614 654 665 strum
680 604 963 674 antequam
986 602 1083 670 pro
1108 588 1264 653 nobis
1284 600 1602 662 moreretur,
1626 590 1809 651 ﬁrmos
1827 610 1927 654 nos
1950 608 2071 651 esse

481 694 714 755 Voluisse
746 714 760 751 :
788 693 883 752 sed
909 684 1247 747 aduto‘nendo
1288 696 1357 746 ne
1396 688 1741 757 timeremus,
1782 696 1838 745 et
1879 686 2069 744 admo-

479 791 658 849 nendo
682 795 741 847 ut
770 784 1096 845 timeremus.
1123 778 1214 840 Ait
1236 776 1378 841 enim
1409 800 1423 838 :
1453 774 1631 839 Nolite
1659 781 1833 837 timere
1859 794 1944 837 eos
1980 778 2070 853 qui

478 898 663 953 corpus
687 880 942 948 occidunt,
980 877 1205 932 animum
1240 882 1409 931 autem
1443 891 1545 930 non
1574 882 1783 947 possunt
1817 872 2064 929 occidere.

476 970 618 1033 Ecce
640 970 731 1031 ubi
756 971 965 1040 monuit
988 984 1057 1029 ne
1084 972 1418 1028 timeremus.
1452 965 1640 1026 Videte
1670 968 1759 1026 ubi
1798 969 2068 1025 monuerit

476 1076 534 1125 ιιι
558 1066 887 1124 timeremus.
917 1060 1029 1123 Sed
1050 1078 1181 1133 eum,
1222 1062 1414 1134 inquit,
1445 1060 1630 1130 timete,
1656 1058 1743 1133 qui
1772 1070 2066 1132 potestatem

475 1158 624 1217 habet
661 1171 707 1216 et
745 1176 931 1231 corpus
971 1164 1019 1215 et
1048 1158 1271 1213 animam
1296 1156 1522 1211 occidere
1556 1152 1611 1212 in
1636 1155 1882 1227 gehenna.
1922 1150 2066 1225 Ergo

474 1254 756 1311 timeamus
775 1294 791 1321 ,
817 1260 883 1308 ut
908 1262 1015 1307 non
1039 1250 1339 1307 timeamus.
1368 1234 1553 1305 Timor
1588 1246 1797 1304 videtur
1824 1246 1891 1303 ad
1918 1246 2068 1319 igna-

472 1346 615 1402 viam
640 1344 911 1417 pertinere
939 1361 953 1399 :
986 1343 1147 1398 timor
1168 1340 1503 1398 infirmorum
1529 1339 1736 1395 videtur
1759 1352 1879 1395 esse
1899 1381 1914 1406 ,
1955 1353 2062 1407 non

472 1426 712 1494 fortium.
754 1434 865 1493 Sed
898 1433 1075 1491 videte
1102 1432 1232 1505 quid
1269 1431 1343 1488 ait
1386 1431 1656 1502 Scriptura
1691 1449 1705 1485 :
1738 1422 1914 1486 Timor
1949 1424 2062 1486 Do-

474 1530 602 1585 mini
639 1545 753 1601 spes
781 1524 1091 1603 fortitudinis
1124 1522 1305 1600 (Prov.
1336 1541 1446 1593 xw,
1476 1521 1596 1595 26).
1625 1513 1959 1591 Timeamus,
1994 1538 2065 1579 ne

473 1621 760 1683 timeamus
791 1638 805 1677 :
833 1619 936 1675 hac
962 1626 1067 1685 est,
1098 1616 1387 1693 prudenter
1410 1612 1712 1682 timeamus,
1740 1630 1811 1671 ne
1834 1612 2064 1671 inaniter

471 1713 779 1771 timeamus.
802 1706 1064 1784 Martyres
1088 1708 1283 1780 sancti,
1311 1710 1529 1780 propter
1552 1718 1779 1793 quarum
1801 1706 2061 1783 solemni-

470 1811 636 1867 tatem
662 1807 764 1866 hoc
793 1823 860 1865 ex
888 1800 1176 1878 Evangelia
1211 1804 1493 1862 recitatum
1532 1811 1635 1873 est,
1679 1802 1914 1859 timendo
1951 1817 2060 1859 non

469 1901 764 1958 timuerunt
790 1918 805 1955 :
834 1898 955 1972 quia
984 1894 1153 1955 Deum
1184 1894 1453 1967 timendo;
1469 1894 1713 1953 homines
1730 1904 2060 1968 contempse-

470 1992 616 2049 runt.

540 2080 594 2143 2.
627 2080 838 2140 Homini
878 2083 942 2140 ab
996 2082 1199 2139 homine
1245 2081 1320 2137 nil
1362 2079 1701 2137 metuendum.
1746 2073 1884 2151 Quid
1913 2079 2059 2137 enim

465 2174 539 2235 ab
563 2174 867 2234 hominibus
904 2164 1111 2232 homini
1142 2166 1483 2231 metuendum
1530 2174 1659 2229 est?
1699 2172 1768 2230 Et
1812 2173 1939 2245 quid
1977 2182 2059 2232 est

466 2268 612 2327 unde
639 2269 864 2326 alterum
892 2276 1109 2337 terreat,
1136 2264 1300 2324 homo
1324 2267 1639 2323 hominem?
1662 2265 1871 2336 Terret,
1904 2274 1959 2322 et
1978 2265 2060 2323 di-

467 2357 564 2430 cit,
595 2356 794 2419 Occido
820 2370 874 2417 te
903 2379 915 2415 :
946 2369 1000 2417 ct
1026 2375 1134 2417 non
1163 2360 1335 2427 timet,
1358 2374 1428 2416 ne
1452 2374 1572 2416 cum
1613 2359 1847 2415 minatur
1868 2400 1884 2426 ,
1911 2360 2058 2430 prius

467 2453 749 2511 moriatur.
779 2451 976 2509 Occide
996 2493 1011 2519 ,
1041 2451 1233 2524 inquit.
1262 2448 1392 2520 Quis
1415 2451 1581 2508 dicit?
1608 2450 1699 2507 cui
1718 2450 1887 2509 dicit?
1915 2451 2057 2509 Duos

466 2542 630 2605 audio
663 2565 677 2602 :
703 2561 867 2603 unum
891 2554 1180 2602 terrentem
1204 2587 1221 2614 ,
1252 2545 1477 2603 alterum
1515 2552 1878 2611 metuentem;
1917 2559 2056 2616 quo-

465 2638 587 2696 rum
613 2651 750 2694 unus
774 2646 858 2695 est
883 2645 1102 2710 potens,
1134 2637 1270 2693 alter
1295 2636 1560 2705 inﬁrmus,
1592 2635 1688 2694 sed
1712 2635 1870 2693 ambo
1907 2651 2055 2692 mor-

466 2730 625 2789 tales.
652 2728 792 2799 Quid
826 2744 886 2786 se
917 2744 1047 2802 ergo
1070 2728 1307 2786 extendit
1331 2729 1384 2785 in
1415 2727 1620 2789 honore
1645 2728 1877 2786 inﬂatior
1900 2738 2053 2801 pote-

464 2831 613 2890 stas,
640 2820 695 2877 in
728 2834 891 2877 carne
931 2816 1153 2894 aequalis
1195 2817 1516 2875 inﬁrmitas?
1558 2817 1788 2876 Securus
1823 2819 2056 2877 minetur

464 2922 718 2981 mortem,
750 2910 844 2983 qui
872 2925 979 2971 non
1005 2910 1154 2967 timet
1180 2919 1430 2967 mortem.
1460 2910 1518 2969 Si
1538 2925 1668 2968 vero
1690 2910 1832 2968 unde
1857 2920 2052 2983 terret,

463 3003 655 3073 timet;
681 3002 919 3060 attendat
936 3017 1017 3073 se,
1043 3011 1099 3059 et
1125 3000 1176 3059 ei
1195 3001 1282 3061 cui
1303 3002 1533 3058 minatur
1555 3012 1830 3074 comparet
1851 3018 1930 3060 se.
1963 3001 2052 3061 ln-

463 3094 645 3155 veniat
683 3093 739 3150 in
766 3108 833 3151 eo
856 3092 943 3149 cui
980 3091 1214 3148 minatur
1236 3133 1252 3160 ,
1294 3105 1477 3164 parem
1517 3091 1911 3160 conditionem;
1942 3104 1998 3150 et
2020 3109 2053 3153 a

463 3180 693 3248 Domino
744 3184 903 3245 simul
959 3198 1082 3244 cum
1123 3184 1215 3242 illo
1244 3193 1397 3261 petat
1416 3180 1833 3245 miserationem.
1880 3182 2053 3249 Homo

461 3289 548 3339 est
578 3279 721 3338 enim
745 3322 761 3347 ,
806 3287 862 3336 et
900 3274 1108 3335 homini
1148 3276 1381 3333 minatur
1403 3317 1416 3343 ,
1461 3284 1703 3337 creatura
1743 3289 2001 3339 creaturae
2034 3298 2050 3339 :

458 3371 562 3431 sed
587 3385 692 3427 una
720 3360 903 3427 inﬂata
929 3354 1030 3427 sub
1055 3364 1328 3439 Creatore,
1356 3364 1521 3424 altera
1548 3366 1753 3441 fugiens
1786 3367 1863 3426 ad
1888 3367 2051 3431 Crea-

461 3469 765 3611 ιοιὲῗέυτ
801 3551 866 3609 ll.
891 3582 964 3596 -—
983 3550 1037 3609 3.
1064 3548 1163 3608 Dei
1190 3560 1462 3623 martyrem
1480 3568 1573 3608 cur
1599 3568 1702 3608 non
1730 3561 1910 3610 terreat
1934 3570 2050 3627 per-

446 3649 683 3703 iecutor.
734 3643 887 3701 Dicat
929 3658 1057 3716 ergo
1104 3641 1423 3700 fortissimus
1455 3652 1679 3717 martyr,
1714 3654 1863 3703 stans
1886 3646 2051 3705 homo

458 3747 589 3795 ante
615 3737 886 3795 hominem
914 3756 929 3791 :
957 3733 1073 3793 Non
1100 3735 1285 3805 timeo,
1315 3736 1437 3808 quia
1461 3736 1648 3792 timeo.
1677 3732 1757 3793 Tu
1783 3737 1926 3809 quod
1950 3740 2049 3795 mi-

456 3831 628 3900 naris,
660 3829 705 3887 si
736 3829 827 3886 ille
851 3828 1005 3897 nolit,
1034 3843 1143 3885 non
1169 3825 1301 3884 facis
1328 3844 1342 3881 :
1374 3826 1516 3900 quod
1547 3838 1726 3885 autem
1757 3828 1845 3888 ille
1872 3831 2046 3887 utina-

458 3934 569 3993 tur,
601 3931 662 3981 ut
687 3922 846 3982 faciat
871 3937 903 3979 a
926 3920 1076 3979 nullo
1106 3921 1409 3994 impeditur.
1441 3922 1642 3980 Deinde
1679 3932 1735 3980 tu
1772 3924 1914 3996 quod
1941 3925 2046 3982 mi—

456 4017 627 4085 naris,
656 4024 713 4072 et
735 4016 781 4073 si
810 4014 1157 4088 permitteris,
1184 4012 1310 4086 quid
1334 4013 1506 4072 facis?
1530 4014 1714 4087 Usque
1738 4017 1806 4074 ad
1830 4033 2047 4077 carnem

458 4108 641 4174 saevis,
671 4107 847 4163 anima
873 4114 984 4162 tuta
1008 4114 1112 4162 est.
1141 4102 1262 4161 Non
1297 4105 1510 4162 occides
1535 4106 1677 4179 quod
1706 4123 1813 4164 non
1851 4110 1999 4168 vides
2027 4129 2043 4167 ε

458 4199 685 4256 visibilis
721 4195 985 4256 visibilem
1012 4205 1203 4253 terres.
1237 4196 1505 4254 Habemus
1527 4199 1686 4256 ambo
1722 4200 2044 4261 invisibilem

459 4289 790 4359 Creatorem,
815 4304 977 4362 quem
1001 4286 1157 4345 simul
1183 4288 1374 4345 timere
1397 4287 1721 4360 debeamus;
1750 4294 1842 4366 qui
1867 4293 2042 4352 homi-

457 4398 586 4441 nem
628 4381 801 4454 ipsum
838 4397 904 4438 ex
931 4378 1127 4436 visibili
1153 4387 1207 4437 et
1235 4380 1484 4438 invisibili
1510 4384 1710 4441 creavit
1739 4402 1754 4441 :
1783 4387 2043 4446 visibilem

457 4462 531 4534 de
555 4485 699 4533 terra
723 4473 853 4532 fecit
870 4514 888 4543 ,
914 4473 1236 4531 invisibilem
1258 4472 1387 4532 ﬂatu
1416 4490 1514 4532 suo
1541 4478 1795 4536 animavit
1820 4480 1857 4535 ί.
1900 4482 2041 4539 Sub-

457 4568 655 4628 stantia
680 4583 809 4640 ergo
832 4566 1133 4635 invisibilis,
1161 4567 1264 4625 hoc
1288 4577 1406 4636 est,
1431 4571 1610 4628 anima
1635 4588 1756 4645 quae
1773 4575 2043 4646 iacentem

458 4672 659 4720 terram
674 4660 843 4718 erexit
860 4658 927 4716 de
947 4667 1108 4729 terra,
1131 4674 1237 4717 non
1259 4661 1408 4717 timet
1425 4678 1545 4721 cum
1569 4667 1802 4734 percutis
1822 4676 2038 4725 terram.

457 4756 621 4813 Potes
648 4752 808 4812 ferire
832 4750 1211 4823 habitaculum,
1233 4754 1492 4825 numquid
1520 4755 1910 4818 habitatorem?
1935 4760 2039 4818 Fu-

457 4853 536 4927 git
558 4864 814 4924 percusso
837 4849 1046 4906 vinculo
1070 4849 1366 4920 colligatus,
1390 4857 1444 4904 et
1460 4850 1560 4904 erit
1580 4850 1632 4906 in
1656 4853 1863 4909 occulto
1878 4870 2034 4911 coro-

458 4954 636 5002 natus.
676 4942 814 5013 Quid
838 4956 965 5014 ergo
992 4938 1232 5013 minaris,
1256 4939 1349 5011 qui
1365 4940 1556 4996 anima".I
1578 4941 1709 4997 nihil
1734 4942 1909 5001 facere
1936 4962 2033 5017 p0-

456 5036 584 5094 ιθιῖ
610 5035 713 5093 Per
735 5034 984 5091 meritum
1010 5033 1127 5103 ejus
1148 5032 1240 5088 cui
1256 5030 1432 5089 facere
1451 5032 1581 5089 nihil
1602 5043 1774 5105 potes,
1794 5047 2041 5112 resurget

455 5130 545 5187 cui
569 5130 746 5186 tacere
765 5125 962 5198 aliquid
984 5135 1154 5196 potes.
1177 5124 1281 5181 Per
1303 5126 1551 5183 meritum
1575 5128 1717 5184 enim
1737 5130 1928 5188 ultima:
1944 5149 2032 5189 re-

386 5231 393 5241 '
457 5229 643 5292 surget
652 5229 707 5278 et
723 5234 851 5277 caro
872 5237 888 5275 :
906 5228 965 5276 et
980 5218 1263 5277 habitatori
1276 5219 1546 5290 reddetur,
1562 5222 1673 5293 jam
1690 5240 1793 5281 non
1809 5228 2029 5298 ruitura,

451 5312 555 5371 sed
585 5326 854 5370 mansura.
880 5310 1059 5380 Ecce,
1090 5311 1250 5370 verba
1287 5313 1539 5386 martyris
1572 5316 1694 5373 dico
1718 5359 1736 5387 ,
1779 5332 1907 5377 ecce
1932 5336 2032 5380 nec

456 5412 676 5476 propter
699 5406 723 5438 ³
751 5405 920 5475 ipsam
942 5420 1158 5463 carnem
1191 5419 1367 5463 meam
1396 5407 1561 5464 timeo
1594 5413 2028 5471 comminantem.

453 5498 598 5557 Caro
623 5511 743 5554 mea
766 5497 1004 5567 subiacet
1026 5499 1319 5567 potestati:
1345 5499 1624 5557 sedatiora
1648 5505 1827 5575 capilli
1843 5509 2035 5577 capitis

455 5590 726 5649 numerati
750 5596 875 5645 sunt
896 5586 1133 5646 Creatori
1158 5589 1368 5663 (Matth.
1393 5608 1449 5660 ι,
1481 5593 1593 5668 50).
1615 5596 1751 5665 Quid
1774 5600 1935 5658 timeo
1962 5619 2030 5661 ne

516 5742 869 5818 1991997999?
1235 5742 1559 5809 mm

485 5792 1039 5884 hirto???
1053 5792 1077 5866 ἔ
1569 5792 1868 5879 ιῖἕὲιὶἱίῖἱὶἰο
1886 5830 2030 5884 τερε-

454 5873 583 5929 ritur
596 5868 650 5920 in
679 5868 905 5919 Vaticano
932 5868 1017 5922 Is.

1720 382 1779 443 S.
1816 380 2188 445 AUGUSTINI
2221 386 2527 453 EPISCOPI

2180 514 2396 601 carnem
2431 510 2651 581 perdam
2668 552 2689 581 ,
2729 515 2821 591 qui
2847 529 2947 573 nec
2970 516 3219 593 capillum
3245 524 3455 597 perdo!
3478 528 3763 600 Quomodo

2178 612 2286 655 non
2328 601 2556 686 attendit
2580 620 2797 664 carnem
2827 625 3005 668 meam
3029 655 3047 681 ,
3072 616 3160 673 cui
3195 618 3274 675 sic
3312 630 3439 680 nota
3478 634 3607 682 sunt
3630 628 3757 686 vilia

2176 686 2339 747 mea?
2368 684 2543 765 ipsum
2572 712 2766 770 corpus
2796 703 2938 774 quod
2962 708 3167 775 percuti
3188 717 3247 767 et
3267 712 3441 771 occidi
3468 724 3665 788 potest,

2176 789 2387 856 tempus
2409 788 2546 846 cinis
2570 791 2706 861 erit,
2756 795 2811 850 in
2837 805 3105 857 aeternum
3123 802 3425 871 immortale
3451 811 3559 871 erit
3581 813 3623 869 ⁸.
3651 812 3761 873 Sed

2174 877 2264 933 cui
2312 880 2456 937 hoc?
2497 879 2595 941 Cui
2638 886 2893 945 reddetur
2934 904 3129 965 corpus
3167 895 3238 954 ad
3285 898 3451 961 vitam
3497 912 3756 965 aeternam

2173 971 2335 1028 etiam
2360 976 2596 1034 occisum
2613 1021 2629 1047 ,
2671 992 3002 1056 peremptum
3020 1027 3038 1055 ,
3068 987 3425 1062 dissipatum?
3450 996 3539 1055 cui
3562 997 3759 1059 redde-

2173 1061 2302 1120 tur?
2330 1066 2395 1123 Ei
2423 1070 2512 1141 qui
2543 1087 2651 1129 non
2687 1077 2861 1133 timuit
2887 1094 3092 1149 ponere
3111 1084 3134 1118 ⁸
3162 1061 3394 1143 animam
3417 1103 3569 1145 suam
3588 1131 3602 1155 ,
3633 1106 3755 1148 cum

2172 1175 2283 1219 non
2312 1162 2465 1221 timet
2488 1167 2854 1247 neoccidatur
2881 1187 3010 1230 caro
3033 1188 3150 1233 sua.

2242 1252 2469 1314 CAPUT
2507 1258 2599 1316 Ill.
2626 1292 2698 1303 —
2737 1264 2793 1320 4.
2850 1264 3036 1324 Anima
3087 1270 3243 1327 modo
3287 1289 3380 1331 Ino
3432 1277 3753 1337 Wa.

2170 1344 2402 1415 Etenim,
2435 1349 2647 1420 fratres,
2677 1356 2855 1413 anima
2879 1358 3201 1418 immortalis
3219 1365 3547 1438 perhibetur,
3574 1378 3635 1427 et
3667 1381 3755 1428 est

2168 1437 2485 1500 immortalis
2516 1446 2809 1505 secundum
2838 1452 3120 1521 quemdam
3144 1455 3367 1521 modun
3399 1472 3559 1523 sum
3585 1477 3601 1517 :
3628 1464 3757 1534 quia

2168 1541 2253 1591 est
2276 1536 2519 1608 quaedam
2544 1539 2686 1613 vita,
2715 1558 2837 1615 qua
2874 1554 3053 1617 potest
3083 1551 3371 1618 prmsentia
3406 1566 3511 1613 sua
3533 1567 3764 1621 eam

2167 1626 2457 1689 viviﬁcare.
2487 1630 2589 1688 Per
2629 1634 2865 1693 animam
2897 1640 3096 1711 quippe
3134 1644 3433 1705 carovivit.
3469 1645 3599 1705 Hoc
3642 1647 3765 1706 vita

2166 1720 2305 1777 mori
2328 1735 2443 1779 non
2458 1732 2637 1794 potest
2659 1742 2675 1781 :
2696 1735 2755 1784 et
2772 1727 2895 1786 ideo
2916 1731 3094 1793 anima
3119 1733 3441 1795 immortalis
3453 1746 3555 1797 est.
3574 1736 3765 1805 Qui.

2167 1827 2295 1886 ergo
2335 1815 2446 1875 dixi
2470 1859 2486 1885 ,
2526 1817 2832 1878 Secundum
2873 1838 3029 1881 suum
3065 1826 3321 1885 modum?
3344 1829 3543 1891 Audite
3560 1845 3759 1902 quare.

2165 1902 2429 1975 Quoniam
2452 1918 2539 1968 est
2555 1913 2801 1983 quaedam
2821 1916 3195 1976 immortalitas
3210 1935 3359 1991 vera,
3379 1923 3765 1987 immortalitas"

2165 2013 2286 2071 quae
2329 2010 2414 2059 est
2451 2004 2757 2062 omnimoda
2798 2007 3302 2071 incommutabilitas
3330 2030 3343 2068 :
3374 2014 3443 2075 de
3475 2030 3587 2087 qua
3621 2016 3766 2074 dicit

2163 2092 2457 2162 Apostolus
2488 2096 2714 2168 loquens
2744 2098 2813 2156 de
2842 2100 2955 2157 Deo
2975 2143 2990 2168 ,
3021 2103 3123 2171 Qui
3153 2106 3293 2169 tota
3318 2107 3467 2164 habet
3488 2108 3763 2169 intth-

2164 2181 2395 2253 litatem,
2442 2195 2489 2243 et
2539 2187 2700 2246 lucem
2736 2191 2933 2249 habitat
2967 2195 3387 2265 inaccmibilau;
3420 2217 3569 2271 quem
3598 2218 3758 2259 tam

2164 2274 2424 2332 hominum
2448 2278 2567 2335 uidit
2586 2322 2601 2346 ,
2627 2281 2719 2341 sed
2742 2299 2833 2339 nec
2860 2286 3028 2343 cidere
3051 2298 3211 2359 potest
3235 2307 3253 2346 :
3279 2293 3365 2349 cui
3400 2302 3476 2349 est
3497 2294 3663 2351 hour
3698 2305 3758 2355 σι

2165 2369 2327 2459 gloria
2364 2372 2415 2426 in
2460 2375 2651 2430 male
2691 2377 3015 2436 meatorum.
3045 2380 3205 2438 Amen
3246 2383 3289 2455 (l
3334 2383 3465 2441 Tim.
3492 2401 3591 2455 vr,
3632 2387 3756 2459 t6).

2161 2454 2220 2521 Si
2267 2476 2396 2535 ergo
2449 2461 2591 2521 Deus
2640 2466 2788 2523 solus
2841 2469 3003 2527 habet
3056 2454 3548 2544 immortalium,

2159 2554 2341 2612 anima
2396 2559 2637 2615 mortalis
2689 2569 2793 2618 est.
2833 2564 2971 2620 Ecce
3006 2581 3175 2636 quare
3218 2567 3331 2626 dixi
3388 2570 3757 2631 hateri-inn

2161 2660 2287 2709 esse
2310 2648 2543 2711 animam
2576 2652 2868 2711 secundum
2894 2657 3110 2719 modum
3135 2674 3315 2719 suum.
3339 2662 3475 2721 Nam
3492 2673 3761 2736 potestas

2157 2740 2316 2797 mori.
2338 2739 2600 2814 intelligat
2618 2742 2865 2803 Charitas
2876 2758 3073 2818 vestra,
3093 2760 3151 2813 et
3166 2753 3313 2811 nulla
3326 2756 3553 2826 quain
3562 2773 3759 2818 retu-

2157 2831 2326 2888 nebit.
2352 2834 2539 2891 Audeo
2565 2835 2743 2895 dicere
2759 2881 2774 2906 ,
2808 2841 2983 2897 anima
3009 2853 3184 2914 potest
3208 2848 3341 2904 mori
3357 2890 3372 2916 ,
3400 2854 3755 2920 potestocci-

2157 2920 2235 2979 di.
2262 2921 2417 2981 Certe
2454 2925 2771 2987 immortalis
2801 2940 2903 2989 at.
2939 2934 3083 2993 Ecce
3103 2937 3275 2997 audeo
3298 2938 3525 3015 dicere,
3558 2955 3614 3001 at
3638 2946 3755 3004 in-

2156 3016 2410 3108 mortalis
2428 3025 2511 3075 est
2532 3056 2549 3087 ,
2575 3028 2635 3077 et
2659 3030 2839 3093 potest
2867 3026 3039 3085 occidi
3066 3045 3080 3081 :
3112 3038 3169 3087 et
3206 3031 3327 3091 ideo
3350 3034 3461 3092 dixi
3487 3039 3761 3108 quain.

2157 3115 2241 3169 est
2261 3107 2506 3179 quaedam
2532 3110 2925 3186 immortalitas,
2950 3117 3054 3177 hoc
3074 3131 3179 3189 est,
3209 3107 3523 3185 Μ
3542 3129 3754 3188 in...

2156 3197 2505 3269 mutabilitas,
2532 3218 2693 3275 quam
2717 3206 2867 3264 solus
2891 3209 3039 3270 Deus
3059 3211 3221 3275 habet
3246 3252 3265 3282 ,
3300 3215 3373 3275 de
3402 3220 3765 3288 quodi-

2153 3298 2274 3357 εει,
2618 3297 2765 3357 habet
2807 3300 3255 3363 mutantem.
3293 3307 3523 3371 ΕΗιεί
3549 3314 3759 3374 eth.

2223 3660 2448 3719 CAPUT
2488 3665 2578 3721 IV.
2629 3698 2701 3709 ——
2749 3670 2802 3726 5.
2845 3671 3111 3737 Quomodo
3153 3680 3281 3732 mori
3330 3681 3505 3738 atticus
3544 3695 3740 3756 μαι.

2162 3750 2279 3808 Vita
2334 3756 2545 3826 enim,
2597 3758 2755 3816 Deus.
2805 3762 2999 3822 Adhuc
3045 3767 3353 3826 nonarum:
3376 3814 3395 3840 ,
3437 3750 3556 3831 non"
3598 3778 3746 3838 soni

2152 3849 2524 3919 (putsuonetn.
2552 3851 2785 3911 Probavi
2809 3856 2933 3927 quia
2962 3866 3139 3928 potest
3163 3862 3560 3924 animoccidi.
3586 3868 3747 3928 Conv-

2150 3940 2341 4033 tradici
2368 3943 2661 4017 Evangelia
2692 3963 2801 4005 non
2824 3957 3007 4021 potest
3022 3991 3039 4018 ,
3085 3953 3189 4010 nisi
3228 3956 3299 4012 ab
3327 3958 3503 4014 anima
3542 3960 3739 4033 impia.

2148 4031 2289 4090 Ecca
2313 4034 2442 4091 mihi
2466 4039 2697 4094 occurrit
2733 4048 2791 4095 et
2822 4039 2915 4100 hic
2934 4083 2950 4111 ,
2978 4046 3202 4102 etvenit
3236 4046 3294 4103 in
3315 4058 3551 4107 mentem

2149 4123 2345 4183 dicam.
2389 4127 2692 4188 Cmuradici
2736 4146 2847 4190 non
2895 4142 3073 4205 potest
3113 4136 3272 4205 νίιω,
3312 4140 3415 4198 nisi
3441 4143 3510 4199 ab
3547 4123 3747 4203 enim

2148 4226 2377 4275 mortua.
2412 4220 2755 4293 Evangelium
2780 4226 2889 4282 vita
2927 4237 3011 4284 est
3031 4268 3049 4297 ,
3091 4228 3341 4300 impietas
3359 4241 3417 4290 α
3439 4234 3745 4295 inﬁdelitas

2147 4324 2299 4365 mors.
2316 4312 2508 4367 animm
2530 4322 2631 4370 est.
2655 4315 2796 4373 Ecce
2820 4325 2993 4387 potest
3017 4321 3173 4385 mori,
3205 4330 3261 4377 et
3283 4322 3598 4383 immortalis
3620 4338 3739 4387 cat.

2145 4400 2423 4469 Quomodo
2463 4419 2592 4477 ergo
2616 4406 2935 4466 immortalis
2966 4413 3093 4468 est?
3133 4412 3265 4482 Quia
3294 4426 3506 4487 sempr
3544 4419 3741 4493 ὡς.

2144 4494 2254 4550 vita
2278 4506 2381 4564 est,
2408 4512 2527 4568 quae
2555 4499 2610 4554 in
2636 4500 2726 4555 illa
2753 4517 3025 4572 nunquam
3048 4506 3420 4579 exstinguitur.
3442 4509 3743 4577 Quod.

2144 4591 2412 4657 moritur?
2437 4591 2552 4658 Non
2593 4602 2653 4648 ut
2685 4608 2795 4650 non
2819 4595 2890 4652 sit
2917 4597 3023 4653 vita
3040 4638 3059 4665 ,
3100 4597 3195 4657 sed
3219 4600 3512 4659 amittendo
3533 4603 3745 4663 vitam.

2143 4680 2354 4738 Etenim
2382 4684 2555 4739 anima
2577 4695 2631 4740 et
2650 4686 2755 4742 vita
2775 4697 2857 4743 est
2876 4688 3030 4744 alicui
3056 4690 3153 4756 rei,
3176 4698 3233 4747 et
3250 4691 3407 4749 habet
3425 4695 3583 4750 etiam
3609 4696 3741 4768 ipsa

2142 4775 2309 4831 vitam
2329 4788 2502 4833 nam.
2524 4776 2777 4836 Ordinem
2805 4781 3021 4837 attende
3045 4791 3429 4841 creaturarum.
3457 4785 3579 4843 Vita
3594 4798 3738 4846 eor—

2140 4869 2287 4940 poris
2313 4869 2490 4926 anima
2514 4879 2598 4929 est
2629 4890 2642 4926 :
2686 4872 2789 4928 vita
2829 4873 3021 4943 anima:
3057 4874 3203 4932 Deus
3239 4886 3342 4933 est.
3379 4877 3529 4937 Sicut
3566 4878 3740 4941 adest

2141 4959 2251 5014 vita
2271 4960 2504 5030 corpori,
2535 4960 2589 5017 id
2616 4970 2716 5029 ut,
2745 4963 2942 5029 anima,
2969 4978 3039 5022 ne
3074 4967 3332 5024 moriatur
3358 4978 3553 5040 corpus
3581 4986 3597 5026 :
3640 4973 3743 5032 sie

2139 5050 2298 5111 debet
2322 5052 2511 5112 adesse
2530 5056 2637 5112 vita
2658 5056 2871 5126 animm,
2900 5056 3004 5116 hoc
3027 5062 3131 5125 est,
3163 5055 3322 5132 Deus,
3354 5078 3422 5120 ne
3458 5065 3738 5125 moriatur

2137 5145 2338 5201 anima.
2374 5145 2583 5217 Corpus
2606 5148 2877 5219 quomodo
2899 5151 3123 5208 moritur
3142 5151 3167 5205 ?
3194 5153 3387 5211 Anima
3409 5153 3734 5217 dem.

2137 5237 2334 5297 Anima
2356 5279 2372 5305 ,
2403 5238 2644 5311 inquam,
2666 5240 2944 5298 deserente
2987 5243 3213 5301 moritur
3230 5260 3426 5318 corpus
3452 5264 3468 5305 :
3495 5256 3551 5305 et
3569 5246 3737 5320 jacet

2134 5331 2363 5388 cadaver
2382 5333 2544 5403 paulo
2568 5342 2692 5391 ante
2718 5334 3022 5404 appetibilc,
3052 5337 3214 5394 modo
3238 5338 3589 5411 ambite.
3630 5342 3738 5401 ln-

2133 5433 2262 5482 sunt
2286 5426 2546 5496 membra,
2573 5428 2736 5495 oeuli,
2759 5439 2916 5485 aures
2941 5446 2953 5483 :
2977 5429 3075 5486 sed
3098 5430 3181 5489 hat
3203 5430 3448 5491 ferte‘strte
3469 5441 3592 5493 sunt
3615 5436 3733 5495 do-

2132 5533 2293 5588 mus,
2318 5519 2872 5578 habitator-abscessit.
2896 5522 2999 5591 Qui
3023 5523 3741 5596 phngﬂmoﬂumadlb

2194 5636 2216 5713 θ
2241 5634 2484 5713 nisaee,
3048 5638 3248 5713 παντως
3273 5641 3738 5713 μνησάμεναι-

3118 5706 3559 5833 Μετιῗιίωωῖ
3591 5734 3731 5838 καὶ

2134 5819 2187 5873 επ
2207 5826 2439 5871 retentum
2457 5820 2726 5873 inmortale
2743 5819 2855 5873 erit.

2200 5886 2222 5918 ⁸
2246 5889 2496 5935 Vaticanus
2520 5892 2620 5947 Ms,
2643 5885 2862 5948 perdere.
