4032 6332
301 369 420 429 429

298 495 523 544 nostras
567 482 853 541 habitaculi
884 477 1077 538 frustra
1105 478 1302 536 clamat
1337 495 1352 534 :
1384 493 1489 535 non
1529 486 1612 535 est
1637 477 1779 535 intus
1816 476 1909 549 qui

297 579 512 635 audiat.
543 577 751 648 Quanta
773 568 903 630 dicit
927 574 1224 647 plangentis
1252 572 1477 629 affectus
1498 616 1513 642 ,
1552 582 1749 648 quanta
1778 587 1910 628 onu-

295 679 504 735 merat,
533 677 728 742 quanta
754 674 1175 733 commemorat;
1217 675 1271 722 et
1308 678 1402 737 per
1428 676 1681 737 quantam
1706 708 1722 734 ,
1751 672 1807 721 ut
1835 665 1910 721 ita

296 761 561 828 dixerim,
587 758 792 817 doloris
819 759 1081 815 insaniam
1105 758 1257 829 quasi
1292 772 1414 813 cum
1444 757 1709 814 sentiente
1738 755 1911 827 loqui-

294 863 395 909 tur
417 896 437 923 ,
487 868 610 913 cum
649 851 905 922 loquatur
940 866 1061 906 cum
1090 850 1346 906 absente?
1375 849 1665 905 Enumerat
1688 862 1866 905 mores
1889 889 1904 916 ,

292 955 591 1003 enumerat
640 941 833 1001 indicia
890 940 1280 1000 benevolentia:
1321 943 1461 999 circa
1503 958 1581 1000 se.
1629 942 1708 999 Tu
1733 957 1793 1000 es
1817 942 1909 1014 qui

289 1039 444 1096 mihi
474 1038 603 1095 illud
628 1036 861 1106 dedisti;
894 1036 1023 1093 illud
1045 1046 1099 1093 et
1121 1035 1254 1092 illud
1282 1037 1571 1108 prtestitisti
1605 1055 1617 1091 :
1651 1046 1709 1092 tu
1731 1052 1791 1092 es
1817 1037 1907 1108 qui

288 1131 381 1187 sic
420 1141 481 1188 et
508 1131 585 1187 sic
613 1147 698 1186 me
736 1129 989 1186 dilexisti.
1021 1129 1078 1185 Si
1124 1127 1394 1197 attendas,
1426 1128 1471 1185 si
1514 1130 1821 1201 intelligas,
1859 1129 1908 1187 si

287 1226 570 1282 insaniam
591 1225 793 1281 doloris
816 1240 1044 1295 premas,
1070 1223 1159 1294 qui
1184 1232 1235 1278 te
1262 1222 1445 1279 dilexit
1466 1222 1727 1279 abscessit
1754 1241 1766 1276 :
1798 1222 1907 1278 tru-

285 1329 411 1374 stra
443 1329 497 1375 te
522 1320 714 1375 domus
741 1319 936 1389 patitur
970 1318 1293 1389 pulsatoan
1316 1357 1335 1385 ,
1376 1318 1429 1373 in
1469 1332 1572 1388 qua
1614 1332 1722 1375 non
1751 1327 1909 1389 potes

286 1412 551 1468 invenire
582 1426 907 1467 manserein.

368 1504 603 1562 CAPUT
638 1503 704 1560 V.
728 1535 801 1545 —
824 1504 877 1560 6.
906 1502 1055 1559 Mors
1070 1513 1176 1557 tum
1194 1503 1442 1575 corporis,
1465 1511 1569 1557 tum
1588 1503 1773 1558 anima:
1798 1503 1906 1572 qui-

283 1596 391 1652 bus
415 1598 619 1653 indiciis
638 1598 974 1671 cognoscitur.
1017 1596 1320 1654 Redeamus
1358 1596 1426 1652 ad
1476 1612 1690 1653 causam
1743 1612 1904 1668 quam

284 1690 468 1759 paulo
508 1698 632 1746 ante
674 1688 939 1745 dicebam.
988 1689 1259 1746 Mortuum
1302 1698 1386 1745 est
1426 1704 1643 1760 corpus.
1685 1689 1903 1760 Quare?

282 1780 439 1847 Quia
473 1782 719 1838 discessit
751 1782 860 1839 vita
898 1784 1017 1853 eius
1038 1824 1058 1847 ,
1088 1781 1189 1837 hoc
1218 1790 1301 1837 est
1323 1822 1337 1847 ,
1368 1781 1568 1837 anima.
1614 1781 1757 1845 \(ivit
1779 1797 1902 1838 cor-

279 1888 423 1944 pus,
454 1883 511 1929 et
533 1874 726 1946 impius
746 1882 851 1939 est,
882 1873 1112 1931 inﬁdelis
1138 1881 1243 1941 est,
1266 1873 1337 1928 ad
1359 1873 1688 1930 credendum
1713 1873 1900 1941 durus,

279 1966 367 2021 ad
398 1966 751 2037 corrigendos
783 1982 958 2023 mores
984 1964 1191 2022 ferreus
1221 1984 1235 2021 :
1262 1966 1477 2021 vivente
1503 1980 1728 2037 corpore
1753 1980 1900 2023 mor-

282 2068 395 2115 tua
426 2070 515 2116 est
540 2059 716 2115 anima
742 2102 757 2127 ,
786 2074 883 2133 per
921 2074 1082 2131 quam
1122 2073 1319 2131 corpus
1359 2058 1507 2114 vivit.
1551 2056 1721 2114 Tanta
1757 2059 1902 2115 enim

277 2169 391 2209 res
428 2163 513 2209 est
539 2154 715 2210 anima
741 2196 756 2220 ,
803 2162 861 2215 ut
896 2151 1088 2209 idonea
1114 2151 1190 2207 sit
1215 2151 1378 2207 vitam
1407 2159 1665 2222 praestare
1688 2151 1902 2222 oorpori

276 2249 469 2305 etiam
496 2258 724 2305 mortua.
753 2248 925 2305 Tanta
946 2290 962 2313 ,
1007 2248 1223 2320 inquam
1247 2288 1264 2315 ,
1306 2261 1397 2303 res
1425 2254 1509 2303 est
1533 2246 1710 2303 anima
1733 2286 1749 2315 ,
1792 2254 1901 2301 tam

275 2341 583 2399 excellens
621 2350 904 2409 creatura,
944 2348 1004 2395 ut
1028 2339 1221 2399 idonea
1250 2339 1320 2395 sit
1346 2338 1509 2394 etiam
1546 2345 1753 2394 mortua
1778 2352 1899 2394 caro

276 2449 430 2493 nam
458 2432 753 2491 viviﬁcare.
777 2433 911 2489 Nam
940 2433 1057 2503 ipsa
1081 2430 1259 2487 anima
1297 2430 1485 2502 impii,
1507 2429 1684 2485 anima
1712 2428 1900 2485 intide-

276 2526 395 2595 lis,
425 2527 604 2584 atumo
631 2526 873 2597 perversi
895 2568 911 2593 ,
941 2525 1090 2591 duri,
1118 2533 1331 2583 mortua
1360 2532 1442 2580 est
1475 2542 1491 2579 :
1518 2533 1572 2581 ot
1598 2533 1781 2581 union
1805 2538 1900 2593 per

277 2618 483 2689 ipsam
512 2627 775 2674 mortuam
803 2617 936 2673 vivit
961 2631 1178 2686 corpus.
1211 2615 1336 2672 Ideo
1362 2616 1434 2671 ibi
1460 2623 1543 2672 est
1572 2632 1583 2669 :
1614 2622 1794 2671 movet
1830 2613 1903 2669 ad

273 2710 633 2782 cperandum
664 2724 880 2774 manus,
907 2708 975 2764 ad
1000 2707 1381 2765 ambulandum
1410 2706 1595 2777 pedes,
1625 2706 1695 2769 ad
1724 2706 1900 2763 viden-

273 2802 435 2859 dum
455 2801 680 2859 intendit
706 2802 970 2870 obtutum,
1000 2801 1067 2856 ad
1090 2800 1416 2857 audiendum
1438 2801 1658 2859 auribus
1680 2800 1899 2857 inclina-

278 2907 391 2953 tur
414 2914 435 2962 ;
459 2911 681 2966 sapores
703 2894 980 2966 diiudicat,
1013 2894 1229 2953 dolores
1257 2893 1483 2965 refugit,
1515 2894 1717 2963 appetit
1740 2893 1894 2951 volu-

276 2997 503 3062 ptates.
532 2986 721 3043 Omnia
759 2986 874 3044 hate
902 2987 1145 3058 corporis
1174 2987 1403 3042 viventis
1446 2986 1641 3042 indicia
1664 3026 1685 3051 ,
1708 2985 1803 3043 sed
1828 3001 1893 3042 ex

274 3083 500 3137 animm
513 3080 819 3151 praesentia.
833 3079 1109 3150 Interrogo
1125 3094 1341 3149 corpus,
1360 3094 1432 3135 an
1456 3079 1617 3135 vivat.
1645 3077 1891 3149 Respon-

274 3175 397 3239 det
457 3172 592 3230 mihi
625 3193 639 3228 :
672 3172 835 3231 Vides
894 3171 1255 3233 ambulantem
1279 3210 1297 3237 ,
1343 3170 1493 3229 vides
1540 3178 1851 3240 operantem
1875 3210 1891 3236 ,

274 3265 458 3325 audis
484 3266 813 3337 loquentem,
839 3262 1016 3323 cernis
1040 3270 1377 3334 appetentem
1400 3268 1459 3321 et
1483 3260 1801 3332 fugientem.
1838 3269 1895 3315 et

274 3375 408 3423 non
440 3358 693 3431 intelligis
726 3372 921 3430 corpus
958 3355 1179 3415 vivere?
1218 3354 1319 3412 Per
1362 3354 1479 3413 lucc
1505 3368 1671 3423 Opera
1699 3353 1893 3417 animm

275 3453 449 3509 intus
470 3451 797 3517 constitutis,
817 3450 1058 3523 intelligo
1077 3464 1273 3521 corpus
1292 3448 1498 3507 vivere.
1536 3449 1603 3503 Et
1623 3450 1895 3518 interrogo

274 3542 473 3617 ipsam
495 3542 748 3610 animum,
778 3558 845 3598 an
866 3541 1027 3596 vivat.
1058 3538 1228 3597 Habet
1247 3547 1301 3596 ct
1325 3539 1440 3609 ipsa
1463 3553 1627 3610 opera
1652 3552 1770 3607 sua,
1796 3553 1892 3611 per

272 3650 419 3711 qua:
448 3633 696 3689 ostendat
722 3634 889 3709 vitam
917 3647 1091 3689 suam.
1118 3630 1294 3691 Pedes
1317 3630 1613 3697 ambulant,
1650 3630 1891 3701 intelligo

272 3741 498 3797 corpus
526 3726 735 3792 vivere,
765 3724 861 3782 sed
887 3724 1080 3780 animae
1126 3723 1432 3793 praesentia.
1470 3722 1687 3792 Quaaro,
1712 3730 1889 3779 utrum

274 3819 441 3872 vivat
466 3818 662 3871 anima.
688 3816 854 3871 Pedes
883 3816 967 3871 isti
994 3815 1288 3869 ambulant.
1318 3815 1456 3870 Ecce
1481 3815 1548 3869 de
1574 3828 1680 3871 uno
1717 3822 1886 3875 motu.

276 3909 375 3965 De
406 3910 516 3963 vita
539 3908 805 3978 interrogo
824 3922 1018 3978 corpus
1038 3914 1096 3961 et
1112 3907 1368 3961 animam.
1390 3905 1679 3963 Ambulaut
1703 3906 1885 3976 pedes,

276 4001 539 4072 intelligo
560 4014 752 4070 corpus
772 4000 970 4055 vivere.
1004 3998 1108 4055 Sed
1142 4013 1249 4069 quo
1282 3998 1598 4055 ambulant?
1628 3998 1709 4055 Ad
1738 3998 1890 4057 adul-

278 4095 521 4160 terium,
546 4094 731 4164 inquit.
772 4093 913 4163 Ergo
938 4100 1147 4151 mortua
1172 4101 1253 4149 est
1277 4093 1473 4151 anima.
1508 4092 1595 4150 Sic
1619 4094 1765 4151 enim
1790 4110 1888 4153 vo-

276 4185 578 4240 racissima
615 4184 887 4256 Scriptura
928 4183 1107 4241 dixit:
1159 4183 1365 4242 Mortua
1406 4195 1479 4241 est
1518 4186 1670 4245 vidua
1697 4203 1811 4256 qum
1834 4187 1889 4242 in

280 4276 499 4330 deliciis
528 4275 638 4329 uiuit
673 4272 717 4346 (ι
740 4272 874 4329 Tim.
905 4289 961 4343 v,
993 4272 1071 4345 6).
1102 4273 1237 4332 Cum
1262 4277 1489 4333 multum
1514 4277 1722 4335 intersit
1749 4277 1889 4337 inter

278 4369 525 4427 delicias
547 4378 603 4425 ot
627 4367 944 4426 adulterium
969 4410 986 4435 ,
1016 4369 1284 4439 quomodo
1314 4379 1491 4439 potest
1516 4372 1729 4439 anima,
1768 4390 1888 4442 quae

283 4463 345 4520 in
376 4462 585 4521 deliciis
610 4472 818 4519 mortua
852 4463 1042 4521 dicitur
1066 4505 1083 4527 ,
1123 4464 1175 4519 in
1204 4463 1467 4523 adulterio
1491 4466 1713 4523 vivere?
1750 4467 1889 4525 illor-

282 4563 391 4610 tna
421 4562 528 4611 cst.
569 4553 672 4611 Sed
717 4569 817 4611 nec
851 4555 929 4611 sie
970 4554 1185 4624 quidem
1214 4570 1376 4625 agens
1412 4566 1621 4613 mortua
1648 4567 1748 4615 est.
1778 4558 1887 4617 ιθ·-

281 4654 559 4718 quentetp
586 4645 765 4712 audio,
789 4644 915 4699 vivit
942 4659 1157 4716 corpus.
1194 4645 1313 4702 Non
1336 4649 1481 4707 enim
1515 4648 1693 4720 lingua
1720 4650 1773 4709 in
1794 4666 1893 4709 oro

284 4751 613 4800 moveretur
631 4782 645 4802 .
690 4750 746 4803 et
767 4748 1074 4809 percuteret
1093 4738 1393 4810 quibusque
1414 4741 1547 4799 locis
1575 4743 1891 4801 articulares

285 4847 491 4897 sonos,
524 4832 623 4889 nisi
653 4831 795 4889 intus
822 4830 1087 4889 habitator
1110 4842 1292 4896 esset;
1321 4843 1373 4889 et
1400 4833 1553 4902 quasi
1582 4834 1650 4889 ad
1678 4834 1779 4892 hoc
1799 4850 1888 4890 or-

286 4939 502 4995 ganum
530 4923 780 4989 musicus,
809 4925 899 4995 qui
924 4925 1103 4995 lingua
1132 4941 1225 4980 sua
1252 4931 1511 4981 uteretur.
1554 4926 1783 4985 Prorsus
1810 4926 1890 4983 iii-

288 5016 509 5085 trlligo.
550 5014 661 5073 lIoc
685 5016 845 5073 modo
879 5032 1075 5086 corpus
1102 5017 1349 5085 loquitur,
1378 5032 1573 5087 corpus
1610 5018 1754 5074 vivit.
1783 5018 1886 5075 Sed

290 5107 593 5177 interrogo,
618 5115 793 5161 utrum
813 5117 867 5164 et
883 5107 1064 5165 anima
1086 5108 1242 5163 vivat.
1261 5107 1401 5165 Ecce
1421 5109 1655 5179 loquitur
1672 5125 1886 5180 corpus,

289 5198 453 5252 vivit.
494 5198 631 5263 Quid
655 5198 923 5268 loquitur?
951 5199 1229 5269 Quomodo
1268 5200 1509 5257 dicebam
1539 5202 1606 5258 de
1630 5203 1887 5272 pedibus,

289 5288 612 5355 Ambulant,
635 5305 761 5347 ecce
788 5291 919 5347 vivit
938 5306 1165 5362 corpus;
1198 5301 1252 5348 et
1275 5294 1600 5363 quaerebam,
1629 5296 1746 5358 Quo
1769 5310 1882 5351 am-

288 5383 533 5439 bulant?
571 5393 625 5438 ut
650 5385 1001 5456 intelligerem
1032 5395 1209 5441 utrum
1245 5396 1303 5443 et
1330 5388 1506 5442 anima
1538 5389 1739 5447 viveret
1766 5406 1779 5442 :
1812 5389 1889 5445 sic

286 5476 464 5531 etiam
495 5488 618 5531 cum
642 5476 804 5533 audio
827 5476 1156 5547 loquentem,
1180 5479 1414 5549 intelligo
1439 5480 1562 5549 quia
1598 5494 1793 5552 corpus
1819 5481 1891 5534 vi-

289 5568 411 5629 vit;
435 5584 621 5639 qurere
642 5570 768 5639 quid
792 5570 1063 5640 loquatur,
1084 5582 1263 5631 utrum
1289 5581 1344 5629 ot
1361 5573 1539 5631 auium
1564 5574 1728 5629 vivat.
1751 5574 1889 5630 Men-

288 5660 518 5718 dacium
547 5662 795 5732 loquitur.
822 5663 879 5718 Si
901 5664 1233 5725 mendacium
1256 5666 1507 5735 Mittitur,
1530 5681 1659 5737 ergo
1679 5676 1887 5723 mortua

288 5761 408 5809 est.
455 5752 607 5809 Unde
652 5753 753 5809 hoc
791 5756 1120 5824 probamus?
1158 5756 1328 5827 Ipsam
1360 5758 1636 5813 veritatem
1664 5760 1887 5813 interro-

287 5852 523 5916 gemus,
551 5857 668 5914 qua:
692 5843 765 5901 ait
798 5862 810 5900 :
847 5843 918 5901 Os
958 5844 1093 5916 quod
1120 5848 1396 5915 mentitur,
1444 5848 1625 5904 occidit
1662 5850 1887 5905 animam

1735 360 1965 422 SERMO
2000 362 2092 420 LX
2102 362 2184 420 Vl.

3500 380 3607 447 Β.

2024 476 2183 551 (Sap.
2238 495 2279 549 ι,
2334 479 2451 553 tl).
2492 482 2707 552 Quaero,
2766 483 2942 557 Quare
3003 495 3214 547 mortua
3263 498 3349 549 est
3386 493 3606 552 anima?

2019 568 2173 639 Quod
2212 573 2371 642 paulo
2395 584 2519 631 ante
2545 575 2784 634 dicebam
2813 620 2826 646 ,
2868 595 3049 650 quairo
3078 623 3095 653 ,
3123 580 3299 651 Quare
3336 593 3607 643 mortuum

2018 673 2101 719 est
2147 666 2386 737 corpus?
2426 665 2561 737 Quia
2608 668 2853 727 discessit
2893 672 3001 729 vita
3038 672 3155 744 eius
3194 675 3391 732 anima.
3431 676 3610 747 Quare

2015 765 2228 813 mortua
2275 769 2359 816 est
2403 760 2626 816 anima?
2678 761 2814 843 Quia
2869 763 3111 823 deseruit
3158 781 3279 824 eam
3330 767 3437 825 vita
3491 768 3609 841 ejus

2016 846 2178 905 Deus.

2086 938 2310 996 CAPUT
2343 934 2435 997 VI.
2464 974 2534 983 ——
2570 944 2622 1001 7.
2658 942 2800 998 Mora
2827 946 3010 1002 animo:
3034 946 3251 1020 lugenda
3276 957 3322 1004 et
3376 948 3600 1013 timenda

2013 1032 2176 1103 magis
2196 1049 2359 1102 quam,
2397 1050 2532 1089 mors
2570 1036 2817 1106 corporis.
2846 1038 3086 1095 Breviter
3135 1055 3265 1112 ergo
3293 1040 3377 1098 his
3421 1020 3593 1123 cogni-

2015 1124 2105 1189 tis,
2132 1126 2320 1182 scitote
2340 1136 2648 1199 certumque
2696 1136 2892 1193 tenete,
2937 1146 3132 1204 corpus
3175 1143 3444 1195 mortuum
3487 1152 3609 1199 esse

2012 1216 2129 1271 sine
2156 1217 2366 1272 anima:
2395 1219 2629 1277 animam
2662 1232 2928 1283 mortuam
2961 1238 3083 1280 esse
3110 1224 3225 1281 sine
3254 1225 3386 1281 Deo.
3421 1226 3611 1284 Omnis

2012 1308 2171 1363 homo
2212 1310 2331 1367 sine
2382 1311 2491 1368 Deo
2538 1323 2802 1371 mortuam
2839 1313 3000 1373 habet
3047 1317 3281 1375 animam
3304 1319 3341 1371 ¹.
3392 1319 3606 1392 Plangis

2010 1411 2319 1460 mortuum:
2352 1405 2543 1477 plango
2568 1416 2901 1476 poccatorem
2922 1408 3113 1482 magis,
3145 1410 3337 1484 plango
3361 1411 3604 1484 impium,

2009 1494 2200 1568 plango
2226 1495 2514 1554 infidelem.
2562 1496 2829 1570 Scriptum
2852 1510 2936 1558 est
2966 1519 2979 1555 :
3012 1501 3202 1560 Luctus
3220 1504 3405 1559 mortui
3429 1547 3446 1575 ,
3489 1523 3607 1579 sep-

2011 1594 2110 1639 tem
2139 1587 2280 1655 dies;
2304 1590 2433 1659 fatui
2453 1599 2621 1655 autem
2648 1602 2693 1645 et
2717 1593 2862 1663 impii
2882 1610 3095 1660 ,omnos
3118 1596 3225 1653 dies
3270 1597 3385 1653 vitae
3402 1598 3609 1655 illorum

2014 1674 2216 1749 (Ecch'.
2248 1695 2363 1737 χχιι
2380 1723 2396 1748 ,
2428 1682 2541 1753 15).
2567 1685 2652 1741 Au
2673 1699 2802 1740 vero
2826 1701 2935 1741 non
2960 1687 3014 1742 in
3044 1696 3097 1745 te
3125 1699 3250 1745 sunt
3273 1690 3479 1750 viscera
3498 1694 3607 1753 mi-

2006 1772 2289 1833 serationis
2313 1773 2639 1845 christiana},
2672 1786 2729 1834 ut
2759 1778 2976 1851 plangas
3004 1796 3201 1851 corpus
3228 1797 3261 1840 a
3284 1798 3396 1854 quo
3416 1762 3627 1849 roceo;

2006 1862 2079 1917 sit
2126 1864 2421 1933 animn,et
2466 1882 2575 1924 non
2616 1869 2838 1941 plangas
2881 1873 3117 1931 animam
3155 1888 3187 1929 a
3238 1890 3341 1945 qua
3386 1877 3610 1941 recessit

2008 1953 2192 2010 Deus?
2216 1956 2331 2013 Hoc
2351 1964 2541 2017 tenens
2579 1971 2782 2034 martyr
2825 1964 3146 2035 respondeat
3186 1969 3556 2028 comminatori

2006 2044 2146 2115 Quid
2172 2063 2261 2106 me
2283 2050 2461 2120 cogis,
2490 2061 2548 2108 ut
2604 2068 2795 2123 negem
2840 2054 3142 2119 Christum?
3189 2056 3347 2131 Cogis
3373 2076 3504 2133 ergo
3547 2071 3608 2125 tot

2005 2152 2195 2210 negem
2243 2144 2515 2199 veritatem
2544 2142 2645 2201 ?Si
2677 2146 2929 2214 noluero,
2969 2150 3096 2220 quid
3146 2149 3322 2209 facis?
3364 2154 3606 2215 Porculis

2004 2245 2201 2301 corpus
2228 2249 2406 2292 meum
2425 2276 2443 2302 ,
2470 2246 2529 2291 ut
2558 2239 2770 2294 recedat
2798 2240 2923 2295 inde
2943 2242 3119 2297 anima
3148 2259 3268 2301 mea
3296 2262 3309 2301 :
3340 2246 3436 2307 sed
3487 2248 3604 2318 ipsa

2007 2324 2187 2380 anima
2211 2341 2331 2383 utea
2379 2327 2447 2382 ad
2472 2344 2532 2385 se
2563 2329 2723 2388 habet
2750 2346 2962 2404 corpus.
2995 2334 3117 2390 Non
3160 2346 3245 2395 est
3270 2338 3600 2412 imprudens,

2003 2430 2113 2473 non
2133 2425 2216 2472 est
2235 2417 2517 2489 insipiens.
2541 2420 2619 2477 'I‘u
2649 2422 2728 2481 vis
2753 2423 2915 2482 ferire
2942 2440 3141 2498 corpus
3160 2444 3340 2487 meum
3365 2450 3379 2488 :
3413 2435 3493 2493 vis
3518 2446 3599 2504 ut,

2003 2523 2123 2561 cum
2172 2509 2334 2563 timeo
2372 2526 2440 2565 ne
2470 2510 2630 2568 ferias
2660 2528 2856 2586 corpus
2893 2532 3098 2586 meum,
3125 2529 3181 2577 et
3226 2524 3444 2585 recedat
3477 2527 3603 2587 inde

2001 2601 2181 2657 anima
2207 2618 2325 2660 mea
2345 2646 2359 2671 ,
2389 2620 2487 2675 ego
2525 2606 2715 2663 feriam
2768 2610 3002 2672 animam
3043 2628 3249 2682 main,
3299 2627 3357 2678 et
3381 2620 3600 2681 recedat

2004 2692 2131 2750 inde
2157 2694 2300 2753 Deus
2319 2698 2510 2755 meus?
2550 2698 2667 2755 Non
2695 2715 2825 2772 ergo
2850 2702 3062 2774 timeas,
3091 2716 3319 2781 αιδην,
3361 2712 3599 2783 gladium

2001 2788 2335 2855 percussoris
2361 2805 2375 2842 :
2405 2787 2637 2861 linguam
2667 2799 2816 2850 tuam
2858 2794 3009 2862 timo.
3045 2811 3121 2857 ne
3143 2808 3197 2857 tu
3223 2809 3279 2857 te
3305 2806 3598 2875 poi-antas,

2000 2880 2285 2937 muscidos
2318 2896 2699 2951 meamea),
2729 2887 2824 2943 sed
2848 2889 3105 2947 animam.
3132 2894 3385 2955 Animam
3430 2900 3597 2968 tino,

1999 2983 2069 3027 ne
2096 2972 2355 3029 moriatur
2380 2975 2431 3030 in
2461 2977 2707 3046 gobouna
2730 2978 2889 3049 ignis.

2068 3064 2292 3121 CAPUT
2336 3066 2448 3124 VH.
2473 3096 2546 3111 -—
2568 3069 2619 3124 8.
2650 3068 2897 3140 Capeti.
2927 3084 2977 3129 et
3002 3076 3190 3135 animo
3241 3095 3383 3140 more
3441 3093 3596 3142 «αα-ο

1998 3171 2097 3223 ne,
2122 3172 2235 3226 qua:
2260 3159 2343 3215 sit.
2375 3157 2504 3215 Indo
2530 3174 2659 3231 ergo
2681 3162 2963 3231 Dauniam,
3022 3166 3125 3232 Qui
3163 3169 3314 3227 habet
3364 3183 3593 3243 poneb-

1998 3256 2101 3302 ιαιι
2124 3257 2369 3320 θεων-μα
2387 3253 2672 3307 animum
2698 3255 2925 3312 occidero
2951 3258 3009 3315 in
3024 3261 3421 3336 minuimus.
3447 3267 3594 3336 Qu)-

1995 3339 2193 3399 modo?
2211 3342 2421 3411 qundo
2450 3345 2694 3402 mittetur
2710 3347 2767 3405 in
2788 3348 3089 3419 gehennam
3114 3354 3331 3427 inpius,
3386 3362 3599 3421 ardebit

1995 3431 2071 3488 ibi
2111 3447 2331 3503 corpus,
2378 3435 2451 3493 ibi
2493 3437 2729 3497 atumo?
2775 3440 2922 3499 loss
2962 3449 3247 3517 corporis,
3298 3455 3591 3524 nouimus

1995 3538 2065 3618 na
2093 3536 2251 3593 pana
2285 3543 2297 3582 :
2325 3541 2475 3584 mors
2498 3529 2714 3596 animm,
2741 3532 2835 3587 Dei
2874 3534 3134 3592 absentia.
3170 3537 3262 3596 Vis
3290 3558 3453 3602 nosse
3472 3563 3599 3618 qua

1994 3616 2067 3673 sit
2096 3632 2245 3673 mors
2268 3619 2493 3674 animae?
2517 3618 2760 3692 Intelligo
2784 3626 3101 3694 proﬂigatam
3131 3629 3398 3694 dicentem
3421 3676 3437 3705 ,
3468 3616 3595 3695 Tot-

1994 3710 2127 3766 ων
2156 3711 2362 3781 intpitu,
2383 3723 2438 3767 ut
2457 3730 2557 3769 nou
2568 3715 2735 3772 videat
2753 3716 3036 3777 claritatem
3050 3720 3258 3778 Darnim'
3283 3726 3418 3797 (Ito.
3438 3747 3588 3801 xsvr,

1993 3805 2121 3876 to).
2147 3805 2353 3862 Timent
2404 3822 2533 3878 ergo
2560 3810 2738 3867 anima
2785 3822 3013 3870 mortem
3053 3829 3207 3872 suam
3229 3859 3246 3885 ,
3277 3829 3334 3877 et
3370 3838 3478 3878 non
3522 3829 3592 3881 ti-

1993 3907 2138 3956 meat
2162 3908 2393 3956 mortem
2414 3904 2655 3972 corporis
2685 3904 2787 3961 sui.
2818 3905 2952 3974 Quia
2990 3909 3038 3963 si
3065 3910 3300 3969 timuerit
3353 3927 3587 3975 mortem

1991 4007 2175 4061 suam,
2203 4004 2259 4050 et
2286 3994 2481 4051 vixerit
2500 3996 2555 4051 in
2584 3997 2695 4052 Deo
2723 4012 2820 4053 suo
2843 4039 2861 4067 ,
2892 4014 3001 4055 non
3027 4017 3149 4057 eum
3178 4004 3499 4066 oﬂ‘endondo
3532 4024 3588 4069 et

1991 4099 2029 4140 a
2053 4101 2111 4142 se
2149 4086 2486 4157 repellenda,
2536 4090 2829 4145 morebitur
2858 4092 2911 4147 in
2966 4092 3071 4149 ﬁne
3117 4098 3353 4168 recipere
3389 4116 3589 4175 corpus

1993 4193 2185 4247 suum;
2217 4195 2325 4237 non
2351 4180 2418 4236 ad
2445 4196 2659 4253 pmuam
2689 4193 2944 4239 aeternam
2963 4227 2979 4253 ,
3012 4188 3150 4243 sicut
3178 4190 3326 4262 impii
3351 4210 3365 4261 ;
3391 4197 3487 4252 sed
3516 4201 3583 4254 ad

1995 4273 2155 4365 vitam
2185 4284 2477 4343 aeternam,
2521 4278 2657 4335 sicut
2698 4278 2846 4349 justi.
2880 4280 3028 4337 Illam
3060 4293 3287 4340 mortem
3316 4288 3586 4362 timentes,

1992 4375 2047 4422 ot
2084 4367 2229 4422 illam
2271 4370 2432 4423 vitam
2486 4379 2750 4442 martyres
2779 4372 3096 4444 diligentes,
3156 4382 3417 4450 promissa
3491 4386 3588 4444 Dei

1993 4469 2383 4529 exspectantes,
2414 4463 2587 4517 minas
2617 4475 3017 4534 persecutorum
3060 4481 3485 4544 contemnentes,
3510 4490 3585 4535 tot

1992 4547 2093 4619 ipsi
2121 4552 2263 4621 apud
2298 4552 2466 4608 Deum
2491 4557 2736 4611 coronari
2782 4570 3127 4629 meruerunt,
3175 4574 3231 4621 et
3266 4568 3417 4625 nobis
3443 4570 3586 4626 colo-

1993 4642 2195 4699 branda
2222 4644 2311 4700 illa
2331 4646 2593 4702 solemnia
2624 4649 2975 4719 reliquerunt.

2472 4762 2703 4820 saeuo
2752 4765 2913 4821 LXVI
2962 4768 3062 4842 (α).

1995 4868 2072 4928 De
2093 4875 2253 4929 verbis
2274 4873 2537 4950 Evangeiii
2566 4878 2816 4948 Matt/imi,
2848 4898 2965 4953 cap.
2992 4899 3070 4949 x1,
3106 4883 3238 4941 2-H
3261 4928 3277 4953 ,
3306 4885 3438 4943 Cum
3492 4906 3562 4948 au

2066 4965 2230 5021 disset
2278 4965 2511 5024 Joannes
2557 4970 2609 5025 in
2661 4973 2885 5029 vinetdis
2923 4990 3082 5046 opera
3103 4976 3333 5049 Christi,
3368 4982 3587 5043 mittens

2068 5058 2199 5114 duos
2219 5059 2287 5115 de
2315 5061 2586 5133 discipulis
2614 5066 2746 5129 suis,
2782 5066 2855 5121 ait
2883 5067 2961 5123 illi
2990 5087 3003 5123 :
3028 5068 3106 5125 Tu
3134 5086 3193 5127 cs
3219 5072 3308 5144 qui
3330 5084 3587 5134 venturus

2066 5170 2123 5210 cs
2148 5195 2162 5221 ,
2193 5170 2258 5209 an
2287 5155 2450 5211 alium
2476 5161 2861 5230 expectamus?
2888 5170 2982 5215 etc.

2069 5268 2117 5322 ι.
2164 5267 2380 5323 Joannis
2423 5269 2485 5322 de
2538 5268 2738 5329 Christo
2794 5274 3148 5331 testimonium.
3215 5277 3401 5339 Lectio
3459 5296 3587 5339 san-

1996 5360 2067 5412 cti
2099 5358 2367 5429 Evangelii
2397 5362 2749 5430 quaestionem
2778 5365 2931 5421 nobis
2958 5369 3241 5435 proposuit
3282 5371 3350 5427 de
3374 5372 3583 5433 Joanne

1994 5452 2249 5524 Baptista.
2281 5453 2509 5525 Adjuvet
2536 5470 2634 5512 nos
2679 5455 2935 5513 Dominus
2967 5468 3025 5515 ut
3052 5460 3321 5522 solvamus
3348 5480 3467 5524 eam
3492 5483 3588 5527 vo.

1993 5647 2560 5761 ωιὲηῗῖξῗκοιηοηωίε
2583 5650 2723 5702 homo
2766 5664 2869 5707 sane
2906 5661 3243 5721 mammis
3274 5664 3365 5724 est,
3396 5662 3588 5719 alia“

2030 5795 2131 5871 ..(9)
2148 5795 2317 5871 ,Ψοάίι
2339 5808 2469 5871 ωε
2490 5797 2704 5871 Ψευδυηῆ
2732 5811 2797 5871 θδι
2820 5803 2976 5871 veteri
2999 5803 3167 5859 mea
3187 5803 3581 5871 succisam

1993 5854 2328 5921 bibliothecae,
2351 5866 2469 5911 ante
2490 5854 2643 5911 annos
2664 5863 2858 5916 circiter
2880 5854 3186 5927 oetiugﬁeotos
