4032 6332
493 489 596 554 bis,
646 489 912 559 quomodo
950 503 1066 545 eam
1112 485 1268 543 solvit
1291 484 1445 541 nobis
1475 483 1573 557 (a).
1603 484 1835 542 Joannes
1875 486 2073 541 Christi

492 581 795 637 testimonio
822 580 1059 636 laudatus
1097 587 1198 648 est,
1230 587 1289 635 ut
1308 578 1531 634 audistis
1555 596 1569 646 ;
1597 587 1652 634 et
1689 579 1766 635 sic
1807 579 2070 645 laudatus,

495 682 555 728 ut
583 673 634 728 in
681 674 820 729 natis
883 673 1163 729 mulierum
1209 688 1314 727 non
1372 671 1691 728 surrexisset
1736 671 1924 742 major.
1967 670 2075 725 Sed

491 766 666 834 major
693 765 783 818 illo
808 771 922 819 erat
974 772 1130 818 natus
1159 779 1226 818 ex
1268 763 1504 834 Virgine.
1558 763 1824 830 Quantum
1864 760 2072 832 major?

491 858 611 929 Ipse
635 872 811 928 praeco
850 856 1021 922 dicat,
1057 867 1312 926 quantum
1353 855 1563 911 intersit
1588 854 1727 910 inter
1751 869 1810 908 se
1837 862 1895 910 et
1927 852 2074 923 judi-

490 964 608 1006 ccm
638 962 791 1004 suum
811 989 826 1009 .
857 947 1005 1018 cujus
1034 962 1209 1016 praeco
1243 955 1342 1002 est.
1372 946 1673 1001 Antecessit
1697 945 1839 1000 enim
1887 943 2071 999 Chris-

489 1053 604 1100 tum
628 1041 884 1108 Joannes,
907 1049 962 1096 et
992 1039 1258 1095 nascendo
1279 1081 1292 1105 ,
1333 1048 1388 1094 ct
1412 1037 1752 1108 pratdicando
1781 1055 1793 1092 :
1833 1035 1929 1091 sed
1979 1051 2076 1090 an-

487 1134 704 1192 tecessit
732 1131 1094 1204 obsequendo,
1124 1147 1229 1186 non
1251 1145 1309 1184 se
1333 1128 1686 1200 praeferendo.
1716 1127 1848 1182 Nam
1881 1135 1935 1182 et
1978 1125 2072 1182 Of-

489 1228 666 1281 ﬁcium
697 1234 861 1280 totum
892 1233 1013 1278 ante
1031 1223 1269 1293 judicem
1298 1219 1564 1284 ambulat;
1608 1227 1662 1274 et
1684 1219 1774 1290 qui
1799 1218 2072 1272 ambulant

485 1319 721 1389 priores,
752 1317 852 1387 ipsi
875 1325 996 1370 sunt
1025 1315 1370 1384 pOSteriores.
1402 1312 1666 1378 Quantum
1693 1325 1820 1380 ergo
1843 1310 2072 1364 testium

485 1409 633 1462 nium
662 1407 928 1477 perhibuit
973 1405 1202 1460 Joannes
1232 1401 1487 1457 Christo?
1538 1401 1610 1456 lta
1635 1410 1692 1455 ut
1736 1400 1937 1456 diceret
1964 1414 2071 1454 non

486 1513 547 1554 se
571 1498 788 1568 dignum
819 1511 969 1561 esse,
1001 1495 1092 1564 qui
1145 1494 1378 1549 solveret
1405 1492 1684 1562 corrigiam
1725 1491 2072 1546 calceamenti

491 1590 626 1660 ejus.
665 1587 854 1643 Adhuc
878 1585 1048 1657 quid?
1094 1584 1225 1649 Nos,
1269 1583 1456 1654 inquit,
1490 1583 1552 1637 de
1599 1582 1910 1652 plenitudine
1960 1583 2071 1653 ejus

486 1683 768 1754 accepimus
797 1680 972 1752 (Joan.
1002 1695 1055 1745 ι,
1087 1677 1176 1743 27,
1209 1677 1316 1746 16).
1351 1676 1644 1730 Lucernam
1693 1690 1751 1729 se
1797 1672 2072 1728 confessus

489 1784 573 1828 est
596 1774 666 1828 de
687 1773 777 1826 illo
798 1783 1073 1825 accensam
1101 1811 1114 1834 ,
1147 1777 1206 1822 ει
1230 1767 1348 1822 ideo
1388 1767 1453 1821 ad
1480 1765 1644 1835 pedes
1673 1766 1788 1836 ejus
1810 1764 2066 1835 confugit,

487 1881 556 1922 ne
600 1865 667 1920 ad
710 1865 815 1918 alta
873 1871 1056 1933 petens
1101 1871 1260 1915 vento
1304 1858 1566 1929 superbiae
1619 1860 2067 1928 exstingueretur.

486 1956 616 2010 Tam
661 1955 856 2025 quippe
901 1965 1124 2022 magnus
1175 1961 1310 2016 erat,
1361 1959 1418 2004 ut
1461 1950 1702 2004 Christus
1751 1956 2066 2019 putaretur:

482 2055 539 2102 et
564 2047 607 2101 si
634 2062 740 2101 non
769 2045 882 2114 ipse
907 2043 1057 2099 testis
1085 2057 1212 2097 suus
1243 2050 1384 2096 esset
1435 2042 1558 2111 quia
1615 2056 1722 2095 non
1770 2050 1888 2096 erat
1933 2041 2068 2110 ipse,

482 2145 786 2194 remaneret
810 2151 981 2201 error,
1030 2145 1086 2189 et
1112 2142 1387 2203 putaretur
1429 2133 1563 2201 ipse.
1601 2131 1784 2200 Qualis
1815 2130 2072 2186 humilis?

486 2231 834 2287 Deferehatur
859 2229 936 2283 illi
989 2227 1160 2282 honor
1203 2242 1232 2279 a
1266 2224 1483 2296 populo,
1516 2233 1570 2279 et
1595 2225 1710 2294 ipse
1763 2223 2068 2293 respuebat.

485 2325 752 2381 Errabant
777 2322 1020 2377 homines
1055 2321 1107 2374 in
1135 2320 1251 2389 ejus
1272 2317 1652 2388 magnitudine,
1677 2326 1730 2371 et
1758 2318 1871 2387 ipse
1891 2333 1949 2372 se
1974 2316 2072 2370 hu-

484 2416 739 2472 miliabat.
796 2412 1018 2468 Nolebat
1055 2424 1296 2465 crescere
1352 2408 1629 2464 hominum
1682 2407 1898 2476 verbis,
1945 2405 2071 2477 quia

482 2505 960 2577 comprehenderat
982 2502 1077 2557 Dei
1103 2501 1354 2556 Verbum.

550 2601 606 2655 2.
647 2598 833 2653 Christi
906 2595 1250 2650 testimonium
1324 2591 1386 2646 de
1458 2590 1679 2646 Joanne.
1763 2591 1904 2660 Ergo
1968 2591 2071 2647 hoc

481 2695 713 2750 Joannes
736 2691 802 2746 de
825 2689 1042 2745 Christo
1076 2705 1087 2739 :
1122 2687 1369 2741 Christus
1396 2683 1464 2740 de
1495 2683 1702 2739 Joanne
1726 2683 1889 2752 quid?
1915 2683 2071 2738 Modo

481 2784 814 2840 audivimus:
849 2779 1008 2850 Coepit
1033 2779 1197 2831 dicere
1228 2777 1296 2829 ad
1333 2774 1502 2829 turbas
1550 2776 1613 2828 de
1637 2774 1838 2828 Joanne
1872 2790 1890 2828 :
1933 2774 2072 2842 Quid

481 2874 654 2929 existis
679 2873 733 2926 in
777 2872 1028 2925 desertum
1052 2868 1259 2921 uidere?
1305 2865 1604 2919 arundinem
1642 2874 1791 2919 vento
1835 2865 2070 2918 moveri?

486 2966 674 3035 Utique
712 2961 999 3031 non;quia
1037 2959 1269 3015 Joannes
1313 2973 1418 3012 non
1449 2957 1876 3012 circumﬂabatur
1922 2956 2068 3010 omni

480 3067 642 3114 vento
671 3056 947 3112 doctrinte.
995 3053 1103 3108 Sed
1153 3052 1276 3122 quid
1318 3049 1490 3105 existis
1545 3048 1757 3104 videre?
1818 3047 2069 3101 hominem

478 3149 715 3206 mollibus
760 3145 1032 3202 vestitum?
1079 3142 1232 3208 Non;
1275 3139 1397 3212 quia
1446 3140 1679 3196 Joannes
1716 3153 1904 3208 aspera
1946 3147 2065 3194 erat

478 3252 627 3300 veste
650 3241 871 3297 vestitus
921 3255 935 3291 :
984 3235 1217 3292 habebat
1245 3233 1386 3289 enim
1413 3242 1616 3288 vestem
1642 3231 1711 3287 de
1744 3230 1866 3301 pilis
1890 3245 2069 3285 came-

478 3335 672 3400 lorum,
704 3346 809 3388 non
838 3329 906 3385 de
937 3327 1152 3398 plumis.
1182 3323 1288 3381 Sed
1313 3324 1434 3395 quid
1473 3323 1645 3378 existis
1697 3321 1901 3376 videre?
1943 3337 2067 3391 pro-

478 3427 682 3497 phetam
703 3425 728 3478 ?
753 3421 836 3476 Ita
861 3437 879 3474 :
897 3429 945 3474 et
968 3420 1135 3490 major
1159 3433 1312 3488 quam
1365 3416 1631 3515 prapheta.
1663 3413 1843 3482 Quare
1894 3412 2068 3515 major

477 3532 636 3588 quam
681 3511 983 3584 propheta?
1015 3510 1302 3564 Venturum
1337 3505 1618 3561 Dominum
1671 3505 2066 3575 praenuntiave-

476 3621 622 3678 runt,
648 3625 805 3680 quem
850 3606 1030 3661 videre
1057 3603 1491 3660 desideraverunt
1518 3618 1531 3654 :
1566 3607 1619 3654 ει
1647 3614 1753 3653 non
1779 3597 2062 3653 viderunt:

478 3707 602 3763 huic
619 3713 794 3760 autem
818 3702 1112 3772 praestitum
1141 3707 1223 3754 est
1250 3696 1390 3767 quod
1413 3696 1488 3751 illi
1519 3696 1866 3766 quaesierunt.
1921 3693 2067 3748 Vidit

478 3799 759 3854 Dominum
777 3795 1042 3859 Joannes,
1088 3791 1238 3856 vidit;
1263 3790 1484 3858 digitum
1507 3787 1560 3840 in
1585 3801 1709 3842 eum
1736 3785 1980 3850 intendit,
2009 3792 2067 3840 et

477 3892 582 3956 ait,
622 3888 754 3943 Ecce
796 3887 969 3956 Agnus
1017 3883 1146 3950 Dei,
1199 3898 1308 3936 ecce
1335 3881 1421 3950 qui
1463 3880 1593 3933 tollit
1645 3887 1850 3948 peccata
1887 3877 2066 3930 mundi

477 3980 640 4054 (Ibid.
681 3979 770 4049 29)
800 3995 812 4029 :
843 3991 969 4032 ecce
997 3985 1098 4030 est.
1123 3974 1239 4028 Jam
1287 3979 1535 4034 venerat,
1567 3979 1621 4024 et
1669 3985 1774 4023 non
1805 3981 2064 4038 agnosce-

477 4073 630 4126 batur
655 4086 673 4123 :
695 4081 750 4123 et
782 4067 902 4121 ideo
940 4075 992 4119 ct
1019 4066 1068 4118 in
1097 4065 1212 4132 ipso
1235 4063 1440 4117 Joanne
1469 4061 1770 4115 errabatur.
1819 4059 1957 4114 Ecce
1981 4067 2065 4114 est

477 4163 564 4217 hic
609 4177 764 4230 quem
817 4156 1256 4211 desideraverunt
1285 4152 1465 4205 videre
1488 4150 1845 4214 Patriarchae,
1901 4164 2063 4218 quem

477 4252 962 4325 pratnmttiavcrunt
992 4245 1270 4315 Pr0phcta:
1300 4285 1315 4307 ,
1345 4257 1505 4314 quem
1537 4241 1874 4311 praesignavit
1926 4240 2058 4296 Lex.

477 4345 608 4398 Ecce
629 4342 800 4414 Agnus
823 4339 911 4393 Dei
935 4381 950 4405 ,
976 4353 1087 4392 ecce
1105 4337 1191 4408 qui
1217 4333 1351 4388 tollit
1377 4341 1581 4404 peccata
1629 4332 1817 4386 mundi.
1859 4332 1930 4386 Et
1971 4332 2062 4388 ille

475 4438 670 4493 bonum
710 4431 1071 4488 testimonium
1105 4427 1375 4498 perhibuit
1417 4425 1672 4488 Domino,
1712 4433 1768 4480 et
1806 4425 2062 4481 Dominus

473 4529 548 4584 illi
584 4525 686 4581 :In
726 4525 858 4579 natis
902 4520 1205 4584 mulierum,
1236 4518 1405 4588 inquit
1448 4517 1739 4582 Dominus,
1771 4533 1916 4572 nemo
1943 4533 2059 4572 sur-

473 4621 601 4675 rexit
630 4618 793 4690 major
812 4615 1012 4668 Joanne
1039 4612 1272 4683 Baptista
1293 4627 1312 4664 :
1339 4610 1424 4680 qui
1470 4619 1635 4664 autem
1675 4611 1841 4664 minor
1885 4621 1958 4666 est
2007 4612 2062 4666 in

472 4727 627 4783 regno
655 4708 923 4773 cwlorum,
949 4707 1118 4776 major
1142 4714 1212 4758 cst
1240 4703 1329 4758 illo
1355 4719 1375 4768 ;
1416 4703 1589 4757 minor
1617 4712 1855 4773 tempore
1878 4745 1892 4770 ,
1943 4719 2060 4759 ma-

467 4805 556 4876 jor
585 4802 885 4873 majestate.
946 4800 1014 4855 Se
1057 4800 1230 4868 ipsum
1271 4797 1456 4851 volens
1507 4797 1730 4866 intelligi
1757 4796 1860 4852 hoc
1904 4797 2057 4853 dixit.

473 4897 638 4953 Valde
669 4898 806 4950 inter
834 4894 1076 4948 homines
1101 4892 1334 4946 Joannes
1365 4900 1448 4945 est
1475 4906 1719 4960 magnus,
1776 4908 1883 4962 quo
1912 4893 2059 4948 solus

474 4990 612 5044 inter
632 4987 876 5041 homines
927 4985 1097 5055 major
1125 4992 1207 5039 est
1249 4982 1514 5036 Christus.
1548 4983 1732 5038 Potest
1771 4994 1823 5039 et
1847 4986 1925 5040 sic
1945 4985 2057 5040 dis-

474 5081 640 5150 tingui
683 5089 735 5133 et
777 5078 908 5132 solvi
938 5095 950 5130 :
997 5075 1063 5130 In
1093 5077 1224 5129 natis
1254 5074 1517 5127 mulierum
1543 5091 1642 5128 non
1659 5076 1874 5130 surrexit.
1895 5079 2058 5148 major

471 5173 672 5226 Joanne
691 5171 924 5241 Baptista
953 5187 972 5224 :
1000 5170 1086 5242 qui
1126 5178 1294 5222 autem
1320 5167 1484 5220 minor
1510 5178 1581 5222 est
1617 5169 1666 5222 in
1707 5187 1859 5240 regno
1905 5172 2058 5225 ecclo-

471 5281 616 5329 rum,
647 5263 811 5334 major
838 5271 909 5315 est
929 5261 1040 5314 illo.
1073 5259 1185 5314 Non
1213 5260 1289 5314 sic
1309 5259 1577 5328 quomodo
1605 5260 1762 5328 paulo
1801 5269 1923 5315 ante
1975 5261 2057 5316 di-

474 5357 547 5410 xi.
586 5352 686 5419 Qui
713 5363 876 5406 autem
901 5353 1066 5405 minor
1089 5360 1161 5404 est
1187 5351 1240 5404 in
1280 5367 1434 5421 regno
1451 5351 1691 5405 caelorum
1709 5393 1724 5417 ,
1758 5353 1922 5423 major
1943 5361 2014 5406 est
2037 5369 2058 5408 .'

471 5475 691 5532 regnum
714 5458 968 5513 malorum
991 5457 1143 5525 dixit,
1176 5457 1264 5511 ubi
1295 5457 1478 5528 Angeli
1512 5466 1670 5522 sunt;
1702 5458 1791 5527 qui
1819 5474 1946 5528 ergo
1969 5460 2054 5513 in-

401 5595 405 5599 .
470 5563 555 5610 ter
581 5551 812 5621 Angelos
847 5551 1020 5604 minor
1067 5557 1167 5614 est,
1200 5549 1406 5606 Joanne
1431 5549 1606 5620 major
1635 5557 1738 5605 est.
1771 5550 2056 5607 Commen-

468 5647 612 5702 davit
637 5659 859 5715 regnum
880 5643 1022 5715 quod
1037 5642 1403 5700 desideremus
1428 5659 1441 5698 :
1467 5645 1747 5714 proposuit
1762 5644 2050 5716 civitatem,

527 5779 849 5861 (αλδουηίδθ
883 5779 1072 5861 ,δεθὲἓίέ
1111 5781 1546 5861 δῖε-,ξὲξέίὲἓπὲιέἷῑ
1580 5789 1749 5861 ΕΨΡΞ
1763 5782 2053 5861 Ρῗὲεἱράυων

463 5840 684 5898 Christus
699 5856 806 5895 eam
825 5840 962 5896 solvit
975 5841 1116 5896 nobis
1143 5854 1162 5896 :
1187 5840 1419 5908 quomodo
1440 5856 1550 5895 eam
1571 5847 1706 5898 solvit
1720 5840 1854 5898 nobis
1874 5845 1898 5897 ?

1701 372 1759 426 S.
1798 368 2167 428 AUGUSTINI
2205 371 2509 433 EPISCOPI

3653 391 3760 451 432

2181 490 2333 560 cujus
2370 495 2518 549 cives
2546 508 2665 551 esse
2705 497 2998 568 cupiamus.
3039 497 3235 570 Quales
3283 503 3357 560 ibi
3380 505 3568 564 cives?
3595 524 3753 580 quam

2179 586 2355 655 magni
2384 589 2828 661 civeleuisquis
2881 593 2953 649 ibi
2996 595 3172 651 minor
3197 607 3300 667 est,
3328 597 3534 657 Joanne
3583 603 3755 673 major

2178 685 2278 730 est.
2311 676 2425 744 Quo
2449 678 2683 736 Joanne?
2711 681 2830 749 Quo
2855 699 3010 740 nemo
3059 686 3231 758 major
3254 691 3487 747 surrexit
3524 693 3580 748 in
3620 694 3758 750 natis

2178 768 2478 826 mulierum.
3299 772 3304 778 ’

2247 860 2300 915 5.
2342 860 2654 933 Difﬁcultas,
2708 884 2776 922 an
2814 869 3039 926 Joannes
3087 853 3384 929 dubitaverit
3432 875 3497 930 de
3535 874 3754 935 Christo.

2176 953 2488 1011 Audivimus
2515 973 2700 1014 verum
2732 970 2786 1016 et
2808 962 3006 1017 bonum
3049 965 3414 1022 testimonium
3446 979 3502 1024 et
3537 967 3759 1026 Joannis

2176 1045 2244 1100 de
2268 1046 2499 1114 Christo,
2524 1059 2576 1106 et
2599 1050 2879 1110 Christidc
2907 1055 3129 1112 Joanne.
3167 1057 3302 1124 Quid
3329 1059 3432 1114 sibi
3460 1073 3587 1132 ergo
3622 1063 3756 1127 vult,
3789 1095 3798 1106 .

2177 1137 2316 1207 quod
2335 1140 2563 1197 misitad
2589 1157 2713 1198 eum
2729 1144 3016 1216 discipulos
3065 1165 3190 1204 suos
3230 1149 3482 1219 Joannes,
3512 1167 3636 1208 cum
3682 1155 3764 1207 in-
3833 1184 3835 1187 -

2175 1230 2354 1287 clusus
2376 1244 2518 1290 esset
2544 1237 2594 1290 in
2625 1253 2838 1294 carcere
2872 1240 2980 1310 jam
3010 1243 3354 1310 occidendus,
3387 1255 3440 1301 et
3473 1247 3548 1302 ait
3594 1247 3762 1303 disci-

2175 1323 2312 1392 pulis
2339 1325 2448 1379 suis
2481 1343 2494 1377 :
2524 1324 2634 1395 Ite,
2666 1329 2817 1385 dicite
2835 1330 2913 1385 illi
2937 1347 2956 1386 :
2995 1332 3076 1388 Tu
3119 1351 3170 1389 es
3203 1337 3288 1405 qui
3314 1345 3549 1392 venturus
3573 1355 3647 1405 es,
3692 1356 3764 1394 an

2176 1415 2334 1468 alium
2361 1427 2702 1486 exspectamus
2721 1423 2747 1475 ?
2771 1421 2889 1491 lpsa
2930 1432 3014 1480 est
3059 1433 3168 1480 tota
3214 1426 3487 1483 laudatio?
3519 1429 3610 1483 llla
3641 1429 3763 1484 lau-

2177 1504 2321 1560 datio
2351 1507 2482 1561 facta
2510 1520 2592 1565 est
2617 1511 2898 1568 dubitatio?
2943 1514 3078 1580 Quid
3110 1515 3242 1571 dicis
3271 1557 3288 1584 ,
3341 1517 3619 1574 Joannes?
3667 1521 3760 1574 cui

2176 1595 2342 1652 dicis?
2366 1599 2491 1668 quid
2513 1601 2686 1656 dicis?
2710 1602 2881 1658 Judici
2909 1603 3066 1674 dicis,
3098 1620 3273 1675 prateo
3317 1605 3471 1663 dicis.
3517 1609 3594 1663 Tu
3625 1607 3768 1680 digi-

2177 1695 2288 1742 tum
2315 1689 2587 1746 iutendisti
2612 1735 2628 1760 ,
2670 1703 2726 1748 tu
2757 1710 2878 1749 eum
2927 1696 3208 1752 ostendisti
3237 1715 3252 1750 :
3284 1706 3337 1752 tu
3365 1698 3577 1767 dixisti,
3625 1698 3769 1756 Ecce

2175 1779 2352 1850 Agnus
2377 1781 2490 1852 Dei,
2513 1800 2624 1838 ecce
2661 1786 2748 1856 qui
2786 1788 2916 1842 tollit
2958 1799 3162 1860 peccata
3208 1791 3402 1844 mundi.
3432 1791 3510 1845 Tu
3555 1790 3765 1860 dixisti,

2177 1869 2291 1927 Nos
2316 1891 2488 1928 omnes
2508 1877 2570 1930 de
2589 1877 2898 1947 plenitudine
2919 1881 3029 1951 ejus
3072 1883 3355 1953 accepimus
3375 1899 3394 1936 :
3422 1891 3478 1937 tu
3528 1882 3713 1939 dixisti
3739 1925 3760 1953 ,

2182 1961 2306 2018 Non
2335 1981 2447 2019 sum
2476 1967 2662 2038 dignus
2697 1971 2968 2042 corrigiam
3013 1972 3338 2028 calceamenti
3385 1975 3495 2045 ejus
3544 1975 3765 2029 solvere.

2179 2054 2245 2109 Et
2265 2057 2424 2113 modo
2453 2067 2506 2113 tu
2523 2058 2675 2128 dicis,
2733 2061 2813 2115 Tu
2857 2079 2909 2117 es
2937 2064 3024 2134 qui
3065 2066 3231 2133 uenis,
3261 2081 3328 2120 an
3371 2065 3531 2121 alium
3572 2083 3767 2138 exspe-

2178 2153 2387 2207 tamus?
2414 2153 2508 2208 llle
2535 2154 2650 2224 ipse
2670 2171 2775 2211 non
2797 2158 2917 2213 est?
2962 2159 3038 2214 Tu
3089 2162 3209 2231 quis
3232 2163 3329 2218 es?
3369 2161 3556 2219 Nonne
3599 2172 3654 2218 tu
3707 2177 3772 2219 es

2177 2256 2477 2311 praecursor
2504 2245 2712 2315 ipsius?
2741 2247 2925 2305 Nonne
2948 2260 3002 2305 tu
3029 2266 3088 2308 es
3103 2250 3172 2307 de
3191 2267 3296 2323 quo
3322 2253 3632 2323 praedictum
3654 2261 3769 2322 est,

2177 2335 2310 2390 Ecce
2347 2337 2489 2391 mitto
2519 2341 2762 2410 Angelum
2794 2358 2959 2396 meum
2985 2353 3104 2397 ante
3123 2347 3305 2416 [aciem
3333 2355 3503 2416 tuam,
3533 2356 3580 2400 et
3630 2363 3772 2418 prte-

2179 2427 2378 2494 parabit
2404 2429 2538 2482 viam
2562 2431 2743 2484 tuam?
2776 2431 3054 2498 Quomodo
3092 2434 3230 2490 viam
3275 2451 3564 2506 praeparas,
3603 2447 3658 2492 et
3709 2445 3776 2494 tu

2176 2519 2364 2572 erras?
2393 2519 2667 2575 Venerunt
2692 2538 2818 2593 ergo
2838 2523 3078 2595 discipuli
3106 2525 3328 2581 Joannis
3358 2545 3371 2581 :
3399 2535 3457 2584 et
3503 2529 3774 2586 Dominus

2175 2607 2242 2662 ad
2260 2609 2379 2665 illos
2402 2652 2418 2678 ,
2449 2609 2550 2676 Ite,
2582 2613 2732 2669 dicite
2769 2615 2960 2671 Joanni
2989 2634 3008 2672 :
3047 2618 3178 2673 Caeci
3223 2621 3427 2689 vident,
3479 2623 3622 2677 surdi
3669 2640 3777 2678 au-

2175 2700 2351 2769 diunt,
2383 2702 2554 2757 claudi
2597 2707 2876 2774 ambulant,
2901 2709 3085 2778 leprosi
3132 2714 3459 2781 mundantur,
3517 2731 3777 2784 pauperes

2174 2793 2582 2863 euangelizantur
2607 2811 2626 2849 :
2645 2806 2691 2850 et
2724 2797 2897 2853 beatus
2922 2800 3007 2869 qui
3037 2801 3090 2854 in
3119 2818 3198 2856 me
3217 2819 3318 2857 non
3349 2803 3499 2873 fuerit
3538 2806 3775 2859 scanda-

2176 2883 2376 2940 lizatus.
2405 2885 2581 2942 Nolite
2608 2891 2868 2958 suSpicari
2889 2891 3148 2948 Joannem
3173 2895 3592 2952 scandalizatum
3640 2912 3775 2955 esse

2175 2978 2226 3032 in
2257 2978 2488 3035 Christo.
2515 2982 2582 3036 Et
2621 2990 2797 3039 tamen
2829 2986 2986 3041 verba
3034 2989 3186 3058 quasi
3217 2990 3296 3044 sic
3319 3000 3517 3051 sonant
3547 3006 3561 3045 :
3603 2991 3684 3046 Tu
3716 3009 3776 3049 es

2172 3072 2256 3141 qui
2284 3073 2466 3127 venis?
2507 3073 2678 3144 Opera
2701 3076 3006 3149 interroga:
3061 3079 3194 3136 Caci
3237 3083 3439 3153 uident,
3469 3085 3614 3140 surdi
3661 3105 3772 3142 au-

2173 3165 2336 3232 diunt,
2361 3165 2531 3221 claudi
2551 3169 2832 3236 ambulant,
2862 3172 3049 3242 leprosi
3071 3175 3402 3244 mandantur,
3448 3181 3636 3234 mortui
3675 3198 3771 3236 re-

2171 3269 2384 3331 surgunt
2402 3301 2418 3327 ,
2452 3278 2695 3333 pauperes
2741 3267 3184 3337 euangelizantur:
3228 3278 3282 3325 et
3325 3271 3523 3343 quaeris
3554 3288 3624 3329 an
3660 3289 3776 3349 ego

2173 3350 2330 3406 sum?
2354 3351 2525 3422 Opera
2551 3393 2567 3420 ,
2598 3355 2787 3426 inquit.
2812 3372 2931 3414 mea
2953 3399 2970 3426 ,
2997 3360 3160 3417 verba
3189 3376 3305 3418 mea
3333 3373 3476 3419 sunt.
3518 3363 3621 3433 Ite,
3675 3383 3773 3421 re-

2171 3444 2442 3498 cnuntiate.
2465 3443 2582 3500 Illis
2603 3456 2769 3502 autent
2788 3450 3101 3521 abeuntibus,
3121 3453 3200 3509 Ne
3225 3453 3362 3512 forte
3377 3456 3568 3526 aliquis
3588 3457 3768 3526 dicat,

2169 3532 2349 3589 Bonus
2391 3543 2504 3589 erat
2523 3536 2697 3606 primo
2714 3538 2984 3608 Joannes,
3028 3551 3083 3598 et
3127 3543 3353 3614 Spiritus
3409 3547 3502 3602 Dei
3524 3547 3775 3604 deseruit

2171 3622 2367 3679 illum:
2412 3626 2533 3683 ideo
2576 3628 2677 3685 ista
2705 3631 2838 3687 dixit
2885 3642 3007 3704 post
3031 3650 3219 3691 eorum
3267 3638 3596 3707 discessum;
3638 3649 3776 3711 post

2169 3714 2461 3772 discessum
2495 3719 2731 3790 ipsorum
2789 3739 2924 3794 quos
2951 3727 3169 3783 miserat
3210 3727 3465 3797 Joannes,
3513 3731 3773 3789 Christus

2170 3807 2404 3866 laudavit
2422 3811 2701 3870 Joannem.

2170 3929 2204 3940 --
2238 3903 2292 3955 4.
2323 3903 2550 3958 Solvitur
2586 3905 2870 3976 diﬁicultas.
2909 3909 3046 3976 Quid
3081 3911 3179 3968 sibi
3217 3919 3342 3984 ergo
3371 3914 3488 3969 vult
3527 3915 3771 3975 obscura

2169 3994 2431 4059 quaestio?
2458 3994 2656 4050 Luceat
2685 3998 2787 4065 sol,
2830 3999 2970 4055 unde
3020 4001 3110 4056 illa
3149 4003 3362 4058 lucerna
3402 4019 3626 4062 accensa
3653 4018 3769 4064 est.

2169 4080 2396 4138 Prorsus
2425 4084 2497 4138 ita
2526 4085 2722 4142 solutio
2747 4089 2964 4144 evidens
2996 4092 3191 4148 solutio
3220 4103 3324 4149 est.
3348 4095 3586 4155 Joannes
3610 4113 3776 4153 seor-

2168 4187 2284 4228 sum
2325 4174 2556 4232 habebat
2593 4177 2882 4250 discipulos
2924 4199 2937 4239 :
2979 4199 3084 4238 non
3133 4194 3431 4256 separatus,
3469 4188 3563 4244 sed
3609 4191 3774 4248 testis

2168 4278 2403 4335 paratus.
2437 4269 2728 4339 Oportebat
2765 4274 2906 4329 enim
2938 4284 2997 4330 ut
3027 4277 3146 4332 talis
3181 4279 3487 4348 perhiberet
3512 4283 3773 4338 testimo-

2169 4356 2312 4412 nium
2337 4358 2570 4427 Christo,
2601 4363 2764 4433 quiet
2792 4365 2907 4435 ipse
2931 4365 3221 4438 discipulos
3247 4371 3548 4441 colligebat,
3589 4375 3683 4444 qui
3713 4375 3771 4432 ei

2167 4458 2376 4519 poterat
2403 4453 2662 4523 invidere,
2695 4457 2740 4511 si
2772 4474 2877 4514 non
2908 4460 3077 4529 possit
3106 4461 3305 4518 videre.
3335 4463 3476 4533 Ergo
3503 4466 3627 4534 quia
3658 4481 3772 4533 pro

2166 4559 2360 4614 magno
2402 4546 2668 4603 habebant
2702 4549 2948 4621 discipuli
2981 4552 3220 4619 Joannis,
3251 4557 3560 4627 magistrum
3597 4573 3770 4615 suum

2165 4636 2458 4702 Joannem;
2485 4640 2774 4696 audiebant
2805 4657 2835 4696 a
2870 4643 3074 4700 Joanne
3112 4647 3470 4704 testimonium
3500 4649 3570 4706 de
3591 4649 3770 4708 Chri-

2167 4735 2272 4795 sto,
2301 4738 2356 4784 et
2375 4730 2704 4786 mirabantur
2732 4749 2746 4787 :
2775 4733 3086 4803 moriturus,
3119 4736 3188 4791 ab
3213 4737 3303 4794 illo
3327 4754 3421 4794 eos
3442 4741 3609 4796 voluit
3626 4757 3771 4799 con-

2167 4821 2387 4877 ﬁrmari.
2427 4822 2556 4878 Sine
2579 4823 2749 4880 dubio
2765 4826 2908 4881 enim
2937 4827 3010 4881 illi
3041 4828 3287 4884 dicebant
3309 4832 3446 4901 apud
3476 4848 3536 4888 se
3562 4834 3713 4903 ipsos
3747 4856 3766 4894 :

2165 4914 2270 4970 lste
2295 4915 2362 4970 de
2387 4916 2478 4971 illo
2507 4926 2649 4971 tanta
2689 4917 2835 4983 dicit,
2871 4921 2984 4989 ipse
3027 4920 3094 4976 de
3121 4937 3179 4977 se
3209 4923 3306 4978 ista
3333 4940 3440 4980 non
3471 4926 3619 4981 dicit.
3646 4926 3767 4996 Ite,

2165 5007 2314 5061 dicite
2336 5009 2412 5062 illi
2436 5023 2455 5062 :
2475 5024 2578 5063 non
2607 5010 2725 5080 quia
2761 5026 2860 5082 ego
2885 5012 3088 5079 dubito,
3119 5015 3210 5069 sed
3243 5023 3299 5070 ut
3326 5031 3419 5071 vos
3439 5017 3765 5074 instruami—

2163 5099 2238 5153 ni.
2269 5097 2366 5167 Ite,
2390 5101 2540 5166 dicite
2555 5101 2633 5155 illi
2665 5117 2683 5156 :
2708 5102 2848 5172 quod
2879 5120 2979 5174 ego
3004 5105 3152 5160 soleo
3180 5106 3380 5174 dicere,
3407 5109 3475 5162 ab
3504 5109 3621 5179 ipso
3650 5126 3768 5166 au-

2164 5191 2300 5258 dite;
2329 5193 2550 5248 audistis
2575 5211 2898 5265 pratconem,
2930 5199 3315 5254 contirmamini
3343 5218 3372 5254 a
3413 5202 3614 5272 judice.
3645 5203 3763 5271 Ite,

2163 5286 2312 5341 dicite
2335 5287 2412 5340 illi
2436 5302 2455 5339 :
2486 5286 2563 5340 Tu
2594 5305 2645 5341 es
2677 5290 2763 5358 qui
2786 5290 2942 5356 venis,
2971 5307 3037 5344 an
3063 5291 3221 5345 alium
3246 5296 3636 5363 exspectamus!
3672 5295 3768 5352 lc—

2162 5385 2305 5444 ruut,
2335 5386 2389 5432 et
2415 5377 2695 5445 dixerunt;
2730 5389 2944 5449 propter
2967 5396 3044 5448 se,
3081 5397 3185 5436 non
3224 5393 3442 5455 propter
3464 5385 3762 5443 Joannem.

2161 5467 2230 5522 Et
2270 5477 2487 5538 propter
2528 5468 2649 5526 illos
2691 5470 2825 5526 dixit
2867 5472 3130 5540 Christus,
3170 5474 3300 5529 Caeci
3341 5476 3528 5541 vident,
3580 5478 3767 5532 claudi

2162 5561 2439 5624 ambulant,
2489 5561 2630 5614 surdi
2673 5562 2902 5629 audiunt,
2950 5564 3134 5635 leprosi
3180 5566 3510 5629 mandantur,
3565 5570 3772 5623 mortui

2162 5660 2445 5721 resurgunt,
2478 5667 2727 5722 pauperes
2761 5655 3186 5726 evangelieantur.
3218 5655 3418 5713 Videtis
3445 5673 3552 5724 me,
3585 5672 3772 5728 agno-

2163 5785 2642 5911 ru1(ltlr).librum
2659 5788 2690 5838 2
2709 5796 2879 5842 Contra
2899 5793 3227 5848 adversarium
3248 5797 3392 5860 ἰαθεὶς
3413 5803 3466 5850 ει
3487 5795 3776 5860 Ρτοριιειεις

2273 5881 2287 5910 ,
2399 5885 2410 5897 .
2433 5867 2480 5900 .J.

2273 5881 2287 5910 ,
2304 5867 2410 5910 ων.
2433 5867 2480 5900 ε).
