4032 6332
304 383 428 444 453

302 499 455 556 scite
476 509 598 552 me:
625 489 821 548 videtis
848 489 1008 555 facta,
1039 485 1294 542 factorem
1326 484 1613 557 agnoscite.
1642 480 1708 536 Et
1735 479 1908 537 beatus

303 592 405 660 qui
423 591 479 644 in
503 604 581 641 me
602 601 704 640 non
739 583 890 654 fuerit
917 578 1309 635 scandalizatus.
1340 575 1444 632 Sed
1484 576 1552 631 de
1580 573 1733 629 vobis
1766 573 1907 639 dico,

302 698 421 737 non
454 680 521 735 de
545 678 771 734 Joanne.
796 673 929 729 Nam
961 682 1017 727 ut
1045 672 1303 726 sciremus
1323 669 1442 740 quia
1466 683 1573 724 non
1603 667 1669 722 de
1705 667 1909 723 Joanne

1737 358 1973 421 SERMO
2008 359 2218 424 LXVII.

3490 379 3597 437 ιδι

2016 478 2130 553 26).
2158 478 2214 535 Si
2241 480 2377 551 perit
2403 495 2433 536 a
2462 490 2672 539 mortuo
2698 483 2985 553 confessio,
3009 486 3097 558 qui
3126 487 3409 544 confitetur
3434 491 3596 548 vivit:

2013 581 2069 630 et
2103 574 2149 629 si
2183 584 2455 644 peccatum
2486 576 2788 647 confitetur,
2826 581 3004 651 utique
3032 596 3062 636 a
3097 589 3268 638 morte
3302 585 3510 643 revixit.
3541 587 3597 644 Si

2012 669 2213 736 peccati
2245 668 2519 724 confessor
2554 672 2743 726 revixit
2771 683 3028 740 a-morte,
3067 675 3183 745 quis
3212 692 3333 731 eum
3369 680 3596 733 suscita-

298 774 487 829 dixit:
521 770 637 825 Illis
659 768 952 823 abeuntibus
979 767 1127 836 capit
1155 764 1320 819 dicere
1356 765 1425 817 ad
1464 764 1634 817 turbas
1657 762 1720 817 de
1744 760 1911 817 Joan-
2012 759 2127 813 vit?
2155 759 2342 815 Nullus
2374 769 2617 817 mortuus
2652 770 2737 818 est
2771 765 2851 818 sui
2891 764 3056 833 ipsius
3088 768 3390 824 suscitator.
3420 769 3512 825 Ille
3536 773 3597 828 s'e

296 885 375 921 ne
404 883 426 923 :
456 864 590 921 dixit
610 862 792 918 laudes
816 861 934 931 ejus
961 873 1115 914 veras
1140 873 1324 925 verax,
1351 856 1570 913 veritas.

382 959 439 1015 5.
475 956 767 1027 Pauperum
808 970 949 1008 cura.
991 952 1129 1008 Puto
1174 950 1304 1006 satis
1334 949 1490 1006 istam
1528 949 1755 1004 solutam
1785 963 1905 1004 esse

292 1049 685 1119 quzestiouem.
716 1043 958 1103 Sumciat
985 1058 1113 1114 ergo
1139 1057 1306 1112 usque
1334 1041 1400 1096 ad
1431 1040 1546 1110 ejus
1585 1040 1904 1095 solutionem

290 1140 627 1211 perduxisse
667 1151 990 1192 sermonem.
1035 1133 1091 1189 In
1138 1144 1318 1189 mente
1362 1132 1551 1188 habete
1600 1146 1899 1202 pauperes:

288 1236 475 1293 facite
498 1235 586 1306 qui
611 1233 847 1289 nondum
876 1231 1073 1287 fecistis
1097 1248 1110 1283 :
1138 1230 1357 1293 credite,
1384 1244 1488 1283 non
1517 1226 1765 1299 perditis;
1794 1226 1903 1280 into

286 1327 414 1383 hoc
459 1326 628 1382 solum
676 1323 911 1394 perditis,
956 1321 1097 1392 quod
1144 1337 1251 1376 non
1292 1319 1440 1375 fertis
1478 1319 1542 1374 ad
1570 1318 1898 1391 quadrigam.

285 1418 426 1475 Jam
473 1415 798 1473 reddendum
844 1423 928 1470 est
963 1412 1285 1483 pauperibus
1322 1410 1462 1482 quod
1493 1410 1778 1473 obtulistis,
1809 1408 1902 1479 qui

282 1509 576 1565 obtulistis
609 1526 621 1561 :
662 1515 715 1562 et
744 1505 967 1561 multum
1011 1504 1187 1559 minus
1230 1503 1488 1557 habemus
1531 1502 1597 1556 ad
1638 1515 1898 1557 summam

281 1619 470 1673 quam
506 1600 686 1657 soletis
722 1600 916 1655 oIl‘erre
951 1618 965 1654 :
996 1600 1227 1653 excutite
1262 1596 1544 1666 pigritiam.
1594 1595 1703 1665 Ego
1732 1594 1900 1650 factus

284 1710 425 1750 sum
466 1692 740 1749 mendicus
776 1688 1141 1745 mendicorum
1176 1705 1190 1742 :
1222 1686 1346 1758 quid
1386 1686 1450 1743 ad
1493 1686 1610 1739 me?
1651 1686 1760 1756 Ego
1797 1685 1897 1739 sim

280 1788 588 1843 mendicus
614 1784 999 1852 mendicorum,
1023 1791 1080 1837 ut
1098 1797 1194 1839 vos
1223 1780 1572 1837 numeretnini
1598 1779 1650 1835 in
1677 1793 1899 1834 numero

281 1880 564 1936 ﬁliorum.

771 1967 997 2026 SERMO
1048 1966 1239 2023 vau
1264 1969 1286 1991 θ
1329 1965 1426 2039 (α).

274 2106 378 2163 De
421 2105 591 2161 verbis
617 2102 884 2177 Evangelii
913 2104 1167 2166 Matthwi,
1214 2119 1331 2173 cap.
1378 2117 1452 2170 ιιι,
1493 2101 1587 2167 25,
1627 2100 1897 2156 Confiteor

368 2199 498 2264 tibi,
534 2198 708 2263 Pater,
739 2197 961 2252 Domine
986 2196 1107 2252 coeli
1134 2205 1188 2251 et
1216 2204 1398 2262 teme,
1425 2194 1547 2266 quia
1570 2193 1895 2251 abscondisti

367 2290 499 2344 haec
522 2304 553 2343 a
583 2288 926 2359 sapientibus,
954 2298 1049 2344 etc.
1073 2288 1174 2357 (b).

362 2421 605 2479 CAPUT
642 2422 921 2478 PRIMUM.
948 2454 1020 2463 —
1046 2423 1095 2477 1.
1130 2420 1388 2494 Confessio
1413 2423 1603 2492 duplex
1636 2432 1742 2489 cst,
1775 2440 1893 2493 pec-

276 2516 495 2569 catoris
561 2524 607 2569 et
675 2515 973 2568 laudatoris.
1030 2513 1267 2568 Tundere
1325 2525 1492 2585 pectus
1552 2515 1691 2586 quid.
1764 2515 1899 2569 Sau-

276 2620 447 2662 ctum
476 2606 817 2679 Evangelium
839 2622 956 2662 cum
979 2606 1261 2676 legeretur,
1286 2606 1581 2660 audivimus
1602 2607 1897 2661 exsultasse

279 2701 594 2756 Dominum
617 2699 797 2757 Iesum
834 2701 885 2755 in
908 2700 1130 2772 Spiritu,
1158 2708 1212 2754 ct
1235 2700 1433 2756 dixisse
1462 2717 1476 2753 :
1505 2698 1759 2770 Conﬁteor
1785 2700 1894 2767 tibi,

279 2791 488 2859 Pater,
512 2790 727 2846 Domine
745 2792 858 2846 caeli
886 2802 931 2846 et
960 2801 1124 2855 teme,
1144 2791 1264 2863 quia
1289 2791 1593 2846 abscondisti
1617 2792 1724 2846 lucc
1751 2809 1781 2844 (ι
1806 2808 1895 2845 sa-

276 2887 557 2956 pientibus
591 2895 638 2939 et
675 2885 1019 2956 prudentibus,
1062 2894 1107 2938 et
1130 2885 1362 2940 revelasti
1386 2901 1446 2938 ea
1484 2885 1724 2955 parvulis.
1755 2883 1898 2937 "uc-

276 2992 481 3049 usque
510 2976 720 3031 interim
761 2975 919 3031 verba
948 2975 1178 3042 Domini,
1208 2976 1251 3030 si
1293 2975 1467 3046 digne,
1500 2978 1544 3031 si
1592 2977 1890 3047 diligenter,

279 3071 341 3126 si
389 3069 539 3140 quod
581 3072 807 3140 primum
851 3076 951 3134 est,
996 3068 1082 3138 pic
1126 3068 1560 3133 consideremus;
1596 3070 1896 3125 invenimus

278 3161 575 3234 primitus,
607 3177 712 3215 non
740 3176 955 3231 semper
978 3176 1098 3217 cum
1122 3161 1173 3215 in
1201 3161 1487 3231 Scriptnris
1513 3162 1738 3233 legimus
1761 3177 1896 3217 con-

282 3254 618 3319 fessionem,
655 3252 851 3309 debere
881 3268 977 3309 nos
1019 3253 1313 3324 intelligere
1350 3268 1536 3308 vocem
1577 3255 1893 3323 peccatoris.

280 3347 535 3402 Maxime
562 3354 738 3401 autem
768 3346 868 3400 hoc
888 3345 1171 3401 dicendum
1200 3345 1313 3412 fuit,
1337 3355 1387 3399 et
1416 3346 1538 3401 hinc
1561 3347 1894 3402 admouenda

283 3440 554 3497 Charitas
574 3450 750 3495 vestra
780 3455 794 3491 :
827 3437 946 3508 quia
986 3454 1109 3492 mox
1154 3446 1212 3491 ut
1254 3436 1355 3493 hoc
1393 3438 1611 3492 verbum
1638 3438 1816 3493 sonuit
1843 3439 1894 3493 in

284 3548 397 3588 ore
424 3532 688 3594 Lectoris,
726 3540 939 3588 secutus
968 3540 1050 3586 cst
1103 3530 1263 3584 etiam
1304 3546 1467 3585 sonus
1499 3532 1758 3587 tunsionis
1796 3546 1892 3601 pe-

282 3624 473 3681 ctoris
492 3624 675 3687 vestri,
694 3622 873 3678 audito
884 3622 1239 3692 scilicetquod
1258 3622 1515 3677 Dominus
1536 3623 1627 3689 ait,
1643 3621 1898 3692 Conﬁteor

285 3719 428 3783 tibi,
462 3715 638 3771 Pater.
670 3716 727 3770 In
757 3716 861 3771 hoc
902 3716 1015 3787 ipso
1054 3715 1192 3786 quod
1233 3716 1448 3783 sonuit,
1481 3715 1755 3785 Conﬁteor,
1799 3730 1895 3785 pe-

289 3819 460 3866 ctora
496 3806 789 3863 tutudistis.
817 3807 1063 3862 Tundcre
1087 3815 1263 3862 autem
1298 3814 1479 3875 pectus
1505 3805 1630 3876 quid
1660 3815 1761 3870 est,
1792 3808 1897 3862 nisi

284 3915 531 3969 arguere
555 3899 699 3971 quod
718 3900 849 3955 latet
875 3900 928 3953 in
956 3909 1192 3967 pectore,
1215 3907 1268 3952 et
1289 3898 1518 3953 evidenti
1546 3900 1698 3970 pulsu
1720 3901 1899 3955 occul-

287 4002 415 4048 tum
438 3991 704 4061 castigare
732 3991 1044 4060 peccatum?
1067 3989 1241 4058 Quare
1268 3990 1369 4044 hoc
1396 3990 1614 4050 fecistis.
1645 3990 1742 4044 nisi
1773 3991 1896 4061 quia

285 4083 550 4147 audistis,
583 4080 840 4149 Conﬁteor
863 4082 968 4145 tibi,
999 4078 1191 4134 Pater?
1222 4080 1493 4149 Conﬁteor,
1518 4080 1738 4134 audistis
1763 4098 1778 4134 :
1806 4081 1895 4150 qui

286 4178 609 4245 confitetur,
641 4190 747 4230 non
784 4174 1100 4229 attendistis.
1141 4173 1292 4229 Nunc
1326 4188 1454 4242 ergo
1495 4172 1773 4227 advertite.
1814 4172 1890 4238 Si,

288 4271 586 4339 Conﬁteor,
617 4267 858 4324 Christus
891 4266 1043 4333 dixit,
1074 4282 1104 4319 a
1143 4282 1247 4336 quo
1287 4266 1442 4338 longe
1482 4274 1560 4320 est
1587 4281 1744 4320 omne
1775 4281 1898 4335 pec-

288 4369 481 4417 catum
502 4378 516 4421 ;
544 4374 653 4415 non
675 4359 839 4414 solius
860 4366 941 4414 est
971 4358 1282 4427 peccatoris,
1307 4358 1399 4411 sed
1421 4357 1580 4413 etiam
1611 4356 1898 4427 aliquando

288 4451 614 4509 Iandatoris.
645 4449 977 4505 Confitemur
1025 4464 1173 4521 ergo,
1219 4449 1330 4503 sive
1380 4448 1658 4504 laudantes
1704 4448 1894 4516 Deum,

292 4545 417 4599 sive
449 4551 768 4597 accusantes
794 4556 891 4596 nos
922 4541 1086 4610 ipsos.
1121 4541 1208 4594 Pin
1242 4548 1324 4595 est
1359 4550 1581 4607 utraque
1610 4540 1895 4606 confessio,

292 4638 420 4690 sive
459 4649 582 4688 cum
627 4641 682 4689 te
725 4632 1094 4703 reprehendis,
1135 4632 1224 4703 qui
1265 4647 1368 4687 non
1415 4649 1474 4687 cs
1502 4633 1617 4689 sine
1643 4643 1894 4703 peccato;

294 4729 419 4785 sive
443 4742 567 4782 cum
607 4726 759 4782 illum
801 4724 1004 4791 laudas,
1045 4725 1134 4796 qui
1176 4739 1284 4781 non
1330 4733 1506 4796 potest
1549 4725 1748 4782 habere
1775 4740 1899 4796 pec-

293 4829 505 4875 catum.

374 4912 430 4965 2.
473 4909 766 4966 Peccatoris
791 4910 1040 4982 confessio
1069 4910 1220 4965 etiam
1257 4909 1369 4979 ipsa
1407 4917 1478 4963 est
1520 4908 1618 4964 Dei
1654 4910 1898 4965 laudatio.

295 5005 495 5060 Lazari
552 5004 809 5059 suscitatio
831 5046 846 5069 ,
898 5003 1170 5074 peccatoris
1224 5004 1526 5074 resurgentis
1591 5005 1774 5076 ﬁgura.
1843 5005 1900 5061 Si

294 5108 484 5155 autem
527 5098 668 5153 bene
707 5097 1021 5167 cogitemus,
1063 5094 1410 5165 reprehensio
1450 5103 1559 5159 tua,
1591 5094 1708 5151 laus
1737 5095 1901 5166 ipsius

296 5201 406 5246 est.
436 5190 615 5259 Quare
640 5189 784 5244 enim
804 5189 913 5256 jam
944 5187 1214 5242 confitens
1248 5188 1299 5239 in
1335 5187 1673 5242 accusatione
1699 5188 1899 5256 peccati

299 5282 526 5339 tui?dn
565 5280 904 5335 accusatione
947 5279 1020 5332 tui
1066 5278 1229 5347 ipsius
1271 5292 1435 5348 quare
1480 5277 1769 5345 confiteris,
1798 5278 1900 5333 nisi

294 5376 430 5443 quia
459 5389 525 5429 ex
548 5380 763 5427 mortuo
784 5371 939 5425 vivus
965 5369 1133 5424 factus
1160 5370 1255 5423 es?
1272 5367 1544 5439 Scriptura
1572 5369 1765 5439 quippe
1791 5369 1899 5423 ait:

303 5468 349 5521 Α
383 5476 602 5534 mortuo,
623 5465 769 5537 quasi
786 5463 872 5535 qui
889 5478 990 5517 non
1012 5462 1095 5527 sit,
1120 5462 1250 5532 perit
1277 5461 1523 5532 confessio
1552 5460 1737 5532 (Eccli.
1768 5475 1900 5529 xvn,

380 5626 405 5665 θ’
420 5652 679 5696 correctus
700 5650 780 5695 est
808 5642 869 5691 ad
892 5649 997 5693 tres
1015 5644 1101 5694 δι).
1125 5641 1187 5691 ad
1208 5645 1413 5704 quatuor
1433 5637 1497 5690 cI.
1520 5638 1691 5689 ad‘cb.
1715 5638 1751 5690 f.
1773 5640 1827 5691 ιι.
1848 5655 1900 5706 ε.

306 5708 375 5760 Ir.
400 5724 467 5757 ut.
507 5720 580 5770 pr.
605 5720 697 5756 nn.
736 5706 816 5757 vd.
838 5714 937 5754 Am.
962 5711 1037 5754 Er.
1061 5712 1164 5754 Par.
1188 5709 1296 5753 ων.

401 5793 455 5864 εὶ
489 5791 631 5864 alias
652 5789 912 5864 deﬁeri“?

401 5806 433 5841 a
489 5793 631 5864 Alias,
652 5793 719 5840 de
740 5793 912 5863 Verbis
931 5793 1116 5862 Domini
1137 5793 1184 5837 8.

381 5793 460 5917 Eb;
488 5859 668 5903 utatur
686 5850 864 5903 altiore
882 5856 1095 5914 ineptas.
1115 5848 1321 5900 aduom.
1339 5862 1379 5912 ι,
1400 5847 1645 5911 etpres.
1665 5861 1732 5899 vi.

2009 853 2182 922 potuit
2206 854 2481 921 suscitare,
2512 855 2601 925 qui
2642 866 2848 912 mortua
2887 873 3048 914 carne
3074 875 3180 915 non
3221 873 3461 919 mortuus
3490 873 3592 920 est.

2009 943 2220 999 Etenim
2259 945 2361 1000 hoc
2391 948 2662 1003 suscitavit
2697 949 2837 1019 quod
2882 961 3146 1008 mortuum
3189 953 3378 1010 fuerat.
3415 957 3510 1013 Ille
3533 973 3594 1015 se

2008 1036 2302 1105 suscitavit,
2334 1039 2422 1109 qui
2448 1039 2655 1095 vivebat
2691 1040 2742 1095 in
2771 1055 2849 1108 se,
2884 1043 2934 1097 in
2965 1058 3124 1101 carne
3148 1058 3322 1102 autem
3352 1063 3447 1105 sua
3476 1066 3596 1107 sus-

2008 1126 2215 1181 citanda
2243 1138 2485 1184 mortuus
2527 1139 2660 1186 erat.
2703 1131 2817 1186 Non
2848 1133 2989 1189 enim
3019 1135 3174 1193 Pater
3208 1140 3352 1196 Sulus
3395 1141 3593 1199 Filium

2007 1220 2302 1285 suscitavit,
2332 1221 2399 1277 de
2441 1238 2547 1292 quo
2589 1223 2786 1280 dictum
2828 1236 2911 1280 est
2954 1228 3023 1282 ab
3059 1230 3336 1299 Apostolo,
3371 1234 3594 1307 Propter

2006 1310 2143 1381 quod
2169 1320 2216 1365 et
2250 1310 2384 1366 Deus
2408 1330 2519 1367 cum
2548 1315 2783 1370 exultauit
2810 1316 3067 1390 (Philipp.
3100 1337 3158 1390 ιι,
3183 1323 3240 1394 9)
3269 1342 3282 1377 :
3315 1325 3406 1381 sed
3430 1329 3590 1383 etiam

2007 1401 2265 1458 Dominus
2295 1418 2353 1460 se
2381 1406 2572 1475 ipsum,
2603 1407 2653 1461 id
2682 1418 2783 1470 est,
2821 1425 3014 1481 corpus
3053 1427 3241 1481 suum;
3270 1417 3410 1472 unde
3438 1418 3587 1488 dicit,

2008 1492 2199 1549 Solvite
2226 1497 2463 1566 templum
2492 1498 2605 1563 hoc,
2636 1508 2681 1553 et
2706 1500 2757 1554 in
2782 1501 2951 1557 triduo
2970 1507 3221 1560 suscitabo
3252 1507 3383 1561 illud
3407 1510 3587 1578 (Joan.

2008 1603 2065 1654 ιι,
2098 1586 2207 1657 I9).
2237 1589 2469 1645 Mortuus
2489 1601 2571 1646 est
2589 1602 2765 1648 autem
2790 1609 3054 1663 peccator,
3072 1599 3300 1672 magime
3322 1600 3411 1656 ille
3431 1618 3591 1672 quem

2006 1679 2176 1733 moles
2214 1682 2613 1737 consuetudinis
2658 1685 2870 1752 premit,
2917 1687 3065 1755 quasi
3107 1670 3345 1759 se'pultus
3372 1670 3463 1748 est
3483 1692 3591 1750 La-

2008 1783 2183 1824 zarus.
2215 1770 2408 1826 Parum
2448 1774 2589 1827 enim
2618 1783 2752 1840 erat,
2781 1777 2902 1847 quia
2927 1789 3198 1845 mortuus;
3228 1783 3387 1837 etiam
3409 1786 3590 1856 sepul-

2006 1872 2112 1920 tus.
2144 1867 2392 1939 Quisquis
2433 1869 2590 1941 igitur
2628 1871 2782 1926 malzc
2823 1875 3238 1944 consuetudinis,
3264 1878 3415 1933 malae
3443 1879 3588 1950 vitae,

2006 1966 2341 2014 terrenarum
2385 1960 2590 2016 scilicet
2632 1962 2978 2033 cupiditatum
3023 1967 3164 2021 mole
3206 1970 3479 2037 premitur,
3516 1970 3588 2025 ita

2000 2058 2060 2105 ut
2101 2050 2156 2105 in
2198 2051 2289 2109 illo
2325 2052 2435 2122 jam
2482 2053 2676 2109 factum
2720 2055 2808 2118 sit,
2856 2055 2996 2126 quod
3037 2058 3089 2112 in
3124 2059 3353 2128 quodam
3386 2061 3588 2129 psalmo

1999 2142 2376 2200 miserabiliter
2399 2144 2612 2211 dicitur,
2645 2144 2788 2201 Dixit
2829 2148 3012 2203 stultus
3049 2148 3103 2202 in
3140 2150 3289 2205 corde
3313 2167 3426 2215 suo,
3466 2150 3590 2208 Non

2001 2242 2074 2287 est
2099 2232 2241 2303 Deus
2269 2233 2437 2304 (Psal.
2463 2253 2573 2301 xm,
2608 2238 2662 2309 1)
2689 2253 2705 2303 ;
2736 2236 2794 2293 fit
2824 2239 2961 2307 talis,
2988 2237 3056 2294 de
3083 2241 3224 2311 quali
3250 2241 3449 2297 dictum
3479 2252 3586 2311 εει,

2000 2327 2045 2381 Α
2074 2337 2291 2395 mortuo,
2333 2330 2466 2385 velut
2493 2331 2579 2400 qui
2608 2346 2709 2385 non
2734 2332 2816 2397 sit,
2845 2333 2972 2402 perit
2995 2336 3262 2405 confessio.
3295 2334 3424 2403 Quis
3463 2351 3588 2392 cum

2000 2421 2297 2486 suscitabit,
2338 2422 2439 2476 nisi
2481 2422 2568 2493 qui
2598 2433 2805 2477 remoto
2844 2424 3016 2494 lapide
3056 2427 3323 2496 clamavit,
3355 2427 3587 2486 dicens:

2001 2509 2215 2576 Lazare,
2263 2513 2411 2583 prodi
2448 2513 2625 2582 foras?
2652 2513 2787 2581 Quid
2829 2525 2911 2569 est
2946 2524 3126 2571 autem
3169 2516 3312 2573 foras
3352 2520 3585 2587 prodire,

2001 2601 2105 2655 nisi
2135 2602 2274 2673 quod
2304 2604 2566 2659 occultum
2589 2615 2705 2661 erat
2725 2605 2867 2660 foras
2886 2606 3145 2677 prodere?
3164 2607 3263 2675 Qui
3283 2611 3586 2680 confitetur,

1998 2690 2147 2748 foras
2170 2692 2364 2762 prodit.
2397 2694 2564 2750 Foras
2591 2696 2803 2766 prodire
2833 2711 2939 2752 non
2973 2707 3173 2768 posset,
3204 2699 3304 2754 nisi
3340 2701 3543 2757 viveret
3570 2719 3584 2757 :

2000 2786 2182 2840 vivere
2228 2802 2335 2841 non
2382 2797 2582 2857 posset,
2627 2789 2727 2844 nisi
2772 2792 3116 2848 resuscitatus
3144 2804 3304 2850 esset.
3352 2794 3493 2867 Ergo
3533 2796 3588 2852 in

2001 2878 2339 2933 confessione
2368 2882 2448 2934 sui
2475 2882 2762 2949 accusatio,
2792 2883 2885 2937 Dei
2910 2883 3143 2940 laudatio
3166 2895 3267 2940 est.

2078 2967 2304 3026 CAPUT
2344 2970 2407 3026 II.
2446 3002 2518 3013 -—
2547 2972 2600 3027 5.
2647 2972 2877 3028 Ecclesia
2900 2986 3181 3046 peccatores
3205 2977 3442 3033 solvendo
3467 2979 3590 3051 quid

1999 3064 2072 3118 eis
2097 3065 2273 3133 prosit.
2311 3065 2448 3120 Dicit
2479 3081 2605 3137 ergo
2643 3066 2855 3138 aliquis,
2895 3066 3034 3134 Quid
3073 3069 3293 3140 prodest
3320 3070 3576 3138 Ecclesia,

2001 3157 2049 3213 si
2075 3158 2183 3228 jam
2222 3159 2496 3214 confessor
2528 3173 2658 3215 voce
2692 3160 2953 3217 dominica
2998 3162 3343 3218 resuscitatus
3372 3164 3590 3234 prodit?

2000 3249 2139 3318 Quid
2182 3251 2402 3322 prodest
2442 3253 2675 3308 Ecclesia
2699 3255 2993 3320 confitenti,
3025 3256 3113 3311 cui
3158 3256 3415 3312 Dominus
3452 3258 3526 3312 ait
3570 3276 3586 3314 :

2006 3341 2133 3408 Quae
2158 3343 2401 3398 solveritis
2425 3345 2478 3397 in
2504 3355 2663 3409 terra,
2692 3338 2857 3400 soluta
2884 3357 3027 3401 erunt
3054 3356 3101 3402 et
3131 3349 3185 3402 in
3218 3350 3345 3404 caelo
3372 3350 3587 3420 (Matth.

2000 3450 2114 3501 xvi,
2146 3436 2269 3507 19)?
2300 3436 2474 3504 Ipsum
2503 3437 2759 3492 Lazarum
2782 3440 2997 3495 attende
3028 3458 3041 3494 :
3068 3454 3189 3495 cum
3218 3441 3439 3497 vinculis
3465 3458 3592 3514 pro-

2006 3523 2103 3580 dit.
2132 3525 2247 3581 Jam
2280 3527 2489 3582 vivebat
2513 3527 2846 3595 confitendo;
2871 3530 2963 3583 sed
2986 3531 3219 3585 nondum
3250 3532 3385 3587 liber
3404 3534 3591 3590 ambu-

2000 3618 2166 3684 labat,
2197 3619 2422 3673 vinculis
2457 3620 2711 3674 irretitus.
2755 3621 2888 3688 Quid
2917 3638 3043 3692 ergo
3071 3622 3194 3678 facit
3220 3625 3474 3692 Ecclesia,
3501 3628 3588 3683 cui

2002 3709 2201 3764 dictum
2228 3718 2330 3773 est,
2366 3710 2492 3777 Qua:
2514 3713 2778 3777 solveritis,
2807 3712 2973 3767 soluta
2995 3726 3177 3779 erunt;
3206 3718 3304 3771 nisi
3336 3718 3478 3788 quod
3515 3720 3590 3774 ait

2000 3799 2257 3854 Dominus
2293 3800 2547 3855 continuo
2574 3800 2639 3855 ad
2670 3801 2975 3872 discipulos,
3012 3804 3204 3860 Solvite
3238 3807 3403 3871 illum,
3445 3818 3492 3863 et
3519 3809 3591 3864 si-

2000 3892 2102 3946 uite
2129 3891 2267 3946 abire
2303 3891 2477 3964 (Joan.
2510 3909 2580 3960 XI,
2615 3895 2700 3959 ιι,
2733 3896 2821 3962 l7,
2854 3896 3078 3968 45,44)?

2076 3986 2128 4039 4.
2170 3984 2406 4040 Laudare
2451 3985 2631 4040 Deum.
2664 3988 2917 4042 Accusare
2972 4006 3061 4044 nos
3095 3991 3250 4062 ipsos.
3301 3991 3424 4048 Sive
3461 4008 3590 4066 ergo

2001 4092 2101 4133 nos
2124 4094 2455 4145 accusemus,
2488 4082 2598 4136 sive
2630 4082 2796 4136 Deum
2829 4083 3124 4151 laudemus,
3152 4086 3233 4140 bis
3268 4087 3432 4142 Deum
3474 4090 3590 4144 lau-

2002 4166 2190 4223 damus
2219 4170 2257 4221 ί.
2291 4170 2348 4223 Si
2391 4169 2473 4239 pie
2498 4186 2594 4225 nos
2630 4186 2962 4237 accusamus,
2996 4175 3165 4230 Deum
3196 4177 3377 4247 utique
3409 4178 3591 4234 lauda-

2001 4277 2143 4315 mus.
2173 4261 2394 4327 Quando
2422 4263 2585 4317 Dcum
2617 4263 2910 4329 laudamus,
2937 4276 3183 4336 tanquam
3206 4283 3328 4323 eum
3356 4269 3444 4340 qui
3473 4248 3591 4328 sine

2004 4363 2222 4423 peccato
2265 4363 2348 4409 est
2391 4355 2734 4424 prredicamus
2778 4375 2790 4410 :
2828 4358 3038 4429 quando
3084 4369 3258 4414 autem
3306 4376 3401 4415 nos
3444 4363 3588 4432 ipsos

2005 4459 2334 4511 accusamus,
2372 4446 2420 4500 ei
2463 4462 2558 4516 per
2598 4462 2753 4517 quem
2794 4450 3206 4516 rcsurreximus,
3237 4451 3459 4521 gloriam
3490 4455 3588 4509 da-

2010 4552 2146 4590 mus.
2190 4536 2302 4590 Hoc
2337 4537 2380 4591 si
2419 4537 2627 4605 feceris,
2657 4539 2854 4594 nullam
2884 4542 3217 4598 occasionem
3245 4543 3445 4600 invenit
3482 4547 3588 4600 ini-

2006 4628 2175 4683 micus
2200 4630 2243 4695 ',
2262 4644 2365 4699 qua
2392 4639 2442 4683 te
2466 4629 2843 4685 circumveniat
2869 4641 2991 4688 ante
3015 4634 3268 4704 judicem.
3286 4638 3417 4691 Cttm
3445 4639 3588 4695 enim

2009 4726 2066 4774 tu
2100 4719 2212 4789 ipse
2252 4720 2414 4774 fueris
2454 4731 2746 4786 accusator,
2774 4731 2827 4777 et
2855 4723 3108 4780 Dominus
3146 4727 3429 4794 liberator;
3463 4729 3587 4798 quid

2008 4813 2111 4868 erit
2148 4813 2253 4877 ille,
2294 4814 2393 4866 nisi
2431 4813 2815 4868 calumniator?
2840 4814 3026 4871 Merito
3053 4817 3139 4871 ille
3165 4817 3289 4872 hinc
3314 4819 3414 4874 sibi
3445 4826 3587 4875 tute-

2010 4904 2115 4959 lam
2154 4904 2383 4975 providit
2408 4904 2659 4960 adversus
2692 4906 2953 4975 inimicos,
2983 4923 3088 4964 non
3110 4910 3443 4981 conspicuos,
3471 4927 3590 4967 car-

2009 5011 2131 5051 nem
2162 5006 2214 5051 et
2240 4995 2569 5067 sanguinem,
2599 4998 2952 5053 miserandam
2991 5000 3183 5069 potius,
3212 5016 3368 5072 quam
3398 5017 3588 5059 caven-

2008 5091 2167 5154 dam;
2195 5089 2289 5144 sed
2322 5089 2579 5145 adversus
2615 5091 2735 5146 illos
2772 5092 3014 5147 inimicos
3050 5104 3234 5147 contra
3277 5109 3411 5164 quos
3439 5096 3587 5165 Apo~

2011 5183 2182 5238 stolus
2203 5198 2300 5237 nos
2323 5182 2565 5237 hortatur
2592 5193 2649 5238 ιιι
2673 5198 2940 5241 armemur
2971 5203 2986 5240 :
3011 5183 3133 5239 Non
3166 5196 3237 5241 est
3262 5188 3404 5243 nobis
3428 5190 3590 5244 collu-

2011 5275 2165 5330 ctatio
2192 5275 2431 5330 adversus
2457 5292 2660 5331 carnem
2686 5286 2734 5331 et
2757 5279 3055 5348 sanguinem
3078 5293 3098 5333 :
3121 5279 3173 5333 id
3202 5286 3302 5345 est,
3334 5280 3589 5339 adversus

2013 5367 2257 5422 homines
2282 5383 2416 5437 quos
2444 5367 2631 5422 videtis
2658 5369 2844 5424 saevire
2876 5371 2927 5424 in
2965 5385 3080 5425 vos.
3108 5371 3245 5427 Vasa
3284 5384 3424 5439 sunt,
3453 5376 3590 5432 alius

2008 5460 2215 5515 utitur:
2255 5475 2449 5531 organa
2478 5469 2620 5525 sunt,
2658 5460 2791 5515 alius
2828 5462 3012 5530 tangit.
3041 5460 3261 5518 Immisit
3293 5483 3365 5531 se,
3398 5467 3585 5537 inquit,

2008 5554 2237 5608 diabolus
2270 5554 2321 5606 in
2350 5570 2437 5606 cor
2462 5550 2634 5619 ludat,
2673 5561 2728 5605 ut
2764 5553 2979 5608 traderet
3018 5553 3289 5610 Dominum
3330 5556 3441 5630 (Id.
3471 5573 3585 5627 xm,

2008 5646 2089 5721 2).
2115 5648 2202 5703 Ait
2220 5646 2409 5717 aliquis
2438 5664 2451 5700 :
2473 5644 2608 5713 Quid
2635 5659 2762 5716 ergo
2780 5660 2881 5717 ego
2901 5646 3038 5702 fecit
3061 5648 3196 5704 Audi
3222 5650 3533 5721 Apostolum
3567 5667 3584 5707 :

2084 5777 3073 5852 ξιτοεεειεηεέειίβ-νηίερασηιωάφιω
3154 5841 3167 5852 .
3312 5840 3368 5852 -.

2085 5843 2536 5908 lemmata,
2566 5841 2753 5895 nullam
2778 5841 3585 5898 «summm
