3980 6418
483 457 587 514 ἄδὸ

491 571 671 649 Neque
714 573 842 630 detis
887 573 1052 629 locum
1093 571 1292 631 diabolo
1333 570 1547 646 (Epltes.
1580 587 1649 639 tv,
1682 569 1795 643 Ξῖ).
1827 570 1903 625 Tu
1941 570 2079 627 mala

484 671 760 727 voluntate
786 669 959 724 locum
991 666 1183 723 dedisti
1212 684 1226 721 :
1254 667 1493 737 intravit,
1520 664 1778 740 possedit,
1809 664 1991 721 utitur.
2020 662 2077 720 Si

483 759 661 817 locum
692 774 799 818 non
822 758 998 824 dares,
1023 774 1129 815 non
1157 757 1473 830 possideret.

560 851 785 911 CAPUT
836 851 928 908 lll.
954 882 1027 893 —
1064 852 1118 909 5.
1164 850 1368 907 Inimici
1411 851 1571 907 nostri
1606 851 1897 906 invisibiles.
1938 850 2079 923 Ergo

481 962 580 1003 nos
608 945 903 1003 admonens
941 945 1038 1014 ait,
1087 941 1209 999 Non
1238 953 1311 999 est
1344 944 1486 1003 nobis
1524 942 1812 999 colluctatio
1842 944 2078 1003 adversus

482 1055 689 1094 carnem
713 1047 760 1093 et
780 1038 1097 1110 sanguinem,
1129 1036 1217 1092 sed
1238 1036 1479 1092 adversus
1501 1036 1753 1109 principes
1779 1046 1826 1097 et
1852 1044 2078 1106 potestas

481 1138 576 1186 les.
608 1126 788 1189 Possit
824 1129 1048 1203 quisque
1080 1137 1273 1202 putare
1303 1129 1557 1191 adversus
1595 1144 1748 1202 reges
1776 1136 1950 1197 terrai,
1979 1128 2077 1187 ad-

479 1237 673 1283 versus
717 1230 1008 1295 poteStates
1051 1222 1253 1280 szeculi.
1298 1222 1511 1293 Quare?
1558 1221 1658 1292 ipsi
1711 1236 1818 1277 non
1859 1234 1986 1277 caro
2022 1228 2079 1279 et

481 1315 734 1390 sanguis?
758 1315 937 1377 Semel
976 1314 1176 1373 dictum
1217 1324 1320 1385 est,
1354 1332 1454 1373 non
1497 1316 1739 1371 adversus
1783 1330 1987 1370 cantem
2029 1322 2079 1371 et

481 1407 799 1482 sanguinem.
848 1410 1106 1464 Avertere
1135 1408 1202 1463 ab
1244 1408 1388 1464 omni
1433 1407 1665 1464 homine.
1702 1406 1805 1478 Qui
1834 1420 1964 1479 ergo
1988 1421 2077 1463 re-

479 1506 626 1557 stant
670 1499 907 1557 inimici?
950 1499 1202 1557 Adversus
1240 1500 1495 1574 principes
1538 1508 1585 1556 et
1622 1506 1893 1571 potestates
1916 1498 2074 1571 spiri-

481 1592 634 1647 tualis
671 1592 925 1662 nequitias,
956 1602 1171 1647 rectores
1201 1592 1395 1646 mundi.
1438 1590 1600 1661 Quasi
1636 1591 1756 1662 plus
1782 1588 1935 1647 dedit
1956 1588 2074 1645 dia-

477 1678 606 1744 bolo
630 1692 686 1742 et
706 1686 908 1758 angelis
928 1685 1065 1757 ejus.
1096 1684 1223 1741 Plus
1242 1685 1406 1752 dedit,
1429 1694 1666 1743 rectores
1688 1684 1871 1747 mundi
1891 1682 2076 1756 appel-

482 1776 631 1833 lavit.
656 1777 761 1834 Sed
785 1792 852 1835 ue
877 1778 1015 1834 male
1038 1777 1321 1850 intelligas,
1344 1777 1562 1849 exponit
1578 1777 1707 1849 quid
1731 1775 2072 1844 sitmundus,

482 1869 635 1941 cujus
663 1878 787 1927 sunt
824 1869 898 1925 illi
938 1878 1197 1926 rectores.
1240 1867 1476 1925 Rectores
1519 1869 1716 1937 mundi,
1759 1867 2075 1929 tenebrarum

480 1961 662 2015 harum
708 1959 922 2034 (Ephes.
957 1977 1033 2030 vr,
1068 1960 1176 2034 l2).
1211 1960 1346 2031 Quid
1393 1970 1493 2029 est,
1535 1962 1711 2023 mundi
1753 1961 2075 2021 tenebrarum

478 2051 698 2111 harum?
724 2053 929 2123 Quibus
954 2063 1038 2113 est
1064 2064 1261 2123 rector,
1291 2055 1634 2119 dilectoribus
1662 2056 1774 2113 suis
1801 2065 1857 2115 et
1887 2057 2078 2117 inlide-
2126 2086 2129 2089 -

475 2128 643 2211 libus,
696 2145 888 2217 plenus
933 2153 1017 2211 est
1061 2146 1311 2203 mundus.
1354 2145 1466 2203 llas
1508 2146 1798 2218 Aposwlus
1838 2149 2076 2221 appellat

478 2236 749 2293 tenebras.
777 2234 978 2294 Harum
1024 2246 1282 2306 rectores,
1327 2237 1572 2301 diabolus
1612 2248 1668 2296 et
1714 2241 1887 2319 angeli
1932 2242 2071 2313 ejus.

476 2327 573 2384 Ha:
612 2329 843 2385 tenebrm
882 2344 986 2385 non
1011 2331 1279 2387 naturales
1304 2339 1447 2399 sunt,
1479 2347 1584 2386 non
1614 2331 2073 2395 incommutabiles

478 2431 605 2478 sunt
633 2441 646 2478 :
674 2432 966 2489 mutantur,
1010 2430 1064 2478 et
1102 2423 1192 2478 lux
1220 2421 1524 2480 efﬁciuntur
1540 2441 1558 2491 ;
1589 2424 1834 2493 credunt,
1877 2435 1930 2485 et
1956 2442 2074 2483 cre-

479 2513 657 2571 dendo
685 2514 1071 2571 illuminantur.
1109 2514 1263 2582 Quod
1307 2530 1428 2573 cum
1454 2513 1509 2571 in
1545 2515 1625 2572 eis
1660 2515 1861 2579 factum
1891 2517 2071 2586 fuerit,

476 2607 717 2678 audient,
749 2605 942 2669 Fuistis
979 2609 1113 2673 enim
1149 2607 1422 2682 aliquando
1467 2609 1712 2678 tenebris,
1748 2627 1884 2669 nunc
1908 2621 2076 2668 autem

478 2701 569 2763 lue:
592 2703 646 2757 in
666 2700 886 2769 Domino
915 2700 1025 2776 (Id.
1053 2718 1109 2770 v,
1133 2701 1209 2777 8).
1231 2702 1364 2765 Nam
1388 2703 1602 2775 quando
1626 2704 1864 2762 tenebrae
1893 2706 1933 2775 ‘,
1966 2720 2075 2761 non

478 2790 532 2850 in
582 2794 809 2855 Domino
842 2810 855 2848 :
899 2795 1093 2859 iterum
1137 2795 1350 2871 quando
1392 2796 1506 2862 lux,
1532 2811 1642 2853 non
1684 2796 1740 2852 in
1778 2803 1850 2862 te,
1882 2796 1976 2854 sed
2016 2797 2075 2853 in

482 2885 734 2943 Domino.
765 2886 903 2956 Quid
932 2889 1076 2951 enim
1100 2888 1271 2951 habes
1298 2889 1440 2963 Quod
1462 2904 1571 2949 non
1597 2891 1851 2962 accepisti
1881 2890 1922 2961 (1
1951 2891 2072 2948 Cor.

476 2994 557 3045 ιν,
586 2978 681 3053 7)?
709 2978 842 3049 Quia
865 2995 993 3054 ergo
1017 2990 1142 3037 sunt
1170 2968 1462 3040 invisibiles
1486 2982 1707 3049 inimici.
1740 2983 2075 3045 invisibiliter

481 3077 605 3125 sunt
629 3071 991 3143 expugnandi.
1023 3072 1232 3147 Quippe
1261 3072 1468 3135 hostem
1497 3073 1761 3131 visibilem
1790 3075 1960 3133 vincis
1988 3075 2072 3132 fe-

481 3158 671 3217 riendo
701 3178 712 3214 :
749 3161 1070 3225 invisibilem
1098 3161 1268 3218 vincis
1293 3162 1584 3221 credendo.
1620 3164 1851 3221 Visibilis
1879 3174 1960 3223 est
1984 3165 2075 3223 ho-

479 3254 576 3306 stis
603 3252 795 3320 homo;
826 3253 1037 3319 visibile
1064 3263 1146 3311 est
1174 3264 1229 3312 et
1250 3252 1418 3312 ferire
1445 3272 1458 3308 :
1490 3255 1768 3319 invisibilis
1793 3266 1878 3314 est
1905 3257 2074 3323 hostis

479 3345 755 3415 diabolus;
792 3346 1057 3405 invisibile
1087 3355 1171 3404 est
1209 3357 1263 3406 et
1302 3347 1548 3409 credere.
1590 3348 1689 3409 Est
1722 3364 1854 3423 ergo
1896 3364 2075 3424 pugna

481 3437 765 3494 invisibilis
789 3438 1046 3505 adversus
1075 3439 1367 3501 invisibiles
1394 3440 1656 3499 inimicos.
1922 3448 1929 3453 ’

549 3530 777 3589 CAPUT
815 3531 905 3589 IV.
935 3563 1007 3575 —-
1044 3532 1097 3589 6.
1142 3531 1292 3591 Unde
1327 3533 1631 3605 pmsidium
1673 3542 1851 3591 contra
1904 3534 2074 3593 inimi-

479 3644 585 3703 cos.
646 3627 730 3691 Ab
785 3627 869 3683 his
910 3626 1140 3685 inimicis
1182 3627 1451 3699 quomodo
1476 3642 1539 3685 se
1569 3635 1739 3693 tutum
1782 3627 1909 3687 dicit
1949 3629 2073 3701 qui-

478 3718 640 3785 dam?
668 3719 783 3775 Hoc
804 3719 948 3775 enim
973 3734 1243 3789 coeperam
1263 3717 1441 3775 dicere
1456 3760 1475 3785 ,
1503 3727 1558 3775 et
1580 3733 1802 3777 necesse
1824 3718 1987 3783 habui
2007 3719 2076 3783 de

479 3813 596 3879 istis
625 3814 854 3875 inimicis
878 3813 1146 3884 aliquanta
1168 3827 1291 3873 eum
1313 3827 1461 3879 more
1500 3819 1747 3869 tractare.
1783 3812 1902 3869 iam
1945 3828 2076 3885 ergo

479 3905 706 3975 cognitis
737 3904 996 3969 inimicis,
1041 3903 1318 3961 videamus
1353 3904 1597 3959 tutelam.
1640 3902 1884 3962 Laudatis
1924 3905 2073 3961 invo-

458 4000 603 4055 'cabo
638 3999 946 4064 Dominum,
993 4008 1039 4053 et
1060 3999 1131 4053 .ab
1158 3998 1377 4057 inimicis
1406 3997 1528 4053 meis
1550 3996 1725 4055 salvus
1752 4015 1843 4054 ero
1882 3998 2072 4072 (Psal.

481 4108 616 4158 xvn,
645 4090 722 4164 4).
756 4091 930 4157 Habes
958 4090 1086 4165 quid
1114 4106 1258 4163 agas.
1290 4089 1539 4146 Laudans
1565 4090 1755 4147 invoca
1793 4107 1807 4144 :
1833 4090 1929 4155 sed
1967 4092 2073 4149 Do-

482 4185 687 4239 minum
720 4182 944 4243 laudans
963 4183 1174 4240 invoca.
1198 4181 1251 4237 Si
1278 4181 1420 4238 enim
1446 4190 1497 4236 te
1523 4181 1856 4247 laudaveris,
1883 4182 1951 4238 ab
1971 4181 2075 4237 ini-

481 4276 637 4339 micis
663 4276 767 4339 tuis
790 4275 969 4337 salvus
996 4290 1105 4332 non
1125 4275 1249 4331 eris.
1277 4272 1526 4331 Laudans
1553 4274 1739 4331 invoca
1767 4274 2072 4343 Dominum,

484 4375 540 4425 et
566 4366 634 4423 ab
656 4366 888 4423 inimicis
912 4366 1015 4421 tuis
1040 4366 1219 4423 salvus
1248 4364 1376 4423 eris.
1405 4364 1539 4432 Quia
1564 4362 1692 4435 quid
1717 4364 1792 4419 ait
1830 4363 1944 4435 ipse
1970 4364 2075 4420 Do.

484 4460 697 4525 minus?
726 4460 1053 4529 Sacriﬁcium
1095 4457 1261 4516 laudis
1298 4457 1604 4532 gloriﬁcabit
1640 4473 1757 4522 tne;
1792 4466 1843 4512 et
1880 4456 1949 4511 ibi
1993 4457 2076 4511 uia

484 4564 579 4622 est,
609 4554 694 4610 ubi
721 4553 984 4613 ostendam
1007 4554 1085 4609 illi
1103 4554 1326 4610 salutare
1353 4570 1520 4608 meum
1540 4551 1714 4627 (Psal.
1756 4568 1912 4618 ωι,
1952 4550 2071 4623 25).

484 4647 588 4705 Ubi
616 4646 737 4703 via?
764 4647 825 4702 in
847 4646 1112 4703 sacriﬁcio
1136 4646 1327 4702 laudis.
1355 4645 1474 4701 Noli
1510 4645 1704 4717 pedem
1742 4651 1893 4701 extra
1932 4643 2076 4700 hanc

482 4739 623 4797 viam
652 4738 980 4803 mittereuln
1029 4739 1107 4792 via
1138 4746 1299 4795 esto:
1344 4753 1380 4793 a
1419 4738 1503 4793 via
1548 4737 1660 4793 noli
1706 4736 1992 4803 recedere;
2041 4752 2075 4794 a

482 4831 640 4889 laude
670 4831 880 4897 Domini
909 4846 1007 4889 nec
1034 4846 1261 4902 unguem
1284 4871 1301 4899 ,
1344 4830 1539 4887 nedum
1564 4830 1775 4901 pedem.
1825 4830 1882 4887 Si
1929 4832 2072 4887 enim

482 4923 715 4989 volueris
740 4924 810 4985 ab
834 4924 935 4980 hac
959 4923 1044 4985 via
1060 4922 1298 4986 deviare,
1320 4930 1375 4977 et
1393 4937 1490 4991 pro
1514 4922 1742 4979 Domino
1761 4929 1814 4981 te
1833 4921 2069 4991 laudare,

484 5033 593 5075 non
614 5017 725 5081 eris
738 5017 922 5076 salvus
942 5018 1016 5073 ab
1034 5016 1147 5077 illis
1166 5015 1398 5077 inimicis
1429 5033 1445 5071 :
1470 5016 1591 5086 quia
1621 5015 1691 5072 de
1717 5015 1847 5087 ipsis
1868 5016 2073 5075 dictum

484 5119 588 5177 cst.
630 5108 796 5169 Juxta
836 5109 1071 5169 semitam
1104 5107 1353 5167 scandala
1403 5116 1681 5178 posuerunt
1726 5108 1856 5164 mibi
1900 5107 2070 5181 (Psal.

485 5214 707 5265 exuta.
728 5200 808 5273 6).
850 5200 1114 5275 Quidquid
1144 5215 1274 5273 ergo
1304 5200 1573 5271 putaveris
1608 5200 1734 5257 boni
1772 5209 1824 5257 te
1875 5200 2075 5258 habere

486 5292 583 5361 abs
608 5302 684 5367 te,
715 5292 938 5357 deviasti
964 5306 994 5349 a
1019 5290 1181 5349 laude
1202 5291 1316 5351 Dci.
1357 5290 1497 5358 Quid
1514 5290 1626 5366 jam
1652 5290 1884 5359 miraris,
1932 5292 1979 5348 si
2022 5301 2077 5351 te

489 5382 698 5445 seducit
724 5383 989 5449 inimicus,
1018 5383 1234 5457 quando
1255 5382 1330 5439 tui
1354 5382 1521 5456 ipsius
1549 5381 1801 5439 seductor
1824 5383 1918 5440 es?
1936 5383 2077 5443 Audi

490 5476 805 5544 Apostolum
835 5492 847 5529 :
881 5475 984 5549 Qui
1004 5477 1141 5537 enim
1170 5486 1315 5550 putat
1344 5493 1399 5532 se
1423 5476 1619 5546 aliquid
1637 5494 1745 5537 esse
1762 5518 1777 5545 ,
1802 5494 1923 5534 cum
1946 5478 2077 5547 nihil

488 5567 574 5633 sit,
602 5582 656 5621 sc
670 5566 838 5639 ipsum
856 5568 1049 5631 seducit
1073 5568 1266 5638 (θεῖαι.
1298 5586 1374 5639 vi,
1405 5568 1484 5647 5).

563 5659 615 5715 7,.
649 5656 827 5719 Gratia
870 5659 924 5714 in
968 5659 1167 5725 altrim
1192 5663 1413 5721 maxime
1439 5666 1629 5731 elucet,
1686 5673 1733 5719 et
1768 5663 1823 5719 in
1861 5665 2074 5723 latrone.

491 5749 779 5806 Dominum
814 5764 941 5822 ergo
982 5752 1199 5808 attende
1232 5752 1572 5812 conﬁtentem
1607 5772 1621 5809 :
1662 5755 1917 5825 Conﬁteor
1967 5757 2076 5825 tibi,

494 5887 824 6003 ὠκείας,
852 5888 1338 5956 ιιιιιᾶυον.ιωὶιιπ,
1360 5890 1654 5957 me;un
1676 5894 1921 5953 sceleris
1945 5892 2083 5945 libris

1713 455 1771 512 S.
1813 448 2175 511 AUGUSTINI
2203 450 2506 514 EPISCOPI

3670 468 3778 533 458

2187 566 2364 643 Pater,
2412 571 2755 631 Dominectrli
2783 585 2830 632 et
2857 585 3021 636 terra.
3061 578 3319 654 Conﬁteor
3352 583 3473 655 tibi,
3505 584 3665 647 laudo
3694 600 3769 649 te.

2187 659 2369 718 Laudo
2391 671 2472 734 te,
2503 680 2611 720 non
2636 681 2830 725 accuso
2867 684 2973 727 me.
3011 674 3278 739 Quantum
3320 684 3501 746 autem
3540 681 3775 750 pertinet

2186 754 2254 809 ad
2276 755 2443 827 ipsius
2470 758 2701 823 hominis
2725 763 3142 834 susceptionem,
3171 776 3282 825 tota
3310 772 3513 841 gratia,
3541 773 3776 845 singula-

2186 845 2260 901 ris
2282 847 2472 918 gratia,
2498 849 2730 920 perfecta
2762 854 2953 925 gratia.
2975 855 3114 924 Quid
3141 862 3338 916 meruit
3363 862 3521 923 homo
3565 865 3655 921 ille
3680 866 3773 936 qui

2186 937 2429 997 Christus
2468 951 2586 1011 est,
2615 945 2660 1000 si
2689 942 2843 1003 tollas
2869 949 3130 1023 gratiam,
3174 958 3229 1013 et
3279 961 3474 1015 tantam
3518 959 3771 1029 gratiam,

2187 1047 2289 1105 qua
2317 1050 2481 1091 unum
2509 1039 2788 1108 oportebat
2815 1057 2935 1097 esse
2977 1042 3286 1115 Christum,
3322 1056 3386 1109 et
3432 1050 3605 1119 ipsum
3653 1067 3777 1108 esse

2186 1141 2344 1197 quem
2375 1129 2659 1187 novimus?
2687 1130 2840 1189 Tolle
2867 1136 3090 1206 gratiam
3117 1138 3271 1195 istam
3292 1181 3308 1206 ,
3348 1141 3474 1217 quid
3502 1141 3773 1209 Christus,

2184 1219 2288 1275 nisi
2315 1220 2514 1277 homo?
2539 1222 2664 1295 quid
2692 1225 2794 1281 nisi
2813 1227 2956 1297 quod
2980 1230 3071 1285 tu?
3092 1230 3336 1304 Suscepit
3356 1234 3589 1297 animam
3610 1278 3625 1302 .
3654 1252 3778 1300 sus-

2183 1313 2325 1386 cepit
2350 1329 2565 1387 corpus,
2590 1319 3056 1392 suscepitplenum
3075 1323 3347 1385 hominem
3371 1345 3384 1382 :
3412 1337 3625 1400 coaptat
3649 1329 3775 1395 sibi.

2184 1421 2344 1491 unam
2391 1406 2518 1465 facit
2563 1409 2818 1491 Dominus
2860 1429 2984 1475 cum
3027 1429 3187 1476 servi:
3220 1434 3526 1489 personam.
3565 1422 3779 1491 Quanta

2183 1489 2284 1545 ista
2311 1492 2520 1565 gratia?
2545 1486 2789 1555 Christtis
2817 1498 2868 1553 in
2898 1499 3057 1568 caelo,
3083 1486 3330 1558 Christus
3375 1503 3429 1559 in
3460 1486 3610 1561 terra
3651 1525 3664 1560 :
3710 1509 3780 1563 si-

2182 1582 2293 1637 mul
2322 1582 2565 1641 Christus
2588 1596 2643 1642 et
2671 1587 2725 1643 in
2744 1589 2883 1645 caelo
2907 1599 2962 1646 et
2989 1591 3041 1646 in
3072 1601 3214 1649 terra
3244 1613 3258 1650 :
3286 1611 3386 1652 nec
3403 1596 3509 1653 duo
3552 1595 3775 1669 Christi,

2182 1673 2440 1732 sedidem
2469 1676 2713 1761 Christus
2737 1688 2790 1734 et
2836 1682 2886 1736 in
2937 1683 3076 1739 coelo
3121 1693 3177 1741 et
3216 1686 3271 1742 in
3317 1695 3476 1745 terra.
3525 1688 3779 1748 Christus

2181 1765 2321 1837 apud
2342 1766 2576 1837 Patrem,
2606 1768 2851 1828 Christus
2878 1774 2930 1829 in
2957 1783 3108 1831 utero
3134 1778 3354 1851 virginis
3393 1799 3408 1835 :
3437 1781 3680 1840 Christus
3722 1786 3781 1842 in

2181 1874 2361 1926 cruce,
2382 1860 2628 1920 Christus
2656 1866 2795 1936 apud
2824 1865 3026 1924 inferos
3056 1871 3378 1929 subveniens
3419 1874 3778 1946 quibusdam:

2181 1965 2442 2010 eaautem
2464 1956 2574 2027 ipsa
2606 1958 2692 2014 die
2735 1960 2977 2021 Christus
3016 1963 3068 2019 in
3098 1965 3351 2035 paradiso
3402 1983 3523 2023 cum
3564 1968 3781 2028 latrone

2182 2048 2495 2105 conﬁtente.
2525 2050 2593 2105 Et
2617 2050 2690 2105 ibi
2718 2050 2857 2109 latro
2877 2054 3003 2125 quid
3033 2058 3269 2126 meruit,
3309 2059 3410 2116 nisi
3458 2061 3582 2133 quia
3625 2063 3781 2119 illam
3846 2132 3851 2135 ν

2170 2137 3163 2206 viamtenuitmbiostonditsalntam
3203 2153 3399 2207 suum?
3428 2153 3473 2207 Α
3516 2168 3624 2225 qua
3678 2155 3781 2211 tibi

2172 2245 2277 2303 pes
2302 2247 2412 2289 non
2430 2243 2611 2291 exeat.
2638 2235 2695 2292 ιη
2726 2251 2797 2294 eo
2814 2239 2962 2295 enim
2986 2240 3133 2311 quod
3166 2256 3227 2297 se
3250 2244 3523 2301 accusavit
3541 2286 3557 2313 ,
3604 2245 3781 2302 Deum

2179 2324 2433 2394 laudavit,
2463 2336 2519 2384 et
2542 2329 2704 2385 vitam
2741 2347 2892 2387 suam
2935 2333 3147 2390 beatam
3192 2335 3380 2392 feeit‘.
3424 2338 3782 2410 Presumpsit

2179 2419 2394 2490 quidem
2423 2435 2453 2475 a
2485 2421 2730 2491 Domino,
2759 2432 2815 2480 ct
2843 2425 2915 2479 ait
2944 2426 3041 2491 illi,
3075 2425 3296 2482 Domine
3314 2470 3330 2496 ,
3366 2441 3618 2486 memento
3654 2434 3778 2499 ntei,

2180 2527 2295 2566 cum
2330 2515 2523 2568 veneris
2548 2514 2600 2571 in
2640 2532 2851 2588 regnum
2877 2525 3040 2573 tuum.
3093 2519 3475 2578 Considerabat
3510 2523 3654 2579 enim
3699 2524 3784 2579 fa-

2180 2604 2362 2660 cinora
2389 2622 2502 2672 sua,
2537 2616 2592 2663 et
2610 2622 2714 2678 pro
2741 2623 2934 2681 magno
2963 2611 3214 2675 habebat.
3247 2613 3293 2668 si
3335 2614 3385 2668 ei
3425 2614 3507 2671 vel
3554 2615 3611 2670 in
3666 2615 3783 2673 ﬁne

2181 2707 2510 2765 parceretur.
2532 2697 2794 2756 Dominus
2823 2708 3003 2757 autem
3027 2703 3301 2769 continuo,
3334 2719 3453 2765 cum
3494 2705 3585 2763 ille
3624 2706 3781 2763 dice-

2181 2796 2284 2856 ret,
2316 2788 2568 2846 Memento
2594 2792 2728 2859 mei;
2756 2791 2851 2851 sed
2866 2793 3112 2864 quando?
3138 2793 3266 2853 Cum
3286 2797 3476 2853 venaris
3492 2797 3545 2851 in
3563 2813 3784 2871 regnum

2181 2891 2324 2937 tuum
2352 2898 2371 2936 :
2398 2882 2578 2949 Amen,
2612 2884 2812 2955 inquit,
2842 2885 2955 2940 dico
3000 2886 3108 2953 tibi,
3137 2886 3290 2942 hodie
3333 2904 3526 2943 mecum
3574 2889 3675 2944 eris
3721 2891 3783 2945 in

2182 2974 2419 3042 paradiso
2453 2974 2605 3046 (Luc.
2646 2992 2809 3042 χχιιι,
2858 2978 2928 3033 42
2948 3018 2967 3045 ,
3008 2976 3121 3051 45).
3173 2979 3537 3039 Misericordia
3579 2981 3784 3040 obtulit

2179 3066 2322 3139 quod
2352 3069 2566 3123 miseria
2586 3069 2818 3123 distulit.

2251 3158 2479 3215 CAPUT
2511 3158 2573 3214 ν.
2596 3160 2735 3218 -—8.
2777 3160 2933 3223 Fides
2958 3162 3203 3236 denegata
3227 3164 3475 3236 superbis.
3504 3165 3786 3238 Sapientes

2178 3259 2226 3305 et
2268 3251 2556 3323 prudentes.
2604 3252 2835 3309 Parvuli.
2890 3255 3089 3311 Stultus
3147 3256 3434 3313 tenebrosus
3474 3258 3530 3315 in
3598 3261 3783 3314 corde.

2179 3343 2318 3403 Audi
2338 3359 2467 3417 ergo
2493 3345 2773 3403 Dominum
2800 3347 3147 3407 conﬁtentem
3181 3367 3193 3402 :
3217 3348 3475 3420 Conﬁteor
3501 3350 3591 3406 tibi
3611 3392 3630 3418 ,
3660 3349 3785 3407 Pa-

2180 3446 2277 3505 ter,
2310 3435 2525 3492 Domine
2552 3437 2666 3494 creti
2694 3448 2741 3493 et
2768 3446 2935 3494 terrea.
2959 3438 3100 3507 Quid
3130 3440 3435 3499 conﬁteor?
3463 3443 3516 3497 in
3563 3457 3675 3514 quo
3730 3452 3785 3499 te

2180 3529 2380 3591 laudo?
2407 3530 2534 3589 lituo
2559 3533 2701 3587 enim
2727 3532 3017 3598 confessio.
3045 3542 3104 3593 ut
3145 3534 3277 3602 dixi.
3324 3534 3536 3592 laudem
3588 3536 3782 3594 habet.

2180 3620 2318 3695 Quia
2342 3622 2648 3683 abscondisti
2669 3625 2777 3679 litae
2820 3641 2852 3677 α
2877 3625 3188 3696 sapientibus
3230 3634 3279 3681 et
3320 3626 3677 3697 prudentibus,
3733 3637 3785 3685 et

2178 3715 2411 3780 revelasti
2440 3735 2507 3777 ea
2527 3717 2771 3788 parvulis.
2802 3717 2937 3787 Quid
2980 3728 3064 3774 est
3091 3719 3214 3787 hoc,
3254 3718 3494 3776 fratres?
3535 3722 3584 3776 Δ
3634 3737 3781 3779 con-

2173 3810 2344 3872 trario
2367 3825 2528 3867 sensu
2559 3811 2855 3883 intelligite.
2887 3812 3208 3869 Abscondisti
3238 3815 3368 3882 tunc,
3398 3814 3589 3887 inquit,
3614 3832 3654 3871 α
3690 3834 3785 3874 sa-

2176 3904 2429 3978 pientibus
2453 3911 2499 3965 et
2519 3903 2849 3974 prudentibus
2880 3919 2899 3957 :
2925 3914 2981 3965 et
3020 3918 3129 3960 non
3166 3905 3340 3975 dixit,
3384 3904 3662 3964 Revelasti
3712 3923 3787 3965 ea

2176 3997 2357 4061 stultis
2380 4006 2438 4054 et
2472 3998 2928 4069 imprudentibus:
2954 3998 3049 4056 sed
3077 3999 3187 4069 ait,
3210 4000 3531 4056 Abscondisti
3557 4002 3783 4076 quidem

2174 4106 2211 4147 α
2236 4091 2548 4162 sapientibus
2576 4100 2625 4145 et
2661 4090 2994 4163 prudentibus
3011 4131 3028 4159 ,
3073 4101 3123 4147 et
3154 4092 3387 4148 τινεωαί
3417 4109 3479 4149 ea
3524 4095 3783 4165 paruulis.

2178 4183 2523 4255 Sapientibus
2567 4192 2623 4240 et
2654 4184 3007 4257 prudentibus
3046 4185 3368 4255 irridendis,
3397 4188 3785 4258 arrogantibus

2178 4278 2313 4342 falso
2328 4278 2646 4351 grandibus.
2672 4291 2799 4334 vere
2821 4285 3001 4337 autem
3031 4277 3374 4347 tumentibus,
3392 4279 3645 4350 opposuit
3669 4296 3785 4337 non

2174 4370 2513 4441 insipientes,
2536 4383 2644 4429 non
2668 4367 3035 4440 imprudentes
3050 4368 3095 4436 ',
3115 4367 3211 4424 sed
3232 4368 3502 4438 parvulos.
3524 4369 3624 4436 Qui
3650 4378 3788 4426 sunt

2176 4461 2424 4539 parvuli?
2446 4461 2708 4518 Humiles.
2734 4460 2895 4532 Ergo,
2922 4459 3243 4521 Abscondisti
3264 4460 3375 4516 lucc
3400 4476 3433 4517 tt
3460 4460 3785 4531 sapientibus

2179 4566 2227 4611 et
2251 4555 2601 4627 prudentibus.
2617 4554 2843 4612 Nomine
2868 4554 3187 4625 sapientium
3210 4562 3267 4610 et
3290 4552 3657 4625 prudentium,
3680 4571 3782 4610 su-

2176 4649 2372 4722 perbos
2392 4648 2619 4720 intelligi
2654 4649 2769 4718 ipse
2805 4649 3054 4719 exposuit
3074 4689 3091 4716 ,
3120 4663 3243 4706 cum
3279 4649 3375 4714 ait,
3414 4648 3669 4705 Reuelasti
3719 4668 3785 4705 ea

2172 4741 2422 4811 parvulis.
2468 4739 2610 4811 Ergo
2644 4738 2987 4797 Abscondisti
3026 4754 3131 4799 nou
3165 4738 3423 4810 parvulis.
3448 4738 3598 4808 Quid
3653 4750 3782 4800 est.

2180 4846 2286 4886 non
2311 4831 2581 4903 parvulis?
2600 4830 2719 4887 Non
2745 4830 3054 4886 humilibus.
3077 4831 3213 4898 Quid
3234 4840 3354 4897 est,
3391 4846 3497 4887 non
3550 4831 3784 4889 humili-

2176 4921 2299 4995 bus,
2330 4923 2430 4979 nisi
2451 4922 2733 4994 superbis?
2758 4920 2806 4978 Ο
2831 4921 2917 4978 via
2934 4922 3183 4981 Domini!
3214 4931 3307 4981 aut
3329 4937 3439 4985 non
3462 4921 3647 4991 .erat',
3678 4933 3788 4981 aut

2173 5013 2397 5083 latebat,
2423 5022 2484 5071 ut
2512 5014 2838 5071 revelaretur
2860 5014 3035 5075 nobis.
3066 5012 3219 5072 Unde
3240 5013 3501 5073 Dominus
3526 5015 3784 5077 exsulta-

2178 5107 2291 5163 vit?
2309 5106 2442 5175 Quia
2464 5106 2759 5173 revelatum
2778 5115 2864 5163 est
2881 5106 3135 5178 parvulis.
3162 5107 3428 5169 Debemus
3466 5123 3588 5167 esse
3642 5125 3787 5182 par-

2173 5200 2320 5266 vuli;
2348 5214 2474 5257 nam
2494 5199 2544 5255 si
2571 5198 2896 5256 voluerimus
2914 5214 3040 5257 esse
3065 5199 3264 5274 magni.
3304 5201 3457 5274 quasi
3492 5200 3788 5275 sapientes

2176 5300 2235 5353 et
2262 5290 2568 5363 prudentes,
2599 5304 2706 5347 non
2727 5290 2880 5348 nobis
2903 5291 3033 5348 illud
3060 5292 3345 5357 revelatur.
3378 5293 3481 5361 Qui
3512 5305 3641 5373 sun
3655 5309 3790 5354 ma-

2174 5384 2307 5455 gni?
2331 5384 2611 5455 Sapientes
2628 5391 2686 5441 et
2710 5382 3016 5455 prudentes.
3037 5382 3268 5441 Dicentes
3290 5400 3346 5441 se
3361 5400 3470 5442 esse
3488 5386 3787 5458 uidentes,

2181 5478 2321 5535 stulti
2342 5479 2465 5550 facti
2480 5487 2622 5535 sunt.
2646 5476 2825 5535 Habes
2846 5477 3148 5537 remedium
3173 5493 3207 5535 a
3236 5480 3527 5537 contrario.
3574 5479 3633 5537 Si
3689 5482 3790 5538 di-

2183 5569 2353 5627 cendo
2374 5579 2427 5626 te
2453 5585 2578 5627 esse
2597 5571 2891 5642 sapientem
2912 5571 3103 5626 stultus
3131 5570 3303 5627 factus
3329 5586 3426 5640 es;
3449 5571 3538 5628 dic
3564 5580 3615 5629 te
3637 5575 3793 5630 stul-

2248 5706 2487 5753 ‘Am.Et‘.
2515 5699 2652 5751 etalt
2751 5700 3795 5768 tuss.,etvitmnsnambeatamprtrsum-

2248 5764 2316 5814 it:
2361 5765 2538 5814 omisso
2575 5712 2751 5814 verm
2965 5765 3106 5814 cuius
3142 5764 3250 5814 loco
3292 5765 3389 5814 duo
3426 5774 3530 5814 Mss.
3568 5766 3789 5814 habent.

2185 5764 2316 5838 psit;
2361 5765 2538 5815 omisso
2575 5754 2746 5825 verbo,
2965 5758 3106 5828 cujus
3142 5764 3250 5816 loco
3292 5765 3389 5816 duo
3426 5754 3790 5832 ttss.'habent,

2251 5864 2397 5964 ῗέιη-
2419 5895 2492 5964 Br-
2518 5887 2814 5964 etiam!“
2980 5902 3084 5964 ιρι
3373 5904 3471 5944 παι
3488 5892 3796 5964 πωπω·

2258 5956 2278 5987 ³
2302 5956 2595 6005 Fossatcusis
2617 5956 2722 6013 Ms,
2743 5956 2887 6013 Quasi
2910 5956 2987 6005 via
3006 5956 3195 6007 Domini
3215 5964 3301 6009 aut
3318 5969 3413 6009 non
3432 5956 3554 6021 erat,
3577 5963 3681 6009 etc.
