4032 6332
207 431 303 489 ‘57

210 556 341 610 tum,
364 548 416 599 ct
432 536 643 609 sapiens
666 530 791 585 eris.
819 522 923 581 Sed
947 520 1066 576 dic:
1099 514 1205 582 dic,
1233 520 1287 567 ct
1324 511 1464 564 intus
1506 504 1623 566 dic;
1666 497 1789 571 quia

215 643 286 694 sic
310 642 395 690 est
420 639 478 687 ut
494 590 629 683 ilicis
650 624 690 675 '.
721 620 777 676 Si
808 617 939 673 dicis
962 657 975 680 ,
1009 609 1116 665 noli
1143 619 1322 663 coram
1369 595 1669 655 hominibus
1710 590 1791 644 (li-

215 743 358 795 cere,
390 732 444 780 et
474 735 653 777 coram
682 716 793 772 Deo
818 726 921 765 non
956 705 1153 761 dicere.
1182 700 1410 755 Prorsus
1450 689 1590 763 quod
1635 687 1699 740 ad
1745 692 1797 739 te

219 822 389 893 ipsum
416 812 670 887 pertinet,
692 803 833 878 quod
859 799 925 854 ad
953 809 1062 863 tua,
1087 792 1399 848 tenebrosus
1420 801 1497 839 es.
1538 779 1673 849 Quid
1720 787 1800 831 est

220 871 368 893 ἰ’--υ
417 871 437 887 ι
656 871 666 876 υ
702 871 728 878 ν-

219 914 359 975 enim
398 906 539 963 aliud
581 917 697 958 esse
741 896 960 953 stultum
987 932 1000 956 ,
1045 887 1143 943 nisi
1189 898 1308 938 esse
1353 878 1691 934 tenebrosum
1748 871 1801 924 in

221 1000 417 1060 corde?
443 996 682 1065 Denique
708 990 774 1045 de
800 987 904 1040 illis
930 984 1007 1037 sic
1035 980 1137 1045 ait,
1160 975 1390 1030 Dicentes
1410 987 1463 1024 se
1481 984 1585 1023 esse
1605 963 1805 1034 sapien-

225 1104 316 1160 tes,
345 1090 487 1146 stulti
514 1086 633 1157 {arti
663 1089 797 1136 sunt.
822 1069 1234 1144 Antequamhoc
1255 1066 1515 1125 dicerent,
1535 1055 1659 1129 quid
1684 1069 1805 1108 rur-

225 1200 342 1243 sum
361 1184 415 1236 ’?
451 1181 513 1234 Et
534 1177 850 1232 obscuratum
875 1176 945 1223 est
972 1161 1211 1233 insipiens
1236 1172 1322 1209 cor
1348 1167 1519 1208 eorum
1556 1148 1739 1220 (Rern.
1770 1159 1807 1206 ι,

226 1280 317 1344 2‘2,
345 1276 463 1346 2i).
490 1274 581 1328 [tie
608 1269 732 1341 quia
763 1276 814 1319 tu
848 1262 941 1317 tibi
971 1261 1150 1315 lumen
1196 1268 1300 1308 non
1332 1266 1409 1305 es.
1438 1245 1508 1302 Ut
1548 1242 1768 1297 multum
1795 1279 1808 1301 ,

228 1372 419 1428 oculus
444 1380 537 1429 es;
571 1364 747 1416 lumen
775 1371 880 1411 non
907 1369 984 1408 cs.
1017 1346 1153 1419 Quid
1185 1343 1399 1416 prodest
1433 1346 1618 1411 patens
1647 1342 1698 1388 ct
1728 1346 1815 1385 sa-

232 1479 333 1519 nus
360 1459 564 1523 oculus,
596 1456 642 1510 si
668 1454 843 1507 lumen
873 1444 1042 1503 desit?
1061 1442 1203 1511 Ergo
1227 1438 1333 1501 die,
1361 1450 1390 1488 a
1423 1442 1471 1487 te
1499 1430 1592 1484 tibi
1642 1428 1820 1481 lumen

234 1574 343 1614 non
368 1570 489 1611 esse
512 1570 525 1616 ;
553 1560 605 1605 et
630 1549 801 1603 clama
828 1540 966 1614 quod
989 1537 1241 1607 scriptum
1283 1539 1382 1594 est,
1411 1525 1489 1580 Tu
1515 1518 1824 1577 illuminabis

238 1658 499 1711 lucernam
521 1663 703 1709 meam,
734 1640 955 1695 Domine
983 1652 1000 1688 :
1027 1630 1225 1688 lumine
1249 1636 1359 1685 tuo,
1382 1621 1617 1682 Domine,
1638 1615 1694 1668 ill
1704 1613 1829 1667 ιλιιιὶ-

240 1745 387 1799 nabis
410 1739 637 1795 tenebras
666 1750 802 1787 meas
825 1726 995 1802 (Psal.
1031 1737 1159 1784 xvn,
1186 1717 1300 1786 9.9).
1343 1714 1473 1769 Meae
1512 1708 1653 1764 enim
1698 1701 1831 1758 nihil

244 1836 345 1889 nisi
374 1830 645 1885 tenebrat:
676 1833 730 1879 tu
756 1830 932 1877 autem
954 1817 1133 1870 lumen
1176 1809 1360 1878 fugatis
1400 1799 1645 1856 tenebras
1670 1838 1682 1861 ,
1717 1793 1835 1847 illu-

251 1928 466 1981 minans
492 1934 577 1974 me
606 1936 617 1969 :
654 1931 757 1969 non
782 1928 809 1966 a
836 1925 923 1965 me
950 1905 1077 1961 mihi
1109 1903 1285 1956 lumen
1314 1895 1579 1953 existens;
1622 1885 1713 1943 sed
1757 1884 1837 1937 lu-

222 2034 375 2073 'rnen
404 2030 507 2069 non
533 2009 874 2081 participans,
902 1999 1003 2055 nisi
1030 1997 1083 2050 in
1112 2004 1181 2048 te.

325 2112 376 2163 9.
408 2105 633 2159 Joannes
663 2116 763 2153 non
806 2096 993 2157 lumen,
1020 2086 1105 2143 sed
1150 2083 1371 2137 lucerna.
1396 2076 1483 2131 Sic
1511 2081 1565 2127 ct
1608 2070 1842 2127 Joannes

255 2202 459 2258 amicus
484 2194 686 2269 sponsi,
710 2188 954 2244 Christus
996 2178 1298 2253 putabatur,
1330 2172 1509 2225 lumen
1541 2163 1843 2236 putabatur.

262 2296 383 2351 Non
406 2250 624 2347 erat‘ille
654 2285 859 2343 lumen;
886 2276 975 2333 sed
996 2250 1053 2327 ut
1098 2264 1434 2325 testimonium
1468 2256 1743 2329 perhiberet
1787 2250 1849 2304 de

263 2388 470 2444 lumine.
494 2378 645 2450 Quod
675 2382 853 2429 autem
885 2376 998 2424 erat
1016 2360 1240 2421 lumen?
1285 2356 1415 2411 Erat
1457 2352 1626 2405 lumen
1658 2359 1849 2399 verum.

264 2480 403 2547 Quid
436 2484 518 2531 est
543 2467 773 2527 verum?
801 2460 954 2531 Quod
978 2455 1228 2512 illuminat
1259 2462 1457 2503 omnem
1485 2440 1755 2495 hominem.
1795 2433 1855 2489 Si

266 2586 450 2629 verum
474 2569 653 2622 lumen
672 2557 812 2631 quod
834 2551 1096 2609 illuminat
1123 2556 1337 2601 omnem
1380 2533 1684 2595 hominem;
1729 2538 1857 2594 ergo

271 2674 323 2719 et
350 2663 610 2717 Joannem
640 2659 784 2707 recte
805 2646 1067 2701 dicentem
1094 2680 1107 2703 ,
1150 2642 1295 2689 recte
1341 2626 1676 2683 conﬁtentem
1700 2662 1714 2684 ,
1750 2617 1860 2671 Nos

272 2710 866 2818 auteni'tleplenitudine
889 2736 997 2807 ejus
1018 2729 1301 2798 accepimus
1326 2720 1500 2792 (Joan.
1533 2733 1570 2782 ι,
1594 2714 1648 2780 8,
1669 2712 1723 2778 9,
1745 2710 1862 2779 16).

274 2804 410 2900 iride
430 2840 485 2894 εἰ
514 2804 656 2891 aliud
686 2831 815 2887 dixit
838 2870 852 2893 ,
902 2804 1088 2895 quam,
1140 2816 1220 2872 Tu
1260 2807 1569 2868 illuminabis
1607 2804 1866 2857 lucernam

278 2955 474 3001 meam,
508 2931 742 2988 Domine.
784 2922 1021 2992 Denique
1059 2915 1166 2985 jam
1211 2906 1566 2966 illuminatus,
1622 2896 1867 2953 testimo-

280 3033 425 3099 nium
447 3019 790 3099 perhibebat.
820 2984 1047 3079 Propter
1064 2984 1245 3059 caecos
1266 3039 1279 3063 ,
1309 2998 1527 3051 lucerna
1565 2988 1670 3044 diei
1716 2984 1869 3040 testi-

285 3075 521 3181 monium
538 3108 881 3186 perhibebat.
914 3075 1047 3157 \i’ide
1077 3096 1198 3168 quia
1230 3094 1442 3146 lucerna
1469 3092 1551 3139 est
1580 3100 1591 3134 :
1633 3078 1753 3143 Vos,
1786 3075 1871 3129 in-

276 3216 420 3289 quit,
442 3207 649 3271 misistis
674 3204 739 3256 ad
761 3198 1050 3261 Joannem,
1083 3199 1130 3243 et
1158 3182 1385 3239 voluistis
1410 3175 1660 3231 exsultare
1684 3170 1750 3223 ad
1778 3168 1874 3220 ho-

1169 3279 1178 3289 ‘
1410 3268 1579 3289 π--Ιρ--Α
1623 3272 1663 3289 ιι
1710 3262 1874 3289 1....ηηο

289 3262 420 3289 ’ν’-μ
444 3262 490 3271 νη
520 3262 529 3265 -

289 3323 398 3360 ram
428 3304 481 3356 in
511 3298 696 3354 lumine
723 3294 832 3362 ejus
871 3306 888 3342 :
916 3284 1002 3339 ille
1030 3289 1135 3335 erat
1164 3279 1367 3332 lucerna
1398 3268 1580 3323 ardens
1620 3272 1663 3317 et
1708 3262 1877 3315 lucens

512 3352 603 3455 $3,
636 3352 878 3455 55):Ille
905 3378 1138 3435 lucerna,
1175 3368 1278 3422 hoc
1304 3371 1404 3428 est,
1435 3374 1524 3413 res
1554 3352 1877 3411 illuminata,

296 3504 518 3547 accensa
550 3494 607 3541 ut
631 3485 853 3537 luceret.
886 3473 1012 3539 Qum
1043 3461 1260 3522 accendi
1284 3450 1480 3530 potest,
1513 3456 1685 3521 potest
1706 3454 1758 3499 et
1784 3459 1882 3496 ex-

298 3581 511 3653 stingui.
544 3574 648 3632 Sed
688 3580 744 3627 ut
790 3583 894 3622 non
930 3560 1315 3627 exstinguuntur,
1366 3553 1580 3601 ventum
1625 3535 1887 3608 superb'mc

1213 3644 1274 3653 ’⁸⁸
1336 3639 1375 3653 ¹’“
1418 3648 1427 3653 ·
1539 3630 1748 3653 εἴημὴ-ι
1779 3624 1887 3653 ληαΙὲ

299 3624 511 3653 οων...
545 3624 648 3632 ww
693 3624 703 3627 _
734 3624 737 3625 ,
1113 3624 1131 3627 ν

299 3672 681 3745 nonpatiatur.
710 3664 878 3731 Ergo,
908 3653 1163 3721 Conﬁteor
1190 3644 1297 3706 tibi,
1329 3639 1506 3701 Pater,
1537 3630 1748 3685 Domine
1775 3624 1889 3678 certi

1064 3744 1069 3745 '
1337 3733 1346 3742 ο
1420 3728 1543 3745 ιιι-α
1596 3732 1633 3745 Α.
1667 3717 1888 3745 ..ρ-..Αημ

304 3717 678 3745 ἰν-’.ιἰε--η-κν
710 3717 720 3723 ν
788 3717 813 3731 υ
867 3717 876 3725 ,
1019 3717 1026 3721 ,

304 3780 343 3825 et
376 3780 541 3825 terrm,
568 3760 684 3831 quia
720 3746 1023 3807 abscondisti
1052 3744 1157 3795 lucc
1188 3754 1217 3789 a
1239 3728 1544 3805 sapientibus
1588 3732 1633 3775 et
1666 3717 1889 3789 pruden~

304 3863 452 3925 tibus,
484 3858 664 3911 lumen
686 3864 745 3902 se
769 3837 1096 3914 putantibus,
1126 3838 1181 3887 et
1211 3824 1444 3882 tenebra:
1467 3822 1617 3871 erant
1642 3828 1656 3875 ;
1721 3820 1774 3862 et
1826 3819 1892 3859 cn

1395 3923 1400 3925 ‘
1440 3911 1454 3925 ‘
1550 3917 1563 3925 -
1626 3918 1722 3925 μς-
1775 3900 1863 3925 ιιι..

307 3900 452 3925 ηυηυ,
488 3900 664 3911 mu---
774 3900 786 3914 _

307 3953 446 4027 quod
468 3945 715 4005 tenebrae
743 3942 913 3994 erant,
944 3938 995 3984 et
1016 3927 1201 3980 lumen
1230 3934 1286 3973 se
1314 3911 1589 3985 putabant,
1626 3918 1726 3959 nec
1775 3900 1891 3954 illu-

856 4024 942 4027 "m
1255 4010 1266 4023 ·
1298 4004 1529 4027 “usum...
1560 4004 1705 4027 ,ηεηηι
1754 4001 1800 4027 οι
1830 4000 1891 4027 ιη.

306 4000 501 4105 :ninari
532 4037 834 4109 potuerunt.
856 4024 946 4079 illi
978 4027 1153 4075 autem
1182 4010 1269 4082 qui
1298 4004 1531 4063 tenebrat
1558 4004 1730 4059 erant,
1754 4001 1807 4048 et
1830 4000 1894 4044 tc-

312 4139 510 4193 nebras
539 4145 597 4185 se
619 4139 735 4181 esse
756 4114 1163 4174 conﬁtebantur,
1193 4099 1395 4174 parvuli
1416 4100 1566 4149 erant
1592 4132 1604 4153 ,
1654 4102 1755 4141 non
1784 4097 1902 4136 ma-

310 4230 443 4303 gni;
470 4221 703 4281 humiles
727 4218 899 4274 erant,
919 4221 1022 4261 non
1043 4196 1278 4271 superbi.
1294 4193 1461 4261 Becte
1486 4197 1614 4253 ergo
1632 4178 1900 4251 dicebant,

1285 4282 1494 4303 ημηεη,
1541 4276 1610 4303 αλ
1646 4282 1900 4303 “mum

429 4276 443 4295 ,
471 4276 543 4281 -_,
574 4276 577 4277 ,

318 4276 399 4377 ἓν
427 4310 738 4373 illuminabis
767 4306 1025 4359 lucernam
1052 4306 1246 4353 meam,
1282 4282 1511 4337 Domine.
1541 4276 1611 4331 Se
1646 4282 1904 4342 agnosce-

321 4420 471 4479 bant,
506 4407 785 4465 Dominum
812 4392 1121 4451 laudabant,
1150 4399 1180 4438 a
1204 4381 1287 4435 via
1317 4372 1532 4432 salutari
1555 4383 1659 4423 non
1686 4361 1907 4419 recede-

326 4455 471 4479 m....,
507 4455 748 4465 "om"---

324 4511 471 4567 bant.
504 4499 803 4563 Laudantes
830 4485 1111 4545 Dominum
1146 4471 1483 4532 invocabant,
1508 4472 1561 4519 et
1593 4462 1660 4515 ab
1683 4455 1911 4513 inimicis

318 4602 437 4658 suis
466 4592 597 4651 salvi
620 4592 789 4643 erant.

404 4689 491 4744 10.
548 4680 724 4737 Oratio
780 4672 847 4726 ad
906 4664 1198 4720 Dominum.
1260 4644 1522 4709 Conversi
1594 4640 1671 4697 ad'
1730 4636 1915 4693 Domi-

1482 362 1483 367 Ν
1556 380 1786 440 SERMO
1823 375 2053 433 LXVIII.
2310 400 2337 409 ς

3368 356 3476 420 438

2361 486 2593 545 SERMO
2631 440 2878 542 tamn?
2906 470 3004 556 (α).

1905 608 2035 663 Item
2062 607 2122 665 de
2149 606 2309 667 verbis
2346 604 2605 677 Evangelii
2636 598 2887 672 Matthtci,
2921 614 3037 669 cap.
3076 613 3152 665 ιι,
3191 594 3283 662 25,
3336 592 3479 651 Con-

1979 702 2130 760 liteor
2151 700 2264 765 tibi,
2296 698 2471 764 Pater,
2502 695 2725 751 Domine
2750 692 2871 748 (εωιί
2896 699 2950 747 et
2974 700 3159 754 teme,
3185 697 3279 743 etc.
3311 687 3413 761 (li).

1977 813 2205 873 CAPUT
2255 810 2633 871 PWUDL—
2680 809 2731 867 1.
2765 806 3031 877 Sapientes
3068 810 3125 861 α
3186 801 3489 873 prudentes.

1914 908 2092 978 quibus
2130 905 2421 963 abscondita
2464 912 2583 963 sunt
2632 900 2893 973 mysteria.
2944 896 3256 957 Audiuimus
3301 892 3493 951 Filium

1918 999 2010 1053 Dei
2058 998 2342 1059 dicentem.
2389 993 2642 1063 Conﬁteor
2688 993 2795 1057 tibi,
2845 989 3019 1055 Pater,
3042 988 3262 1047 Domine
3300 986 3413 1047 caeli
3444 994 3498 1041 et

1921 1100 2083 1149 terrae.
2110 1090 2245 1156 Quid
2270 1090 2318 1144 ei
2344 1086 2662 1143 confitetur?
2696 1084 2754 1145 1n
2774 1098 2888 1153 quo
2913 1097 3036 1141 eum
3082 1078 3307 1141 laudat?
3366 1076 3501 1145 Quia

1923 1182 2247 1246 abscondisti,
2280 1180 2467 1251 inquit,
2500 1180 2609 1233 tuac
2640 1193 2670 1230 α
2709 1175 3016 1245 sapientibus
3054 1181 3106 1231 et
3148 1168 3501 1243 prudentibus,

1927 1283 1971 1328 et
2010 1273 2234 1329 revctasti
2260 1288 2322 1329 ea
2345 1270 2588 1343 parandis.
2616 1268 2717 1339 Qui
2754 1276 2882 1326 sum
2910 1265 3177 1335 sapientes
3196 1272 3251 1321 et
3274 1261 3505 1337 pruden-

1934 1367 2050 1421 tes?
2076 1367 2179 1436 Qui
2208 1364 2452 1437 parvuli?
2479 1365 2609 1431 Qua:
2636 1361 2724 1421 ille
2762 1358 3045 1417 occultavit
3081 1355 3408 1431 sapientibus
3450 1362 3507 1409 et

1932 1458 2300 1529 prudentibus,
2322 1466 2378 1511 et
2398 1455 2655 1513 revelarit
2678 1452 2947 1523 parvulis?
2966 1450 3250 1519 Sapientes
3279 1455 3333 1507 et
3386 1461 3511 1521 pru-

1936 1551 2124 1609 dentes
2148 1551 2268 1606 illos
2292 1548 2573 1623 signiticet,
2605 1547 2672 1602 de
2710 1545 2904 1616 quibus
2948 1542 3141 1601 Paulus
3182 1539 3311 1596 dicit
3351 1555 3363 1591 :
3421 1536 3517 1591 Ubi

1939 1646 2138 1716 sapiens
2156 1646 2179 1697 ?
2206 1644 2285 1696 ubi
2305 1643 2465 1697 scriba
2485 1640 2604 1699 Ριώὶ
2618 1639 2926 1709 conquisitor
2943 1633 3276 1708 hujusswculi
3295 1633 3320 1686 .9
3337 1630 3520 1685 Nonne

1943 1738 2148 1793 stultam
2176 1737 2289 1808 fecit
2316 1734 2454 1791 Deus
2482 1734 2781 1805 sapientiam
2814 1730 2969 1800 hujus
3006 1727 3185 1785 mundi
3220 1726 3238 1795 (
3265 1725 3281 1779 l
3334 1723 3449 1778 Cor.
3480 1738 3520 1789 1,

1943 1828 2080 1899 20)?
2118 1829 2291 1884 Etiam
2331 1842 2471 1885 nunc
2508 1825 2686 1881 adhuc
2721 1824 2946 1879 fortasse
2984 1819 3222 1890 quaeris,
3262 1816 3352 1889 qui
3402 1824 3529 1869 sunt

1947 1919 2057 1975 isti.
2086 1919 2245 1977 Forte
2270 1919 2341 1973 illi
2372 1927 2514 1977 sunt,
2547 1916 2634 1986 qui
2662 1915 2888 1971 militum
2917 1912 2985 1968 de
3031 1912 3141 1966 Deo
3170 1910 3527 1978 disputantes,

1950 2009 2083 2071 falsa
2110 2010 2356 2067 dixerunt
2384 2027 2397 2075 ;
2432 2007 2598 2065 inﬂati
2632 2006 2887 2063 doctrinis
2908 2004 3061 2067 suis,
3092 2003 3262 2057 Deum
3296 1997 3533 2053 invenire

1954 2110 2008 2159 et
2033 2116 2354 2171 cognoscere
2382 2099 2598 2159 minime
2624 2104 2940 2171 powernnt,
2968 2102 3022 2151 et
3044 2108 3143 2169 pro
3188 2092 3296 2146 Deo
3318 2132 3335 2156 ,
3383 2088 3535 2158 cujus

1957 2203 2040 2253 est
2064 2191 2615 2262 incomprehensibilis
2638 2187 3025 2259 invisibilisque
3052 2182 3343 2241 substantia
3368 2222 3384 2245 ,
3440 2194 3540 2249 pu-

1962 2293 2208 2345 taverunt
2239 2285 2401 2341 Deum
2431 2298 2551 2341 esse
2571 2296 2771 2344 aciem,
2792 2279 3078 2342 munerem,
3116 2276 3279 2331 Deum
3300 2287 3419 2329 esse
3448 2286 3539 2325 so-

1958 2376 2104 2441 lem,
2140 2376 2304 2437 Deum
2337 2389 2455 2431 esse
2492 2372 2689 2442 aliquid
2730 2370 2871 2445 quod
2908 2368 3207 2430 sublimiter
3248 2365 3447 2421 eminet
3488 2362 3541 2416 in

1966 2474 2231 2527 creatura.
2260 2466 2612 2524 Attendcntes
2638 2464 2780 2524 enim
2806 2459 3195 2531 magnitudines
3218 2465 3273 2512 et
3308 2453 3547 2527 pulchri-

1969 2557 2180 2613 tudines
2205 2564 2258 2611 et
2284 2555 2617 2617 fortitudines
2637 2564 3018 2614 creaturarum.
3056 2550 3127 2611 ibi
3154 2555 3545 2612 remanserunt,

1971 2650 2275 2706 Creatorem
2306 2665 2410 2704 non
2434 2649 2769 2707 invenerunt.

2043 2744 2098 2799 2.
2152 2742 2272 2797 Non
2299 2746 2498 2813 prodest
2534 2738 2840 2811 quantalibet
2866 2736 3071 2799 scientia
3111 2734 3154 2789 si
3183 2733 3310 2789 desit
3350 2729 3557 2786 scientia

1975 2834 2094 2939 Dei.
2154 2834 2340 2907 Arguit
2389 2835 2508 2888 illos
2561 2834 2693 2887 liber
2732 2830 3054 2902 Sapientiae,
3087 2827 3174 2885 ubi
3225 2826 3451 2881 dicitur:
3496 2822 3557 2878 Si

1979 2928 2112 2982 enim
2140 2934 2333 2980 tantum
2359 2933 2625 2995 potuerunt
2651 2921 2817 2975 ualere
2839 2964 2854 2987 ,
2888 2928 2941 2973 ut
2967 2926 3165 2989 possent
3192 2916 3439 2971 wstimare
3465 2928 3559 2966 sa:-

1980 3017 2172 3083 culum,
2205 3016 2455 3087 quomodo
2481 3015 2588 3087 ejus
2622 3012 2890 3066 Dominum
2914 3027 3012 3067 non
3040 3008 3240 3079 facilius
3268 3007 3561 3059 invenerunt

1984 3109 2139 3180 (Sap.
2168 3125 2257 3163 xm
2282 3150 2297 3175 ,
2329 3107 2429 3181 9)?
2460 3107 2702 3162 Accusati
2730 3113 2889 3170 sunt,
2922 3111 3296 3163 consumentes
3326 3108 3561 3167 tempora

1985 3216 2079 3257 sua
2103 3209 2156 3255 et
2179 3202 2551 3271 occupationes
2573 3197 2981 3267 disputationum
3010 3209 3220 3251 suarum
3249 3194 3298 3246 in
3325 3205 3566 3261 perscru-

1989 3294 2144 3349 tanda
2176 3301 2229 3347 et
2266 3291 2493 3361 quodam
2524 3289 2683 3344 modo
2725 3286 2989 3342 metienda
3020 3294 3259 3340 creatura
3294 3300 3305 3335 :
3339 3281 3568 3351 quzesie-

1989 3396 2112 3443 runt
2160 3394 2365 3441 meatus
2409 3382 2638 3439 siderum
2664 3423 2679 3449 ,
2718 3378 2990 3435 intervalla
3028 3376 3307 3435 stellarum
3332 3416 3347 3443 ,
3374 3374 3567 3427 itinera

1992 3477 2287 3533 cmlestium
2315 3491 2597 3551 corporum
2622 3516 2637 3541 ,
2671 3474 2741 3529 ita
2769 3480 2824 3525 ut
2847 3468 3328 3541 computationibus
3352 3465 3573 3535 quibus-

1994 3569 2115 3624 dam
2155 3568 2220 3622 ad
2263 3583 2378 3622 eam
2419 3565 2690 3620 scientiam
2734 3562 3111 3632 pervenirent,
3145 3568 3201 3611 ut
3227 3556 3577 3626 praedicerent

1998 3659 2260 3713 defectum
2302 3657 2427 3711 solis
2451 3698 2466 3723 ,
2498 3653 2760 3713 delectum
2790 3653 2926 3706 luna:
2952 3667 2965 3715 ;
2999 3658 3052 3704 et
3075 3648 3286 3719 quando
3318 3646 3574 3716 prcedice-

2000 3759 2118 3804 rent
2143 3749 2379 3804 eveniret
2404 3790 2418 3812 ,
2452 3762 2516 3801 eo
2558 3746 2644 3799 die
2670 3786 2684 3811 ,
2717 3752 2771 3798 et
2810 3758 2871 3799 ea
2916 3741 3084 3805 hora,
3120 3747 3319 3792 tantum
3352 3744 3405 3789 et
3435 3744 3580 3789 tanta

2003 3850 2154 3912 parte
2178 3883 2191 3907 ,
2224 3856 2285 3895 cx
2317 3847 2510 3910 quanta
2540 3845 2692 3907 parte
2719 3835 2791 3889 illi
2816 3833 3187 3905 praedixerant.
3219 3828 3403 3897 Magna
3431 3826 3583 3879 indu-

2005 3934 2153 3995 stria,
2186 3946 2373 4007 magna
2403 3930 2636 3984 solertia.
2661 3926 2765 3984 Sed
2791 3926 2861 3980 ibi
2887 3925 3192 3981 Creatorem
3224 3918 3438 3974 scrutati
3462 3926 3586 3971 sunt

2007 4028 2235 4098 positum
2269 4040 2371 4079 non
2396 4025 2549 4093 longe
2580 4037 2609 4075 a
2638 4036 2695 4075 se
2719 4062 2732 4088 ,
2766 4029 2951 4077 etnon
2978 4016 3312 4069 invenerunt.
3344 4012 3510 4077 Quem
3542 4009 3587 4063 si

2010 4118 2373 4182 invenissent,
2407 4115 2663 4173 haberent
2685 4110 2822 4185 apud
2855 4124 2938 4167 se.
2978 4106 3186 4179 Optime
3214 4103 3388 4172 itaque
3420 4110 3473 4155 et
3501 4116 3587 4155 rc-

2011 4210 2246 4267 ctissime
2273 4207 2503 4262 accusati
2533 4214 2655 4265 sunt
2680 4245 2695 4269 ,
2727 4200 2814 4273 qui
2836 4206 3126 4279 potuerunt
3152 4196 3469 4265 investigare
3497 4209 3590 4245 nu-

2014 4316 2191 4356 meros
2232 4298 2461 4353 siderum
2488 4340 2501 4361 ,
2532 4294 2808 4355 intervalla
2854 4300 3188 4363 temporum,
3222 4286 3481 4341 delectum
3514 4284 3594 4337 lu—

2013 4396 2216 4450 minum
2242 4404 2563 4461 cognoscere
2590 4396 2643 4443 ct
2666 4384 2955 4457 praedicere
2980 4400 2993 4434 :
3022 4389 3167 4436 recte
3192 4377 3422 4433 accusati
3451 4384 3592 4439 sunt,

2017 4486 2266 4556 quoniam
2295 4499 2324 4537 a
2355 4496 2461 4553 quo
2492 4482 2588 4534 ista
2634 4478 2769 4537 facta
2808 4484 2965 4553 atque
3008 4472 3249 4543 ordinata
3294 4479 3456 4534 sunt,
3490 4483 3593 4519 non

2020 4578 2355 4639 invenerunt,
2387 4573 2506 4643 quia
2532 4584 2770 4641 quaerere
2796 4567 3157 4636 neglexerunt.
3193 4562 3268 4621 Tu
3295 4567 3469 4615 autem
3490 4572 3598 4609 non

2020 4670 2173 4726 valde
2214 4683 2339 4723 cura
2366 4709 2379 4733 ,
2412 4668 2455 4720 si
2484 4679 2644 4737 gyros
2673 4662 2903 4717 siderum
2947 4667 3001 4713 et
3030 4656 3325 4712 cmlestium
3358 4660 3599 4705 terreno-

331 4798 460 4839 nutu
515 4777 687 4830 Deum
734 4767 949 4825 Patrem
998 4752 1436 4820 omnipotentem,
1462 4751 1595 4808 puro
1650 4730 1812 4787 corde
1842 4728 1914 4795 ei,

334 4878 589 4944 quantum
648 4866 821 4931 potest
895 4846 1124 4921 parvitas
1171 4845 1353 4895 nostra
1387 4875 1401 4899 ,
1452 4828 1709 4885 maximas
1761 4831 1920 4890 atque

338 4965 529 5019 uberes
566 4952 769 5027 gratias
822 4956 1070 5015 agamus;
1133 4938 1408 5005 precantes
1449 4934 1559 4979 ιοιο
1588 4919 1765 4975 animo
1804 4915 1919 4968 sin-

341 5056 577 5128 gularem
651 5020 1316 5098 mansuetudinenrejus,
1370 5028 1427 5073 nt
1483 5027 1674 5088 preces
1712 5014 1922 5062 nostras

1108 5117 1142 5128 ··
1269 5112 1301 5128 ο·
1332 5118 1496 5128 η-μ-..
1584 5100 1862 5128 .:..:m:m.m
1894 5108 1921 5128 ,ι

346 5100 397 5201 in
437 5134 773 5208 beneplacito
822 5140 918 5183 suo
956 5117 1205 5178 exaudire
1253 5112 1497 5181 dignetur
1526 5147 1539 5169 ,
1584 5100 1863 5157 inimicum
1894 5108 1925 5147 a

344 5234 541 5293 nostris
614 5224 819 5281 actibus
882 5226 934 5271 ct
1002 5203 1412 5285 cogitationibus
1455 5212 1547 5253 sua
1598 5194 1792 5247 virtute
1836 5201 1931 5241 ex-

348 5330 535 5401 pllat.
583 5318 736 5375 nobis
777 5307 1089 5377 multiplicet
1140 5300 1319 5363 fidem,
1366 5292 1626 5364 gubernet
1673 5288 1927 5343 mentem,

1243 5390 1255 5401 ·
1297 5397 1307 5401 -
1403 5393 1415 5401 -
1463 5382 1520 5401 -ι
1547 5370 1927 5401 ι.--ιιι..ι12..η.η

347 5370 655 5492 ἒρὶι-ἰίιιειιεε
680 5403 1030 5477 cogitationes
1055 5390 1336 5455 concedat,
1368 5393 1422 5441 et
1458 5382 1523 5437 ad
1547 5370 1931 5435 beatitudinem

1019 5487 1034 5492 ‘
1239 5478 1291 5492 ’“·
1347 5479 1356 5489 ·
1396 5487 1405 5492 -
1538 5467 1735 5492 nm..-“
1793 5463 1905 5492 nam

354 5463 502 5567 sitam
544 5463 824 5576 perducat,
867 5506 965 5564 per
1011 5487 1193 5545 Jesum
1235 5478 1503 5535 Christum
1538 5467 1737 5525 Filium
1791 5463 1934 5533 ejus,

356 5612 549 5664 Amen.

416 5728 439 5777 γ’
465 5730 542 5774 Er.
564 5716 712 5787 Lugd.
739 5722 858 5763 Ven.
881 5716 993 5763 ιον.
1024 5707 1093 5757 sic
1119 5701 1354 5754 exhibent
1373 5689 1751 5767 _hunc.loeum.:
1776 5681 1864 5737 Dic
1896 5685 1939 5752 te

790 5776 801 5785 ο
876 5786 879 5787 ν
937 5769 1022 5787 ωξ-
1070 5766 1141 5787 mu
1188 5762 1262 5787 ,κη
1330 5768 1410 5787 nu-
1455 5760 1646 5787 ntmtnc
1671 5749 1785 5787 dm,“
1828 5755 1939 5787 anm

416 5742 439 5777 7'
465 5742 542 5774 υ.
567 5742 712 5787 pugn.
747 5742 858 5763 που.
885 5742 993 5763 mn.
1025 5742 1093 5757 σιν
1120 5742 1351 5754 νων-η---
1392 5742 1417 5743 κν

360 5787 573 5842 mittam,
611 5788 655 5851 et
690 5776 886 5851 sapiens
927 5769 1039 5820 eris.
1067 5766 1141 5817 sic
1183 5762 1279 5813 die.
1322 5756 1430 5819 Dic,
1454 5762 1497 5806 et
1520 5753 1646 5803 intus
1671 5748 1785 5809 dic;
1828 5742 1943 5809 quia

360 5852 429 5903 sic
446 5855 514 5898 est
532 5853 582 5895 ηε
600 5841 741 5893 diris.

428 5896 601 5967 3apud
620 5913 713 5959 ἣν..
736 5897 851 5952 auia
874 5906 1063 5949 surstmt
1144 5896 1201 5936 lu.

2022 4778 2215 4820 rumve
2241 4773 2521 4839 corporum
2553 4768 2803 4811 numeros
2832 4752 3061 4822 ignores.
3100 4745 3228 4799 Vide
3258 4739 3603 4812 pulchritudi-

2026 4872 2147 4913 nem
2178 4836 2383 4917 mundi,
2412 4859 2465 4904 et
2492 4846 2643 4903 lauda
2674 4843 2953 4901 consilium
2980 4835 3263 4903 Creatoris.
3299 4832 3435 4887 Vide
3462 4831 3602 4900 quod

2029 4948 2152 5005 fecit
2174 4988 2188 5013 ,
2221 4960 2338 4999 ama
2365 4941 2455 5019 qui
2481 4939 2603 5001 fecit
2636 4957 2647 4991 :
2681 4945 2801 4991 tene
2829 4936 2929 4987 hoc
2966 4928 3214 4985 maxime.
3250 4926 3380 4977 Ama
3409 4924 3494 4993 qui
3529 4922 3603 4975 lc—

2029 5041 2101 5097 cit
2133 5058 2145 5094 :
2179 5038 2298 5121 quia
2343 5044 2396 5091 et
2424 5043 2474 5089 te
2520 5033 2687 5101 ipsum
2716 5034 3005 5085 amatorem
3035 5033 3188 5075 suum
3228 5016 3297 5069 ad
3325 5013 3605 5084 imaginem

2032 5148 2181 5189 suam
2213 5131 2353 5186 fecit.
2484 5190 2500 5199 ε

2104 5224 2326 5283 CAPUT
2356 5222 2419 5277 11.
2441 5198 2582 5275 -ζτίῖ,
2610 5216 2731 5271 Non
2761 5208 3025 5287 detinenda
3048 5204 3229 5259 veritas
3252 5202 3305 5256 in
3328 5198 3607 5269 iniquitate.

2102 5429 2120 5449 ’
2136 5428 2348 5491 Collatus
2372 5430 2448 5475 est
2467 5421 2527 5481 ad
2548 5421 2625 5475 ch.
2650 5415 2683 5465 f.
2708 5416 2760 5466 tl.
2783 5406 3012 5475 m..Ulim.
3034 5410 3141 5454 Par.
3163 5406 3275 5452 tm.

2102 5514 2175 5639 ἒαέ
2208 5512 2347 5573 Alias,
2368 5511 2432 5559 de
2458 5505 2665 5557 Diversis
2678 5499 2756 5551 2i.

2127 5575 2155 5625 ὁ
2193 5574 2502 5639 Sermonibus
2524 5562 2756 5639 Augustin

2127 5536 2175 5629 [lii
2516 5536 2875 5629 ‘A'iigs‘t'inianis
2886 5554 3079 5629 Joannis
3097 5546 3357 5629 Ulirgmerti
3370 5553 3500 5629 sin-a-
3522 5536 3620 5601 pri-

2040 5602 2507 5695 deiiil
3089 5610 3305 5695 caeleri
3312 5602 3619 5695 olollectioggt

2044 5661 2156 5695 ηοω
2185 5661 2388 5692 δουωδιι
2408 5661 2507 5685 NW
2531 5661 2776 5682 “uva-ww,
2801 5661 3066 5680 ι-ν-ν--ι--.π
3100 5661 3148 5664 -η
3213 5661 3216 5663 η

2044 5704 2094 5753 in
2116 5714 2211 5762 qua
2234 5707 2397 5762 tantus
2412 5699 2620 5758 quantus
2634 5689 2710 5737 hic
2728 5671 3351 5762 ρᾲὶψιζῇὲῐξξξιὲὶέιὶιξ
3360 5678 3526 5762 (ἶριζίξῖ
3540 5661 3600 5762 ἒ

2044 5704 2094 5753 in
2116 5714 2211 5762 qna
2234 5707 2397 5748 tantus
2412 5699 2620 5758 quantus
2634 5694 2710 5737 hic
2728 5694 2903 5742 editur,
2918 5694 3016 5743 3am
3039 5694 3236 5727 emanat
3251 5694 3307 5721 au
3332 5694 3466 5718 um.
3492 5694 3526 5723 ι,
3543 5694 3600 5710 ευ

2044 5764 2243 5838 annos
2266 5730 3371 5838 usus.sesese,efﬂantibus?“
3386 5748 3410 5778 "
3435 5728 3521 5791 (ιω
3540 5694 3626 5774 νεῖ

2049 5827 2216 5879 titulus
2235 5799 2618 5884 iiiilicat’pat'tcm
2638 5818 2821 5862 tantum
2846 5799 3086 5858 Sermonis
3108 5799 3333 5850 exhiberi
