4032 6332
502 332 614 395 439

499 450 646 521 Ergo
688 448 814 520 quia
857 455 940 505 est
966 448 1165 505 mirum
1186 486 1205 518 ,
1253 448 1346 520 qui
1392 446 1587 527 talibus
1629 450 1957 521 sapientibus
1996 466 2091 507 oc-

1731 332 1791 392 S.
1830 332 1974 393 AUG
1982 331 2202 393 USTINI
2238 335 2545 401 EPISCOPl

2337 260 2447 277 Ἥ

2198 449 2278 509 les
2297 495 2314 521 ,
2343 456 2466 528 quia
2496 470 2880 533 cognoscentes
2916 465 3087 526 Deum
3109 511 3125 538 ,
3156 487 3264 529 non
3306 474 3444 533 sicut
3469 476 3640 537 Deum
3666 481 3791 554 glo-

496 541 708 613 cupalis
747 541 887 598 circa
929 548 1204 597 creaturas
1225 582 1242 607 ,
1293 542 1384 613 qui
1411 540 1721 599 Creatorem
1762 543 2092 642 negligenter
2197 547 2541 609 riﬁcaverunt
2558 596 2574 622 ,
2603 572 2703 614 nec
2719 561 2916 631 gratias
2940 575 3184 636 egerunt.
3206 568 3311 625 Sed
3334 571 3501 642 quid?
3527 573 3637 631 Sed
3662 540 3786 633 eva-

494 647 740 705 quaerere
763 632 1084 701 voluerunt,
1115 648 1215 690 nec
1242 634 1487 691 invenire
1512 643 1831 706 potuerunt,
1858 636 2087 692 abscon-

492 724 605 781 dita
648 732 773 782 sunt
814 724 901 780 illa
925 767 940 791 ,
972 725 1040 786 de
1081 726 1274 797 quibus
1298 727 1433 783 dixit
1456 726 1700 785 Christus
1721 770 1737 797 ,
1769 728 2087 785 Abscondisti

492 817 603 871 haec
622 834 655 870 a
673 815 980 889 sapientibus
1003 826 1053 873 et
1070 820 1400 890 prudentibus
1419 836 1440 877 :
1458 821 1753 878 mirabilius
1778 830 1860 879 est
1879 824 2087 895 sapien-

490 916 574 964 tes
616 916 672 965 et
711 908 999 978 prudentes
1026 909 1392 982 deprehensos
1436 913 1595 969 etiam
1640 915 1730 985 qui
1757 929 2082 987 cognoscere

488 1011 797 1072 potuerunt.
826 1002 1095 1060 Revelatur
1121 1007 1285 1073 enim,
1318 1008 1508 1080 inquit,
1535 1010 1615 1065 ira
1640 1009 1740 1066 Dei
1761 1012 1824 1065 de
1846 1012 2082 1079 cretosu-

487 1111 580 1162 per
606 1112 804 1151 omnem
827 1097 1133 1170 imﬁetatem
1156 1106 1205 1155 et
1225 1100 1528 1171 injustitiam
1553 1104 1816 1158 hominum
1838 1146 1854 1172 ,
1885 1104 1975 1175 qui
1997 1121 2082 1160 ve-

485 1189 687 1244 ritatem
710 1192 765 1244 in
783 1190 1047 1261 iniquitate
1068 1192 1308 1249 detinent.
1331 1193 1538 1264 Quaeris
1559 1193 1785 1253 fortasse
1805 1213 1963 1269 quam
1987 1214 2079 1255 ve-

482 1279 701 1336 ritatem
728 1280 1002 1338 detineant
1036 1283 1094 1339 in
1119 1283 1440 1355 iniquitate?
1469 1285 1604 1352 Quia
1640 1287 1776 1357 quod
1802 1297 1977 1344 notum
2004 1299 2079 1347 est

481 1370 602 1439 Dei,
625 1374 949 1446 manifestum
971 1383 1045 1431 est
1065 1375 1123 1431 in
1142 1376 1266 1432 illis.
1294 1376 1450 1435 Unde
1471 1378 1813 1436 manifestum
1843 1383 1958 1438 est?
1979 1383 2077 1440 Se-

478 1464 694 1535 quitur,
724 1472 779 1521 et
819 1465 947 1521 dicit
975 1482 989 1521 :
1021 1464 1161 1523 Deus
1197 1469 1331 1523 enim
1354 1469 1461 1525 illis
1497 1470 1855 1542 manifestavit.
1883 1472 2074 1531 Adhuc

478 1557 678 1627 quaeris
697 1558 964 1627 quomodo
990 1559 1414 1617 manifestaverit
1430 1562 1529 1629 eis,
1552 1564 1748 1635 quibus
1770 1565 1942 1639 legem
1964 1584 2071 1624 non

479 1642 669 1703 dedit?
696 1648 974 1718 Quomodo
998 1651 1170 1723 ergo?
1196 1652 1483 1710 Invisibilia
1505 1658 1636 1712 enim
1661 1660 1792 1729 ejus,
1825 1677 1857 1714 α
1884 1663 2072 1718 consti-

479 1742 670 1796 tutione
694 1743 890 1811 mundi,
921 1760 1011 1815 per
1034 1761 1095 1800 ea
1120 1762 1235 1816 qua:
1256 1748 1394 1819 facta
1414 1758 1553 1819 sunt,
1586 1751 1838 1809 intellecta
1863 1757 2071 1828 conspi-

476 1833 698 1888 ciuntur.
724 1834 967 1891 Fuerunt
1006 1852 1133 1909 ergo
1155 1838 1371 1910 quidam
1394 1881 1410 1909 ,
1441 1856 1550 1898 non
1588 1843 1726 1900 sicut
1748 1845 1959 1919 Moyses
1987 1848 2068 1904 fa-

474 1923 652 1979 mulus
680 1925 796 1989 Dei,
825 1940 932 1982 non
961 1928 1100 1985 sicut
1119 1931 1273 1986 multi
1303 1933 1578 2004 propheta:
1603 1935 1702 1991 ista
1727 1938 1991 1997 intuentes
2015 1950 2071 1997 et

473 2014 834 2086 intelligentes
855 2060 871 2083 ,
901 2019 1070 2091 adjuti
1098 2021 1299 2093 Spiritu
1331 2026 1460 2092 Dei,
1492 2043 1650 2100 quem
1676 2029 1930 2101 Spiritum
1961 2034 2069 2091 ﬁde

472 2107 804 2177 hauserunt,
835 2112 1077 2171 faucibus
1116 2116 1331 2187 pietatis
1355 2117 1641 2188 biberunt,
1674 2137 1768 2178 ore
1796 2123 2066 2183 interioris

471 2199 706 2257 hominis
734 2213 1134 2263 ructuaverunt.
1160 2208 1278 2265 Non
1318 2226 1447 2283 ergo
1473 2214 1607 2269 tales
1634 2215 1652 2247 ¹
1688 2231 1701 2268 :
1733 2215 1829 2271 sed
1853 2215 2066 2275 fuerunt

472 2290 559 2344 alii
587 2291 895 2363 dissimiles,
918 2298 1007 2368 qui
1027 2313 1124 2369 per
1145 2300 1301 2355 istam
1322 2310 1620 2360 creaturam
1642 2313 1931 2377 potuerunt
1951 2325 2065 2381 per-

471 2382 657 2439 venire
682 2386 748 2441 ad
780 2387 1184 2461 intelligendum
1212 2393 1522 2453 Creatorem
1542 2440 1558 2465 ,
1588 2408 1644 2455 et
1666 2400 1848 2460 dicere
1872 2403 1941 2460 de
1980 2404 2063 2463 his

470 2487 591 2543 quae
614 2475 735 2531 fecit
759 2478 900 2535 Deus
924 2498 938 2536 :
963 2481 1105 2539 Ecce
1130 2501 1249 2555 qua:
1262 2485 1406 2557 fecit,
1427 2490 1690 2560 gubernat
1712 2503 1769 2550 et
1792 2495 2060 2565 continet;

469 2566 561 2622 ille
589 2569 699 2638 ipse
724 2572 816 2643 qui
842 2573 984 2643 fecit,
1011 2578 1196 2650 implet
1216 2595 1310 2638 sua
1337 2587 1620 2654 praesentia
1646 2588 1747 2646 ista
1768 2606 1890 2663 quae
1913 2591 2060 2650 fecit.

468 2655 763 2717 Potuerunt
806 2662 910 2721 hoc
932 2667 1132 2725 dicere.
1158 2670 1290 2728 Nam
1318 2674 1465 2745 ipsos
1504 2685 1560 2733 et
1584 2679 1636 2733 in
1662 2655 1885 2738 Actibus
1911 2685 2059 2759 Apo-

467 2753 727 2811 stolorum
753 2766 1197 2820 commemoravit
1218 2766 1454 2826 Paulus:
1484 2771 1575 2827 ubi
1598 2787 1719 2830 cum
1744 2756 1967 2833 dixisset
1991 2779 2060 2835 de

466 2846 580 2902 Deo
597 2890 613 2914 ,
657 2848 726 2905 In
750 2851 841 2906 illo
870 2856 1003 2910 enim
1025 2857 1236 2915 vivimus
1264 2870 1310 2916 et
1335 2879 1590 2919 movemur
1615 2876 1663 2921 et
1685 2884 1861 2925 sumus
1883 2888 1902 2937 ;
1928 2887 2062 2941 quo-

465 2941 610 2996 niam
631 2944 770 3014 apud
791 2946 1147 3006 Athenienses
1171 2952 1504 3024 loquebatur,
1524 2958 1616 3013 ubi
1645 2960 1732 3014 isti
1760 2960 2057 3020 doctissimi

465 3034 820 3105 exstiterant,
851 3039 1095 3110 adjunxit
1136 3046 1391 3104 continuo
1412 3090 1429 3114 ,
1463 3050 1610 3105 Sicut
1651 3061 1700 3106 et
1722 3054 1931 3125 quidam
1972 3074 2057 3113 se-

464 3126 686 3181 cundum
707 3146 792 3185 vos
811 3132 1047 3188 dixerunt
1074 3135 1209 3205 (Act.
1235 3154 1369 3205 xvii,
1390 3138 1506 3211 28).
1535 3141 1649 3199 Non
1671 3156 1754 3200 est
1776 3146 1895 3203 leve
1913 3151 2056 3220 quod

462 3218 712 3276 dixerunt
756 3242 771 3278 :
816 3222 1079 3293 Quoniam
1120 3229 1174 3283 in
1222 3229 1329 3286 Deo
1368 3232 1578 3288 vivimus
1620 3244 1669 3290 et
1708 3253 1965 3294 movemur
2008 3251 2056 3298 et

461 3324 654 3367 sumus.

532 3405 757 3464 CAPUT
775 3407 861 3465 IIl.
878 3411 1016 3467 -4.
1041 3410 1190 3469 Unde
1205 3416 1569 3473 inexcusabiles
1589 3420 1838 3491 sapientes
1855 3426 2048 3481 seaculi.

460 3493 615 3551 Unde
659 3512 787 3568 ergo
819 3499 1145 3559 dissimiles?
1187 3506 1329 3562 unde
1366 3509 1689 3580 vituperati?
1734 3514 1877 3572 unde
1904 3527 2051 3575 recte

457 3590 730 3644 accusati?
775 3591 916 3648 Audi
956 3594 1196 3665 Apostoli
1240 3600 1438 3668 verba,
1485 3617 1605 3674 quae
1643 3604 1823 3663 dicere
1869 3623 2050 3681 coepe-

456 3694 571 3733 ram
604 3697 618 3733 :
651 3680 942 3753 Revelatur,
971 3684 1163 3757 inquit,
1194 3689 1272 3743 ira
1296 3689 1394 3746 Dei
1418 3693 1482 3748 de
1510 3695 1635 3751 coelo
1658 3712 1809 3769 super
1848 3680 2048 3758 omnem

454 3773 791 3844 impietatem,
822 3785 876 3832 et
899 3792 1084 3835 eorum
1114 3781 1318 3839 scilicet
1340 3786 1429 3856 qui
1473 3786 1642 3859 legem
1685 3806 1790 3847 non
1817 3808 2045 3866 accepe-

450 3874 578 3918 runt
604 3885 617 3918 :
647 3881 802 3935 super
825 3884 1022 3923 omnem
1045 3871 1350 3943 impietatem
1369 3884 1417 3930 et
1439 3878 1737 3949 injustitiam
1758 3883 2042 3956 hominum,

450 3956 538 4024 qui
577 3959 830 4014 veritatem
856 3962 911 4016 in
944 3964 1207 4035 iniquitate
1243 3969 1482 4026 detinent.
1512 3972 1682 4041 Quam
1717 3978 2043 4038 veritatem?

454 4044 586 4111 Quia
610 4049 746 4118 quod
768 4060 942 4107 notum
986 4063 1059 4111 est
1082 4055 1184 4112 Dei
1203 4100 1220 4127 ,
1250 4063 1572 4133 manifestum
1597 4075 1669 4120 est
1692 4067 1746 4123 in
1769 4069 1892 4126 illis.
1923 4074 2042 4141 Quo

446 4138 865 4197 manifestante?
902 4143 1042 4199 Deus
1080 4149 1215 4204 enim
1250 4151 1321 4207 eis
1363 4156 1718 4227 manifestavit.
1759 4138 2040 4230 Quomodo

445 4228 852 4287 inanifestavit?
895 4233 1184 4312 Inpisibilia
1230 4242 1363 4297 enim
1390 4246 1515 4318 ejus
1543 4288 1558 4311 ,
1608 4265 1641 4303 a
1685 4228 2039 4313 constitutione

443 4321 641 4389 mundi,
674 4340 764 4393 per
790 4341 849 4380 ea
874 4343 988 4398 qua:
1012 4334 1150 4400 facta
1174 4345 1311 4403 sunt,
1338 4337 1593 4396 intellecta
1619 4346 1998 4416 conspiciuntur
2012 4366 2035 4417 ;

443 4413 747 4484 sempiterna
771 4434 967 4492 quoque
991 4421 1146 4477 virtus
1168 4427 1279 4498 ejus
1303 4437 1352 4482 et
1376 4430 1632 4488 divinitas.
1665 4413 1840 4504 Quare
1863 4413 2034 4497 mani-

396 4488 399 4491 ’
439 4502 691 4560 festavit?
723 4507 793 4562 Ut
815 4488 916 4564 sint
951 4488 1338 4574 inexcusabiles.
1363 4520 1418 4576 Si
1458 4488 1817 4585 manifeslavit
1840 4540 1899 4588 ut
1924 4534 2033 4591 sint

438 4594 850 4665 inexcusabiles,
872 4602 1012 4659 unde
1034 4620 1161 4676 ergo
1182 4609 1506 4680 culpabiles?
1525 4616 1659 4683 Quia
1678 4635 2031 4693 cognoscentes

435 4684 622 4748 Deum.
647 4706 745 4743 non
764 4692 893 4747 sicut
913 4692 1076 4750 Deum
1099 4701 1526 4769 gloriﬁcaverunt.

507 4778 734 4839 CAPUT
765 4783 852 4841 IV.
873 4817 945 4828 -—-
964 4787 1016 4843 5.
1047 4789 1345 4863 Cleri/icore
1376 4795 1541 4853 Deum
1558 4810 1607 4856 et
1636 4806 1830 4872 gratias
1856 4825 2023 4880 agere,

431 4870 588 4930 idem.
629 4872 768 4941 Quid
792 4884 875 4932 est
916 4880 1059 4950 quod
1084 4882 1218 4939 dicis
1244 4926 1261 4953 ,
1294 4886 1417 4943 Non
1458 4892 1590 4947 sicut
1614 4870 1781 4952 Deum
1824 4870 2025 4972 glori/5:-

430 4979 669 5024 caverunt
688 4971 716 5026 .’
760 4969 868 5029 Nec
906 4976 1103 5046 gratias
1147 4990 1371 5051 egerunt.
1416 4983 1530 5042 Hoc
1566 4998 1650 5045 est
1684 4969 2022 5067 ergo'glori-

431 5056 593 5114 [icore
619 5059 806 5132 Deum,
825 5069 1023 5136 gratias
1045 5084 1206 5140 agere
1236 5072 1383 5129 Deo?
1398 5074 1512 5134 [loc
1531 5094 1680 5138 sane.
1711 5056 2019 5153 Quidvenim

428 5151 583 5219 pejus
605 5194 619 5217 ,
653 5155 695 5209 si
721 5156 790 5212 ad
831 5157 1113 5231 imaginem
1137 5173 1350 5227 creatus
1371 5210 1389 5237 ,
1415 5175 1630 5244 cognito
1665 5151 1778 5234 Deo
1803 5180 1911 5238 eris
1932 5184 2019 5239 in-

427 5243 655 5311 gratus?
685 5245 797 5303 Hoc
819 5258 903 5305 est
930 5266 1149 5321 prorsus
1172 5297 1186 5321 ,
1219 5256 1322 5315 hoc
1350 5270 1432 5317 est
1453 5304 1470 5331 ,
1494 5243 1798 5335 glorificare
1826 5272 2014 5343 Deum,

427 5335 628 5401 gratias
666 5351 825 5407 agere
854 5339 985 5397 Deo.
1016 5343 1222 5402 Norant
1262 5349 1446 5408 ﬁdeles
1483 5355 1573 5411 ubi
1612 5365 1667 5414 et
1691 5362 1906 5429 quando
1930 5335 2015 5420 di;

427 5435 614 5493 catur,
644 5426 854 5485 Gratias
890 5447 1108 5504 agamus
1136 5438 1363 5499 Domino
1391 5443 1499 5501 Deo
1521 5426 1727 5505 nostro:
1758 5451 1888 5520 Quis
1914 5469 2013 5511 au-

422 5526 533 5570 tem
577 5518 772 5586 gratias
809 5522 919 5593 agit
943 5524 1093 5595 Deo,
1124 5528 1229 5585 nisi
1268 5532 1359 5602 qui
1388 5548 1597 5593 sursum
1636 5555 1731 5597 cor
1762 5518 1918 5601 habet
1944 5546 2011 5603 ad

426 5608 756 5667 Dominum?
786 5613 927 5686 Ergo
962 5617 1037 5672 illi
1077 5621 1367 5691 culpabiles
1390 5629 1481 5699 qui
1509 5640 1635 5687 sunt
1671 5632 2009 5695 inexcusabi-
2048 5706 2055 5707 ί

426 5817 456 5857 a
470 5811 577 5857 MSS.

2195 651 2412 698 nuerunt
2437 644 2490 700 in
2529 651 2912 719 cogitationibus
2950 657 3074 712 suis.
3106 658 3260 717 Unde
3281 676 3647 737 evanuerunt,
3678 670 3786 727 nisi

2193 733 2317 804 quia
2360 738 2576 808 superbi
2618 741 2877 801 fuerunt?
2906 746 3189 807 Evanescit
3228 762 3283 809 et
3310 753 3485 813 fumus
3529 733 3784 819 in'altum

2191 827 2458 897 surgendo
2482 871 2497 897 ,
2529 839 2582 888 et
2601 836 2770 907 magis
2795 837 2933 909 ignis
2957 840 3101 897 lucet
3125 852 3179 898 et
3204 845 3487 903 roboratur
3525 848 3783 911 humilius

2189 918 2659 987 apprehendendo.
2700 926 3028 987 Evanuerunt
3061 934 3114 987 in
3146 936 3531 1007 cogitationibus
3555 942 3664 997 suis
3683 984 3703 1013 ,
3734 954 3811 1022 et.

2187 1005 2510 1067 obscuratum
2534 1025 2605 1069 est
2626 1015 2872 1088 insipiens
2895 1037 2983 1076 cor
3009 1005 3408 1083 eorumsEtiam
3431 1026 3628 1101 fumus,
3652 1047 3782 1090 cum

2184 1100 2257 1157 sit
2274 1101 2395 1174 igne
2416 1105 2595 1175 altior,
2618 1110 2880 1170 obscurus
2898 1124 2999 1170 est.

2254 1193 2484 1254 CAPUT
2516 1200 2582 1259 V.
2613 1232 2686 1243 —
2717 1203 2771 1260 6.
2810 1205 3057 1278 Superbis
3084 1209 3462 1271 abscondantur
3494 1222 3737 1290 mysteria
3758 1262 3777 1289 ,

2184 1288 2408 1355 parvulis
2447 1300 2617 1349 autem
2644 1296 2948 1354 revelantur.
2990 1300 3231 1375 Denique
3268 1297 3483 1364 attende
3508 1288 3651 1383 quod
3689 1288 3779 1371 se;

2180 1377 2363 1447 quitur
2391 1421 2407 1448 ,
2457 1390 2514 1438 et
2549 1385 2671 1443 vide
2707 1388 2848 1446 unde
2878 1398 2986 1447 tota
3014 1409 3176 1472 causa
3215 1400 3445 1468 pendeat
3473 1420 3488 1457 :
3524 1377 3778 1464 ‘Dicentes

2179 1471 2315 1526 enim
2353 1490 2408 1530 se
2434 1492 2544 1533 esse
2580 1481 2862 1552 sapientes,
2892 1488 3037 1541 stulti
3074 1491 3199 1561 facti
3223 1501 3340 1547 sunt
3379 1493 3556 1568 (Rom.
3584 1514 3637 1567 ι,
3672 1500 3776 1559 18-

2177 1559 2293 1663 2-2).
2324 1563 2434 1622 Sibi
2455 1573 2754 1643 arrogando
2781 1576 2921 1648 quod
2950 1559 3270 1649 praestiterat
3296 1559 3455 1651 Deus,
3489 1590 3607 1646 tttlit
3624 1559 3773 1663 quod

2177 1650 2398 1711 dederat
2433 1658 2593 1716 Deus.
2625 1663 2767 1735 Ergo
2808 1669 3051 1738 superbis
3096 1671 3210 1743 ipse
3238 1650 3518 1735 abscondit
3552 1695 3611 1737 se
3629 1650 3659 1750 ,⁸
3677 1685 3773 1755 qui

2176 1758 2273 1814 per
2307 1757 2608 1807 creaturam
2648 1754 2931 1828 diligenter
2955 1764 3315 1821 scrutantibus
3343 1766 3654 1828 Creatorem
3680 1754 3775 1829 in-

2175 1834 2477 1895 sinuaverat
2505 1845 2718 1902 nonnisi
2756 1863 2834 1905 se.
2864 1850 3010 1909 Bene
3045 1869 3178 1926 ergo
3216 1856 3505 1927 Dominus,
3536 1863 3773 1921 Abscon-

2174 1925 2295 1981 disti
2319 1929 2427 1985 hinc
2450 1948 2483 1985 a
2504 1936 2814 2005 sapientibus
2839 1948 2886 1995 et
2915 1925 3246 2013 prudentibus
3267 1963 3287 2003 .-
3316 1949 3428 2005 sive
3453 1925 3651 2011 abillis
3674 1958 3772 2030 qui

2173 2020 2555 2092 multiplicibus
2580 2026 3029 2101 disputationibus
3056 2045 3114 2092 et
3142 2039 3490 2097 solertissima
3536 2020 3771 2117 inquisi-

2173 2109 2318 2168 tione
2342 2113 2411 2169 ad
2455 2115 2913 2191 investigationem
2942 2136 3205 2206 creaturae
3244 2109 3635 2206 pervenerunt,
3668 2141 3771 2198 sed

2171 2199 2482 2262 Creatorem
2498 2210 2717 2269 minime
2744 2202 3142 2287 cognoverunt;
3174 2199 3287 2279 sive
3311 2225 3378 2281 ab
3408 2226 3532 2295 illis,
3554 2230 3645 2301 qui
3671 2246 3770 2288 co-

2169 2306 2490 2364 gnoscentes
2516 2299 2685 2359 Deum
2703 2346 2721 2372 ,
2755 2322 2864 2363 non
2892 2310 3027 2367 sicut
3054 2311 3224 2368 Deum
3253 2299 3685 2387 gloriﬁcaverunt
3709 2335 3768 2383 et

2167 2388 2366 2458 gratias
2388 2404 2649 2464 egerunt,
2680 2405 2735 2452 et
2763 2399 2945 2457 videre
2967 2404 3203 2474 perfecte
3226 2416 3316 2462 aut
3341 2410 3628 2469 salubriter
3650 2432 3767 2474 non

2166 2487 2475 2550 potuerunt,
2498 2485 2621 2556 quia
2643 2490 2859 2559 superbi
2885 2490 3119 2551 fuerunt.
3149 2496 3470 2557 Abscondisti
3496 2517 3627 2577 ergo
3648 2507 3768 2564 lucc

2167 2587 2201 2625 a
2241 2575 2553 2645 sapientibus
2580 2587 2626 2633 et
2669 2583 3001 2653 prudentibus
3021 2628 3035 2653 ,
3068 2597 3116 2642 et
3160 2590 3390 2647 revelasti
3417 2610 3478 2648 ea
3511 2575 3761 2666 parvulis.

2166 2662 2372 2731 Quibus
2400 2670 2678 2738 parvulis?
2720 2673 3038 2733 Humilibus.
3079 2679 3178 2734 Dic
3205 2698 3358 2755 super
3382 2662 3530 2757 quem
3556 2692 3760 2761 requie-

2165 2756 2261 2810 scit
2287 2756 2512 2828 Spiritus
2530 2764 2714 2819 meus?
2742 2764 2911 2837 Super
2939 2768 3202 2837 humilem,
3231 2783 3279 2828 et
3301 2776 3547 2849 quietum,
3577 2756 3762 2838 ettra-

2164 2858 2379 2903 mentem
2405 2852 2554 2906 verba
2579 2870 2691 2909 mea
2731 2854 2881 2930 (Isai.
2914 2876 3034 2915 uvn
3058 2902 3073 2926 ,
3105 2861 3186 2935 2).
3224 2864 3349 2922 Haec
3375 2869 3535 2927 verba
3562 2871 3761 2932 Petrus

2166 2941 2411 3007 tremuit;
2430 2942 2581 2998 Plat’o
2602 2960 2708 3001 non
2728 2949 2959 3004 tremuit.
2984 2949 3189 3009 Teneat
3208 2956 3457 3027 piscator,
3479 2962 3622 3031 quod
3640 2978 3760 3036 per-

2163 3030 2296 3086 didit
2334 3034 2697 3092 nobilissimus
2736 3038 3053 3111 diSputator.
3104 3045 3422 3104 Abscondisti
3445 3030 3577 3108 'lttcc
3604 3030 3754 3112 εἶδα-

2162 3124 2412 3193 pientibus
2424 3135 2474 3180 et
2494 3130 2840 3199 prudentibus,
2864 3141 2911 3188 et
2938 3136 3168 3192 revelasti
3181 3155 3240 3194 ea
3256 3142 3501 3210 parvulis.
3517 3146 3756 3205 Abscon-

2161 3213 2287 3269 disti
2316 3219 2579 3288 superbis,
2612 3230 2666 3278 et
2688 3225 2935 3281 rcvelasti
2959 3227 3265 3287 humilibus.
3289 3233 3419 3301 Qua:
3448 3247 3572 3295 sunt
3596 3241 3753 3313 ipsa?

2158 3304 2274 3362 Non
2305 3309 2449 3366 enim
2488 3326 2608 3368 cum
2638 3316 2740 3371 hoc
2779 3317 3014 3390 diceret,
3046 3323 3241 3380 coelum
3267 3334 3322 3381 et
3347 3334 3543 3386 terram
3568 3304 3749 3389 atten-

2158 3397 2338 3469 debat,
2361 3411 2417 3458 et
2439 3406 2589 3475 quasi
2613 3422 2777 3463 manu
2796 3411 3215 3484 demonstrabat,
3240 3433 3360 3475 cum
3381 3420 3583 3480 diceret
3606 3426 3746 3485 haec.

2155 3490 2287 3561 Quis
2308 3496 2450 3550 enim
2480 3511 2586 3552 non
2614 3499 2761 3557 videt
2789 3502 2945 3563 haec?
2970 3506 3163 3585 Vident
3190 3509 3338 3581 boni,
3368 3514 3552 3573 vident
3575 3520 3746 3579 mali:

2153 3590 2277 3661 quia
2292 3591 2419 3649 facit
2431 3596 2600 3652 solem
2612 3611 2767 3655 suum
2778 3600 2906 3657 oriri
2922 3617 3084 3675 super
3093 3605 3264 3663 bonos
3277 3616 3335 3666 et
3347 3610 3514 3667 malos
3529 3611 3741 3685 (Hann.

2152 3697 2206 3750 v,
2232 3685 2345 3758 45).
2373 3685 2503 3755 Quae
2530 3700 2658 3747 sunt
2681 3708 2810 3765 ergo
2833 3695 2970 3752 ista?
3002 3698 3188 3756 Omnia
3216 3702 3343 3757 mihi
3366 3705 3556 3761 tradita
3572 3718 3694 3764 sunt
3712 3726 3745 3765 a

2150 3771 2309 3832 Patre
2326 3792 2436 3833 meo
2456 3776 2565 3847 (Id.
2588 3796 2663 3848 xi,
2685 3782 2799 3855 27).

2647 3872 2877 3932 SERMU
2912 3876 3079 3935 LXIX
3101 3883 3119 3903 ι
3141 3879 3239 3954 (a).

2144 3956 2227 4015 De
2252 3961 2413 4018 verbis
2439 3961 2704 4038 Evangelii
2732 3967 2967 4024 Ματαιιεί
2988 4011 3004 4036 ,
3048 3987 3165 4044 cap.
3205 3989 3262 4030 χι
3284 4017 3300 4043 ,
3330 3975 3402 4033 28
3423 4019 3441 4047 ,
3485 3977 3556 4037 29
3577 4023 3595 4051 ,
3626 3982 3739 4041 Ve-

2217 4053 2329 4110 nite
2380 4054 2448 4110 ad
2502 4072 2591 4114 me
2621 4099 2638 4125 ,
2705 4074 2893 4118 omnes
2945 4063 3035 4133 qui
3095 4064 3348 4124 laboratis
3409 4078 3464 4126 et
3520 4078 3739 4134 onerati

2214 4143 2345 4200 estis
2365 4186 2384 4211 ,
2414 4154 2510 4201 etc.
2547 4149 2587 4204 ί.

2213 4235 2437 4294 CAPUT
2465 4239 2751 4300 PRIMUM.
2773 4277 2845 4289 —
2864 4248 2916 4303 1.
2943 4247 3095 4306 Unde
3116 4252 3198 4307 hic
3225 4254 3386 4310 labor.
3414 4256 3736 4319 Audivimus

2139 4324 2193 4380 in
2231 4325 2522 4400 Evangelio
2561 4333 2844 4392 Dominum
2882 4340 3239 4399 exhilaratum
3292 4346 3479 4416 spiritu
3527 4350 3733 4412 dixisse

2138 4416 2250 4474 Deo
2296 4419 2436 4478 Patri
2480 4441 2495 4479 :
2537 4424 2794 4497 Conﬁteor
2838 4431 2965 4501 tibi,
3009 4430 3169 4490 Pater
3190 4476 3206 4502 ,
3251 4424 3469 4495 Domine
3525 4445 3641 4499 cali
3680 4457 3734 4503 et

2137 4517 2317 4580 terrae,
2364 4515 2484 4587 quia
2522 4517 2825 4575 abscondisti
2866 4522 2974 4578 lucc
2998 4541 3032 4579 a
3057 4527 3369 4599 sapientibus
3410 4542 3458 4588 et
3498 4537 3731 4606 pruden-

2135 4606 2286 4675 tibus,
2318 4619 2364 4662 et
2401 4611 2631 4667 revelasti
2658 4630 2717 4668 ea
2746 4616 2988 4685 parvulis.
3034 4617 3144 4689 Ita,
3175 4619 3356 4691 Pater,
3393 4629 3633 4697 quoniam
3651 4632 3731 4687 sic

2132 4700 2378 4770 placitum
2413 4710 2485 4758 est
2504 4720 2676 4760 coram
2714 4716 2781 4763 te.
2824 4708 3010 4766 Omnia
3029 4714 3153 4768 mihi
3180 4718 3366 4773 tradita
3393 4730 3513 4776 sunt
3548 4739 3580 4778 a
3619 4723 3733 4780 Pa-

2131 4797 2208 4845 tre
2231 4808 2339 4846 meo
2365 4808 2386 4847 :
2411 4803 2459 4848 et
2493 4811 2638 4850 nemo
2676 4802 2903 4871 agnoscit
2927 4801 3154 4874 Filium,
3185 4807 3286 4863 nisi
3327 4808 3524 4879 Pater;
3564 4833 3731 4883 neque

2130 4878 2340 4937 Patrem
2375 4885 2486 4953 quis
2523 4891 2780 4959 agnoscit,
2813 4893 2911 4950 nisi
2937 4892 3141 4963 Filius,
3171 4907 3220 4953 et
3262 4902 3345 4956 cui
3382 4878 3596 4961 voluerit
3620 4878 3726 4965 lii-

2128 4973 2228 5028 lius
2253 4977 2491 5032 revelare.
2519 4979 2579 5036 In
2604 4983 2885 5042 clamando
2911 4988 3236 5056 laboramus.
3269 4995 3322 5050 in
3350 4998 3616 5057 audiendo
3638 5003 3724 5059 la-

2125 5066 2348 5124 boratis.
2392 5070 2685 5132 Audiamus
2710 5092 2839 5150 ergo
2867 5095 2991 5136 eum
3028 5084 3120 5155 qui
3158 5088 3430 5158 sequitur,
3462 5101 3517 5147 et
3542 5093 3674 5151 dicit
3702 5114 3719 5129 -

3686 364 3799 428 ιω

2139 5157 2310 5215 Venite
2331 5162 2401 5216 ad
2422 5179 2522 5233 me,
2553 5182 2725 5225 omnes
2748 5172 2836 5241 qui
2860 5173 3124 5232 laboratis.
3153 5178 3331 5245 Quare
3354 5157 3495 5239 enim
3524 5200 3721 5248 omnes
3782 5174 3786 5195 ³

2122 5248 2463 5324 laboramus,
2489 5257 2592 5313 nisi
2620 5261 2741 5331 quia
2779 5277 2963 5322 sumus
2997 5265 3244 5326 homines
3279 5276 3566 5349 mortales,
3596 5278 3717 5337 fra-

2118 5340 2285 5413 giles,
2315 5344 2514 5402 inﬁrmi
2536 5388 2552 5414 ,
2584 5348 2724 5407 lutea
2750 5369 2872 5410 vasa
2898 5365 3178 5428 portantes
3198 5402 3215 5430 ,
3244 5379 3366 5435 qua:
3393 5340 3593 5427 faciunt
3622 5373 3714 5429 in-

2118 5434 2291 5493 vicem
2319 5442 2632 5513 angustias?
2662 5445 2768 5503 Sed
2797 5449 2842 5504 si
2870 5461 3223 5523 angustantur
3246 5434 3373 5515 vasa
3397 5462 3596 5530 cunis.
3626 5462 3716 5523 di-

2181 5570 2786 5655 {AEL‘I‘E'PRPEPWJH
2806 5580 3029 5654 ριιιτίδυε
3047 5589 3215 5651 probae
3245 5597 3376 5643 notae
3392 5600 3498 5647 us.
3530 5604 3718 5655 castra

2136 5633 2438 5687 Nestorianos
2453 5637 2516 5688 de
2533 5646 2677 5691 Patre

2594 5726 2653 5777 ad
2674 5726 2867 5779 codices
2887 5737 2996 5783 Mss.
3022 5742 3075 5787 et
3095 5736 3215 5790 Edit.
3235 5750 3381 5804 supra
3399 5742 3450 5793 in
3472 5756 3710 5806 sermone

2178 5719 2197 5737 1

486 5745 661 5857 tigrim,
688 5756 785 5799 .von
800 5762 914 5815 ergo
935 5751 1055 5807 tales
1076 5754 1432 5822 ignoraverunt.
1457 5769 1625 5834 Abest,
1651 5770 2006 5843 iamran
2111 5745 2487 5895 “(ﬁngﬁifgg

564 5841 577 5855 θ
2404 5883 2417 5895 .
2479 5866 2487 5895 ⁴

2175 5845 2247 5906 (τι)
2280 5845 2418 5907 Alias,
2442 5849 2507 5900 de
2533 5852 2699 5903 verbis
2721 5859 2903 5916 Domini
2923 5861 2997 5911 10.

3780 5434 3789 5471 l
