4032 6332
266 397 375 463 Hi

264 518 507 579 buntur
529 513 699 586 spatia
733 506 1027 565 charitatis.
1064 501 1202 571 Quid
1237 513 1365 574 ergo
1387 497 1547 566 dicit,
1587 495 1763 552 Venite
1789 494 1857 549 ad

273 630 358 668 me
376 655 391 677 ,
424 624 594 665 omnes
618 607 704 678 qui
729 602 968 678 laboratis
989 639 1005 665 ,
1032 596 1136 652 nisi
1161 602 1221 651 ut
1243 609 1350 650 non
1376 591 1664 648 laboretis?
1691 588 1854 647 Deni-

271 666 683 777 que’promissio
708 666 823 766 eius
846 695 899 748 in
923 698 1168 763 promptu
1194 694 1309 743 est:
1333 685 1583 757 quoniam
1610 682 1857 737 laboran-

273 804 358 852 tes
376 792 605 858 vocavit,
629 794 931 861 quaererent
955 784 1093 839 forte
1112 796 1215 854 qua
1239 777 1485 835 mercede
1504 777 1675 833 vocati
1698 782 1819 833 sunt
1840 792 1853 831 :

270 887 346 944 Et
364 904 455 960 ego
474 902 582 953 vos,
605 882 795 954 inquit,
818 878 1062 949 reficiam.

343 982 399 1037 2.
426 977 703 1035 Humilitas
726 972 1105 1045 fundamentum
1124 966 1327 1037 (artiﬁcii
1345 963 1717 1037 spiritualis.—
1728 959 1854 1016 Tol-

268 1076 359 1131 lite
376 1076 565 1146 ⁸ἱιιέγιηη
592 1083 757 1122 meum
779 1081 931 1137 super
954 1079 1040 1118 vos
1060 1102 1073 1125 ,
1106 1070 1151 1115 et
1176 1058 1348 1114 discite
1366 1075 1399 1111 a
1419 1073 1497 1111 me
1524 1071 1541 1110 :
1570 1069 1672 1109 non
1700 1069 1856 1108 mun-

266 1144 403 1224 dum
455 1162 716 1219 fabricare
746 1202 763 1227 ,
809 1171 916 1212 non
963 1160 1150 1211 cuncta
1192 1149 1419 1205 visibilia
1470 1156 1525 1204 et
1579 1144 1857 1202 invisibilia

266 1275 495 1327 creare,
526 1271 631 1312 non
660 1256 713 1311 in
743 1254 860 1324 ipso
887 1250 1085 1307 mundo
1108 1246 1361 1303 miracula
1388 1244 1563 1300 facere
1582 1285 1596 1308 ,
1625 1249 1681 1297 et
1716 1255 1858 1296 mor-

264 1361 396 1410 tuos
415 1352 704 1415 suscitare;
728 1347 821 1403 sed
847 1343 1085 1417 quoniam
1102 1340 1235 1395 mitis
1255 1355 1369 1394 sum
1394 1345 1439 1392 et
1464 1335 1668 1390 humilis
1688 1332 1854 1387 corde.

263 1449 492 1520 Magnus
526 1460 648 1502 esse
677 1443 756 1496 vis
778 1482 794 1509 ,
827 1455 856 1494 a
885 1438 1107 1493 minimo
1136 1433 1328 1504 incipe.
1372 1430 1586 1502 Cogitas
1613 1441 1857 1498 magnam

265 1539 529 1597 fabricam
554 1544 862 1592 construere
887 1527 1236 1592 celsitudinis,
1259 1525 1325 1581 de
1348 1523 1693 1579 fundamento
1714 1520 1861 1591 prius

266 1633 447 1703 cogita
472 1626 805 1684 humilitatis.
843 1623 908 1678 Et
936 1629 1185 1691 quautam
1210 1618 1436 1689 quisque
1460 1614 1572 1669 vult
1599 1622 1653 1670 et
1676 1612 1858 1683 dispo-

265 1724 354 1778 nit
375 1720 814 1792 superimponere
840 1713 1037 1770 molem
1064 1708 1273 1766 aedificii
1296 1749 1312 1776 ,
1342 1714 1539 1778 quanto
1563 1705 1665 1761 erit
1687 1704 1860 1773 majus

265 1812 580 1878 aediﬁcium,
611 1817 757 1864 tanto
783 1806 940 1860 altius
964 1802 1095 1859 fodit
1121 1800 1542 1856 fundamentum.
1569 1796 1637 1850 Et
1658 1793 1861 1849 fabrica

266 1906 491 1980 quidem
529 1918 652 1959 cum
675 1898 1003 1957 construitur
1026 1938 1042 1963 ,
1074 1895 1128 1949 in
1155 1907 1383 1964 superna
1422 1889 1695 1958 consurgit
1726 1905 1740 1943 :
1772 1886 1859 1957 qui

268 1978 455 2055 autem
488 1995 619 2051 fodit
647 1992 1078 2055 fundamentum,
1106 1985 1173 2041 ad
1214 1985 1319 2039 ima
1350 1980 1682 2053 deprimitur.
1723 1978 1863 2048 Ergo

268 2100 330 2147 et
360 2087 559 2144 fabrica
588 2097 713 2140 ante
740 2080 1109 2137 celsitudinem
1138 2075 1444 2131 humiliatur
1467 2115 1483 2142 ,
1514 2080 1570 2128 et
1596 2071 1861 2141 fastigium

268 2190 398 2255 post
420 2177 841 2234 humiliationem
866 2172 1106 2244 erigitur.

348 2268 575 2327 CAPUT
604 2267 758 2322 11.-
780 2267 834 2321 ’5.
869 2263 1007 2317 Visio
1050 2261 1194 2315 nobis
1237 2257 1485 2330 promissa
1510 2255 1607 2309 Dei
1632 2254 1862 2309 videntis.

271 2361 431 2432 Quod
495 2368 580 2415 est
650 2356 913 2426 fastigium
984 2349 1356 2407 construenda:
1410 2347 1655 2413 fabricae,
1707 2360 1864 2415 quam

274 2450 574 2510 molimur?
622 2449 740 2517 Quo
786 2454 1164 2517 perventurum
1208 2449 1292 2496 est
1332 2454 1587 2495 cacumen
1615 2435 1867 2491 aedificii?

273 2545 398 2601 Cito
441 2543 597 2610 dico,
642 2554 809 2611 usque
848 2537 914 2592 ad
958 2542 1297 2605 conspectum
1339 2530 1452 2586 Dei.
1482 2529 1687 2584 Videtis
1711 2542 1867 2600 quam

275 2636 556 2695 excelsum
585 2642 699 2699 est,
731 2638 927 2702 quanta
955 2643 1042 2684 res
1070 2634 1151 2683 est
1172 2668 1186 2691 ,
1216 2623 1522 2694 conspicere
1552 2621 1737 2676 Deum.
1770 2618 1869 2689 Qui

276 2727 588 2793 desiderat,
613 2721 830 2794 etquod
857 2720 976 2776 dico
999 2760 1015 2787 ,
1047 2727 1101 2775 et
1120 2715 1259 2788 quod
1285 2713 1432 2770 audit
1450 2712 1711 2783 intelligit.
1735 2712 1868 2767 Pro-

275 2821 509 2878 mittitur
552 2816 707 2873 nobis
744 2820 1058 2883 conspectus
1088 2810 1205 2877 Dei,
1239 2808 1357 2863 veri
1385 2807 1500 2875 Dei,
1530 2804 1723 2860 summi
1756 2803 1867 2859 Dei.

277 2913 399 2969 Hoc
436 2910 581 2965 enim
608 2909 810 2963 bonum
840 2912 949 2969 est,
981 2901 1247 2957 videntem
1274 2899 1475 2954 videre.
1502 2896 1636 2953 Nam
1663 2896 1751 2967 qui
1776 2910 1871 2950 eo-

277 3003 402 3058 lunt
429 3000 594 3056 falsos
619 2997 785 3063 deos,
816 2994 969 3049 facile
994 2993 1115 3047 illos
1146 2990 1330 3045 vident
1362 3006 1375 3043 :
1406 2986 1502 3043 sed
1530 3001 1623 3042 eos
1649 2986 1869 3052 vident,

277 3093 373 3167 qui
398 3091 587 3148 oculos
606 3088 808 3143 habent
836 3093 889 3140 et
914 3098 1023 3138 non
1041 3081 1244 3137 vident.
1267 3078 1431 3134 Nobis
1451 3085 1627 3132 autem
1648 3075 1872 3146 promit-

277 3188 411 3243 titur
438 3183 575 3239 visio
606 3181 700 3237 Dei
724 3178 950 3234 viventis
976 3185 1031 3231 et
1057 3173 1313 3237 videntis,
1345 3180 1402 3225 ut
1430 3170 1574 3224 illum
1605 3168 1772 3223 Deum
1794 3167 1877 3220 vi-

281 3279 413 3335 dere
459 3274 939 3345 concupiscamus,
985 3269 1050 3325 de
1095 3281 1200 3338 quo
1244 3264 1371 3320 dicit
1409 3263 1680 3333 Scriptura
1722 3279 1735 3314 :
1778 3259 1877 3326 Qui

282 3370 535 3445 plantavit
561 3383 754 3431 aurem,
776 3380 940 3419 nonne
964 3359 1176 3415 audiet?
1198 3358 1283 3428 qui
1299 3356 1445 3427 ﬁnxit
1466 3355 1687 3418 oculum,
1712 3367 1878 3406 nonne

284 3444 613 3518 considerat?
636 3457 754 3513 Non
784 3470 910 3526 ergo
932 3452 1097 3516 audit,
1121 3450 1210 3521 qui
1234 3449 1324 3504 tibi
1347 3446 1472 3503 fecit
1491 3445 1632 3501 unde
1655 3444 1877 3500 audias?

282 3564 343 3612 et
380 3568 491 3610 non
530 3550 715 3617 videt,
758 3548 845 3619 qui
873 3546 1071 3602 creavit
1099 3543 1236 3598 unde
1262 3540 1487 3596 videas?
1513 3538 1655 3595 Bene
1685 3539 1736 3592 in
1763 3538 1878 3607 ipso

284 3649 502 3705 Psalmo
534 3642 879 3716 prmloquitur
902 3647 956 3695 ct
979 3640 1105 3694 dicit
1127 3680 1141 3703 ,
1176 3635 1450 3706 Intelligite
1468 3649 1584 3704 ergo
1603 3674 1617 3699 ,
1645 3631 1730 3702 qui
1756 3630 1880 3684 insi-

280 3743 480 3813 pientes
506 3738 623 3793 estis
659 3738 711 3790 in
735 3734 923 3806 populo
946 3748 964 3798 ;
985 3740 1030 3786 et
1053 3730 1213 3796 stulti,
1236 3727 1508 3798 aliquando
1530 3725 1688 3796 sapite
1708 3722 1877 3795 (Psal.

281 3849 421 3889 xcnt
441 3874 457 3898 ,
484 3831 519 3887 9
540 3871 555 3895 ,
583 3828 661 3902 8).
696 3827 845 3883 Multi
874 3826 1015 3882 enim
1041 3831 1323 3896 propterea
1353 3820 1489 3874 mala
1517 3818 1732 3884 faciunt,
1754 3816 1880 3871 dum

279 3931 477 3996 putant
502 3920 643 3993 quod
672 3935 776 3974 non
807 3917 1088 3974 videantur
1113 3930 1144 3971 a
1170 3914 1301 3969 Deo.
1324 3912 1392 3967 Et
1418 3909 1635 3966 difficile
1655 3916 1738 3965 est
1758 3910 1880 3979 qui-

282 4014 411 4069 dem
458 4021 517 4067 ut
559 4026 682 4067 eum
729 4008 949 4063 credant
986 4006 1165 4061 videre
1210 4019 1314 4058 non
1344 4016 1500 4073 posse
1530 4018 1542 4053 :
1576 3999 1667 4055 sed
1697 4005 1882 4069 putant

284 4105 456 4160 nolle.
488 4100 650 4158 Pauci
682 4101 1019 4156 inveniuntur
1043 4103 1202 4151 tanta:
1229 4092 1514 4164 impietatis
1532 4133 1547 4158 ,
1574 4099 1633 4145 ut
1660 4090 1881 4161 implea-

285 4205 377 4250 tur
415 4195 471 4249 in
509 4196 589 4249 eis
626 4191 771 4263 quod
812 4190 1063 4256 scriptum
1106 4193 1221 4254 est,
1262 4184 1403 4240 Dixit
1441 4182 1622 4238 stultus
1654 4182 1707 4236 in
1734 4181 1884 4235 corde

282 4303 382 4343 suo
403 4330 419 4353 ,
468 4285 585 4340 Non
627 4294 701 4338 est
743 4281 880 4336 Deus
907 4278 1081 4353 (Psal.
1114 4292 1245 4343 xm,
1276 4274 1354 4349 1).
1384 4274 1591 4329 Insania
1620 4272 1717 4327 ista
1748 4286 1882 4342 pau-

286 4396 479 4436 corum
523 4387 625 4434 est.
656 4376 804 4432 Sicut
828 4374 971 4430 enim
999 4384 1188 4441 magna
1214 4368 1384 4439 pietas
1402 4409 1417 4432 ,
1449 4379 1737 4437 paucorum
1764 4370 1879 4429 est;

290 4474 364 4527 ita
397 4481 454 4526 et
473 4485 664 4541 magna
687 4467 950 4537 impietas,
972 4462 1318 4520 nihilominus
1337 4473 1623 4531 paucorum
1646 4465 1746 4512 est.
1769 4456 1882 4513 Hoc

288 4574 476 4619 autem
517 4561 657 4633 quod
701 4560 820 4615 dico
841 4600 855 4624 ,
899 4558 1049 4613 turba
1079 4555 1206 4612 dicit
1238 4572 1252 4608 :
1282 4553 1422 4609 Ecce
1453 4550 1612 4607 modo
1638 4550 1760 4606 inde
1788 4564 1882 4606 co-

288 4660 422 4729 gitat
455 4657 626 4720 Deus,
659 4662 719 4709 ut
743 4653 875 4707 sciat
899 4649 1026 4721 quid
1055 4648 1189 4705 facio
1214 4645 1268 4701 in
1292 4646 1450 4701 domo
1474 4659 1623 4710 mea,
1654 4651 1708 4697 et
1734 4651 1884 4697 curat

289 4752 437 4806 Deus
477 4747 605 4819 quid
649 4746 806 4801 velim
847 4757 1005 4814 agere
1047 4743 1100 4796 in
1143 4741 1279 4795 lecto
1321 4738 1482 4794 meo?
1518 4736 1646 4804 Quis
1669 4733 1883 4791 dicit‘?

291 4841 572 4913 Intelligite
593 4880 607 4905 ,
635 4838 717 4910 qui
744 4837 1036 4908 insipientes
1056 4834 1172 4889 estis
1197 4834 1251 4887 in
1278 4829 1465 4902 populo
1488 4847 1505 4896 ;
1531 4839 1578 4884 et
1602 4829 1760 4895 stulti,
1782 4827 1883 4883 ali-

291 4935 495 5006 quando
518 4933 699 5002 sapite.
720 4929 798 4986 Tu
826 4930 988 4984 homo
1007 4943 1125 4983 cum
1150 4926 1244 4991 sis,
1267 4925 1389 4996 quia
1412 4924 1623 4979 laboras
1643 4922 1685 4977 si
1707 4922 1884 4977 omnia

290 5027 487 5082 domus
518 5039 623 5081 tum
650 5023 865 5079 noveris
894 5033 948 5078 et
974 5020 1276 5092 pertineant
1303 5017 1370 5072 ad
1401 5025 1454 5073 te
1481 5016 1660 5071 omnia
1682 5013 1844 5071 verba
1864 5057 1881 5083 ,

294 5119 477 5174 omnia
508 5116 645 5172 facta
674 5130 951 5170 servorum
982 5121 1191 5167 tuorum
1215 5150 1231 5178 ,
1258 5117 1411 5182 putas
1437 5117 1491 5163 et
1519 5108 1687 5163 Deum
1714 5108 1791 5164 sic
1810 5106 1886 5162 la-

295 5210 495 5264 borare
524 5216 583 5261 ut
609 5204 846 5261 attendat
868 5204 934 5260 ad
961 5211 1012 5259 te
1030 5246 1046 5271 ,
1077 5203 1165 5273 qui
1197 5217 1300 5258 non
1322 5200 1581 5257 laboravit
1601 5207 1657 5255 ut
1681 5207 1888 5255 crearet

295 5301 391 5356 te?
420 5298 644 5355 Oculum
675 5298 725 5352 in
750 5305 801 5353 te
827 5311 933 5350 non
962 5292 1189 5349 intendit
1214 5307 1365 5348 suum
1386 5333 1402 5360 ,
1432 5293 1520 5363 qui
1548 5290 1673 5347 fecit
1699 5291 1888 5346 tuum?

293 5394 414 5448 Non
458 5407 579 5447 eras
604 5433 617 5455 ,
656 5399 710 5446 et
732 5389 932 5446 creavit
958 5396 1012 5444 te
1040 5395 1099 5443 ut
1121 5400 1269 5443 esses
1299 5403 1312 5441 :
1339 5400 1445 5441 non
1473 5393 1528 5441 te
1556 5392 1738 5449 curat,
1766 5398 1887 5440 cum

289 5485 404 5554 jam
451 5484 563 5550 sis,
600 5482 691 5553 qui
731 5490 889 5537 vocat
924 5495 985 5535 ea
1026 5495 1146 5550 quae
1184 5493 1290 5534 non
1329 5486 1481 5545 sunt,
1514 5484 1758 5546 tanquam
1784 5476 1888 5531 sint

298 5577 482 5647 (llam.
528 5591 613 5639 ιν,
654 5573 789 5638 l7)?
826 5573 942 5628 Non
986 5588 1113 5644 ergo
1148 5571 1243 5627 tibi
1266 5571 1370 5626 hoc
1393 5570 1688 5640 promittas.
1713 5567 1886 5635 Velis,

299 5668 442 5722 nolis
467 5709 483 5731 ,
511 5664 655 5719 videt
686 5672 773 5729 te;
803 5672 857 5720 et
883 5664 950 5719 ab
972 5664 1089 5735 ejus
1115 5663 1284 5720 oculis
1311 5677 1417 5717 non
1440 5668 1524 5718 est
1547 5661 1635 5718 ubi
1660 5661 1887 5717 abscon-

298 5759 398 5816 das
442 5766 515 5813 te.
548 5756 603 5811 Si
636 5758 775 5812 enim
803 5755 1108 5811 ascenderis
1133 5756 1191 5812 in
1217 5756 1411 5815 coelum
1433 5797 1448 5822 ,
1478 5754 1551 5809 ibi
1577 5762 1694 5822 est;
1723 5753 1769 5810 si
1796 5753 1890 5811 de-

367 5874 386 5904 ¹
413 5872 710 5922 Possatensis
723 5877 829 5931 tls.,
853 5868 975 5932 Quid
998 5868 1123 5922 dicis
1144 5868 1170 5922 Ρ

1685 376 1914 436 SERMO
1940 375 2105 435 LXX.

1964 495 2237 554 scenderis
2260 498 2314 555 in
2338 498 2599 558 infernum
2620 544 2635 571 ,
2662 504 2815 562 adest
2839 504 3010 579 (Psal.
3034 522 3278 567 cxxxvm
3295 553 3312 580 ,
3334 509 3414 583 8).
3435 511 3541 571 La-

1962 588 2121 648 boras
2141 632 2157 659 ,
2199 593 2385 651 nolens
2421 595 2670 652 recedere
2693 613 2722 652 a
2752 599 2902 655 factis
2930 600 3083 657 malis
3101 643 3115 668 ,
3145 610 3198 658 et
3220 603 3406 659 volens
3430 618 3541 661 non

1962 683 2128 740 videri
2157 700 2187 740 a
2210 685 2338 742 Deo.
2364 686 2582 758 Magnus
2602 690 2767 746 labor.
2790 691 2989 749 Facere
3006 693 3087 749 vis
3112 694 3253 750 mala
3272 697 3504 766 quotidie
3520 741 3537 764 ,

1961 778 2251 850 suspicaris
2279 789 2329 837 te
2352 796 2460 838 non
2484 783 2696 839 videri?
2720 785 2858 840 Audi
2881 786 3204 857 Seripturam
3232 789 3496 848 dicentem
3521 834 3538 859 ,

1967 869 2065 938 Qui
2091 873 2335 943 plantavit
2362 889 2536 929 aurem
2554 916 2569 940 ,
2596 891 2761 930 nonne
2783 877 2998 933 audiat?
3023 878 3108 949 qui
3134 880 3282 948 ﬁnxit
3305 882 3503 936 oculum
3520 922 3538 950 ,

1962 976 2128 1016 nonne
2168 964 2495 1020 considerat?
2536 964 2635 1022 Ubi
2674 966 2815 1023 mala
2854 966 2989 1024 facta
3032 976 3119 1024 tua
3157 970 3438 1028 abscondis
3475 975 3544 1029 ab

1962 1054 2132 1117 oculis
2174 1056 2311 1112 Dei?
2353 1056 2410 1113 Si
2454 1073 2559 1114 non
2604 1058 2721 1115 vis‘
2761 1060 3013 1117 recedere
3040 1062 3107 1118 ab
3129 1062 3286 1133 ipsis,
3318 1065 3542 1122 multum

1962 1144 2191 1203 laboras.

2033 1237 2257 1298 CAPUT
2282 1239 2497 1297 [IL—4.
2525 1241 2787 1298 Peccatori
2811 1243 3106 1317 fugiendum
3121 1246 3189 1300 ad
3204 1244 3384 1302 Deum.
3403 1246 3542 1303 Audi

1962 1334 2248 1403 dicentem,
2282 1335 2449 1392 Venite
2474 1338 2541 1391 ad
2567 1354 2663 1405 me,
2683 1354 2853 1393 omnes
2875 1340 2962 1410 qui
2989 1338 3246 1396 laboratis.
3276 1341 3391 1397 Non
3421 1342 3545 1399 finis

1964 1426 2201 1483 laborem
2243 1427 2508 1499 fugiendo.
2549 1429 2632 1485 Ab
2676 1430 2768 1485 illo
2786 1432 2807 1461 ¹
2831 1429 2983 1503 eligis
3011 1429 3226 1502 fugere,
3256 1447 3361 1487 non
3385 1432 3452 1488 ad
3482 1434 3546 1489 il-

1964 1516 2119 1573 lum?
2163 1517 2343 1574 Inveni
2381 1534 2522 1590 quo,
2569 1529 2623 1575 et
2664 1519 2801 1592 fuge.
2845 1519 2902 1578 Si
2927 1530 3102 1577 autem
3129 1531 3409 1593 propterea
3437 1540 3544 1580 non

1963 1617 2116 1679 potes
2140 1609 2208 1664 ab
2230 1610 2321 1665 illo
2341 1609 2521 1681 fugere
2536 1652 2549 1677 ,
2576 1612 2694 1682 quia
2719 1612 2912 1683 ubique
2930 1628 3165 1684 praesens
3185 1622 3263 1671 est
3289 1630 3303 1679 ;
3332 1614 3399 1670 de
3418 1629 3545 1686 pro-

1964 1704 2107 1758 ximo
2129 1706 2248 1775 fuge
2277 1703 2341 1759 ad
2370 1704 2534 1760 Deum
2552 1747 2568 1771 ,
2597 1708 2684 1776 qui
2708 1722 2941 1778 praesens
2966 1716 3082 1772 est,
3112 1707 3197 1762 ubi
3220 1717 3349 1763 stas.
3376 1708 3543 1778 Fuge.

1965 1794 2104 1851 Ecce
2142 1794 2389 1867 fugiendo
2426 1798 2700 1854 excessisti
2742 1798 2937 1866 caelos,
2979 1799 3051 1855 ibi
3077 1807 3158 1855 est
3185 1816 3198 1853 :
3225 1799 3549 1856 descendisti

1966 1883 2032 1939 ad
2064 1884 2260 1941 inferos
2278 1928 2293 1953 ,
2320 1886 2394 1943 ibi
2422 1896 2505 1944 est
2529 1906 2542 1941 :
2569 1904 2928 1961 quascumque
2950 1897 3210 1947 terrarum
3237 1892 3546 1951 solitudines

1966 1976 2220 2047 elegeris,
2268 1976 2340 2031 ibi
2384 1986 2468 2034 est
2506 1980 2594 2049 qui
2642 1980 2804 2046 dixit,
2843 1980 3035 2036 Caelum
3062 1989 3109 2037 et
3137 1990 3320 2037 terram
3344 1999 3433 2055 ego
3453 1984 3549 2037 im-

1971 2068 2086 2138 pleo
2112 2067 2324 2142 (Jerem.
2355 2088 2524 2139 χχιιι,
2552 2072 2666 2146 24).
2696 2074 2835 2145 Ergo
2857 2074 2903 2129 si
2927 2075 3117 2132 caelum
3143 2083 3199 2131 et
3221 2084 3414 2132 terram
3434 2078 3550 2149 ipse

1968 2159 2190 2231 implet,
2222 2169 2277 2217 et
2303 2176 2410 2233 quo
2440 2162 2618 2234 fugere
2645 2164 2711 2220 ab
2740 2165 2829 2219 illo
2853 2180 2958 2221 non
2983 2174 3066 2222 est
3089 2184 3103 2233 ;
3128 2166 3236 2223 noli
3264 2167 3504 2224 laborare
3531 2185 3545 2226 :

1968 2251 2091 2322 fuge
2127 2252 2193 2308 ad
2231 2264 2545 2324 praisentem
2571 2298 2585 2321 ,
2616 2272 2683 2312 ne
2710 2258 2907 2313 sentias
2931 2258 3250 2314 venientem.
3282 2259 3550 2317 Praesume

1971 2350 2022 2397 te
2060 2345 2294 2401 visurum
2336 2346 2473 2403 bene
2509 2347 2765 2415 vivendo,
2810 2364 2840 2404 a
2866 2364 2972 2420 quo
3006 2349 3199 2405 videris
3225 2359 3279 2407 et
3303 2352 3439 2409 male
3467 2353 3549 2407 vi-

1969 2434 2165 2489 vendo.
2212 2435 2348 2491 Male
2386 2437 2527 2493 enim
2566 2439 2791 2494 vivendo
2827 2439 2992 2497 videri
3020 2448 3173 2512 potes
3196 2482 3211 2511 ,
3237 2442 3419 2500 videre
3443 2458 3551 2500 non

1971 2536 2123 2596 potes
2173 2545 2187 2582 :
2229 2527 2366 2584 bene
2414 2540 2589 2585 autem
2634 2531 2860 2587 vivendo
2905 2542 2960 2588 et
3005 2533 3239 2602 videris,
3288 2544 3341 2591 et
3382 2536 3547 2591 vides.

1971 2617 2180 2686 Quanto
2200 2619 2342 2675 enim
2365 2630 2414 2677 te
2435 2621 2741 2677 familiarius
2760 2622 2958 2679 videbit
2975 2627 3062 2695 qui
3078 2633 3297 2681 coronat
3311 2627 3548 2699 dignum,

1972 2712 2058 2782 qui
2092 2713 2510 2769 misericorditer
2535 2715 2664 2770 vidit
2691 2723 2748 2770 ut
2769 2724 2983 2773 vocaret
3007 2716 3325 2790 indignum?
3352 2719 3551 2774 Natha-

1972 2804 2091 2858 nael
2130 2804 2205 2859 ait
2242 2804 2501 2873 Domino,
2542 2820 2695 2877 quem
2739 2807 2969 2863 nondum
3007 2808 3205 2864 sciebat
3245 2826 3260 2864 :
3303 2809 3449 2865 Unde
3475 2827 3555 2866 me

1974 2895 2147 2949 nosti?
2175 2895 2263 2950 Ait
2287 2896 2337 2951 ei
2364 2896 2623 2953 Dominus
2649 2915 2662 2951 :
2689 2896 2816 2952 Cum
2845 2915 2976 2953 esses
2997 2899 3090 2954 sub
3108 2898 3286 2954 arbore
3303 2900 3391 2970 ﬁci
3410 2940 3429 2969 ,
3450 2901 3555 2956 uidi

1973 2992 2023 3040 te
2048 2985 2221 3058 (Joan.
2244 3003 2261 3041 ι
2284 3028 2301 3054 ,
2331 2986 2443 3061 48).
2474 2987 2631 3045 Videt
2659 2996 2710 3044 te
2736 2988 2978 3045 Christus
3002 2990 3056 3044 in
3077 2989 3261 3045 umbra
3294 2999 3380 3045 tua
3405 3009 3419 3046 :
3446 3006 3552 3047 non

1974 3085 2029 3133 te
2064 3078 2260 3134 videbit
2298 3079 2351 3134 in
2394 3079 2512 3136 luce
2537 3081 2670 3135 sua?
2695 3079 2829 3147 Quid
2856 3089 2939 3136 est
2961 3082 3133 3145 enim,
3160 3080 3287 3137 Cum
3309 3099 3439 3138 esses
3463 3084 3555 3138 sub

1974 3173 2153 3227 arbore
2188 3173 2274 3241 ﬁci
2290 3214 2305 3239 ,
2349 3173 2449 3227 vidi
2490 3173 2577 3228 te?
2610 3173 2743 3240 Quid
2770 3173 2869 3227 sibi
2899 3173 3000 3228 hoc
3028 3174 3181 3228 vult?
3205 3173 3330 3244 quid
3353 3174 3555 3246 signifi-

1975 3265 2105 3319 cat?
2159 3263 2459 3321 Recordare
2512 3265 2768 3336 originale
2818 3274 3092 3336 peccatum
3142 3265 3307 3334 Adae,
3354 3266 3406 3321 in
3448 3281 3556 3339 quo

1977 3370 2164 3414 omnes
2207 3359 2483 3415 morimur.
2524 3360 2744 3428 Quando
2782 3362 2955 3432 primo
2991 3362 3267 3433 peccavit,
3306 3362 3374 3419 de
3415 3362 3557 3419 foliis

1978 3447 2222 3505 ficulneis
2260 3451 2609 3506 succinctoria
2652 3452 2750 3508 sibi
2782 3451 2906 3508 fecit
2934 3452 3086 3522 (Gen.
3119 3469 3172 3508 ιιι
3193 3496 3208 3520 ,
3239 3452 3326 3524 7),
3358 3454 3559 3525 signiﬁ-

1978 3555 2108 3597 cans
2150 3542 2204 3598 in
2245 3543 2348 3597 illis
2390 3542 2527 3598 foliis
2565 3544 2824 3613 pruritum
2868 3544 3124 3610 libidinis,
3159 3560 3265 3616 quo
3289 3546 3557 3616 peccando

1980 3637 2243 3706 pervenit.
2274 3635 2402 3692 Inde
2430 3637 2697 3691 nascimur
2715 3679 2729 3698 .
2762 3637 2839 3691 sic
2858 3638 3155 3705 nascimur,
3179 3639 3232 3693 in
3251 3653 3411 3695 carne
3431 3654 3557 3710 pec-

1979 3726 2085 3782 cati
2112 3727 2381 3781 nascimur
2398 3768 2413 3793 ,
2436 3741 2594 3798 quam
2616 3728 2725 3782 sola
2752 3735 2903 3783 sanat
2925 3727 3214 3783 similitudo
3238 3730 3413 3784 carnis
3436 3745 3559 3800 pee-

1981 3816 2105 3872 cati.
2148 3815 2274 3871 ldeo
2316 3817 2460 3871 misit
2502 3818 2642 3873 Deus
2679 3816 2843 3872 ﬁlium
2888 3833 3041 3874 suum
3081 3818 3133 3873 in
3159 3819 3556 3875 similitudinem

1982 3910 2161 3966 carnis
2201 3910 2404 3982 peccati
2434 3907 2608 3984 (Rom.
2636 3925 2749 3976 vm,
2775 3910 2854 3972 5).
2873 3908 2999 3966 Inde
3027 3910 3199 3979 venit,
3231 3910 3323 3966 sed
3350 3912 3426 3968 sic
3450 3926 3558 3967 non

1982 4003 2146 4059 venit.
2185 4000 2302 4058 Non
2345 4002 2486 4057 enim
2519 4016 2641 4057 eum
2671 4001 2819 4073 virgo
2840 4001 3093 4070 libidine,
3120 4001 3215 4058 sed
3241 4002 3344 4057 fide
3369 4017 3562 4059 conce-

1983 4096 2079 4167 pit.
2104 4094 2261 4151 Venit
2290 4095 2341 4149 in
2372 4094 2657 4166 virginem,
2688 4094 2777 4165 qui
2802 4101 3060 4150 eratante
3086 4094 3364 4165 virginem.
3391 4094 3560 4164 Quam

1983 4187 2184 4244 creavit
2220 4186 2409 4258 elegit,
2448 4202 2604 4258 quam
2644 4186 2863 4255 eligeret
2897 4186 3113 4241 creavit.
3152 4187 3334 4241 Attulit
3373 4188 3561 4259 virgini

1984 4278 2381 4346 fecunditatem,
2409 4293 2514 4333 non
2537 4277 2757 4333 abstulit
2778 4278 3153 4349 integritatem.
3177 4277 3276 4347 Qui
3298 4295 3425 4350 ergo
3446 4280 3562 4336 sine

1983 4371 2188 4443 pruritu
2214 4370 2463 4425 foliorum
2493 4369 2624 4423 ﬁcus
2646 4369 2789 4424 venit
2814 4370 2880 4425 ad
2907 4378 2959 4424 te
2982 4410 2995 4434 ,
3027 4384 3145 4424 cum
3172 4385 3320 4425 esses
3347 4371 3446 4425 sub
3472 4386 3563 4425 ar-

1982 4461 2114 4519 bore
2157 4461 2272 4529 fici,
2313 4460 2445 4516 vidit
2482 4468 2554 4516 te.
2590 4460 2723 4515 Para
2753 4468 2806 4515 te
2832 4459 3014 4517 videre
3042 4461 3367 4530 sublimiter,
3398 4477 3429 4517 a
3457 4477 3563 4532 quo

1984 4555 2135 4610 visus
2171 4569 2231 4610 es
2268 4550 2699 4608 misericorditer.
2740 4551 2845 4607 Sed
2880 4551 3001 4623 quia
3026 4567 3274 4624 maguum
3300 4553 3559 4622 fastigium

1987 4655 2102 4711 est,
2130 4646 2199 4701 de
2218 4644 2563 4700 fundamento
2584 4644 2775 4715 cogita.
2799 4643 2935 4711 Quo,
2963 4644 3155 4715 inquis,
3186 4644 3564 4700 fundamento?

1986 4737 2141 4794 Disce
2182 4736 2250 4793 ab
2291 4735 2416 4803 illo,
2460 4735 2709 4806 quoniam
2740 4734 2883 4789 mitis
2928 4743 3029 4801 est,
3060 4745 3114 4791 et
3139 4735 3353 4789 humilis
3378 4733 3559 4789 corde.

1985 4829 2099 4889 Hoc
2127 4831 2183 4886 in
2204 4838 2257 4885 te
2282 4828 2393 4885 fodi
2418 4827 2819 4883 fundamentum
2845 4827 3155 4883 humilitatis
3171 4868 3186 4895 ,
3210 4835 3264 4882 et
3286 4826 3565 4896 pervenies

1985 4923 2055 4980 ad
2094 4921 2355 4994 fastigium
2398 4919 2687 4976 charitatis.
2728 4917 2984 4973 Conversi
3025 4918 3091 4972 ad
3120 4917 3428 4983 Dominum,
3456 4926 3561 4973 etc.

2514 5008 2740 5066 SERMO
2766 5007 2910 5064 Lxx
2936 5011 2950 5033 ι
2973 5007 3071 5081 (α).

1987 5104 2212 5161 Rursum
2248 5104 2313 5158 de
2347 5100 2505 5157 verbis
2537 5094 2796 5170 Evangelii
2826 5096 3081 5163 Hattluei,
3114 5113 3164 5151 χι
3184 5137 3199 5162 ,
3226 5096 3394 5152 28-50
3416 5137 3432 5163 ,
3461 5096 3568 5153 Ve-

2060 5199 2170 5255 nite
2193 5196 2259 5252 ad
2287 5210 2373 5251 me
2391 5237 2406 5261 ,
2432 5209 2619 5249 omnes
2648 5192 2738 5262 qui
2760 5189 3010 5246 laboratis
3034 5197 3090 5245 et
3112 5188 3317 5245 onerati
3339 5190 3488 5257 estis,
3512 5198 3568 5245 et

2060 5304 2160 5361 ego
2183 5287 2417 5344 reficiam
2445 5299 2543 5340 vos
2560 5327 2575 5353 ,
2604 5293 2698 5338 etc.
2731 5279 2827 5355 (b).

2059 5382 2286 5440 CAPUT
2310 5378 2665 5438 PRIMUM.-—
2680 5379 2707 5433 1
2720 5418 2733 5432 .
2748 5376 2940 5447 Iugum
2953 5372 3140 5431 Christi
3164 5376 3218 5430 in
3236 5377 3448 5447 speciem
3473 5376 3569 5431 du-

2059 5498 2073 5529 ί
2096 5497 2169 5546 Sic
2188 5502 2295 5545 Mss.
2322 5499 2378 5543 At
2398 5492 2515 5543 editi
2537 5491 2846 5549 afﬁrmanter,
2869 5485 2918 5538 si
2936 5484 3036 5549 vis;
3060 5488 3254 5549 omisso,
3272 5502 3383 5539 non.

2056 5560 2077 5590 ³
2100 5557 2166 5606 Ali
2202 5563 2287 5606 uot
2307 5563 2435 5613 Mss.,
2460 5562 2560 5603 Non
2574 5558 2643 5603 est
2659 5548 2769 5616 ﬁnis
2792 5547 3148 5612 laborare’(vel,
3167 5547 3364 5613 laboris)
3387 5550 3571 5617 fugien-

1994 5619 2058 5671 do
2078 5618 2139 5669 ab
2280 5616 2445 5671 Elidis.
2473 5622 2566 5665 etc.

2244 5655 2255 5666 .
2280 5627 2445 5677 Eltgts,
2473 5627 2566 5677 etc.

2078 5630 2139 5669 ao
2156 5630 2255 5669 uta.
2280 5630 2445 5681 Eligis,
2473 5630 2566 5665 etc.

2059 5682 2072 5700 ‘
2101 5681 2443 5731 Recensuimus
2464 5675 2523 5726 ad
2545 5673 2736 5725 codices
2754 5681 2863 5725 Mss.
2890 5680 2943 5725 et
2970 5672 3083 5724 Edd.
3109 5686 3251 5738 supra
3274 5675 3321 5723 in
3344 5687 3573 5728 sermone

1992 5744 2053 5795 67
2076 5744 2376 5795 designatos.

2078 5806 2130 5862 α)
2164 5800 2306 5862 Alias,
2323 5803 2389 5853 de
2406 5801 2576 5850 Verbis
2595 5800 2778 5850 Domini
2799 5800 2847 5851 9.

2082 5820 2109 5855 α
2164 5806 2306 5862 Alias,
2323 5806 2389 5853 de
2406 5806 2576 5850 Verbis
2595 5806 2778 5850 Domini
2799 5806 2847 5851 9.

2082 5806 2131 5930 b3
2162 5866 2338 5915 (matur
2361 5877 2390 5914 a
2410 5863 2543 5913 Floro
2574 5863 2634 5913 ad
2666 5867 2701 5911 tt
2720 5869 2823 5913 cor.
2848 5877 2912 5925 vr,
2935 5861 2981 5911 4.
3015 5860 3244 5923 Idemque
3268 5871 3447 5919 sermo,
3483 5870 3575 5913 seu
