3980 6460
498 438 606 510 με

1730 450 1789 510 S.
1827 450 2195 513 AUGUSTINI
2233 454 2535 519 EPISCOPI

3666 485 3775 550 444

494 576 634 675 Tn,
860 561 1177 675 (Inﬁnitum
1198 560 1430 675 videtur,
1465 561 1657 675 fratres
1692 565 1821 634 mei,
1838 580 1959 623 cum
1984 582 2083 674 au:
2192 575 2401 639 portuni
2429 584 2551 632 sunt
2577 585 2972 654 mercatores‘,
3004 595 3061 643 ut
3078 589 3287 651 divitias
3314 606 3562 659 ventosas
3584 605 3767 675 acqui-

496 653 652 713 diunt
689 655 976 714 Dominum
1013 655 1279 715 dicentem
1299 700 1317 728 ,
1364 655 1535 714 Venite
1562 658 1631 712 ad
1655 674 1737 713 me
1757 698 1772 724 ,
1801 674 1971 714 omnes
1993 659 2080 731 qui

498 747 740 805 laboratis
762 757 810 804 et
832 750 1029 806 onerati
1055 750 1173 806 estis
1188 792 1203 817 ,
1233 759 1284 805 et
1301 766 1392 823 ego
1419 750 1643 822 reﬁciam
1661 765 1765 805 vos.
1794 748 1978 807 Tollite
1985 752 2079 821 ju-

494 856 618 911 gum
655 857 821 896 meum
857 858 1011 914 super
1044 858 1160 909 vos,
1206 851 1253 898 et
1285 843 1461 899 discite
1493 859 1524 897 a
1555 859 1636 899 me
1665 844 1903 915 quoniam
1942 844 2078 899 mitis

494 947 607 987 sum
653 943 700 988 ct
743 933 949 989 humilis
986 934 1137 990 corde
1154 976 1169 1003 ,
1210 943 1257 990 et
1283 935 1541 991 invenietis
1566 937 1783 1007 requiem
1811 936 2076 992 animabus

488 1025 684 1081 vestris.
709 1024 904 1099 Iugum
927 1026 1061 1083 enim
1088 1043 1253 1083 meum
1280 1028 1391 1084 lene
1417 1037 1509 1095 est,
1536 1037 1584 1082 et
1606 1030 1805 1084 sarcina
1824 1045 1934 1083 mea
1956 1028 2075 1084 levis

489 1127 562 1173 est
605 1134 626 1173 :
666 1131 721 1176 et
762 1120 1105 1179 considerant
1144 1137 1238 1179 eos
1271 1124 1363 1195 qui
1392 1124 1576 1196 iugum
1612 1125 1785 1195 ipsum
1810 1122 2073 1195 intrepida

486 1215 695 1271 cervice
737 1215 1014 1272 subierunt
1053 1225 1108 1273 et
1145 1217 1289 1272 illam
1329 1220 1592 1275 sarcinam
1632 1218 2071 1275 mansuetissimis

487 1303 723 1362 humeris
748 1316 1087 1379 acceperunt,
1116 1309 1275 1364 tantis
1300 1309 1485 1379 agitari
1507 1318 1561 1365 et
1584 1310 1821 1366 exerceri
1844 1308 2071 1365 difﬁcul-

484 1398 680 1455 tatibus
706 1399 865 1472 huius
893 1400 1108 1470 saeculi,
1140 1410 1198 1455 ut
1226 1415 1331 1456 non
1360 1416 1390 1456 a
1410 1401 1678 1458 laboribus
1706 1401 1772 1457 ad
1798 1399 2029 1473 quietem
2048 1443 2066 1471 ,

485 1492 577 1548 sed
599 1509 628 1549 a
648 1494 824 1565 quiete
848 1492 916 1549 ad
930 1492 1171 1549 laborem
1193 1494 1366 1549 vocati
1389 1494 1697 1560 videantur;
1720 1508 1841 1550 cum
1859 1503 1911 1552 et
1929 1497 2069 1566 Apo-

484 1585 652 1641 stolus
692 1585 869 1654 dicat,
914 1584 1101 1642 Omnes
1138 1586 1224 1657 qui
1256 1587 1426 1641 volunt
1459 1587 1511 1642 in
1543 1586 1741 1643 Christo
1765 1588 1848 1658 pie
1872 1587 2065 1655 vivere,

484 1681 874 1750 persecutionem
912 1682 1161 1753 patientur
1192 1678 1260 1753 (ll
1291 1680 1422 1736 Tim.
1451 1697 1536 1748 nt,
1566 1681 1675 1756 12).
1706 1682 1794 1737 Ait
1817 1696 1945 1753 ergo
1966 1683 2066 1738 ali-

481 1773 601 1843 quis
630 1792 646 1829 :
671 1773 950 1841 Quomodo
965 1774 1148 1846 jugum
1171 1775 1291 1831 lene
1310 1783 1412 1839 est,
1435 1782 1489 1829 et
1508 1775 1711 1829 sarcina
1731 1774 1882 1840 levis,
1900 1789 2070 1845 quan-1

480 1863 765 1935 doquidem
786 1865 915 1920 illud
933 1867 1114 1938 jugum
1131 1875 1185 1922 et
1203 1867 1465 1923 sarcinam
1483 1865 1636 1930 ferre,
1658 1864 1790 1920 nihil
1805 1865 2060 1933 estaliud,

478 1972 639 2028 quam
676 1958 764 2029 pie
804 1958 982 2015 vivere
1031 1959 1084 2013 in
1127 1956 1383 2015 Christo?
1422 1958 1494 2013 Et
1533 1956 1801 2029 quomodo
1834 1956 2060 2026 dicitur,

488 2048 662 2107 Venite
697 2051 767 2106 ad
804 2069 915 2120 me,
949 2069 1126 2124 omnes
1162 2053 1249 2127 qui
1276 2052 1515 2108 laboratis
1543 2061 1591 2106 et
1619 2051 1813 2106 onerati
1838 2052 1988 2131 estis,
2017 2059 2064 2109 et

477 2163 568 2219 ego
608 2148 832 2218 reﬁciant
870 2164 955 2203 vos
991 2163 1011 2202 :
1042 2162 1105 2203 ac
1135 2160 1238 2202 non
1268 2147 1446 2218 potius
1472 2146 1693 2211 dicitur,
1723 2144 1943 2214 Venite,
1970 2144 2063 2218 qui

475 2242 675 2297 vacatis
696 2284 711 2309 ,
752 2251 812 2298 ut
846 2241 1140 2297 laboretis?
1163 2239 1296 2296 Nam
1323 2248 1377 2295 et
1398 2248 1649 2295 vacantes
1675 2239 1901 2304 invenit,
1928 2253 2062 2310 quos

476 2335 730 2394 conduxit
770 2338 824 2391 in
868 2335 1103 2400 vineam,
1145 2342 1203 2389 ut
1244 2331 1446 2389 ferrent
1482 2341 1669 2389 aestum
1705 2331 1810 2388 diei
1840 2330 2058 2405 (Matth.

475 2445 565 2497 xx,
590 2427 732 2503 5-7).
755 2427 826 2485 Ει
851 2428 950 2485 sub
978 2427 1066 2483 illo
1084 2429 1214 2501 jugo
1239 2427 1342 2482 leni
1371 2435 1425 2481 et
1446 2426 1654 2483 sarcina
1675 2424 2059 2493 l,evi,audimus

478 2524 796 2597 Apostolum
824 2525 1027 2580 dicere:
1049 2522 1111 2578 In
1139 2522 1373 2579 omnibus
1401 2523 1803 2579 commendantes
1827 2531 2052 2577 nosmet.

471 2617 638 2689 ipsos,
690 2625 929 2689 tanquam
977 2616 1073 2673 Dei
1110 2618 1399 2684 ministros,
1446 2617 1500 2670 in
1536 2616 1695 2671 multa
1721 2617 1971 2687 patiente,
2004 2616 2058 2671 in

471 2711 876 2777 tribulationibus
896 2754 913 2777 ,
935 2712 989 2767 in
1008 2711 1381 2771 necessitatibus
1399 2752 1412 2777 ,
1434 2711 1487 2764 in
1509 2709 1755 2781 angustiis
1774 2748 1790 2776 ,
1821 2709 1873 2763 in
1893 2708 2057 2780 plagis

470 2804 641 2877 etc.,(
658 2804 701 2871 ll
726 2804 850 2861 Cor.
880 2821 932 2860 Vt
959 2845 972 2869 ,
1005 2805 1080 2877 4).
1111 2806 1179 2861 Et
1204 2805 1308 2861 alio
1331 2804 1449 2860 loco
1477 2804 1530 2859 in
1559 2804 1746 2861 eadem
1770 2803 2009 2873 Epistula
2037 2821 2052 2857 :

468 2899 515 2961 Α
558 2897 755 2957 Ιιιάωὲε
790 2899 1052 2971 quinquies
1089 2900 1472 2971 quadragenas.
1510 2914 1613 2953 una
1636 2898 1832 2963 minus,
1861 2897 2052 2965 accepi.

470 2986 570 3051 Ter
595 2989 748 3061 virgis
778 3005 934 3049 emus
956 3004 1105 3056 sum,
1133 2990 1286 3045 semel
1307 2988 1563 3059 lapidatus
1583 3004 1695 3043 sum
1712 3031 1726 3053 ,
1753 2996 1828 3043 ter
1847 2987 2058 3056 naufra-

465 3082 606 3153 gium
616 3082 741 3155 feci,
759 3091 902 3138 nocte
925 3091 971 3139 et
998 3082 1081 3139 die
1098 3083 1152 3137 in
1173 3082 1428 3154 profundo
1448 3083 1603 3141 maris
1626 3081 1702 3152 fui
1731 3079 1840 3150 (Id.
1863 3097 1937 3147 x1,
1959 3081 2052 3149 24,

465 3173 560 3248 25)
598 3192 616 3229 :
658 3182 713 3232 et
756 3182 953 3231 caetera
991 3172 1225 3249 pericula
1252 3189 1371 3245 qua:
1396 3166 1663 3231 uulnerari
1690 3173 1900 3243 quidem
1928 3188 2054 3243 pos-

465 3274 622 3335 sunt,
668 3266 765 3327 sed
805 3266 1055 3333 tolerari,
1096 3265 1200 3325 nisi
1241 3264 1439 3335 Spiritu
1464 3272 1648 3327 sancto
1662 3264 1916 3335 iuvante,
1940 3281 2054 3325 non

465 3366 705 3428 possunt.

530 3445 761 3513 CAPUT
774 3445 998 3504 .ll.—2.
1027 3446 1174 3509 Unde
1199 3447 1308 3503 lene
1332 3448 1394 3518 ﬁt
1416 3448 1600 3518 jugunt
1632 3446 1836 3503 Christi.
1863 3447 2052 3507 Omnia

463 3555 594 3613 ergo
631 3541 725 3605 illa
771 3557 891 3615 qua:
932 3539 1370 3601 commemoravit
1405 3554 1591 3610 aspera
1622 3548 1675 3595 et
1700 3539 1914 3610 gravia,
1941 3539 2051 3596 fre-

463 3634 714 3707 quamius
735 3642 790 3701 ct
812 3633 1169 3699 abundantius
1193 3632 1488 3691 sustinebat
1511 3650 1524 3688 :
1549 3632 1644 3687 sed
1662 3632 1907 3704 profecto
1927 3632 2053 3689 ade-

460 3733 546 3791 rat
570 3724 620 3787 ei
645 3724 873 3797 Spiritus
901 3733 1115 3789 sanctus
1133 3764 1151 3791 ,
1178 3724 1266 3794 qui
1298 3724 1349 3777 in
1371 3722 1652 3787 exterioris
1677 3721 1906 3778 hominis
1927 3737 2050 3777 cor-

462 3815 743 3889 ruptione,
772 3816 1077 3879 interiorem
1107 3825 1393 3873 renovaret
1415 3814 1483 3877 de
1512 3814 1599 3870 die
1629 3814 1681 3869 in
1702 3813 2053 3885 diem,etgu-

463 3916 601 3967 stata
630 3907 814 3978 requie
838 3907 1096 3978 spirituali
1127 3907 1181 3965 in
1207 3906 1476 3967 affluentia
1502 3905 1811 3963 deliciarum
1842 3905 1968 3971 Dei,
1998 3905 2051 3959 in

462 4013 561 4073 spc
614 3996 956 4061 beatitudinis
1010 3998 1197 4057 fultum
1248 3998 1424 4063 nuntia
1472 3996 1759 4068 praesentia
1807 3994 2054 4059 deﬁniret

460 4102 650 4160 aspera
670 4129 686 4153 ,
722 4096 785 4151 et
819 4084 998 4155 nuntia
1016 4090 1202 4159 gravia
1230 4088 1514 4142 relevarct.
1544 4087 1681 4151 Ecce
1703 4100 1861 4157 quam
1891 4100 2052 4140 suave

456 4178 642 4252 jugqu
668 4178 869 4239 Christi
898 4179 1174 4249 portabat,
1201 4187 1255 4233 et
1281 4193 1438 4248 quam
1465 4179 1633 4232 levem
1660 4176 1923 4237 sarcinam
1958 4196 1970 4231 :
1997 4184 2055 4246 ut

463 4271 643 4327 omnia
670 4270 761 4325 illa
784 4311 801 4337 ,
826 4284 952 4342 quae
975 4270 1219 4339 superius
1241 4277 1549 4336 enumerata
1571 4267 1701 4323 dura
1726 4276 1781 4323 et
1802 4266 2053 4323 immania

462 4362 640 4420 omnis
656 4360 869 4429 auditor
888 4359 1182 4425 horrescit,
1207 4359 1377 4429 levem
1402 4358 1793 4427 tribulationem
1819 4358 2048 4427 diceret;

461 4458 676 4522 intuens
704 4454 1043 4519 interioribus
1071 4462 1126 4510 et
1150 4452 1393 4513 fidelibus
1412 4452 1588 4509 oculis
1606 4495 1627 4519 ,
1648 4461 1855 4525 quanto
1870 4454 2053 4523 pretio

463 4549 835 4623 temporalium
861 4545 1086 4611 emenda
1116 4546 1376 4605 sitfutura
1397 4545 1505 4601 vita
1523 4587 1539 4615 ,
1566 4545 1801 4617 nonpati
1822 4555 2053 4621 aeternos

463 4642 679 4701 labores
721 4640 1035 4712 impiorum,
1084 4646 1138 4694 et
1160 4638 1275 4693 sine
1314 4637 1420 4695 ulla
1455 4637 1811 4696 sollicitudine
1850 4638 2050 4707 perfrui

464 4712 666 4803 interna
704 4732 955 4793 felicitate
983 4730 1275 4802 juswrum.
1314 4726 1494 4785 Secari
1535 4736 1589 4785 et
1614 4729 1695 4783 uri
1718 4744 1780 4784 se
1808 4728 2053 4786 homines

462 4826 740 4899 patiuntur
762 4865 777 4891 ,
802 4830 868 4889 ut
891 4821 1105 4881 dolores
1126 4835 1231 4877 non
1255 4820 1473 4889 aeterni,
1496 4819 1594 4879 sed
1636 4819 1907 4892 aliquanto
1931 4818 2053 4873 diu-

461 4915 717 4979 turnioris
756 4913 949 4975 ulceris
969 4953 983 4980 ,
1028 4912 1294 4967 acriorum
1321 4909 1562 4966 dolorum
1591 4909 1764 4981 pretio
1778 4908 2055 4981 rediman-

464 5018 571 5064 tur.
596 5006 653 5063 ln
680 5006 927 5078 languida
948 5013 1002 5062 et
1021 5005 1224 5065 incocta
1244 5002 1535 5059 vacationis
1554 5001 1880 5057 brevissima:
1897 5011 2055 5072 atque

463 5104 650 5169 ultima
662 5104 812 5163 «ita1
832 5145 848 5170 ,
871 5100 1272 5167 immanissimis
1288 5100 1447 5158 bellis
1464 5099 1619 5157 miles
1637 5096 1903 5167 atteritur;
1918 5098 2016 5171 plu
2030 5130 2051 5143 ο

465 5195 615 5255 ribus
646 5194 880 5257 Iactasse
921 5193 1077 5257 annis
1102 5193 1159 5251 in
1186 5189 1457 5251 laboribus
1484 5188 1751 5263 inquietus
1773 5231 1787 5256 ,
1816 5204 1972 5259 quam
2000 5188 2056 5244 in

465 5288 579 5342 otio
621 5287 919 5358 quieturus.
966 5285 1167 5355 Quibus
1214 5283 1616 5355 tempestatibus
1661 5290 1719 5338 et
1760 5282 2054 5354 procellis,

466 5393 627 5449 quam
654 5378 899 5439 horribili
920 5387 981 5436 et
1005 5376 1278 5446 tremenda
1308 5374 1510 5432 saevitia
1534 5374 1658 5433 cmli
1686 5383 1741 5433 et
1762 5374 1929 5439 maris
1958 5374 2056 5435 im-

467 5549 788 5664 quroxime
800 5549 1068 5617 antecedit,
1083 5554 1278 5605 notant
1293 5559 1325 5603 a
1338 5546 1548 5599 Possidio
1562 5547 1614 5597 in
1630 5544 1859 5609 Indiculo,
1876 5559 1982 5611 cap.
2007 5547 2056 5610 8,

533 5677 549 5707 ⁸
1094 5679 1175 5742 _Er_.
1192 5670 1756 5742 ettovqredimanttqﬁin
1769 5669 1998 5742 ltmguida
2012 5677 2059 5742 et

470 5734 657 5798 incerta
698 5732 954 5787 vacationis
978 5733 1268 5798 brevissima:
1283 5732 1422 5798 atque
1444 5732 1736 5798 ultimarita2
1767 5732 2058 5798 Innitanissi-

475 5797 585 5861 mis,
619 5805 719 5867 _et.c_.
744 5798 891 5867 l_.ugd_.
918 5803 972 5847 et
982 5805 1121 5867 veru,
1149 5794 1521 5867 redimanturjn
1537 5795 1767 5867 languida
1788 5803 1835 5867 et
1873 5794 2061 5867 incerta

474 5858 735 5914 vacationis
746 5858 1063 5915 bréaisssww
1070 5865 1212 5923 atque
1225 5858 1404 5913 ultima?
1419 5858 1543 5911 εὔιε.
1566 5858 1940 5923 (nimammirrtis,
1959 5866 2053 5908 etc.

482 5929 586 5978 --ltt
607 5930 655 5976 Β.
672 5922 855 5989 legitur
876 5923 934 5974 ad
958 5920 1225 5986 marginem
1248 5929 1440 5985 «Forte,
1460 5931 1551 5973 Pro
1574 5920 1819 5986 languida,
1835 5936 1858 5967 ι
1883 5930 1973 5972 etc.
1998 5928 2053 5972 at.

2185 672 2334 731 rant,
2358 669 2646 766 majoribus
2669 688 2825 745 quam
2846 678 3035 748 quibus
3055 685 3325 755 acquisita:
3349 699 3489 759 sunt,
3515 669 3766 766 periculis

2186 763 2240 810 et
2282 762 2682 859 tempestatibus
2725 767 2944 836 plenas?
2986 771 3129 841 Quos
3163 786 3352 849 aestus,
3381 762 3764 859 qum'frigora,

2183 860 2303 945 qua:
2328 852 2560 919 pericula
2581 856 2648 911 ab
2667 860 2835 930 equis,
2860 862 3062 921 afossis
3080 907 3095 933 ,
3117 883 3147 923 a
3168 852 3499 945 prtecipitiis,
3525 895 3558 935 a
3584 852 3765 939 fluuii;

2180 942 2371 1039 nibus,
2414 961 2450 1039 _a
2491 947 2618 1009 feris
2658 953 2931 1025 perferunt
2963 965 3282 1020 venatores?
3322 942 3481 1039 quem
3524 972 3767 1030 laborem

2181 1035 2449 1126 esuriendi
2474 1048 2528 1095 et
2548 1040 2761 1101 siticndi
2779 1086 2795 1113 ,
2825 1058 3049 1119 quantas
3075 1054 3311 1113 vilissimi
3337 1035 3392 1116 et
3412 1064 3765 1126 sordidissitni

2177 1125 2280 1222 cibi
2318 1136 2372 1184 et
2409 1140 2563 1200 potus
2590 1139 2858 1207 angustias
2875 1183 2889 1208 ,
2918 1152 2976 1199 ut
3001 1144 3220 1204 bestiam
3247 1153 3495 1222 capiant?
3521 1169 3574 1214 et
3598 1125 3767 1216 inter;

2177 1215 2305 1315 dum
2327 1236 2426 1276 nec
2446 1223 2611 1293 ipsius
2633 1225 2817 1285 bestia:
2836 1247 3041 1302 carnes,
3066 1249 3284 1310 propter
3300 1215 3459 1315 quam
3481 1246 3595 1305 ham
3619 1215 3764 1310 tanta

2178 1312 2471 1380 sustinent,
2515 1327 2639 1373 sunt
2676 1321 2847 1391 epulis
2884 1330 3197 1386 necessaria:
3221 1334 3264 1387 ¹.
3306 1312 3617 1409 Quanquam
3661 1343 3765 1400 etsi

2175 1412 2307 1467 aper
2341 1417 2635 1478 cervusque
2675 1414 2950 1484 capiatur,
2992 1419 3159 1492 magis
3200 1437 3362 1480 suave
3406 1429 3475 1483 sit
3518 1434 3764 1490 venantis

2176 1493 2356 1548 animo
2390 1497 2512 1567 quia
2543 1510 2728 1595 captus
2758 1514 2841 1560 est
2860 1548 2874 1573 ,
2899 1523 3058 1578 quam
3082 1516 3411 1574 comedentis
3435 1521 3610 1591 palato
3636 1528 3765 1595 quia

2172 1592 2355 1678 coctus
2393 1597 2491 1642 est.
2534 1588 2758 1656 Quantis
2795 1597 3115 1656 cruciatibus
3144 1619 3309 1675 prope
3330 1588 3766 1678 quotidianarum

2171 1674 2444 1774 plagarum
2491 1690 2670 1774 tenera
2710 1702 2994 1757 puerorum
3038 1704 3170 1752 astas
3207 1674 3496 1758 subditur?
3535 1704 3768 1774 Quantis

2172 1768 2331 1825 etiam
2374 1772 2428 1828 in
2466 1773 2664 1833 scholis
2703 1781 2995 1852 vigiliarum
3038 1796 3091 1843 et
3130 1791 3462 1852 abstinentiae
3499 1768 3767 1858 molestiis

2169 1873 2515 1933 exercentur,
2560 1886 2668 1925 non
2710 1884 2926 1945 propter
2952 1878 3258 1939 discendam
3288 1887 3631 1959 sapientiam,
3661 1893 3765 1949 sed

2168 1965 2388 2053 propter
2426 1976 2554 2031 opes
2595 1963 2933 2039 honoresque
2969 1974 3250 2045 vanitatis,
3290 1988 3345 2034 ut
3385 1997 3673 2053 numeros,
3701 1994 3765 2043 et

2169 2047 2372 2106 litteras
2392 2095 2406 2117 ,
2438 2064 2492 2109 et
2519 2055 2743 2117 disertas
2766 2059 3002 2120 fallacias
3026 2067 3203 2141 eloqui
3225 2071 3470 2130 discant?

2237 2140 2463 2239 CAPUT
2502 2147 2589 2203 ill.
2630 2182 2701 2192 —
2738 2153 2791 2209 3.
2840 2156 3023 2213 Amore
3063 2140 3195 2217 dura
3229 2182 3437 2239 qumque
3467 2170 3761 2228 mitescunt.

2169 2235 2275 2293 Sed
2324 2240 2376 2295 in
2442 2242 2525 2297 his
2581 2246 2830 2303 omnibus
2891 2251 2979 2322 qui
3020 2252 3134 2309 haec
3173 2235 3280 2313 non
3317 2235 3531 2330 amant,
3563 2264 3759 2322 eadem

2163 2330 2344 2426 gravia
2393 2334 2663 2426 patiuntur
2702 2354 2715 2390 :
2755 2340 2847 2411 qui
2888 2358 3011 2398 vero
3036 2358 3250 2417 amant,
3281 2350 3468 2408 eadem
3492 2355 3716 2426 quidem
3738 2399 3760 2426 ,

2167 2420 2261 2476 sed
2287 2438 2392 2477 non
2418 2425 2597 2495 gravia
2621 2429 2726 2498 pati
2750 2431 3012 2489 videntur.
3039 2435 3230 2494 Omnia
3251 2441 3393 2497 enim
3413 2420 3558 2501 saeva
3578 2457 3633 2503 et
3652 2420 3763 2505 im;

2166 2515 2342 2569 mania
2369 2557 2382 2580 ,
2428 2533 2649 2589 prorsus
2688 2521 2861 2580 facilia
2901 2535 2956 2582 et
2994 2544 3159 2599 prope
3193 2534 3337 2589 nulla
3375 2537 3540 2593 efficit
3568 2554 3759 2596 amor.

2162 2605 2373 2674 Quanto
2397 2624 2524 2681 ergo
2548 2613 2746 2669 certius
2772 2631 2835 2671 ac
2858 2616 3059 2675 facilius
3080 2622 3145 2677 ad
3166 2640 3346 2681 veram
3369 2627 3762 2690 beatitudinem

2161 2699 2394 2757 charitas
2439 2703 2597 2773 facit,
2647 2709 2788 2777 quod
2823 2710 2891 2765 ad
2930 2713 3233 2785 miseriam,
3261 2730 3514 2790 quantum
3536 2725 3765 2795 potuit,

2161 2793 2420 2887 cupiditas
2446 2795 2561 2852 fecit
2586 2798 2609 2851 ?
2636 2798 2805 2868 Quam
2828 2802 2982 2861 facile
3007 2806 3260 2865 toleratur
3284 2793 3763 2887 quallibetadvcr;

2160 2882 2289 2939 sitas
2323 2889 2663 2959 temporalis,
2706 2901 2766 2947 ut
2804 2902 3004 2951 aeterna
3030 2913 3189 2968 poena
3215 2882 3439 2970 vitetur,
3469 2914 3524 2960 et
3548 2917 3763 2966 {eterna

2160 2977 2376 3047 requies
2402 2984 2779 3050 comparetur?
2803 2985 2915 3040 Non
2948 2988 3213 3045 immerito
3238 2992 3328 3048 ille
3355 3010 3445 3049 vas
3470 2996 3767 3063 electionis

2161 3083 2281 3126 cum
2307 3071 2509 3143 ingenti
2533 3075 2711 3139 laetitia
2734 3079 2869 3135 dixit
2898 3100 2909 3133 :
2940 3081 3061 3138 Non
3080 3095 3197 3141 sunt
3213 3086 3478 3159 condigna:
3486 3093 3766 3163 passiones

2160 3164 2314 3255 hujus
2354 3170 2591 3238 temporis
2609 3211 2623 3236 ,
2666 3172 2737 3235 qd
2757 3186 3173 3244 superventuram
3200 3181 3415 3251 gloriam
3432 3225 3448 3248 ,
3476 3202 3589 3255 quin
3614 3202 3765 3245 revo-

2159 3254 2345 3311 lalu'tur
2367 3259 2420 3313 in
2446 3260 2586 3317 nobis
2611 3261 2790 3332 (Rom.
2813 3283 2930 3333 vm,
2962 3269 3070 3341 18).
3098 3271 3236 3328 Ecce
3255 3274 3394 3330 unde
3418 3254 3543 3333 illud
3554 3278 3759 3349 jugum

2090 3368 2103 3383 ι
2159 3362 2320 3404 suave
2358 3361 2470 3416 est,
2513 3362 2568 3407 ct
2598 3356 2804 3415 sarcina
2839 3359 2990 3421 levis.
3035 3362 3102 3417 Et
3131 3365 3176 3421 si
3208 3376 3429 3435 angusta
3459 3379 3540 3425 est
3558 3372 3760 3440 paucis

2157 3441 2474 3512 eligentilms
2495 3486 2508 3511 ,
2542 3446 2713 3503 facilis
2741 3459 2914 3507 tamen
2943 3456 3192 3517 omnibus
3219 3457 3582 3530 diligentibus.
3611 3463 3762 3523 Dicit

2160 3532 2439 3601 Psaltnista
2468 3556 2478 3589 :
2508 3536 2730 3609 Pmpter
2755 3545 2900 3597 verba
2928 3546 3174 3602 [abierunt
3203 3558 3404 3609 tuorum
3422 3593 3437 3618 ,
3469 3569 3562 3624 ego
3581 3567 3763 3611 custo-

2158 3625 2260 3677 diri
2295 3627 2398 3679 vias
2432 3628 2587 3683 duras
2615 3630 2787 3700 (Psal.
2819 3650 2908 3689 xvi
2929 3678 2942 3700 ,
2973 3637 3053 3707 4).
3085 3637 3189 3694 Sed
3218 3656 3336 3710 quae
3360 3642 3491 3697 dura
3521 3655 3651 3699 sunt
3679 3646 3761 3701 la-

2158 3714 2507 3787 borantibus,
2552 3721 2752 3777 eisdem
2792 3724 2920 3793 ipsis
2962 3728 3245 3783 mitescunt
3269 3733 3589 3789 amantibus.
3618 3735 3762 3793 Pro-

2156 3815 2276 3877 pter
2304 3807 2444 3878 quod
2465 3810 2535 3864 ita
2561 3810 2752 3866 divina:
2780 3814 2988 3883 pietatis
3009 3818 3407 3889 dispensatione
3424 3833 3603 3880 actum
3629 3838 3720 3882 est
3737 3870 3757 3895 ,

2158 3905 2216 3952 ut
2236 3898 2457 3959 interior
2478 3900 2636 3957 homo
2656 3945 2670 3969 ,
2696 3906 2782 3974 qui
2807 3918 3091 3975 renovatur
3110 3910 3175 3966 de
3197 3911 3283 3967 die
3302 3912 3354 3968 in
3376 3914 3515 3971 diem
3540 3915 3605 3989 (ll
3626 3916 3760 3973 Cor.

2157 4003 2248 4060 tv,
2290 3988 2414 4060 16),
2453 4007 2557 4046 non
2595 3994 2769 4050 adhuc
2802 3997 2900 4053 sub
2932 3998 3073 4069 Lege
3104 4001 3349 4071 positus,
3387 4004 3481 4059 sed
3512 3988 3626 4076 jam
3651 4009 3766 4063 sub

2158 4081 2325 4150 gratia
2369 4097 2687 4141 exoneratus
2728 4088 2950 4145 sarcinis
2994 4091 3456 4152 innumerabilium
3491 4098 3768 4155 observa-

2160 4172 2363 4228 tionum
2387 4216 2402 4241 ,
2430 4176 2569 4247 quod
2592 4189 2706 4233 erat
2726 4196 2910 4237 revera
2926 4198 3091 4253 grave
3104 4184 3312 4257 jugum,
3339 4188 3434 4243 sed
3458 4187 3607 4245 dura:
3633 4208 3768 4249 cer-

2148 4265 2261 4323 -vici
2286 4270 2665 4327 convenienter
2690 4272 3015 4343 impositum,
3040 4278 3296 4337 facilitate
3317 4282 3575 4352 simplicis
3598 4284 3763 4354 fidei,

2157 4369 2212 4418 et
2253 4362 2409 4421 bona:
2448 4368 2599 4437 spei,
2644 4376 2698 4422 et
2726 4378 2925 4433 sancta:
2958 4371 3267 4441 charitatis,
3293 4377 3546 4449 quidquid
3575 4381 3770 4437 mole-

2156 4453 2378 4511 stiarum
2401 4456 2647 4513 exteriori
2671 4459 2873 4519 homini
2898 4461 3470 4524 forinsecusiutulisset
3488 4468 3579 4525 ille
3602 4472 3771 4540 prin-

2160 4558 2287 4615 ceps
2314 4548 2401 4616 qui
2424 4548 2617 4604 missus
2642 4551 2885 4609 cstforas
2909 4594 2925 4621 ,
2954 4555 3188 4612 interiori
3211 4558 3407 4629 gaudio
3431 4560 3547 4617 leve
3566 4560 3766 4625 ﬁeret.

2157 4638 2301 4703 Nihil
2339 4640 2479 4695 enim
2518 4652 2620 4697 tam
2650 4643 2805 4715 facile
2834 4656 2917 4703 est
2941 4648 3095 4705 bona:
3119 4651 3373 4709 voluntati
3398 4694 3413 4719 ,
3444 4669 3605 4726 quam
3630 4658 3769 4728 ipsa

2155 4728 2260 4785 sibi
2304 4748 2317 4783 :
2354 4739 2408 4785 et
2442 4730 2554 4785 haec
2592 4734 2789 4791 sufficit
2822 4737 2951 4794 Deo.
2983 4739 3383 4806 Quantumlibet
3405 4758 3531 4816 ergo
3557 4748 3773 4805 saeviat

2159 4818 2263 4885 iste
2289 4822 2517 4878 mundus
2540 4866 2555 4890 ,
2586 4826 2863 4884 verissime
2892 4830 3078 4901 Angeli
3108 4844 3234 4887 nato
3261 4835 3313 4889 in
3336 4850 3495 4892 carne
3518 4837 3773 4899 Domino

2160 4912 2519 4979 clamaverunt
2542 4956 2556 4983 ,
2600 4915 2777 4972 Gloria
2813 4921 2867 4973 in
2905 4920 3113 4976 excelsis
3152 4922 3294 4992 ﬂeo,
3331 4937 3376 4978 et
3404 4927 3456 4981 in
3484 4938 3621 4981 terra
3652 4948 3777 5001 pax

2161 5007 2442 5062 hominibus
2471 5008 2613 5063 bonae
2644 5011 2912 5079 voluntatis
2929 5012 3077 5085 (Luc.
3111 5031 3168 5081 ll,
3202 5017 3289 5088 14)
3324 5035 3337 5071 :
3365 5019 3487 5089 quia
3512 5018 3637 5090 ejus
3665 5024 3776 5094 qui

2160 5109 2318 5165 natus
2356 5109 2491 5170 crat,
2506 5116 2676 5158 suave
2708 5101 2893 5177 iugum
2916 5115 3030 5173 est,
3056 5116 3109 5161 et
3132 5107 3340 5163 sarcina
3364 5109 3513 5165 levis.
3547 5110 3615 5165 Et
3641 5114 3776 5170 sic-

2160 5202 2219 5255 ut
2264 5194 2391 5249 dicit
2420 5195 2740 5267 Apostolus,
2766 5196 2959 5253 Fidelis
2989 5198 3123 5255 Deus
3144 5202 3230 5272 qui
3255 5219 3345 5257 nos
3373 5219 3474 5257 non
3494 5203 3614 5256 sinit
3642 5215 3779 5260 ten-

2156 5288 2259 5342 tari
2286 5305 2441 5359 supra
2466 5288 2520 5343 id
2545 5289 2680 5359 quod
2705 5306 2970 5361 possumus
2998 5296 3168 5363 ferre;
3189 5294 3278 5349 sed
3297 5296 3417 5365 facit
3441 5311 3553 5349 cum
3575 5305 3778 5352 tenta—

2162 5378 2296 5433 tione
2318 5380 2468 5441 etiam
2487 5381 2694 5447 exitum,
2726 5391 2781 5435 ut
2810 5384 3058 5453 possimus
3084 5386 3328 5440 sustinere
3346 5385 3387 5454 (Ι
3410 5383 3525 5441 Cor.
3553 5402 3611 5451 χ,
3634 5389 3778 5460 13).

2226 5517 2337 5585 {sic
2358 5523 2456 5565 Am.
2478 5522 2568 5585 ltr._
2580 5524 2634 5567 et
2654 5524 2758 5567 uss.
2786 5522 2993 5585 nitor},
3220 5525 3327 5569 sunt
3348 5521 3674 5585 Mentorea.

2225 5580 2254 5649 ﬁ
2270 5586 2319 5628 tu
2340 5578 2588 5651 pratugd.
2609 5586 2747 5639 γεω,
2771 5584 2822 5629 ut
3063 5578 3272 5651 cogitant,
3295 5587 3341 5651 et
3378 5579 3623 5651 merdas]:
3671 5595 3785 5636 nec

2161 5640 2313 5714 ipsius
2335 5639 2492 5713 bestia:
2508 5638 2700 5700 Zamas,
2719 5638 2913 5706 propter
2926 5654 3071 5709 quam
3093 5638 3196 5693 lucc
3219 5638 3351 5694 tanta
3365 5640 3613 5703 sustinent,
3638 5656 3787 5709 θρυ-

2158 5702 2224 5754 lis
2240 5715 2550 5755 mocssanas.
2617 5708 2677 5752 Ι.
