4032 6332
298 467 406 526 με

817 599 1020 658 Sermo
1055 596 1223 655 LXXI
1249 599 1268 621 θ
1293 593 1394 668 (a).

303 737 382 796 De
405 736 568 791 verbis
593 733 858 806 Evangelii
880 731 1107 785 Mattluzi
1122 771 1137 796 ,
1160 732 1276 800 cap;
1306 743 1413 794 xu,
1439 725 1516 783 '52
1533 769 1548 795 ,
1577 725 1676 794 Qui
1701 722 1895 780 dixerit

373 828 598 883 verbum
624 831 810 882 contra
851 823 1112 894 Spiritum
1139 830 1378 875 sanctum
1404 861 1418 886 ,
1443 833 1550 873 non
1593 815 1896 872 remittetur

371 921 424 975 ci
443 960 460 987 ,
479 933 658 990 neque
682 919 738 972 in
756 917 864 971 hoc
901 915 1125 980 saeculo,
1153 927 1331 983 neque
1366 909 1424 966 in
1452 908 1648 966 futuro.
1689 907 1807 965 Sive
1835 905 1898 961 de

374 1008 693 1082 blasphemia
711 1009 764 1061 in
794 1006 1044 1077 Spiritum
1069 1013 1297 1060 sanctum
1319 1001 1415 1075 (b).

379 1167 611 1228 CAPUT
635 1165 919 1224 PRIHUII.
945 1194 1018 1208 -—
1039 1169 1064 1218 1
1079 1202 1092 1217 .
1134 1162 1339 1218 Prwvia
1359 1160 1640 1217 observatio
1665 1158 1735 1210 ad
1753 1170 1897 1226 quat-

301 1263 526 1318 stianant
581 1258 922 1318 tractandam.
986 1254 1234 1310 Pharium
1283 1253 1346 1308 ds
1397 1269 1552 1323 regno
1590 1250 1777 1305 diaboli
1819 1265 1899 1304 rev

299 1353 487 1410 cadere
544 1367 608 1408 ea
659 1351 766 1406 suis
819 1349 1051 1420 ipsorum
1087 1346 1250 1404 verbis
1303 1344 1659 1400 admonentur.
1709 1341 1893 1412 illng

301 1445 536 1516 quatit)
557 1450 648 1500 est
675 1442 744 1498 de
769 1440 972 1498 recenti
990 1437 1296 1508 evangelica
1325 1436 1552 1491 lectione
1593 1434 1860 1504 proposita
1879 1475 1896 1500 ,

303 1535 726 1599 euisalvendae.
753 1541 1010 1604 quantum
1050 1531 1118 1586 ad
1163 1545 1260 1585 nos
1287 1529 1510 1594 attinet,
1542 1528 1774 1597 impares
1811 1542 1903 1581 su-

301 1647 432 1688 ειυς
457 1627 927 1692 :sedettfficientis
949 1634 1133 1683 annva
1145 1641 1217 1682 ex
1243 1625 1353 1680 Deo
1377 1633 1458 1679 est
1473 1666 1489 1688 ,
1507 1631 1762 1694 quantum
1786 1622 1901 1692 ejus

303 1723 632 1794 adiutorium
656 1721 742 1777 vel
765 1720 1010 1790 accipere
1052 1718 1137 1774 vel
1180 1731 1374 1787 capere
1414 1731 1717 1786 possumus.
1749 1715 1901 1769 Prius

311 1832 450 1886 stt-go
471 1813 887 1885 magnitudinem
905 1811 1171 1868 advertite
1191 1809 1530 1880 quaestionis;
1554 1817 1614 1863 ut
1638 1823 1758 1862 cum
1786 1808 1902 1877 ejus

307 1909 514 1965 molem
559 1906 801 1964 humeris
831 1905 1032 1964 nostris
1075 1903 1378 1973 impositam
1429 1900 1667 1956 videritis
1691 1943 1704 1967 ,
1740 1901 1904 1956 oretis

313 2015 414 2070 pro
464 2000 737 2056 laboribus
776 1997 1006 2062 nostris,
1037 2007 1195 2067 atque
1237 1997 1288 2051 in
1329 1996 1525 2050 auxilio
1567 1995 1707 2066 quod
1752 1995 1905 2050 nobis

311 2091 580 2161 [trahetur
600 2092 642 2157 ι,
671 2090 953 2146 iussistis
972 2089 1375 2145 mditicationcrn
1397 2087 1666 2143 mentibus
1687 2088 1901 2142 vestris.

305 2183 454 2239 Cm
478 2183 703 2240 Domino
732 2182 920 2238 fuisset
941 2183 1154 2237 oblatus
1173 2180 1501 2234 daemonium
1525 2179 1732 2234 habens
1749 2218 1764 2244 ,
1793 2194 1904 2234 cte-

306 2290 408 2331 cus
433 2284 489 2330 et
525 2284 708 2330 mutus
728 2317 743 2342 ,
781 2283 842 2329 et
867 2280 1112 2330 curasset
1150 2288 1273 2327 eum
1310 2272 1385 2326 ita
1412 2280 1468 2326 ut
1509 2271 1816 2341 loqueretur
1849 2279 1907 2326 et

309 2369 555 2433 videret,
581 2378 636 2423 ct
672 2376 948 2438 armarent
985 2381 1173 2424 omnes
1212 2365 1408 2430 turbae,
1431 2365 1706 2432 dicentes,
1742 2363 1907 2418 Num-

305 2462 440 2532 quid
467 2461 550 2515 hic
567 2470 648 2518 est
672 2460 810 2530 ﬁlias
831 2460 1035 2514 David?
1057 2457 1310 2513 Phariswi
1343 2457 1605 2512 audientes
1627 2457 1864 2511 dixerunt
1887 2472 1906 2510 :

313 2553 423 2610 lic
457 2571 562 2609 non
601 2554 738 2624 ejicit
773 2553 1033 2608 dictitantes
1053 2593 1067 2618 ,
1098 2553 1196 2606 nisi
1235 2553 1291 2604 in
1340 2549 1644 2616 Beelzebub,
1672 2551 1908 2621 principe

307 2646 707 2701 donatiuum.
749 2642 902 2697 Iesus
939 2652 1107 2696 autem
1151 2643 1315 2697 sciens
1342 2642 1670 2712 cogitationes
1698 2656 1870 2695 eorum
1889 2683 1904 2708 ,

312 2739 449 2793 diu?
467 2739 542 2792 eis
566 2753 586 2791 :
611 2736 775 2792 Om
797 2752 1006 2807 regnum
1031 2736 1247 2790 divisum
1269 2745 1445 2791 comm
1465 2753 1536 2798 se,
1561 2736 1907 2801 desolabitstr;

313 2841 363 2887 at
379 2832 548 2886 omnis
571 2830 745 2884 civitas
770 2830 846 2884 vel
875 2830 1056 2884 domus
1093 2829 1255 2883 divisa
1282 2839 1460 2886 contra
1487 2846 1540 2884 se
1559 2872 1573 2895 ,
1598 2846 1699 2883 rion
1737 2829 1904 2884 stabit.

312 2922 386 2978 Et
411 2924 462 2978 si
493 2933 703 2977 atauus
730 2930 962 2975 satoriam
999 2921 1136 2991 ejicit
1154 2963 1168 2988 ,
1197 2921 1462 2976 adnuerint
1487 2937 1544 2975 se
1577 2922 1765 2976 divisus
1793 2932 1865 2976 est
1889 2937 1909 2974 :

313 3017 566 3088 pomario
589 3032 707 3086 ago
735 3015 885 3070 stabit
911 3030 1124 3085 regnant
1153 3015 1267 3084 ejus
1283 3014 1309 3067 Ρ
1335 3013 1446 3069 Hoc
1469 3013 1652 3069 dicens
1671 3055 1686 3079 ,
1715 3029 1782 3068 ex
1825 3017 1907 3084 ip-

313 3121 500 3163 sarum
523 3106 868 3162 confessione
890 3105 1104 3160 volebat
1139 3105 1363 3175 intelligi
1391 3105 1532 3176 quod
1562 3106 1614 3160 in
1649 3120 1773 3160 eum
1797 3121 1908 3160 non

314 3197 622 3264 credendo,
657 3197 708 3252 in
753 3211 918 3267 regno
961 3195 1161 3251 diaboli
1211 3211 1330 3252 esse
1371 3196 1728 3267 delegissent,
1769 3198 1910 3267 quod

313 3291 501 3362 utique
525 3289 808 3346 advel-smn
833 3304 901 3346 se
925 3289 1154 3346 divisum
1174 3298 1318 3346 stare
1337 3305 1446 3345 non
1473 3299 1672 3361 posset.
1699 3291 1912 3362 Eligant

309 3395 447 3455 ergo
461 3382 716 3440 Pharisaei
741 3381 884 3454 quod
905 3382 1188 3438 voluerint.
1216 3381 1273 3438 Si
1301 3391 1514 3439 satanas
1533 3393 1774 3439 satanam
1801 3399 1911 3440 non

313 3476 739 3547 potestcjicere,
769 3474 901 3530 nihil
938 3483 1123 3531 contra
1155 3475 1435 3530 Dominum
1469 3476 1610 3547 quod
1638 3476 1905 3543 dicerent,

313 3567 560 3624 invenit-te
602 3567 999 3638 patueruntzsi
1049 3575 1228 3622 autem
1277 3574 1488 3636 potest,
1519 3567 1689 3622 multo
1741 3568 1911 3637 magis

312 3659 422 3716 sibi
453 3659 808 3730 traiciant,
836 3668 891 3714 et
918 3657 1172 3714 recedant
1193 3657 1262 3713 de
1285 3672 1452 3728 regno
1472 3658 1587 3728 ejus
1603 3699 1617 3724 ,
1641 3659 1789 3728 quod
1815 3657 1910 3713 ad-

315 3762 617 3818 versumne
637 3749 874 3804 divisum
903 3757 1048 3805 stare
1076 3764 1184 3806 non
1215 3757 1408 3818 potest.

387 3843 447 3897 2.
495 3841 700 3896 Diaboli
763 3843 938 3912 ejectio
1006 3858 1094 3911 per
1166 3841 1394 3895 virtutem
1439 3839 1646 3895 Christi.
1703 3842 1760 3896 In
1805 3855 1913 3912 quo

315 3943 500 3991 autem
521 3933 784 3990 Dominus
809 3932 1055 3988 Christus
1080 3931 1259 4002 eiiciat
1285 3930 1562 3987 daemones
1579 3973 1592 3996 ,
1626 3947 1693 3986 ne
1714 3931 1915 3988 daemo-

321 4029 534 4084 nicum
561 4027 860 4098 principem
893 4025 1228 4091 existimat,
1257 4024 1532 4080 attestdant
1564 4025 1704 4096 quod
1729 4027 1913 4097 sequi.

322 4130 428 4177 ωτ.
459 4120 532 4174 Et
569 4121 617 4175 si
655 4135 785 4190 ego,
814 4118 1012 4188 inquit,
1046 4118 1101 4170 in
1125 4116 1402 4170 Beelzebub
1446 4119 1592 4188 cjicio
1622 4117 1909 4186 dormanes,

321 4214 420 4282 ﬁlii
442 4213 592 4268 uestri
615 4212 669 4267 in
682 4227 785 4282 quo
810 4209 1057 4282 ejiciunt?
1085 4208 1212 4264 Ideo
1233 4208 1335 4278 ipsi
1348 4209 1553 4279 iudices
1571 4210 1722 4264 uestri
1745 4218 1910 4265 erant.

323 4304 470 4362 Dixit
495 4303 598 4360 hac
623 4303 809 4372 utique
829 4301 896 4357 de
911 4300 1191 4369 discipulis
1211 4300 1343 4365 suis,
1373 4298 1515 4353 illius
1536 4300 1716 4369 populi
1743 4300 1872 4355 [iliis
1895 4318 1911 4355 :

321 4398 415 4469 qui
443 4405 592 4452 certe
616 4393 872 4466 discipuli
913 4393 1123 4449 Domini
1151 4392 1331 4446 nostri
1371 4391 1498 4446 lesu
1535 4389 1735 4447 Christi
1779 4393 1916 4449 bene

325 4491 431 4548 sibi
459 4489 660 4546 conscii
683 4488 931 4554 fuscant,
963 4486 1096 4542 nihil
1119 4500 1180 4542 se
1204 4485 1466 4540 malarum
1502 4485 1694 4540 artium
1716 4500 1746 4540 a
1772 4486 1916 4542 bono

324 4586 584 4655 magiqu
607 4583 894 4649 didicisse,
923 4581 1057 4636 utin
1077 4580 1318 4651 principe
1344 4577 1729 4634 daemoniorum
1753 4580 1919 4649 ejice-

322 4685 449 4733 ταδί
471 4675 766 4732 damnes.
793 4672 921 4728 Meo
939 4713 955 4739 ,
986 4672 1182 4743 inquit,
1211 4671 1311 4741 ipsi
1329 4671 1530 4741 jndices
1565 4671 1712 4724 vestri
1749 4681 1914 4726 erant.

323 4768 476 4842 Ipsi,
506 4769 707 4839 inquit,
747 4767 844 4838 ipsi
900 4765 1148 4836 ignobilia
1190 4773 1245 4818 et
1290 4764 1708 4834 contemptibilis
1764 4765 1920 4836 hujus

324 4860 513 4917 mundi
529 4903 545 4927 ,
566 4861 621 4916 in
646 4859 837 4930 quibus
859 4873 968 4914 non
988 4855 1274 4912 artiﬁciosa
1299 4856 1603 4927 malignitas
1619 4899 1634 4924 ,
1664 4857 1756 4913 sed
1797 4872 1922 4913 san-

325 4963 412 5009 cta
436 4951 756 5022 simplicitas
776 4964 912 5005 etc
936 4949 1152 5004 virtutis
1177 4957 1433 5018 apparet,
1464 4948 1562 5019 ipsi
1590 4955 1758 5005 testes
1781 4951 1914 5017 mei,

321 5044 545 5118 iudices
569 5051 732 5100 erunt
752 5041 936 5097 vestri.
963 5040 1166 5096 Deinde
1189 5039 1461 5111 subiungit
1487 5056 1502 5094 :
1528 5040 1589 5096 Si
1624 5049 1792 5096 autem
1827 5058 1920 5114 ego

391 5260 413 5292 ι
438 5265 568 5309 Unus
585 5269 621 5308 e
639 5255 928 5307 colberttnis
941 5259 1073 5314 Mss,
1097 5253 1226 5317 quod
1248 5253 1380 5304 nobis
1402 5252 1640 5320 praebetis.

436 5343 784 5393 necemmnus
817 5339 881 5390 ad
901 5339 1094 5390 codices
1119 5343 1235 5388 Mss.
1257 5344 1309 5388 et
1321 5337 1436 5388 Edd.
1463 5351 1608 5401 supra
1625 5339 1676 5389 in
1693 5351 1922 5393 sermone

328 5405 393 5456 eo
414 5406 712 5468 designatos.

417 5490 469 5550 α)
502 5487 646 5548 Alias,
667 5487 734 5538 de
744 5486 920 5550 Verbis
940 5487 1125 5536 Domini
1148 5486 1224 5536 ll.

422 5547 470 5625 Ie)
503 5547 866 5625 acervalem!
891 5549 1168 5625 intremit
1189 5547 1560 5625 ιυρίςξιὶοε
1577 5549 1653 5625 ίοε
1679 5556 1730 5601 ει
1755 5551 1805 5625 in
1837 5557 1925 5625 εει·

331 5609 485 5679 mni,
505 5609 649 5662 sedse
661 5609 720 5662 ac
739 5611 860 5679 flori
875 5609 1181 5679 collectione,
1200 5612 1345 5679 variis
1361 5609 1926 5679 locis.___tf.jusdem_tracta-

332 5673 418 5728 iis;
459 5677 568 5739 ipse
606 5676 826 5726 manu
859 5675 1184 5739 Augustinus“
1201 5676 1252 5739 in
1289 5673 1555 5739 manus
1577 5687 1693 5739 cap.
1729 5677 1809 5736 ea,
1851 5677 1928 5727 his

333 5736 505 5790 verbis
527 5751 540 5787 :
571 5754 594 5782 ι
609 5742 678 5786 De
693 5749 787 5800 qua
801 5736 1071 5800 qumsiione
1093 5736 1286 5800 dimcili,
1303 5751 1326 5781 ι
1355 5736 1675 5800 irremissibili
1698 5738 1928 5791 videlicet

337 5807 540 5876 perstate
563 5800 613 5847 lu
885 5807 1100 5876 sapam
1115 5833 1129 5859 ,
1161 5798 1484 5876 ginquodam
1523 5807 1716 5876 propter
1739 5801 1830 5876 hoc
1851 5816 1928 5876 sg-

338 5860 793 5987 iitzimc‘qufaipm
815 5860 998 5926 libello,
1033 5860 1426 5915 enucleaussnne
1445 5860 1678 5924 quauuim
1699 5866 1832 5915 votui
1861 5865 1930 5914 di-

1713 450 1942 511 SERMO
1978 443 2170 506 LXXI.-

3482 442 3588 504 446

2006 568 2060 621 in
2107 566 2307 638 Spiritu
2333 566 2429 622 Dei
2477 567 2621 639 ejicio
2650 566 2936 635 clannones,
2963 566 3116 638 igitur
3162 564 3383 637 pervenit
3426 566 3478 620 in
3503 580 3590 622 vos

2003 676 2216 730 regnum
2235 658 2350 714 Dei.
2383 660 2518 729 Quid
2551 671 2630 714 est
2665 659 2801 714 hoc?
2832 659 2891 713 Si
2921 676 3011 730 ego
3034 703 3047 724 ,
3081 659 3282 730 inquit,
3313 661 3365 712 in
3394 658 3593 730 Spiritu

2001 751 2098 805 Dei
2124 753 2374 807 dcemones
2404 753 2551 824 cjicio
2573 794 2587 818 ,
2622 767 2721 808 nec
2761 752 2916 806 aliter
2959 759 3180 821 possunt
3218 760 3271 806 et
3306 751 3395 804 lilii
3431 750 3592 804 vestri

2004 847 2230 918 ejicere,
2263 847 2455 917 quibus
2495 862 2601 902 non
2632 845 2914 915 malignam
2950 843 3276 908 doctrinam,
3304 841 3396 898 scd
3435 841 3594 896 ﬁdem

2003 938 2299 1011 simplicem
2327 937 2480 1002 dedi;
2514 938 2696 1008 procul
2724 937 2882 991 dubio
2909 937 3148 1006 pervenit
3177 937 3230 990 in
3252 949 3347 989 vos
3372 949 3593 1004 regnum

2005 1031 2095 1086 Dei
2118 1074 2132 1098 ,
2162 1047 2267 1102 quo
2295 1031 2618 1086 subvertitur
2648 1045 2868 1100 regnum
2893 1027 3120 1095 diaboli,
3153 1041 3271 1081 cum
3302 1041 3408 1096 quo
3429 1033 3481 1079 et
3500 1037 3596 1079 vos

2005 1124 2373 1180 subvertimini
2407 1125 2447 1179 ί.

2075 1219 2126 1274 ὅ.
2168 1215 2419 1272 Liberalia
2463 1233 2492 1270 α
2541 1214 2741 1270 diabolo
2790 1231 2880 1286 per
2925 1213 3160 1285 gratiam.
3217 1209 3466 1266 Discretio
3528 1224 3592 1264 ea:

2005 1328 2172 1365 massa
2207 1309 2523 1383 perditionis.
2583 1310 2645 1364 Et
2691 1308 2940 1379 quoniam
2983 1305 3222 1371 dixerat,
3272 1302 3397 1357 Filii
3451 1301 3600 1356 vestri

2005 1406 2056 1459 in
2081 1422 2176 1478 quo
2198 1405 2440 1477 ejiciunt?
2463 1412 2518 1458 ut
2539 1403 2844 1459 ostenderet
2864 1401 3087 1472 gratiam
3111 1400 3162 1454 in
3187 1399 3269 1455 eis
3291 1414 3463 1463 suam,
3495 1412 3601 1451 non

2005 1497 2252 1552 meritum
2294 1495 2499 1550 illorum
2527 1513 2540 1549 :
2569 1495 2668 1548 Aut
2712 1493 2962 1566 quomodo
3003 1501 3161 1563 potest
3187 1491 3450 1560 quisquam
3474 1531 3488 1557 ,
3522 1491 3603 1543 in-

2007 1589 2152 1659 quit,
2185 1588 2378 1642 intrare
2423 1588 2476 1640 in
2517 1587 2720 1640 domum
2761 1586 2936 1657 fortis,
2963 1593 3008 1637 et
3047 1599 3166 1637 vasa
3209 1583 3320 1653 ejus
3348 1580 3598 1650 diripere,

2007 1678 2106 1732 nisi
2133 1679 2272 1750 prius
2299 1677 2579 1748 alligaverit
2606 1677 2805 1747 fortem,
2828 1685 2870 1730 et
2889 1676 2960 1730 sic
2992 1675 3196 1728 domum
3223 1674 3332 1750 ejus
3359 1671 3603 1741 diripiet?

2013 1749 2166 1838 Filii,
2197 1771 2396 1842 inquit,
2429 1770 2604 1838 vestri,
2638 1769 2728 1840 qui
2781 1767 2862 1824 vel
2905 1766 3247 1822 crediderunt
3278 1749 3330 1818 in
3377 1779 3496 1829 mc,
3521 1762 3606 1818 vel

2010 1862 2186 1917 adhuc
2235 1860 2487 1917 credituri
2536 1869 2692 1928 sunt,
2722 1867 2778 1915 et
2813 1859 3031 1930 cjccturi
3079 1858 3382 1923 daemones,
3415 1871 3519 1910 non
3552 1855 3606 1910 in

2009 1953 2310 2011 daemonum
2355 1955 2627 2025 principe,
2661 1952 2754 2008 scd
2793 1952 2847 2006 in
2897 1951 3125 2022 simplici
3170 1949 3483 2016 sanctitate;
3514 1947 3607 2020 qui

2010 2055 2156 2103 certe
2186 2047 2275 2101 vel
2298 2046 2508 2100 fuerunt
2527 2087 2542 2113 ,
2571 2045 2653 2100 vel
2684 2045 2786 2098 hoc
2810 2051 2936 2098 sunt
2960 2044 3102 2113 quod
3129 2042 3288 2098 etiam
3317 2055 3410 2096 vos
3439 2039 3568 2096 estis
3589 2077 3604 2108 ,

2008 2137 2063 2193 id
2089 2147 2202 2201 est,
2236 2145 2544 2208 peccatores
2574 2145 2732 2207 atque
2759 2135 2939 2205 impii;
2970 2142 3022 2189 ct
3062 2133 3182 2188 ideo
3213 2133 3265 2187 in
3294 2131 3455 2188 domo
3492 2132 3604 2187 dia-

2011 2229 2117 2285 boli
2142 2271 2157 2296 ,
2191 2239 2244 2284 et
2272 2244 2393 2282 vasa
2421 2228 2615 2284 diaboli
2646 2246 2656 2281 :
2683 2226 2950 2298 quomodo
2990 2227 3056 2279 ab
3087 2225 3174 2279 illo
3213 2232 3432 2295 possent
3462 2222 3605 2290 crui,

2011 2336 2146 2391 quos
2168 2319 2495 2390 praevalente
2520 2318 2795 2389 iniquitate
2821 2316 3026 2372 fortiter
3045 2315 3348 2379 obtinebat,
3375 2313 3475 2368 nisi
3498 2314 3613 2370 alli-

2011 2420 2227 2483 garctur
2244 2411 2462 2481 iustitia:
2488 2426 2623 2466 mea:
2651 2410 2906 2475 vinculis,
2935 2417 2991 2464 et
3020 2424 3140 2463 vasa
3172 2409 3287 2478 ejus
3317 2407 3607 2479 cripcrcm,

2013 2519 2131 2574 quae
2160 2502 2369 2558 fuerant
2393 2517 2516 2556 vasa
2549 2502 2671 2570 irae,
2703 2509 2756 2556 et
2798 2515 2859 2555 ea
2890 2500 3117 2555 facerem
3146 2514 3270 2554 vasa
3313 2499 3616 2553 miscricor-

2012 2593 2153 2649 (Ιίιηῖ
2181 2592 2291 2649 lloc
2320 2602 2402 2649 est
2430 2593 2570 2665 quod
2595 2593 2756 2648 etiam
2799 2591 2985 2646 beatus
3027 2591 3315 2661 Apostolus
3339 2589 3612 2659 superbis,

2015 2694 2072 2743 ct
2096 2687 2246 2758 quasi
2273 2687 2340 2742 de
2369 2687 2478 2741 suis
2509 2685 2712 2741 meritis
2738 2684 3088 2757 gloriantibus
3125 2683 3406 2755 increpans
3434 2683 3564 2738 dicit
3589 2698 3602 2735 :

2017 2779 2142 2844 Quis
2184 2780 2316 2832 enim
2342 2787 2388 2832 te
2417 2777 2824 2833 discernit?lloc
2849 2786 2960 2843 est,
2992 2776 3037 2832 A
3082 2791 3256 2832 massa
3301 2774 3617 2847 perditionis

2014 2887 2079 2927 ex
2111 2870 2279 2926 Adam
2311 2879 2364 2925 et
2389 2886 2417 2924 a
2447 2870 2587 2925 vasis
2617 2871 2709 2925 irae
2737 2870 2855 2942 quis
2884 2878 2936 2924 te
2961 2867 3252 2924 discernit?
3283 2868 3351 2923 Et
3379 2883 3446 2924 ne
3471 2868 3618 2938 quis-

2013 2979 2171 3034 quam
2201 2962 2431 3030 diceret,
2460 2962 2673 3017 Justitia
2705 2977 2821 3017 mea
2846 2977 2858 3014 :
2887 2959 3025 3026 Quid
3059 2960 3192 3016 enim
3219 2959 3389 3027 habes,
3426 2957 3612 3030 inquit,

2015 3055 2151 3125 quod
2189 3069 2288 3107 non
2315 3053 2552 3124 accepisti
2580 3053 2624 3124 (Ι
2653 3051 2770 3106 Cor.
2796 3067 2867 3119 tv,
2900 3050 2996 3121 7)?
3027 3050 3180 3107 Unde
3209 3058 3263 3105 et
3302 3049 3368 3105 de
3412 3063 3470 3104 sc
3503 3049 3620 3120 ipso

2014 3143 2176 3209 dicit,
2210 3143 2426 3198 Fuimus
2466 3144 2598 3198 enim
2636 3152 2681 3197 et
2725 3159 2818 3197 nos
2864 3142 3140 3209 aliquando
3179 3141 3481 3199 naturaliter
3521 3139 3619 3214 ﬁlii

2014 3236 2134 3305 irte,
2169 3237 2299 3291 sicut
2340 3245 2383 3290 et
2414 3236 2583 3289 cattcri
2613 3235 2824 3307 (Ephes.
2871 3251 2936 3300 ιι,
2967 3235 3051 3310 5).
3098 3235 3238 3308 Ergo
3276 3246 3329 3291 ct
3372 3237 3485 3308 ipse
3523 3251 3618 3292 vas

2015 3339 2131 3387 crat
2170 3330 2220 3384 in
2252 3329 2412 3385 domo
2443 3329 2583 3384 illius
2615 3329 2752 3383 male
2793 3328 2980 3397 fortis,
3014 3345 3137 3384 cum
3179 3339 3317 3385 esset
3365 3328 3620 3384 Ecclesia:

2015 3431 2364 3494 persecutor,
2421 3421 2798 3492 blaSphemus,
2841 3422 3162 3492 injuriosus,
3216 3423 3265 3476 in
3317 3422 3516 3477 malitia
3565 3429 3622 3478 et

2017 3515 2211 3570 invidia
2234 3557 2246 3580 ,
2280 3515 2418 3569 sicut
2456 3513 2669 3580 fatetur,
2703 3529 2867 3585 agens
2910 3514 2966 3587 (l
3001 3514 3130 3568 Tim.
3160 3516 3362 3586 ι,15).
3391 3515 3498 3578 Sed
3530 3516 3619 3572 ille

2017 3605 2110 3677 qui
2141 3604 2378 3675 alligavit
2404 3602 2602 3660 fortem
2623 3647 2637 3670 ,
2670 3605 2736 3659 ab
2763 3620 2828 3660 co
2853 3620 2946 3659 vas
2975 3605 3291 3676 perditionis
3317 3609 3532 3678 eripuit,
3559 3615 3617 3662 et

2016 3712 2111 3751 vas
2142 3696 2420 3751 electionis
2447 3695 2648 3751 effecit.

2087 3785 2315 3842 CAPUT
2345 3786 2410 3841 ll.
2433 3817 2504 3826 —
2527 3788 2581 3842 4.
2614 3786 2845 3860 Regnum
2867 3786 3053 3843 Christi
3079 3788 3353 3846 haeresibus
3383 3799 3428 3846 et
3476 3790 3615 3846 schi—

2016 3879 2262 3934 smatibus
2295 3877 2442 3932 etiant
2505 3878 2729 3933 excitatis
2782 3879 3070 3933 indivisum.
3114 3879 3313 3936 Deinde
3357 3896 3426 3936 ne
3452 3889 3610 3952 puta-

2018 3981 2140 4026 rent
2171 3968 2430 4025 increduli
2451 3977 2505 4024 et
2531 3970 2675 4040 impii
2701 3970 3048 4026 adversantes
3073 3972 3273 4027 nomini
3298 3972 3612 4042 christiano,

2020 4070 2241 4133 propter
2269 4063 2510 4117 diversas
2537 4061 2772 4118 haereses
2797 4071 2851 4117 et
2877 4063 3165 4117 schismata
3193 4079 3375 4119 eorum
3405 4065 3491 4135 qui
3519 4067 3618 4120 sub

2020 4153 2240 4208 nomine
2266 4151 2558 4206 christiano
2586 4167 2775 4222 greges
2805 4152 3058 4223 colligunt
3077 4153 3425 4223 perditorum,
3458 4157 3617 4210 etiam

2020 4243 2217 4299 Christi
2264 4259 2487 4314 regnum
2523 4242 2804 4298 adversum
2849 4259 2908 4298 se
2951 4260 3071 4300 esse
3121 4245 3380 4314 divisum,
3431 4262 3620 4304 conse-

2020 4341 2246 4404 quenter
2273 4333 2510 4406 adjungit
2536 4352 2547 4388 :
2577 4333 2676 4398 Qui
2701 4352 2802 4388 non
2845 4345 2914 4389 est
2950 4353 3174 4404 mecum,
3203 4347 3378 4392 contra
3404 4356 3482 4394 me
3509 4350 3619 4408 est;

2022 4434 2070 4481 et
2099 4426 2182 4495 qui
2205 4442 2305 4478 non
2334 4435 2605 4497 congregat
2632 4442 2825 4480 mecum
2842 4471 2854 4494 ,
2881 4431 3093 4500 spargit.
3114 4431 3227 4486 Non
3250 4433 3356 4501 ait,
3380 4433 3479 4502 Qui
3512 4451 3617 4490 non

2023 4527 2105 4575 est
2131 4519 2230 4572 sub
2260 4533 2391 4572 voce
2421 4519 2650 4572 nominis
2675 4520 2812 4586 mei,
2844 4529 2933 4576 aut
2959 4522 3059 4578 sub
3084 4525 3265 4596 specie
3294 4528 3614 4586 sacramenti

2022 4612 2127 4666 mei
2154 4629 2165 4664 :
2190 4610 2311 4678 sed,
2347 4611 2448 4679 Qui
2467 4629 2567 4665 non
2591 4621 2660 4666 est
2689 4630 2911 4679 mecum,
2935 4627 3110 4670 contra
3135 4634 3214 4672 me
3237 4629 3329 4674 est.
3359 4619 3466 4674 Nec
3501 4621 3576 4675 ait
3595 4662 3610 4685 ,

2023 4700 2123 4769 Qui
2152 4718 2256 4756 non
2281 4712 2570 4774 congregat
2597 4703 2695 4758 sub
2733 4719 2864 4760 voce
2884 4707 2903 4737 ³
2929 4706 3160 4762 nominis
3189 4710 3294 4764 mei
3321 4726 3334 4763 :
3363 4710 3479 4776 scd,
3511 4711 3615 4776 Qui

2023 4811 2125 4850 non
2148 4804 2418 4867 congregat
2452 4813 2644 4850 mecum
2663 4838 2676 4862 ,
2703 4799 2916 4869 spargit.
2939 4799 3056 4856 Non
3081 4815 3208 4872 ergo
3229 4811 3312 4858 est
3337 4803 3618 4862 adversum

2025 4899 2085 4942 se
2113 4885 2340 4940 divisum
2388 4901 2612 4956 regnum
2655 4885 2854 4942 Christi
2891 4906 2903 4941 :
2935 4889 3028 4944 scd
3073 4889 3318 4948 homines
3359 4903 3623 4951 conantur

2024 4976 2444 5048 dlvidcre,quod
2487 4987 2724 5050 emptum
2769 4989 2851 5034 cst
2888 4982 3060 5052 pretio
3102 4984 3372 5054 sanguinis
3399 4985 3618 5043 Christi.

2027 5067 2186 5125 Novit
2213 5071 2354 5124 cnim
2381 5069 2631 5124 Dominus
2647 5071 2734 5143 qui
2759 5082 2875 5126 sunt
2898 5073 3005 5143 ejus
3029 5088 3047 5128 :
3068 5072 3135 5126 Et
3164 5075 3396 5142 recedat,
3427 5076 3617 5148 inquit,

2027 5162 2088 5218 ab
2115 5163 2375 5234 iniquitate
2400 5167 2562 5218 omnis
2585 5165 2667 5235 qui
2694 5165 2917 5220 nominat
2941 5182 3121 5220 nomen
3155 5165 3362 5222 Domini
3393 5169 3458 5240 (ll
3486 5169 3618 5227 Tim.

2027 5272 2098 5323 tt,
2137 5255 2244 5324 l9).
2278 5255 2408 5310 Nam
2436 5257 2481 5310 si
2509 5256 2578 5310 ab
2608 5257 2883 5327 iniquitate
2918 5274 3028 5314 non
3070 5259 3297 5327 recedit,
3328 5277 3433 5318 non
3458 5267 3623 5334 perti-

2027 5354 2120 5403 net
2145 5345 2212 5401 ad
2238 5361 2462 5417 regnum
2485 5347 2712 5412 Christi,
2743 5349 2904 5402 etiam
2935 5350 3216 5406 nominans
3236 5366 3430 5409 nomen
3461 5353 3622 5412 Chri-

2028 5441 2119 5498 Sti.
2147 5439 2218 5495 Ut
2245 5455 2372 5512 ergo
2415 5441 2589 5510 aliqua
2610 5481 2624 5507 ,
2657 5441 2888 5511 exempli
2923 5443 3120 5512 gratia,
3161 5459 3573 5504 commemorem
3603 5467 3618 5505 :

2029 5533 2246 5606 spiritus
2266 5533 2504 5589 avaritia:
2525 5543 2578 5589 et
2604 5534 2820 5604 spiritus
2861 5534 3083 5590 luxuriae
3104 5580 3118 5604 ,
3147 5540 3267 5609 quia
3298 5540 3385 5595 ille
3410 5551 3622 5599 contra-

2030 5625 2136 5692 hit,
2170 5625 2258 5680 illc
2283 5625 2586 5696 profundit,
2617 5625 2773 5681 divisi
2799 5636 2924 5682 sunt
2951 5628 3232 5686 adversum
3265 5648 3351 5698 se;
3383 5643 3435 5690 ct
3465 5636 3624 5692 ambo

2091 5783 2113 5816 ι
2137 5783 2430 5834 Fossatensis
2450 5787 2532 5832 Ms.
2545 5782 2696 5843 addit,
2722 5783 2766 5834 si
2785 5797 2878 5835 non
2897 5787 3158 5838 mnterstiai.

2096 5868 2268 5945 item,
2285 5865 2710 5945 Διξζιεῦ,ιιιροςιιςξρηθΓ
2737 5877 2865 5945 Unus
2881 5885 2928 5945 _e
2960 5876 3212 5945 veteribus
3235 5873 3384 5936 libris,
3408 5879 3490 5926 sub
3513 5895 3626 5945 pro-

2033 5926 2259 5992 fessione.
2277 5926 2361 5978 Alii
2382 5943 2492 5981 cum
2517 5931 2659 5982 editis
2683 5942 2781 5982 Am.
2812 5942 2859 5984 et
2881 5942 2972 5997 tm,
2989 5938 3074 5986 sub
3101 5951 3221 5986 rorc.
