4032 6332
521 395 629 457 447

520 517 789 587 pertinent
813 514 880 573 ad
904 529 1122 586 regnum
1143 513 1361 570 diaboli.
1388 513 1543 585 Apud
1560 513 1821 571 idolorum
1842 512 2093 579 cultores,

520 607 738 677 Spiritus
761 607 983 664 Iunonis
1010 615 1063 663 et
1086 607 1302 677 spiritus
1327 608 1567 663 Herculis
1587 607 1740 663 divisi
1770 616 1893 662 sunt
1911 606 2099 661 adver—

520 714 637 752 sum
668 715 760 765 se;
790 708 843 754 et
869 700 1025 754 ambo
1056 700 1324 769 pertinent
1342 699 1407 755 ad
1435 715 1653 771 regnum
1680 699 1894 754 diaboli.
1927 697 2097 768 Paga-

517 805 619 846 nus
642 790 808 846 hostis
832 789 1028 847 Christi
1054 802 1108 846 et
1130 792 1347 848 Iudaeus
1368 793 1538 849 hostis
1555 792 1771 859 Christi,
1797 792 1951 847 divisi
1973 798 2098 846 sunt

517 882 796 937 adversum
836 898 924 951 se;
952 895 1007 940 et
1034 886 1189 942 ambo
1219 889 1485 957 pertinent
1522 888 1591 943 ad
1630 903 1849 959 regnum
1876 885 2093 942 diaboli.

512 973 741 1027 Arianus
768 984 822 1031 et
848 976 1189 1032 Pbotinianus
1207 1021 1220 1043 ,
1253 980 1410 1035 ambo
1436 980 1705 1048 haeretici,
1737 988 1793 1036 et
1814 979 2094 1048 adversum

512 1078 569 1119 se
594 1066 750 1121 ambo
777 1066 950 1123 divisi.
994 1069 1263 1124 Donatista
1292 1079 1347 1126 et
1367 1071 1751 1126 Maximianista
1785 1072 1943 1127 ambo
1985 1070 2094 1126 bte-

508 1157 661 1212 retici
679 1198 693 1220 ,
725 1166 780 1213 et
807 1159 1089 1215 adversum
1120 1178 1178 1218 se
1204 1163 1361 1219 ambo
1383 1164 1559 1220 divisi.
1588 1165 1777 1220 Omnia
1797 1167 1923 1221 vitia
1944 1182 2094 1222 erro-

508 1263 702 1319 resque
728 1253 1028 1307 mortalium
1060 1256 1200 1311 inter
1241 1272 1299 1312 se
1327 1258 1614 1323 contrarii,
1645 1258 1801 1315 divisi
1832 1270 1955 1315 sunt
1991 1260 2089 1316 ad-

505 1356 719 1397 versum
750 1358 841 1412 se,
866 1357 920 1400 et
955 1362 1140 1403 omnes
1181 1351 1446 1418 pertinent
1484 1350 1550 1405 ad
1588 1366 1810 1423 regnum
1849 1352 2085 1407 diaboli:

506 1432 625 1487 ideo
654 1450 758 1489 non
787 1437 948 1491 stabit
969 1454 1189 1508 regnum
1213 1441 1347 1510 ejus.
1372 1440 1554 1497 Justus
1582 1451 1758 1497 autem
1786 1451 1841 1498 et
1869 1443 2083 1514 impius,

506 1522 675 1578 fidelis
704 1534 758 1580 et
796 1527 1127 1596 incredulus,
1160 1531 1455 1588 catholicus
1489 1541 1545 1587 et
1585 1532 1901 1601 haereticus,
1931 1533 2087 1592 divisi

502 1615 715 1685 quidem
747 1628 869 1674 sunt
910 1621 1187 1677 adversum
1230 1638 1318 1692 se,
1351 1625 1446 1680 sed
1493 1641 1595 1680 non
1632 1628 1789 1682 ambo
1820 1629 2087 1698 pertinent

501 1707 569 1761 ad
597 1725 819 1781 regnum
841 1712 1057 1769 Christi.
1084 1715 1236 1770 Novit
1258 1716 1507 1774 Dominus
1524 1722 1610 1792 qui
1629 1731 1743 1774 sunt
1760 1723 1889 1793 ejus.
1912 1722 2085 1779 Nemo

500 1800 599 1856 sibi
620 1801 685 1857 de
712 1807 968 1881 vocabulo
998 1808 1316 1865 blandiatur.
1346 1811 1401 1866 Si
1430 1813 1541 1866 vult
1567 1812 1670 1867 sibi
1701 1815 1956 1884 prodesse
1987 1832 2085 1871 no-

498 1908 621 1948 men
650 1876 856 1951 Domini
878 1940 892 1964 ,
922 1900 1121 1954 recedat
1148 1902 1210 1955 ab
1241 1903 1528 1973 iniquitate,
1551 1905 1636 1976 qui
1668 1906 1866 1960 inuocat
1901 1923 2082 1962 nomen

498 1985 727 2041 Domini.

563 2078 793 2137 CAPUT
832 2081 918 2136 Ill.
954 2114 1024 2124 —
1054 2086 1106 2141 5.
1158 2086 1440 2158 Diﬂ'icultas
1463 2090 1751 2159 quwstionis
1778 2091 2074 2147 tractandis.

493 2166 597 2225 Sed
620 2171 717 2226 ista
740 2172 898 2227 verba
925 2164 1223 2245 evangelica
1248 2179 1347 2235 etsi
1376 2179 1642 2236 habebant
1664 2181 1859 2253 aliquid
1885 2183 2077 2249 obscu-

491 2259 682 2327 ritatis,
726 2265 886 2332 quod,
918 2265 1200 2335 adjuvante
1245 2269 1491 2337 Domino,
1544 2272 1776 2327 arbitror
1817 2274 2073 2343 explana-

492 2356 634 2415 tum;
666 2368 769 2406 non
801 2364 955 2409 erant
981 2363 1153 2411 tamen
1180 2365 1340 2413 tantae
1366 2359 1711 2429 difficultatis,
1740 2374 1951 2434 quanta:
1975 2380 2072 2435 ap-

488 2450 645 2511 paret
670 2460 788 2499 esse
818 2447 957 2516 qttod
990 2451 1245 2519 sequitur.
1277 2450 1402 2507 Ideo
1438 2454 1549 2509 dico
1572 2455 1710 2510 vobis
1732 2473 1751 2511 :
1782 2474 1927 2513 omne
1953 2476 2071 2529 pee-

487 2543 656 2586 catum
694 2545 738 2588 et
778 2537 1087 2608 blasphemia
1137 2543 1412 2597 remittetur
1452 2545 1733 2601 hominibus
1771 2564 1790 2602 :
1845 2549 2070 2619 Spiritus

484 2634 652 2678 autem
674 2626 981 2698 blasphemia
1009 2648 1107 2686 non
1143 2634 1437 2689 remittetur.
1473 2635 1537 2690 Et
1578 2641 1878 2710 quicumque
1921 2643 2068 2698 dixe-

483 2716 547 2769 rit
572 2718 771 2772 verbum
802 2731 973 2775 contra
1003 2721 1199 2777 Filium
1227 2725 1443 2782 hominis
1465 2768 1481 2794 ,
1524 2730 1802 2785 remittetur
1841 2733 1887 2786 ei
1928 2749 1948 2788 :
1982 2734 2070 2805 qui

483 2816 653 2862 autem
679 2810 862 2864 dixerit
892 2822 1067 2867 contra
1090 2813 1341 2884 Spiritum
1364 2828 1622 2887 sanctum,
1646 2838 1747 2876 non
1790 2826 2067 2880 remittetur

481 2899 545 2964 ei,
574 2917 733 2971 neque
761 2903 811 2956 in
837 2905 931 2957 hoc
955 2908 1159 2973 saeculo,
1177 2925 1335 2979 neque
1357 2911 1409 2963 in
1434 2916 1608 2983 futuro
1630 2914 1942 2984 (Matt/1.x",
1968 2920 2066 2972 2‘2-

480 2989 594 3062 32).
626 2991 762 3059 Quid
784 3009 912 3065 ergo
940 2996 1031 3049 lict
1052 2996 1118 3051 de
1142 2997 1223 3052 his
1246 3014 1377 3070 quos
1398 3001 1591 3057 lucrari
1612 3005 1755 3075 cupit
1789 3007 2063 3065 Ecclesia?

476 3081 866 3155 Numquidnam
907 3090 1162 3146 correctis
1188 3099 1242 3146 et
1273 3092 1340 3147 ad
1369 3108 1487 3148 eam
1513 3112 1577 3150 ex
1604 3112 1937 3170 quocumque
1971 3118 2061 3158 er-

476 3191 600 3232 rore
625 3179 957 3235 venientibus
985 3196 1109 3251 spes
1152 3184 1278 3238 falsa
1310 3188 1637 3256 promittitur
1660 3190 1713 3244 in
1745 3193 2059 3253 remissione

476 3270 714 3325 omnium
766 3275 1144 3341 peccatorum?
1192 3276 1321 3343 Quis
1371 3278 1513 3333 enim
1572 3295 1675 3335 non
1729 3284 2060 3342 convincitur

474 3357 681 3416 dixisse
721 3363 939 3418 verbum
970 3376 1155 3422 contra
1186 3365 1438 3438 Spiritum
1466 3381 1708 3427 sanctum
1729 3414 1743 3440 ,
1774 3386 2058 3447 antequam

471 3450 806 3509 Christianus
834 3455 915 3509 vel
941 3455 1245 3513 Catltolicus
1286 3460 1473 3515 fieret?
1498 3462 1678 3519 Primo
1702 3465 1802 3536 ipsi
1835 3469 1923 3537 qui
1953 3469 2057 3525 Pa-

469 3543 593 3614 gani
612 3545 966 3615 appellantur,
992 3550 1276 3604 multorum
1306 3550 1526 3608 deorum
1554 3554 1913 3628 falsorumque
1939 3560 2055 3615 cul-

471 3643 614 3690 tores
647 3645 700 3690 et
740 3636 1002 3692 idolorum
1040 3639 1368 3708 adoratores,
1412 3658 1531 3698 cum
1559 3644 1743 3702 dicunt
1770 3647 2052 3706 Dominum

468 3725 738 3781 Christum
769 3729 986 3799 magicis
1014 3732 1216 3786 artibus
1242 3731 1429 3790 fecisse
1454 3735 1745 3804 miracula;
1777 3755 1955 3797 nonne
1979 3743 2053 3797 is-

467 3817 535 3872 tis
565 3827 688 3872 sunt
716 3818 939 3889 similes,
984 3822 1071 3892 qui
1093 3838 1214 3878 eum
1235 3823 1483 3882 dixerunt
1507 3828 1560 3882 itt
1588 3830 1828 3902 principe
1853 3833 2053 3890 dalmo-

396 3906 405 3911 ’
464 3908 672 3963 niorum
702 3909 922 3979 ejecisse
952 3912 1247 3969 daemonia?
1288 3917 1489 3973 Deinde
1518 3935 1639 3975 cum
1677 3924 1917 3993 quotidie
1954 3943 2050 3983 no-

467 4006 633 4052 stram
663 4002 1135 4060 sanctilicationem
1165 4006 1536 4078 blasphemant
1555 4054 1570 4079 ,
1611 4014 1735 4083 quid
1763 4015 1907 4071 aliud
1933 4018 2051 4088 bla-

466 4089 752 4161 Sphemant
790 4109 947 4164 quam
976 4096 1230 4166 Spiritum
1257 4104 1539 4157 sanctum?
1568 4105 1703 4172 Quid
1739 4106 1928 4177 Judaei,
1959 4112 2049 4181 qui

465 4180 716 4237 dixerunt
753 4183 820 4239 de
852 4186 1076 4241 Domino
1120 4190 1260 4245 unde
1306 4192 1406 4248 iste
1448 4206 1665 4252 exortus
1706 4208 1789 4255 est
1835 4205 2048 4260 sermo?

462 4291 643 4331 nonne
666 4293 829 4350 usque
853 4279 1027 4336 adhuc
1051 4284 1267 4338 verbum
1296 4296 1478 4342 contra
1510 4288 1767 4359 Spiritum
1803 4305 2046 4354 sanctum

461 4366 771 4438 loquuntur,
800 4371 877 4426 sic
896 4386 1017 4427 eum
1047 4384 1300 4445 negantes
1327 4393 1446 4433 esse
1473 4380 1524 4433 in
1551 4381 1887 4452 Christianis,
1910 4389 2047 4447 sicut

458 4457 536 4513 illi
582 4459 634 4514 in
669 4461 883 4518 Christo
923 4478 1042 4519 esse
1070 4471 1428 4536 negaverunt?
1466 4470 1648 4543 Neque
1690 4476 1833 4532 enim
1878 4488 1932 4535 et
1970 4482 2044 4538 illi

460 4548 678 4620 Spiritui
704 4562 888 4608 sancto
914 4555 1301 4613 maledixerunt
1325 4562 1365 4627 ¹,
1395 4570 1485 4616 aut
1512 4578 1618 4618 non
1647 4580 1769 4621 eum
1815 4584 1937 4626 esse
1962 4572 2044 4627 di-

456 4651 660 4711 centes,
686 4652 774 4698 aut
793 4659 911 4700 esse
933 4646 1167 4715 quidem,
1194 4649 1288 4705 sed
1315 4650 1480 4707 Deum
1505 4669 1608 4708 non
1635 4671 1776 4721 esse,
1804 4661 1894 4714 sed
1922 4677 2041 4719 esse

459 4745 789 4801 creaturam;
822 4748 911 4793 aut
940 4739 1005 4793 ad
1033 4740 1302 4799 daemones
1340 4746 1629 4816 ejiciendos
1656 4752 1787 4807 nihil
1816 4754 1993 4812 valere
2022 4777 2036 4814 :

457 4842 566 4882 non
596 4828 694 4882 ista
722 4829 956 4900 indigna,
981 4848 1086 4886 non
1112 4834 1309 4904 aliquid
1336 4838 1511 4895 simile
1535 4838 1602 4895 de
1630 4841 1825 4912 Spiritu
1854 4856 2039 4905 sancto

455 4916 620 4973 locuti
648 4913 791 4975 Sunt.
839 4921 1113 4979 Sadducaai
1150 4927 1290 4981 enim
1317 4928 1572 4999 Spiritum
1599 4947 1839 4991 sanctum
1870 4954 2037 5010 nega-

452 5010 582 5065 bant
597 5029 610 5066 :
627 5012 733 5066 Pha
741 5014 879 5068 risrei
892 5030 1021 5070 vero
1034 5031 1154 5072 eum
1167 5030 1495 5087 esse,contra
1510 5023 1920 5084 Sadduczeorum
1936 5031 2039 5088 liae-

451 5103 614 5158 resim
645 5104 1002 5162 defendebant
1026 5108 1162 5181 (Act.
1183 5127 1333 5180 χχιιι,
1355 5112 1432 5185 8);
1459 5116 1553 5171 sed
1580 5132 1699 5175 esse
1728 5120 1780 5175 in
1810 5122 2035 5181 Domino

451 5192 578 5249 Jesu
595 5194 807 5251 Christo
836 5200 1115 5271 negabant,
1134 5219 1292 5272 quem
1314 5204 1584 5264 daemones
1600 5210 1794 5279 ejicere
1814 5213 1867 5268 in
1898 5217 2037 5285 prin-

449 5284 570 5355 cipe
598 5286 977 5345 daemoniorum
1010 5294 1284 5362 putabant,
1320 5311 1439 5352 cum
1470 5299 1688 5369 ejiceret
1712 5303 1800 5359 ille
1829 5305 1881 5361 in
1902 5284 2033 5378 Spi-

445 5377 551 5432 ritu
582 5389 795 5436 sancto.
825 5384 901 5437 Ac
929 5399 1021 5453 per
1051 5385 1153 5441 hoc
1177 5388 1411 5444 etJudzei
1442 5400 1496 5446 et
1526 5394 1845 5467 quicumque
1870 5377 2033 5457 ha‘re-

445 5469 536 5523 tici
553 5469 806 5541 Spiritum
825 5486 1065 5532 sanctum
1085 5479 1422 5549 confitentur,
1443 5485 1537 5540 sed
1557 5501 1679 5543 eum
1698 5502 1893 5561 negant
1910 5507 2030 5551 esse

442 5561 501 5617 in
537 5560 734 5620 Christi
761 5570 1003 5638 corpOre,
1033 5572 1175 5641 quod
1200 5582 1282 5631 est
1307 5577 1461 5633 unica
1489 5578 1604 5648 ejus
1634 5560 1895 5654 Ecclesia,
1922 5604 2028 5645 non

444 5655 627 5727 utique
656 5660 757 5714 nisi
783 5676 885 5715 una
915 5652 1207 5733 catholica;
1235 5671 1420 5739 procul
1461 5671 1622 5728 dubio
1666 5676 1869 5735 similes
1906 5692 2029 5739 sunt

509 5769 1528 5849 ffiditjruanmgtettixemn._tthcst,m
1559 5799 1589 5837 a
1627 5794 1731 5839 Mss.
1759 5796 1813 5841 et
1850 5792 2027 5845 utesse

440 5828 598 5882 debet
614 5828 979 5888 ut'concordent
998 5828 1271 5901 sequentia.

1758 394 1797 451 S
1830 389 2198 452 AUGUSTINI
2236 393 2533 453 EPISCOPI

3680 417 3790 485 448

2204 511 2509 580 Pharisaeis,
2555 516 2643 586 qui
2674 524 2800 574 tunc
2825 517 3033 576 etiamsi
3080 536 3201 580 esse
3242 521 3496 596 Spiritum
3540 540 3785 591 sanctum

2199 601 2519 673 fatebantur,
2550 610 2813 679 negabant
2832 621 3013 669 tamen
3042 631 3164 671 eum
3194 633 3316 676 esse
3345 621 3398 676 in
3418 620 3654 692 Christo,
3686 642 3782 683 cu-

2196 694 2286 767 jus
2306 711 2471 768 opera
2510 700 2563 754 in
2591 701 2923 762 daemonibus
2942 707 3217 776 ejiciendis
3236 710 3622 772 daemoniorum
3643 721 3784 788 prin-

2199 788 2303 860 cipi
2329 789 2649 849 tribuebant.
2678 794 2876 854 Omitto
2902 800 3046 870 quod
3083 801 3296 871 quidam
3338 805 3574 865 haeretici
3606 813 3784 881 ipsum

2198 882 2419 938 omnino
2460 885 2717 957 Spiritum
2764 900 3005 948 sanctum
3040 894 3124 949 vel
3162 911 3268 952 non
3311 908 3609 957 creatorem
3627 944 3643 970 ,
3685 905 3783 960 sed

2198 984 2496 1030 creaturam
2541 992 2661 1034 esse
2699 983 3055 1052 contendunt;
3098 988 3235 1043 sicut
3279 989 3463 1046 Ariani
3503 1002 3559 1048 et
3599 995 3787 1052 Euno-

2199 1067 2361 1123 miani
2388 1077 2443 1125 et
2467 1070 2828 1130 Macedoniam
2854 1093 2867 1130 :
2890 1078 2974 1133 vel
2999 1093 3121 1134 eum
3144 1096 3364 1151 prorsus
3386 1084 3455 1139 ita
3481 1097 3697 1157 negant,
3726 1097 3785 1144 ut

2197 1158 2371 1230 ipsum
2414 1162 2581 1219 Deum
2624 1176 2821 1237 negent
2863 1183 2983 1226 esse
3027 1171 3361 1244 Trinitatem,
3407 1178 3502 1233 sed
3545 1189 3782 1235 tantum-

2198 1251 2359 1307 modo
2386 1268 2505 1310 esse
2535 1256 2700 1312 Deum
2730 1258 2941 1316 Patrem
2986 1276 3331 1334 asseverant,
3372 1277 3428 1324 et
3460 1270 3633 1340 ipsum
3673 1273 3781 1328 ali-

2192 1344 2407 1413 quando
2423 1350 2600 1404 vocari
2623 1350 2836 1420 Filium,
2854 1354 3139 1426 aliquando
3152 1374 3280 1414 voca
3288 1361 3330 1415 ri
3353 1360 3605 1432 Spiritum
3628 1380 3783 1424 sane-

2195 1441 2342 1501 tum;
2371 1437 2507 1493 sicut
2524 1439 2829 1512 Sabelliani,
2850 1461 2985 1516 quos
3006 1449 3218 1518 quidam
3242 1451 3662 1523 Patripassianos
3682 1475 3779 1515 vo-

2190 1537 2335 1592 cant,
2360 1530 2480 1586 ideo
2508 1534 2629 1603 quia
2660 1535 2871 1592 Patrem
2895 1540 3175 1609 perhibent
3194 1558 3408 1613 passum
3433 1564 3449 1601 :
3472 1549 3624 1620 cujus
3647 1567 3775 1609 cum

2190 1631 2388 1692 negant
2415 1638 2535 1680 esse
2559 1627 2789 1698 aliquem
2819 1629 3034 1699 Filium,
3067 1635 3185 1692 sine
3209 1637 3372 1694 dubio
3413 1653 3609 1713 negant
3649 1660 3778 1701 esse

2190 1710 2448 1782 Spiritum
2478 1728 2739 1773 sanctum.
2779 1721 3080 1778 Photiniani
3108 1741 3318 1798 quoque
3344 1710 3552 1788 Patrem
3594 1735 3773 1791 solum

2186 1817 2309 1858 esse
2337 1804 2576 1862 dicentes
2602 1809 2790 1878 Deum,
2820 1812 3010 1869 Filium
3047 1830 3180 1872 vero
3217 1821 3429 1875 nonnisi
3473 1823 3769 1895 hominem,

2186 1905 2384 1966 negant
2412 1900 2629 1957 omnino
2671 1916 2791 1960 csse
2814 1905 3023 1961 tertiam
3054 1923 3337 1979 personam
3364 1912 3618 1984 Spiritum
3652 1932 3777 1973 san-

2182 1992 2349 2042 ctum.

2254 2078 2310 2133 6.
2328 2079 2602 2137 Peccatum
2628 2084 2683 2138 in
2707 2084 2958 2156 Spiritum
2986 2100 3236 2157 sanctum,
3255 2096 3404 2165 quale
3428 2096 3484 2151 in
3512 2097 3767 2171 Paganis,

2179 2169 2381 2228 Judteis
2442 2184 2489 2229 et
2541 2175 2820 2246 htereticis,
2876 2197 2979 2235 non
3018 2182 3377 2241 irremissibile.
3429 2169 3768 2248 Manifestum

2179 2269 2263 2317 est
2310 2261 2487 2333 igitur,
2536 2274 2588 2320 et
2625 2281 2658 2320 a
2706 2268 2950 2340 Paganis,
2995 2280 3052 2327 et
3088 2288 3120 2328 a
3167 2275 3404 2347 Judteis,
3454 2287 3509 2335 et
3546 2282 3615 2337 ab
3654 2282 3769 2339 lun—

2178 2353 2361 2409 reticis
2405 2354 2762 2425 blasphemari
2825 2360 3081 2431 Spiritum
3139 2376 3404 2424 sanctum.
3466 2371 3767 2443 Numquid-

2178 2459 2301 2503 nam
2356 2462 2484 2518 ergo
2528 2448 2809 2508 deserendi
2859 2464 3001 2523 sunt,
3038 2466 3093 2512 et
3138 2460 3253 2516 sine
3296 2462 3400 2517 ulla
3441 2479 3539 2535 spe
3588 2466 3767 2537 depu-

2179 2537 2345 2606 tandi,
2378 2541 2627 2611 quoniam
2658 2544 2759 2599 ﬁxa
2789 2550 3051 2605 sententia
3076 2562 3176 2617 est,
3213 2554 3313 2622 Qui
3337 2557 3538 2611 verbum
3574 2560 3768 2616 dixerit

2174 2639 2352 2685 contra
2389 2630 2639 2701 Spiritum
2660 2645 2910 2707 sanctum,
2937 2657 3037 2696 non
3081 2644 3129 2697 ei
3148 2643 3367 2714 dimitti,
3409 2665 3568 2720 neque
3587 2651 3641 2706 in
3663 2651 3766 2707 hoc

2173 2723 2378 2789 steculo,
2399 2741 2558 2795 neque
2582 2727 2637 2781 in
2654 2729 2929 2800 futuro;et
2956 2732 3032 2788 illi
3059 2734 3158 2789 soli
3192 2738 3531 2795 existimandi
3548 2744 3763 2800 suntab

2173 2811 2329 2884 hujus
2356 2816 2658 2885 gravissimi
2695 2822 2899 2890 peccati
2927 2833 3075 2879 reatu
3105 2825 3295 2895 liberi,
3323 2830 3413 2900 qui
3438 2847 3505 2887 ex
3534 2832 3758 2892 infantia

2172 2917 2297 2974 sunt
2332 2907 2626 2966 Catholici?
2663 2912 2796 2968 Nam
2824 2918 3143 2988 quicumque
3179 2921 3342 2978 verbo
3380 2924 3475 2980 Dei
3514 2927 3760 2985 aedide-

2170 3008 2315 3066 runt,
2353 3009 2412 3056 ut
2435 3001 2693 3060 Catholici
2722 3007 2931 3076 fierent,
2958 3011 3140 3082 utique
3164 3021 3256 3069 aut
3282 3029 3346 3071 ex
3387 3017 3632 3088 Paganis,
3663 3032 3759 3078 aut

2167 3103 2236 3145 ex
2257 3090 2476 3160 Judaais,
2499 3103 2591 3150 aut
2612 3111 2677 3152 ex
2705 3097 2973 3158 haereticis
2997 3103 3050 3157 in
3075 3106 3297 3175 gratiam
3318 3108 3514 3165 Christi
3542 3128 3758 3182 pacem-

2167 3196 2271 3250 que
2296 3193 2590 3240 venerunt:
2617 3188 2809 3256 quibus
2837 3190 2883 3246 si
2909 3206 3014 3247 non
3037 3203 3122 3249 est
3138 3194 3415 3253 dimissum
3437 3203 3577 3270 quod
3602 3203 3758 3261 dixe-

2164 3280 2289 3326 runt
2313 3274 2533 3331 verbum
2557 3287 2743 3334 contra
2772 3279 3027 3351 Spiritum
3057 3296 3331 3357 sanctum,
3368 3291 3598 3349 inaniter
3623 3312 3755 3367 pro-

2163 3362 2392 3420 mittitur
2416 3374 2472 3422 et
2500 3369 2817 3437 praedicatur
2841 3372 3165 3445 hominibus,
3197 3389 3256 3434 ut
3280 3362 3656 3442 convertantur
3680 3390 3752 3445 ad

2164 3452 2354 3519 Deum,
2380 3465 2435 3512 et
2460 3459 2574 3515 sive
2602 3460 2656 3516 in
2685 3461 2955 3533 Baptismo
2980 3468 3093 3525 sive
3117 3471 3168 3524 in
3198 3472 3432 3532 Ecclesia
3455 3493 3638 3548 pacem
3663 3498 3756 3540 re-

2140 3545 2579 3620 .missioncmque
2607 3552 2870 3625 accipiant
2893 3570 3249 3626 peccatorum.
3276 3545 3471 3637 Neque
3488 3572 3628 3628 enim
3660 3574 3752 3629 di-

2160 3645 2305 3692 ctum
2333 3648 2436 3706 est,
2469 3640 2587 3698 Non
2616 3646 2918 3702 remittetur
2954 3650 3042 3717 ei,
3088 3653 3187 3707 nisi
3217 3654 3271 3710 in
3299 3656 3597 3729 Baptismo;
3627 3665 3747 3732 sed,

2161 3728 2285 3785 Non
2309 3734 2605 3805 remittetur,
2635 3738 2826 3809 inquit,
2877 3757 3036 3812 neque
3059 3746 3111 3800 in
3137 3746 3231 3801 hoc
3265 3751 3471 3820 mulo,
3502 3771 3660 3827 neque

2158 3825 2348 3895 futuro.
3564 3890 3573 3905 κ

2227 3917 2452 3977 CAPUT
2494 3920 2667 3978 IV.—
2694 3924 2746 3979 7.
2783 3924 2864 3981 De
2911 3932 3176 3999 peccatoin
3217 3933 3472 4005 Spiritum
3513 3951 3749 4000 sanctum

2155 4010 2292 4078 quod
2318 4012 2371 4065 in
2395 4012 2680 4084 baptizatis,
2698 4017 2871 4088 opinio
2893 4024 3228 4091 quorumdam
3247 4027 3576 4097 improbatur.
3596 4034 3749 4091 Non-

2154 4102 2315 4158 nullis
2350 4105 2560 4161 videtur
2592 4123 2687 4164 eos
2730 4116 3095 4170 tantummodo
3132 4132 3356 4188 peccare
3387 4124 3441 4179 in
3482 4126 3744 4197 Spiritum

2154 4206 2420 4264 sanctum,
2454 4200 2545 4270 qui
2584 4201 2799 4260 lavacro
2826 4212 3245 4277 regenerationis
3272 4215 3436 4272 abluti
3463 4220 3515 4274 in
3546 4222 3744 4279 Eccle-

2153 4287 2254 4355 sia,
2279 4297 2335 4343 ct
2355 4300 2574 4363 accepto
2598 4292 2800 4366 Spiritu
2822 4310 3027 4370 sancto,
3049 4304 3193 4360 velut
3218 4315 3364 4365 tanto
3390 4322 3572 4382 postea
3592 4316 3743 4374 dono

2151 4375 2445 4436 Salvatoris
2464 4383 2677 4453 ingrati,
2698 4389 2971 4446 mortifero
2994 4393 3172 4465 aliquo
3191 4375 3410 4468 peccato
3432 4418 3493 4459 se
3520 4406 3742 4463 immer-

2155 4470 2360 4525 serint:
2393 4475 2567 4543 qualia
2594 4489 2715 4533 sunt
2754 4481 2838 4535 vel
2873 4482 3127 4541 adulteria
3147 4529 3162 4553 ,
3189 4492 3276 4546 vel
3303 4492 3583 4553 homicidia
3605 4541 3621 4568 ,
3654 4503 3739 4558 vel

2149 4560 2262 4631 ipsa
2291 4563 2571 4636 discessio,
2611 4572 2726 4626 sive
2748 4575 2893 4629 omni
2920 4577 3081 4634 modo
3119 4596 3152 4637 a
3178 4587 3395 4643 nomine
3418 4589 3736 4660 christiano,

2147 4656 2261 4712 sive
2287 4674 2320 4715 a
2348 4661 2609 4719 catholica
2650 4665 2906 4724 Ecclesia.
2946 4672 3053 4728 Sed
3080 4674 3183 4731 iste
3216 4692 3406 4737 sensus
3434 4685 3577 4741 unde
3606 4656 3736 4756 pro;

2146 4747 2261 4804 bari
2287 4754 2471 4821 possit,
2504 4755 2691 4823 ignoro
2722 4775 2736 4809 :
2767 4774 2888 4814 cum
2933 4771 2988 4818 ct
3027 4767 3355 4834 paenitentia:
3397 4747 3739 4848 quorumque

2144 4842 2427 4900 criminum
2449 4850 2596 4902 locus
2619 4848 2674 4903 in
2694 4849 2935 4909 Ecclesia
2959 4870 3066 4911 non
3096 4868 3350 4931 negetur;
3374 4842 3431 4921 ei
3452 4869 3597 4937 ipsos
3619 4842 3736 4926 ιη’ω.

2143 4935 2338 4991 reticos
2364 4937 2434 4991 ad
2466 4937 2570 4993 hoc
2613 4940 2794 5010 utique
2835 4946 3204 5015 corripiendos
3245 4953 3389 5011 dicat
3415 4935 3731 5030 Apostolus,

2144 5022 2228 5078 Ne
2263 5028 2395 5096 forte
2419 5026 2503 5081 det
2544 5029 2647 5083 illis
2674 5029 2814 5087 Deus
2842 5038 3183 5106 penitentiam
3224 5044 3293 5098 ad
3330 5022 3735 5119 cognbscendani
3782 5030 3800 5052 ⁷

2139 5116 2418 5183 ueritatem,
2447 5127 2491 5172 et
2514 5120 2811 5192 resipiscam
2837 5143 2870 5179 a
2899 5127 3087 5185 diaboli
3114 5133 3324 5204 laqueis,
3349 5116 3516 5210 avquo
3542 5148 3735 5214 captivi

2139 5212 2369 5261 tenentur
2388 5211 2664 5273 secundum
2678 5215 2838 5284 ipsius
2860 5219 3166 5278 voluntatem
3187 5227 3251 5297 (ll
3273 5227 3406 5286 Tim.
3431 5236 3584 5303 ",35,
3606 5211 3727 5307 96).

2140 5296 2270 5367 Quis
2291 5301 2433 5355 enim
2456 5311 2538 5358 est
2556 5302 2762 5361 fructus
2785 5316 3134 5370 correctionis
3153 5319 3268 5376 sine
3294 5323 3403 5379 ulla
3433 5340 3527 5395 spe
3545 5334 3731 5387 remis-
3800 5334 3811 5343 “

2137 5388 2326 5446 sionis?
2337 5391 2613 5449 Postremo
2630 5411 2735 5451 non
2755 5399 2829 5454 ait
2846 5402 3226 5476 Dominus,Qni
3244 5411 3412 5468 fidelis
3426 5388 3727 5480 catholicus

2136 5480 2331 5538 dixerit
2346 5484 2565 5540 verbum
2582 5497 2763 5543 contra
2781 5491 3035 5562 Spiritum
3054 5510 3329 5570 sanctum;
3348 5508 3575 5574 sed,Qui
3585 5512 3725 5568 dixe-

2135 5574 2222 5639 rit,
2243 5575 2344 5633 hoc
2359 5587 2460 5645 est,
2483 5582 2704 5651 quilibet
2720 5584 2933 5656 dixerit,
2951 5592 3268 5665 quicumque
3284 5597 3498 5667 dixerit,
3520 5620 3620 5659 non
3642 5623 3726 5660 re-

2134 5667 2354 5722 mittetur
2370 5670 2435 5738 ei,
2452 5688 2611 5743 neque
2627 5674 2681 5728 in
2701 5675 2796 5731 hoc
2811 5680 3018 5750 swculo,
3035 5700 3192 5756 neque
3209 5688 3262 5741 in
3281 5691 3470 5761 futuro.
3490 5693 3617 5751 Sive
3634 5713 3728 5752 er-

2132 5774 2201 5831 go
2222 5761 2289 5814 sit
2318 5762 2405 5819 ille
2431 5763 2694 5836 Paganus,
2714 5769 2827 5826 sive
2840 5771 3076 5842 Iudaeus,
3097 5778 3208 5835 sive
3227 5780 3553 5842 Christianus
3571 5834 3588 5858 ,
3609 5788 3731 5844 sive

2135 5867 2203 5908 ex
2229 5852 2428 5911 Judaais
2454 5858 2535 5914 vel
2563 5858 2879 5921 Christianis
2925 5867 3241 5939 haereticus,
3291 5876 3403 5932 sive
3441 5852 3739 5941 quodlibet
