  <div class='ocr_page' id='page_1' title='image "/cluster/home/n/w/nwhite01/storage/ocr_20150623/38/hvd.32044015706294/230.png"; bbox 0 0 4032 6332; ppageno 0'>
   <div class='ocr_carea' id='block_1_1' title="bbox 253 467 359 526">
    <p class='ocr_par' dir='ltr' id='par_1_1' title="bbox 253 467 359 526">
     <span class='ocr_line' id='line_1_1' title="bbox 253 467 359 526; baseline 0 0"><span class='ocrx_word' id='word_1_1' title='bbox 253 467 359 526; x_wconf 79' lang='grc'><strong>449</strong></span> 
     </span>
    </p>
   </div>
   <div class='ocr_carea' id='block_1_2' title="bbox 254 576 1842 645">
    <p class='ocr_par' dir='ltr' id='par_1_2' title="bbox 254 576 1842 645">
     <span class='ocr_line' id='line_1_2' title="bbox 254 576 1842 645; baseline -0.004 -7"><span class='ocrx_word' id='word_1_2' title='bbox 254 580 399 639; x_wconf 83' lang='lat' dir='ltr'><strong>aliud</strong></span> <span class='ocrx_word' id='word_1_3' title='bbox 426 580 621 641; x_wconf 86' lang='lat' dir='ltr'><strong>habeat</strong></span> <span class='ocrx_word' id='word_1_4' title='bbox 645 594 843 637; x_wconf 86' lang='lat' dir='ltr'><strong>nomen</strong></span> <span class='ocrx_word' id='word_1_5' title='bbox 872 578 1091 645; x_wconf 89' lang='lat' dir='ltr'><strong>erroris,</strong></span> <span class='ocrx_word' id='word_1_6' title='bbox 1117 592 1225 633; x_wconf 92' lang='lat' dir='ltr'><strong>non</strong></span> <span class='ocrx_word' id='word_1_7' title='bbox 1250 578 1452 633; x_wconf 88' lang='lat' dir='ltr'><strong>dictum</strong></span> <span class='ocrx_word' id='word_1_8' title='bbox 1495 583 1596 642; x_wconf 88' lang='lat' dir='ltr'><strong>est,</strong></span> <span class='ocrx_word' id='word_1_9' title='bbox 1633 576 1725 631; x_wconf 90' lang='lat' dir='ltr'><strong>llle</strong></span> <span class='ocrx_word' id='word_1_10' title='bbox 1751 584 1842 632; x_wconf 85' lang='lat' dir='ltr'><strong>aut</strong></span> 
     </span>
    </p>
   </div>
   <div class='ocr_carea' id='block_1_3' title="bbox 257 669 1838 740">
    <p class='ocr_par' dir='ltr' id='par_1_3' title="bbox 257 669 1838 740">
     <span class='ocr_line' id='line_1_3' title="bbox 257 669 1838 740; baseline -0.005 -11"><span class='ocrx_word' id='word_1_11' title='bbox 257 674 376 739; x_wconf 92' lang='lat' dir='ltr'><strong>ille;</strong></span> <span class='ocrx_word' id='word_1_12' title='bbox 403 672 520 739; x_wconf 86' lang='lat' dir='ltr'><strong>sed,</strong></span> <span class='ocrx_word' id='word_1_13' title='bbox 546 673 645 740; x_wconf 79' lang='lat' dir='ltr'><strong>Qui</strong></span> <span class='ocrx_word' id='word_1_14' title='bbox 670 671 855 727; x_wconf 57' lang='lat' dir='ltr'><strong>fuerit</strong></span> <span class='ocrx_word' id='word_1_15' title='bbox 873 671 1078 727; x_wconf 82' lang='lat' dir='ltr'><strong><em>verbum</em></strong></span> <span class='ocrx_word' id='word_1_16' title='bbox 1104 678 1281 724; x_wconf 88' lang='lat' dir='ltr'><strong>contra</strong></span> <span class='ocrx_word' id='word_1_17' title='bbox 1307 669 1558 739; x_wconf 77' lang='lat' dir='ltr'><strong>Spiritum</strong></span> <span class='ocrx_word' id='word_1_18' title='bbox 1586 676 1838 735; x_wconf 84' lang='lat' dir='ltr'><strong>sanctum,</strong></span> 
     </span>
    </p>
   </div>
   <div class='ocr_carea' id='block_1_4' title="bbox 259 760 1842 835">
    <p class='ocr_par' dir='ltr' id='par_1_4' title="bbox 259 760 1842 835">
     <span class='ocr_line' id='line_1_4' title="bbox 259 760 1842 835; baseline -0.005 -14"><span class='ocrx_word' id='word_1_19' title='bbox 259 766 312 821; x_wconf 91' lang='lat' dir='ltr'><strong>id</strong></span> <span class='ocrx_word' id='word_1_20' title='bbox 338 774 438 831; x_wconf 87' lang='lat' dir='ltr'><strong>est,</strong></span> <span class='ocrx_word' id='word_1_21' title='bbox 471 763 924 835; x_wconf 89' lang='lat' dir='ltr'><strong>blasphemaverit</strong></span> <span class='ocrx_word' id='word_1_22' title='bbox 950 763 1204 833; x_wconf 74' lang='lat' dir='ltr'><strong>Spiritum</strong></span> <span class='ocrx_word' id='word_1_23' title='bbox 1233 769 1497 829; x_wconf 89' lang='lat' dir='ltr'><strong>sanctum,</strong></span> <span class='ocrx_word' id='word_1_24' title='bbox 1536 777 1637 815; x_wconf 85' lang='lat' dir='ltr'><strong>non</strong></span> <span class='ocrx_word' id='word_1_25' title='bbox 1665 760 1842 815; x_wconf 87' lang='lat' dir='ltr'><strong>remit-</strong></span> 
     </span>
    </p>
   </div>
   <div class='ocr_carea' id='block_1_5' title="bbox 256 853 1841 928">
    <p class='ocr_par' dir='ltr' id='par_1_5' title="bbox 256 853 1841 928">
     <span class='ocr_line' id='line_1_5' title="bbox 256 853 1841 928; baseline -0.003 -17"><span class='ocrx_word' id='word_1_26' title='bbox 256 869 384 913; x_wconf 81' lang='lat' dir='ltr'><strong>tetur</strong></span> <span class='ocrx_word' id='word_1_27' title='bbox 403 859 468 924; x_wconf 88' lang='lat' dir='ltr'><strong>ei,</strong></span> <span class='ocrx_word' id='word_1_28' title='bbox 503 874 659 928; x_wconf 84' lang='lat' dir='ltr'><strong>neque</strong></span> <span class='ocrx_word' id='word_1_29' title='bbox 683 858 737 911; x_wconf 89' lang='lat' dir='ltr'><strong>in</strong></span> <span class='ocrx_word' id='word_1_30' title='bbox 759 857 853 911; x_wconf 88' lang='lat' dir='ltr'><strong>hoc</strong></span> <span class='ocrx_word' id='word_1_31' title='bbox 875 856 1082 920; x_wconf 72' lang='lat' dir='ltr'><strong>ueruto,</strong></span> <span class='ocrx_word' id='word_1_32' title='bbox 1100 871 1258 924; x_wconf 87' lang='lat' dir='ltr'><strong>neque</strong></span> <span class='ocrx_word' id='word_1_33' title='bbox 1276 854 1331 907; x_wconf 86' lang='lat' dir='ltr'><strong>in</strong></span> <span class='ocrx_word' id='word_1_34' title='bbox 1354 853 1720 923; x_wconf 83' lang='lat' dir='ltr'><strong>{uturo.Porro</strong></span> <span class='ocrx_word' id='word_1_35' title='bbox 1743 867 1841 907; x_wconf 87' lang='lat' dir='ltr'><strong>au-</strong></span> 
     </span>
    </p>
   </div>
   <div class='ocr_carea' id='block_1_6' title="bbox 255 944 1843 1005">
    <p class='ocr_par' dir='ltr' id='par_1_6' title="bbox 255 944 1843 1005">
     <span class='ocr_line' id='line_1_6' title="bbox 255 944 1843 1005; baseline -0.004 0"><span class='ocrx_word' id='word_1_36' title='bbox 255 959 360 1005; x_wconf 86' lang='lat' dir='ltr'><strong>tem</strong></span> <span class='ocrx_word' id='word_1_37' title='bbox 390 950 436 1004; x_wconf 88' lang='lat' dir='ltr'><strong>si</strong></span> <span class='ocrx_word' id='word_1_38' title='bbox 463 949 641 1005; x_wconf 90' lang='lat' dir='ltr'><strong>omnis</strong></span> <span class='ocrx_word' id='word_1_39' title='bbox 667 962 820 1004; x_wconf 89' lang='lat' dir='ltr'><strong>error</strong></span> <span class='ocrx_word' id='word_1_40' title='bbox 844 949 1143 1003; x_wconf 89' lang='lat' dir='ltr'><strong>contrarius</strong></span> <span class='ocrx_word' id='word_1_41' title='bbox 1166 944 1377 1002; x_wconf 75' lang='lat' dir='ltr'><strong>veritati</strong></span> <span class='ocrx_word' id='word_1_42' title='bbox 1403 953 1459 1002; x_wconf 89' lang='lat' dir='ltr'><strong>et</strong></span> <span class='ocrx_word' id='word_1_43' title='bbox 1486 944 1728 1000; x_wconf 89' lang='lat' dir='ltr'><strong>inimicus</strong></span> <span class='ocrx_word' id='word_1_44' title='bbox 1753 958 1843 998; x_wconf 88' lang='lat' dir='ltr'><strong>ca-</strong></span> 
     </span>
    </p>
   </div>
   <div class='ocr_carea' id='block_1_7' title="bbox 256 1038 1839 1112">
    <p class='ocr_par' dir='ltr' id='par_1_7' title="bbox 256 1038 1839 1112">
     <span class='ocr_line' id='line_1_7' title="bbox 256 1038 1839 1112; baseline -0.003 -16"><span class='ocrx_word' id='word_1_45' title='bbox 256 1041 466 1097; x_wconf 65' lang='lat' dir='ltr'><strong>tholicae</strong></span> <span class='ocrx_word' id='word_1_46' title='bbox 504 1044 652 1112; x_wconf 86' lang='lat' dir='ltr'><strong>paci,</strong></span> <span class='ocrx_word' id='word_1_47' title='bbox 694 1040 832 1097; x_wconf 90' lang='lat' dir='ltr'><strong>sicut</strong></span> <span class='ocrx_word' id='word_1_48' title='bbox 858 1056 1020 1111; x_wconf 81' lang='lat' dir='ltr'><strong>supra</strong></span> <span class='ocrx_word' id='word_1_49' title='bbox 1046 1040 1379 1097; x_wconf 87' lang='lat' dir='ltr'><strong>ostendimus</strong></span> <span class='ocrx_word' id='word_1_50' title='bbox 1402 1081 1418 1106; x_wconf 94' lang='lat'><strong>,</strong></span> <span class='ocrx_word' id='word_1_51' title='bbox 1465 1038 1594 1095; x_wconf 87' lang='lat' dir='ltr'><strong>dicit</strong></span> <span class='ocrx_word' id='word_1_52' title='bbox 1620 1039 1839 1093; x_wconf 83' lang='lat' dir='ltr'><strong>verbum</strong></span> 
     </span>
    </p>
   </div>
   <div class='ocr_carea' id='block_1_8' title="bbox 251 1130 1840 1204">
    <p class='ocr_par' dir='ltr' id='par_1_8' title="bbox 251 1130 1840 1204">
     <span class='ocr_line' id='line_1_8' title="bbox 251 1130 1840 1204; baseline -0.004 -14"><span class='ocrx_word' id='word_1_53' title='bbox 251 1144 439 1190; x_wconf 86' lang='lat' dir='ltr'><strong>contra</strong></span> <span class='ocrx_word' id='word_1_54' title='bbox 458 1134 716 1204; x_wconf 87' lang='lat' dir='ltr'><strong>Spiritum</strong></span> <span class='ocrx_word' id='word_1_55' title='bbox 745 1142 1009 1201; x_wconf 90' lang='lat' dir='ltr'><strong>sanctum,</strong></span> <span class='ocrx_word' id='word_1_56' title='bbox 1041 1149 1141 1189; x_wconf 91' lang='lat' dir='ltr'><strong>nec</strong></span> <span class='ocrx_word' id='word_1_57' title='bbox 1170 1142 1347 1188; x_wconf 89' lang='lat' dir='ltr'><strong>tamen</strong></span> <span class='ocrx_word' id='word_1_58' title='bbox 1389 1140 1564 1187; x_wconf 85' lang='lat' dir='ltr'><strong>cessat</strong></span> <span class='ocrx_word' id='word_1_59' title='bbox 1604 1130 1840 1185; x_wconf 78' lang='lat' dir='ltr'><strong>Ecclesia</strong></span> 
     </span>
    </p>
   </div>
   <div class='ocr_carea' id='block_1_9' title="bbox 250 1224 1840 1301">
    <p class='ocr_par' dir='ltr' id='par_1_9' title="bbox 250 1224 1840 1301">
     <span class='ocr_line' id='line_1_9' title="bbox 250 1224 1840 1301; baseline -0.004 -18"><span class='ocrx_word' id='word_1_60' title='bbox 250 1244 315 1283; x_wconf 91' lang='lat' dir='ltr'><strong>ex</strong></span> <span class='ocrx_word' id='word_1_61' title='bbox 349 1228 499 1301; x_wconf 88' lang='lat' dir='ltr'><strong>omni</strong></span> <span class='ocrx_word' id='word_1_62' title='bbox 530 1244 713 1284; x_wconf 89' lang='lat' dir='ltr'><strong>errore</strong></span> <span class='ocrx_word' id='word_1_63' title='bbox 739 1228 1012 1299; x_wconf 74' lang='lat' dir='ltr'><strong>corrigere</strong></span> <span class='ocrx_word' id='word_1_64' title='bbox 1040 1238 1197 1298; x_wconf 89' lang='lat' dir='ltr'><strong>atque</strong></span> <span class='ocrx_word' id='word_1_65' title='bbox 1225 1228 1490 1297; x_wconf 82' lang='lat' dir='ltr'><strong>colligere,</strong></span> <span class='ocrx_word' id='word_1_66' title='bbox 1531 1224 1617 1295; x_wconf 90' lang='lat' dir='ltr'><strong>qui</strong></span> <span class='ocrx_word' id='word_1_67' title='bbox 1648 1224 1840 1279; x_wconf 89' lang='lat' dir='ltr'><strong>remis-</strong></span> 
     </span>
    </p>
   </div>
   <div class='ocr_carea' id='block_1_10' title="bbox 249 1316 1843 1392">
    <p class='ocr_par' dir='ltr' id='par_1_10' title="bbox 249 1316 1843 1392">
     <span class='ocr_line' id='line_1_10' title="bbox 249 1316 1843 1392; baseline -0.004 -16"><span class='ocrx_word' id='word_1_68' title='bbox 249 1323 459 1376; x_wconf 85' lang='lat' dir='ltr'><strong>sionem</strong></span> <span class='ocrx_word' id='word_1_69' title='bbox 488 1330 832 1392; x_wconf 86' lang='lat' dir='ltr'><strong>peccatorum</strong></span> <span class='ocrx_word' id='word_1_70' title='bbox 862 1330 917 1375; x_wconf 92' lang='lat' dir='ltr'><strong>et</strong></span> <span class='ocrx_word' id='word_1_71' title='bbox 952 1321 1125 1389; x_wconf 92' lang='lat' dir='ltr'><strong>ipsum</strong></span> <span class='ocrx_word' id='word_1_72' title='bbox 1155 1334 1313 1389; x_wconf 84' lang='lat' dir='ltr'><strong>quem</strong></span> <span class='ocrx_word' id='word_1_73' title='bbox 1342 1316 1843 1387; x_wconf 90' lang='lat' dir='ltr'><strong>blasphemaverant</strong></span> 
     </span>
    </p>
   </div>
   <div class='ocr_carea' id='block_1_11' title="bbox 248 1408 1842 1484">
    <p class='ocr_par' dir='ltr' id='par_1_11' title="bbox 248 1408 1842 1484">
     <span class='ocr_line' id='line_1_11' title="bbox 248 1408 1842 1484; baseline -0.004 -17"><span class='ocrx_word' id='word_1_74' title='bbox 248 1414 518 1484; x_wconf 80' lang='lat' dir='ltr'><strong>accipiant</strong></span> <span class='ocrx_word' id='word_1_75' title='bbox 540 1413 798 1483; x_wconf 89' lang='lat' dir='ltr'><strong>Spiritum</strong></span> <span class='ocrx_word' id='word_1_76' title='bbox 828 1421 1099 1477; x_wconf 90' lang='lat' dir='ltr'><strong>sanctum;</strong></span> <span class='ocrx_word' id='word_1_77' title='bbox 1126 1419 1252 1481; x_wconf 91' lang='lat' dir='ltr'><strong>puto</strong></span> <span class='ocrx_word' id='word_1_78' title='bbox 1274 1410 1416 1480; x_wconf 90' lang='lat' dir='ltr'><strong>quod</strong></span> <span class='ocrx_word' id='word_1_79' title='bbox 1441 1408 1641 1479; x_wconf 83' lang='lat' dir='ltr'><strong>grande</strong></span> <span class='ocrx_word' id='word_1_80' title='bbox 1665 1422 1842 1463; x_wconf 85' lang='lat' dir='ltr'><strong>secre-</strong></span> 
     </span>
    </p>
   </div>
   <div class='ocr_carea' id='block_1_12' title="bbox 249 1500 1844 1577">
    <p class='ocr_par' dir='ltr' id='par_1_12' title="bbox 249 1500 1844 1577">
     <span class='ocr_line' id='line_1_12' title="bbox 249 1500 1844 1577; baseline -0.004 -16"><span class='ocrx_word' id='word_1_81' title='bbox 249 1514 364 1561; x_wconf 88' lang='lat' dir='ltr'><strong>tum</strong></span> <span class='ocrx_word' id='word_1_82' title='bbox 412 1515 523 1561; x_wconf 89' lang='lat' dir='ltr'><strong>tam</strong></span> <span class='ocrx_word' id='word_1_83' title='bbox 568 1520 776 1577; x_wconf 84' lang='lat' dir='ltr'><strong>magnae</strong></span> <span class='ocrx_word' id='word_1_84' title='bbox 805 1504 961 1575; x_wconf 85' lang='lat' dir='ltr'><strong>hujus</strong></span> <span class='ocrx_word' id='word_1_85' title='bbox 988 1504 1301 1574; x_wconf 64' lang='lat' dir='ltr'><strong>quaestionis</strong></span> <span class='ocrx_word' id='word_1_86' title='bbox 1346 1501 1696 1558; x_wconf 83' lang='lat' dir='ltr'><strong>ostendimus.</strong></span> <span class='ocrx_word' id='word_1_87' title='bbox 1738 1500 1844 1555; x_wconf 87' lang='lat' dir='ltr'><strong>Lu-</strong></span> 
     </span>
    </p>
   </div>
   <div class='ocr_carea' id='block_1_13' title="bbox 245 1594 1601 1669">
    <p class='ocr_par' dir='ltr' id='par_1_13' title="bbox 245 1594 1601 1669">
     <span class='ocr_line' id='line_1_13' title="bbox 245 1594 1601 1669; baseline -0.005 -17"><span class='ocrx_word' id='word_1_88' title='bbox 245 1613 377 1655; x_wconf 87' lang='lat' dir='ltr'><strong>men</strong></span> <span class='ocrx_word' id='word_1_89' title='bbox 409 1613 540 1669; x_wconf 88' lang='lat' dir='ltr'><strong>ergo</strong></span> <span class='ocrx_word' id='word_1_90' title='bbox 564 1596 915 1667; x_wconf 83' lang='lat' dir='ltr'><strong>expositionis</strong></span> <span class='ocrx_word' id='word_1_91' title='bbox 941 1611 970 1650; x_wconf 90' lang='lat' dir='ltr'><strong>a</strong></span> <span class='ocrx_word' id='word_1_92' title='bbox 1001 1595 1225 1651; x_wconf 91' lang='lat' dir='ltr'><strong>Domino</strong></span> <span class='ocrx_word' id='word_1_93' title='bbox 1250 1594 1601 1664; x_wconf 86' lang='lat' dir='ltr'><strong>requiramus.</strong></span> 
     </span>
    </p>
   </div>
   <div class='ocr_carea' id='block_1_14' title="bbox 328 1684 1841 1756">
    <p class='ocr_par' dir='ltr' id='par_1_14' title="bbox 328 1684 1841 1756">
     <span class='ocr_line' id='line_1_14' title="bbox 328 1684 1841 1756; baseline -0.004 -11"><span class='ocrx_word' id='word_1_94' title='bbox 328 1688 559 1745; x_wconf 84' lang='lat' dir='ltr'><strong>CAPUT</strong></span> <span class='ocrx_word' id='word_1_95' title='bbox 621 1689 687 1744; x_wconf 76' lang='grc' dir='ltr'><strong>ν.</strong></span> <span class='ocrx_word' id='word_1_96' title='bbox 724 1718 795 1731; x_wconf 91' lang='lat'><strong><em>—</em></strong></span> <span class='ocrx_word' id='word_1_97' title='bbox 846 1688 901 1745; x_wconf 91' lang='lat'><strong>8.</strong></span> <span class='ocrx_word' id='word_1_98' title='bbox 948 1688 1171 1756; x_wconf 66' lang='lat' dir='ltr'><strong>Quaestio</strong></span> <span class='ocrx_word' id='word_1_99' title='bbox 1222 1688 1445 1742; x_wconf 87' lang='lat' dir='ltr'><strong>omnium</strong></span> <span class='ocrx_word' id='word_1_100' title='bbox 1524 1684 1841 1756; x_wconf 63' lang='lat' dir='ltr'><strong>diﬁciuima.</strong></span> 
     </span>
    </p>
   </div>
   <div class='ocr_carea' id='block_1_15' title="bbox 246 1777 1845 1852">
    <p class='ocr_par' dir='ltr' id='par_1_15' title="bbox 246 1777 1845 1852">
     <span class='ocr_line' id='line_1_15' title="bbox 246 1777 1845 1852; baseline -0.003 -17"><span class='ocrx_word' id='word_1_101' title='bbox 246 1780 460 1852; x_wconf 86' lang='lat' dir='ltr'><strong>Erigite</strong></span> <span class='ocrx_word' id='word_1_102' title='bbox 485 1781 685 1851; x_wconf 87' lang='lat' dir='ltr'><strong>itaque,</strong></span> <span class='ocrx_word' id='word_1_103' title='bbox 712 1779 923 1842; x_wconf 85' lang='lat' dir='ltr'><strong>fratres,</strong></span> <span class='ocrx_word' id='word_1_104' title='bbox 956 1781 1141 1848; x_wconf 86' lang='lat' dir='ltr'><strong>erigite</strong></span> <span class='ocrx_word' id='word_1_105' title='bbox 1165 1779 1230 1834; x_wconf 89' lang='lat' dir='ltr'><strong>ad</strong></span> <span class='ocrx_word' id='word_1_106' title='bbox 1255 1795 1341 1833; x_wconf 91' lang='lat' dir='ltr'><strong>me</strong></span> <span class='ocrx_word' id='word_1_107' title='bbox 1370 1794 1545 1845; x_wconf 89' lang='lat' dir='ltr'><strong>aures,</strong></span> <span class='ocrx_word' id='word_1_108' title='bbox 1573 1778 1641 1832; x_wconf 91' lang='lat' dir='ltr'><strong>ad</strong></span> <span class='ocrx_word' id='word_1_109' title='bbox 1666 1777 1845 1833; x_wconf 86' lang='lat' dir='ltr'><strong>Domi-</strong></span> 
     </span>
    </p>
   </div>
   <div class='ocr_carea' id='block_1_16' title="bbox 248 1872 1843 1930">
    <p class='ocr_par' dir='ltr' id='par_1_16' title="bbox 248 1872 1843 1930">
     <span class='ocr_line' id='line_1_16' title="bbox 248 1872 1843 1930; baseline -0.001 -3"><span class='ocrx_word' id='word_1_110' title='bbox 248 1891 387 1929; x_wconf 90' lang='lat' dir='ltr'><strong>num</strong></span> <span class='ocrx_word' id='word_1_111' title='bbox 417 1883 645 1930; x_wconf 88' lang='lat' dir='ltr'><strong>mentes.</strong></span> <span class='ocrx_word' id='word_1_112' title='bbox 690 1874 818 1928; x_wconf 89' lang='lat' dir='ltr'><strong>Dico</strong></span> <span class='ocrx_word' id='word_1_113' title='bbox 851 1874 1106 1928; x_wconf 73' lang='lat' dir='ltr'><strong>Charitati</strong></span> <span class='ocrx_word' id='word_1_114' title='bbox 1146 1882 1373 1928; x_wconf 68' lang='lat' dir='ltr'><strong>vestrm:</strong></span> <span class='ocrx_word' id='word_1_115' title='bbox 1406 1872 1543 1927; x_wconf 90' lang='lat' dir='ltr'><strong>forte</strong></span> <span class='ocrx_word' id='word_1_116' title='bbox 1582 1873 1637 1927; x_wconf 93' lang='lat' dir='ltr'><strong>in</strong></span> <span class='ocrx_word' id='word_1_117' title='bbox 1665 1872 1843 1927; x_wconf 89' lang='lat' dir='ltr'><strong>omni-</strong></span> 
     </span>
    </p>
   </div>
   <div class='ocr_carea' id='block_1_17' title="bbox 246 1962 1843 2036">
    <p class='ocr_par' dir='ltr' id='par_1_17' title="bbox 246 1962 1843 2036">
     <span class='ocr_line' id='line_1_17' title="bbox 246 1962 1843 2036; baseline -0.004 -15"><span class='ocrx_word' id='word_1_118' title='bbox 246 1966 359 2021; x_wconf 85' lang='lat' dir='ltr'><strong>bus</strong></span> <span class='ocrx_word' id='word_1_119' title='bbox 388 1967 591 2022; x_wconf 88' lang='lat' dir='ltr'><strong>sanctis</strong></span> <span class='ocrx_word' id='word_1_120' title='bbox 618 1965 905 2036; x_wconf 88' lang='lat' dir='ltr'><strong>Scripturis</strong></span> <span class='ocrx_word' id='word_1_121' title='bbox 930 1965 1073 2020; x_wconf 91' lang='lat' dir='ltr'><strong>nulla</strong></span> <span class='ocrx_word' id='word_1_122' title='bbox 1104 1964 1275 2034; x_wconf 88' lang='lat' dir='ltr'><strong>major</strong></span> <span class='ocrx_word' id='word_1_123' title='bbox 1299 1964 1542 2034; x_wconf 66' lang='lat' dir='ltr'><strong>quaasuo,</strong></span> <span class='ocrx_word' id='word_1_124' title='bbox 1575 1963 1717 2018; x_wconf 87' lang='lat' dir='ltr'><strong>nulla</strong></span> <span class='ocrx_word' id='word_1_125' title='bbox 1742 1962 1843 2017; x_wconf 84' lang='lat' dir='ltr'><strong>dif-</strong></span> 
     </span>
    </p>
   </div>
   <div class='ocr_carea' id='block_1_18' title="bbox 249 2054 1844 2125">
    <p class='ocr_par' dir='ltr' id='par_1_18' title="bbox 249 2054 1844 2125">
     <span class='ocr_line' id='line_1_18' title="bbox 249 2054 1844 2125; baseline -0.001 -16"><span class='ocrx_word' id='word_1_126' title='bbox 249 2056 456 2112; x_wconf 82' lang='lat' dir='ltr'><strong>ficilior</strong></span> <span class='ocrx_word' id='word_1_127' title='bbox 484 2057 770 2112; x_wconf 84' lang='lat' dir='ltr'><strong>invenitur.</strong></span> <span class='ocrx_word' id='word_1_128' title='bbox 803 2056 955 2112; x_wconf 87' lang='lat' dir='ltr'><strong>Unde</strong></span> <span class='ocrx_word' id='word_1_129' title='bbox 986 2065 1040 2111; x_wconf 93' lang='lat' dir='ltr'><strong>ut</strong></span> <span class='ocrx_word' id='word_1_130' title='bbox 1070 2056 1221 2110; x_wconf 87' lang='lat' dir='ltr'><strong>vobis</strong></span> <span class='ocrx_word' id='word_1_131' title='bbox 1254 2054 1453 2125; x_wconf 90' lang='lat' dir='ltr'><strong>aliquid</strong></span> <span class='ocrx_word' id='word_1_132' title='bbox 1487 2054 1555 2109; x_wconf 90' lang='lat' dir='ltr'><strong>de</strong></span> <span class='ocrx_word' id='word_1_133' title='bbox 1596 2070 1682 2109; x_wconf 91' lang='lat' dir='ltr'><strong>me</strong></span> <span class='ocrx_word' id='word_1_134' title='bbox 1729 2054 1844 2123; x_wconf 92' lang='lat' dir='ltr'><strong>ipso</strong></span> 
     </span>
    </p>
   </div>
   <div class='ocr_carea' id='block_1_19' title="bbox 248 2147 1844 2221">
    <p class='ocr_par' dir='ltr' id='par_1_19' title="bbox 248 2147 1844 2221">
     <span class='ocr_line' id='line_1_19' title="bbox 248 2147 1844 2221; baseline -0.001 -19"><span class='ocrx_word' id='word_1_135' title='bbox 248 2149 451 2217; x_wconf 85' lang='lat' dir='ltr'><strong>fatear,</strong></span> <span class='ocrx_word' id='word_1_136' title='bbox 484 2165 696 2221; x_wconf 85' lang='lat' dir='ltr'><strong>semper</strong></span> <span class='ocrx_word' id='word_1_137' title='bbox 719 2150 771 2205; x_wconf 90' lang='lat' dir='ltr'><strong>iu</strong></span> <span class='ocrx_word' id='word_1_138' title='bbox 809 2150 1145 2206; x_wconf 87' lang='lat' dir='ltr'><strong>sermonibus</strong></span> <span class='ocrx_word' id='word_1_139' title='bbox 1175 2165 1309 2220; x_wconf 91' lang='lat' dir='ltr'><strong>quos</strong></span> <span class='ocrx_word' id='word_1_140' title='bbox 1350 2149 1415 2203; x_wconf 87' lang='lat' dir='ltr'><strong>ad</strong></span> <span class='ocrx_word' id='word_1_141' title='bbox 1452 2149 1702 2219; x_wconf 89' lang='lat' dir='ltr'><strong>populum</strong></span> <span class='ocrx_word' id='word_1_142' title='bbox 1750 2147 1844 2201; x_wconf 81' lang='lat' dir='ltr'><strong>ha—</strong></span> 
     </span>
    </p>
   </div>
   <div class='ocr_carea' id='block_1_20' title="bbox 245 2239 1845 2312">
    <p class='ocr_par' dir='ltr' id='par_1_20' title="bbox 245 2239 1845 2312">
     <span class='ocr_line' id='line_1_20' title="bbox 245 2239 1845 2312; baseline -0.001 -17"><span class='ocrx_word' id='word_1_143' title='bbox 245 2240 370 2305; x_wconf 82' lang='lat' dir='ltr'><strong>bui,</strong></span> <span class='ocrx_word' id='word_1_144' title='bbox 402 2242 559 2312; x_wconf 87' lang='lat' dir='ltr'><strong>hujus</strong></span> <span class='ocrx_word' id='word_1_145' title='bbox 588 2241 894 2312; x_wconf 67' lang='lat' dir='ltr'><strong>quaestionis</strong></span> <span class='ocrx_word' id='word_1_146' title='bbox 942 2240 1307 2296; x_wconf 84' lang='lat' dir='ltr'><strong>difﬁcultatem</strong></span> <span class='ocrx_word' id='word_1_147' title='bbox 1335 2239 1737 2310; x_wconf 83' lang='lat' dir='ltr'><strong>molestiamque</strong></span> <span class='ocrx_word' id='word_1_148' title='bbox 1763 2239 1845 2293; x_wconf 87' lang='lat' dir='ltr'><strong>vi-</strong></span> 
     </span>
    </p>
   </div>
   <div class='ocr_carea' id='block_1_21' title="bbox 248 2331 1847 2404">
    <p class='ocr_par' dir='ltr' id='par_1_21' title="bbox 248 2331 1847 2404">
     <span class='ocr_line' id='line_1_21' title="bbox 248 2331 1847 2404; baseline -0.001 -17"><span class='ocrx_word' id='word_1_149' title='bbox 248 2337 368 2388; x_wconf 83' lang='lat' dir='ltr'><strong>tavi</strong></span> <span class='ocrx_word' id='word_1_150' title='bbox 393 2353 410 2387; x_wconf 86' lang='lat'>:</span> <span class='ocrx_word' id='word_1_151' title='bbox 446 2350 551 2389; x_wconf 92' lang='lat' dir='ltr'><strong>non</strong></span> <span class='ocrx_word' id='word_1_152' title='bbox 594 2334 717 2404; x_wconf 83' lang='lat' dir='ltr'><strong>quia</strong></span> <span class='ocrx_word' id='word_1_153' title='bbox 749 2334 876 2388; x_wconf 89' lang='lat' dir='ltr'><strong>nihil</strong></span> <span class='ocrx_word' id='word_1_154' title='bbox 917 2332 1170 2389; x_wconf 89' lang='lat' dir='ltr'><strong>haberem</strong></span> <span class='ocrx_word' id='word_1_155' title='bbox 1214 2331 1356 2402; x_wconf 91' lang='lat' dir='ltr'><strong>quod</strong></span> <span class='ocrx_word' id='word_1_156' title='bbox 1401 2333 1522 2387; x_wconf 91' lang='lat' dir='ltr'><strong>inde</strong></span> <span class='ocrx_word' id='word_1_157' title='bbox 1560 2340 1847 2399; x_wconf 89' lang='lat' dir='ltr'><strong>utcumque</strong></span> 
     </span>
    </p>
   </div>
   <div class='ocr_carea' id='block_1_22' title="bbox 247 2427 1841 2496">
    <p class='ocr_par' dir='ltr' id='par_1_22' title="bbox 247 2427 1841 2496">
     <span class='ocr_line' id='line_1_22' title="bbox 247 2427 1841 2496; baseline -0.003 -16"><span class='ocrx_word' id='word_1_158' title='bbox 247 2427 585 2496; x_wconf 79' lang='lat' dir='ltr'><strong>cogitarem;</strong></span> <span class='ocrx_word' id='word_1_159' title='bbox 615 2442 786 2496; x_wconf 91' lang='lat' dir='ltr'><strong>neque</strong></span> <span class='ocrx_word' id='word_1_160' title='bbox 814 2427 956 2481; x_wconf 89' lang='lat' dir='ltr'><strong>enim</strong></span> <span class='ocrx_word' id='word_1_161' title='bbox 986 2428 1037 2479; x_wconf 93' lang='lat' dir='ltr'><strong>in</strong></span> <span class='ocrx_word' id='word_1_162' title='bbox 1070 2441 1129 2480; x_wconf 92' lang='lat' dir='ltr'><strong>re</strong></span> <span class='ocrx_word' id='word_1_163' title='bbox 1159 2433 1300 2479; x_wconf 89' lang='lat' dir='ltr'><strong>tanta</strong></span> <span class='ocrx_word' id='word_1_164' title='bbox 1332 2434 1541 2493; x_wconf 85' lang='lat' dir='ltr'><strong>petere,</strong></span> <span class='ocrx_word' id='word_1_165' title='bbox 1582 2438 1841 2493; x_wconf 71' lang='lat' dir='ltr'><strong>quaerere,</strong></span> 
     </span>
    </p>
   </div>
   <div class='ocr_carea' id='block_1_23' title="bbox 246 2515 1847 2590">
    <p class='ocr_par' dir='ltr' id='par_1_23' title="bbox 246 2515 1847 2590">
     <span class='ocr_line' id='line_1_23' title="bbox 246 2515 1847 2590; baseline -0.002 -18"><span class='ocrx_word' id='word_1_166' title='bbox 246 2519 479 2589; x_wconf 86' lang='lat' dir='ltr'><strong>pulsare</strong></span> <span class='ocrx_word' id='word_1_167' title='bbox 501 2518 826 2590; x_wconf 85' lang='lat' dir='ltr'><strong>negligerem</strong></span> <span class='ocrx_word' id='word_1_168' title='bbox 859 2534 872 2570; x_wconf 91' lang='lat'><strong>:</strong></span> <span class='ocrx_word' id='word_1_169' title='bbox 906 2516 998 2572; x_wconf 85' lang='lat' dir='ltr'><strong>sed</strong></span> <span class='ocrx_word' id='word_1_170' title='bbox 1024 2517 1147 2587; x_wconf 86' lang='lat' dir='ltr'><strong>quia</strong></span> <span class='ocrx_word' id='word_1_171' title='bbox 1177 2516 1275 2585; x_wconf 88' lang='lat' dir='ltr'><strong>ipsi</strong></span> <span class='ocrx_word' id='word_1_172' title='bbox 1306 2515 1662 2585; x_wconf 64' lang='lat' dir='ltr'><strong>intelligentia:</strong></span> <span class='ocrx_word' id='word_1_173' title='bbox 1683 2555 1697 2580; x_wconf 90' lang='lat'><strong>,</strong></span> <span class='ocrx_word' id='word_1_174' title='bbox 1729 2529 1847 2584; x_wconf 61' lang='lat' dir='ltr'><strong>quae</strong></span> 
     </span>
    </p>
   </div>
   <div class='ocr_carea' id='block_1_24' title="bbox 248 2608 1846 2682">
    <p class='ocr_par' dir='ltr' id='par_1_24' title="bbox 248 2608 1846 2682">
     <span class='ocr_line' id='line_1_24' title="bbox 248 2608 1846 2682; baseline -0.003 -17"><span class='ocrx_word' id='word_1_175' title='bbox 248 2611 394 2666; x_wconf 88' lang='lat' dir='ltr'><strong>mihi</strong></span> <span class='ocrx_word' id='word_1_176' title='bbox 424 2612 749 2682; x_wconf 87' lang='lat' dir='ltr'><strong>aliquantum</strong></span> <span class='ocrx_word' id='word_1_177' title='bbox 776 2611 1131 2681; x_wconf 88' lang='lat' dir='ltr'><strong>aperiebatur,</strong></span> <span class='ocrx_word' id='word_1_178' title='bbox 1154 2609 1325 2664; x_wconf 86' lang='lat' dir='ltr'><strong>verbis</strong></span> <span class='ocrx_word' id='word_1_179' title='bbox 1348 2608 1413 2663; x_wconf 90' lang='lat' dir='ltr'><strong>ad</strong></span> <span class='ocrx_word' id='word_1_180' title='bbox 1444 2608 1629 2662; x_wconf 89' lang='lat' dir='ltr'><strong>horam</strong></span> <span class='ocrx_word' id='word_1_181' title='bbox 1659 2622 1846 2662; x_wconf 89' lang='lat' dir='ltr'><strong>oecur-</strong></span> 
     </span>
    </p>
   </div>
   <div class='ocr_carea' id='block_1_25' title="bbox 247 2702 1848 2774">
    <p class='ocr_par' dir='ltr' id='par_1_25' title="bbox 247 2702 1848 2774">
     <span class='ocr_line' id='line_1_25' title="bbox 247 2702 1848 2774; baseline -0.002 -15"><span class='ocrx_word' id='word_1_182' title='bbox 247 2703 513 2759; x_wconf 85' lang='lat' dir='ltr'><strong>rentibus</strong></span> <span class='ocrx_word' id='word_1_183' title='bbox 541 2718 627 2759; x_wconf 89' lang='lat' dir='ltr'><strong>me</strong></span> <span class='ocrx_word' id='word_1_184' title='bbox 652 2718 809 2774; x_wconf 89' lang='lat' dir='ltr'><strong>posse</strong></span> <span class='ocrx_word' id='word_1_185' title='bbox 837 2703 1081 2759; x_wconf 85' lang='lat' dir='ltr'><strong>sufﬁcere</strong></span> <span class='ocrx_word' id='word_1_186' title='bbox 1109 2718 1214 2757; x_wconf 93' lang='lat' dir='ltr'><strong>non</strong></span> <span class='ocrx_word' id='word_1_187' title='bbox 1245 2712 1504 2772; x_wconf 88' lang='lat' dir='ltr'><strong>putarem.</strong></span> <span class='ocrx_word' id='word_1_188' title='bbox 1544 2702 1713 2757; x_wconf 86' lang='lat' dir='ltr'><strong>Hodie</strong></span> <span class='ocrx_word' id='word_1_189' title='bbox 1749 2716 1848 2755; x_wconf 89' lang='lat' dir='ltr'><strong>au-</strong></span> 
     </span>
    </p>
   </div>
   <div class='ocr_carea' id='block_1_26' title="bbox 250 2793 1849 2865">
    <p class='ocr_par' dir='ltr' id='par_1_26' title="bbox 250 2793 1849 2865">
     <span class='ocr_line' id='line_1_26' title="bbox 250 2793 1849 2865; baseline -0.002 -15"><span class='ocrx_word' id='word_1_190' title='bbox 250 2802 374 2850; x_wconf 88' lang='lat' dir='ltr'><strong>tem</strong></span> <span class='ocrx_word' id='word_1_191' title='bbox 401 2795 663 2850; x_wconf 88' lang='lat' dir='ltr'><strong>lectiones</strong></span> <span class='ocrx_word' id='word_1_192' title='bbox 690 2794 932 2861; x_wconf 90' lang='lat' dir='ltr'><strong>audiens,</strong></span> <span class='ocrx_word' id='word_1_193' title='bbox 976 2794 1042 2849; x_wconf 92' lang='lat' dir='ltr'><strong>de</strong></span> <span class='ocrx_word' id='word_1_194' title='bbox 1083 2794 1273 2865; x_wconf 91' lang='lat' dir='ltr'><strong>quibus</strong></span> <span class='ocrx_word' id='word_1_195' title='bbox 1316 2793 1466 2848; x_wconf 91' lang='lat' dir='ltr'><strong>vobis</strong></span> <span class='ocrx_word' id='word_1_196' title='bbox 1493 2801 1634 2849; x_wconf 87' lang='lat' dir='ltr'><strong>esset</strong></span> <span class='ocrx_word' id='word_1_197' title='bbox 1674 2806 1849 2848; x_wconf 91' lang='lat' dir='ltr'><strong>sermo</strong></span> 
     </span>
    </p>
   </div>
   <div class='ocr_carea' id='block_1_27' title="bbox 251 2883 1849 2957">
    <p class='ocr_par' dir='ltr' id='par_1_27' title="bbox 251 2883 1849 2957">
     <span class='ocr_line' id='line_1_27' title="bbox 251 2883 1849 2957; baseline -0.003 -15"><span class='ocrx_word' id='word_1_198' title='bbox 251 2885 595 2955; x_wconf 87' lang='lat' dir='ltr'><strong>reddendus,</strong></span> <span class='ocrx_word' id='word_1_199' title='bbox 624 2901 743 2942; x_wconf 91' lang='lat' dir='ltr'><strong>cum</strong></span> <span class='ocrx_word' id='word_1_200' title='bbox 774 2886 1115 2957; x_wconf 89' lang='lat' dir='ltr'><strong>Evangelium</strong></span> <span class='ocrx_word' id='word_1_201' title='bbox 1158 2885 1441 2956; x_wconf 84' lang='lat' dir='ltr'><strong>legeretur,</strong></span> <span class='ocrx_word' id='word_1_202' title='bbox 1480 2885 1549 2938; x_wconf 90' lang='lat' dir='ltr'><strong>ita</strong></span> <span class='ocrx_word' id='word_1_203' title='bbox 1586 2883 1849 2953; x_wconf 83' lang='lat' dir='ltr'><strong>pulsatum</strong></span> 
     </span>
    </p>
   </div>
   <div class='ocr_carea' id='block_1_28' title="bbox 249 2974 1851 3047">
    <p class='ocr_par' dir='ltr' id='par_1_28' title="bbox 249 2974 1851 3047">
     <span class='ocr_line' id='line_1_28' title="bbox 249 2974 1851 3047; baseline -0.002 -14"><span class='ocrx_word' id='word_1_204' title='bbox 249 2986 346 3033; x_wconf 88' lang='lat' dir='ltr'><strong>est</strong></span> <span class='ocrx_word' id='word_1_205' title='bbox 383 2992 480 3033; x_wconf 88' lang='lat' dir='ltr'><strong>cor</strong></span> <span class='ocrx_word' id='word_1_206' title='bbox 506 2993 683 3033; x_wconf 88' lang='lat' dir='ltr'><strong>meum</strong></span> <span class='ocrx_word' id='word_1_207' title='bbox 704 3019 719 3047; x_wconf 93' lang='lat'><strong>,</strong></span> <span class='ocrx_word' id='word_1_208' title='bbox 757 2985 818 3033; x_wconf 85' lang='lat' dir='ltr'><strong>ut</strong></span> <span class='ocrx_word' id='word_1_209' title='bbox 845 2978 1008 3033; x_wconf 90' lang='lat' dir='ltr'><strong>Deum</strong></span> <span class='ocrx_word' id='word_1_210' title='bbox 1038 2976 1313 3031; x_wconf 89' lang='lat' dir='ltr'><strong>crederem</strong></span> <span class='ocrx_word' id='word_1_211' title='bbox 1343 2977 1477 3032; x_wconf 92' lang='lat' dir='ltr'><strong>velle</strong></span> <span class='ocrx_word' id='word_1_212' title='bbox 1503 2974 1700 3045; x_wconf 90' lang='lat' dir='ltr'><strong>aliquid</strong></span> <span class='ocrx_word' id='word_1_213' title='bbox 1725 2974 1851 3030; x_wconf 90' lang='lat' dir='ltr'><strong>hinc</strong></span> 
     </span>
    </p>
   </div>
   <div class='ocr_carea' id='block_1_29' title="bbox 251 3071 1298 3144">
    <p class='ocr_par' dir='ltr' id='par_1_29' title="bbox 251 3071 1298 3144">
     <span class='ocr_line' id='line_1_29' title="bbox 251 3071 1298 3144; baseline -0.003 -16"><span class='ocrx_word' id='word_1_214' title='bbox 251 3088 362 3144; x_wconf 82' lang='lat' dir='ltr'><strong>per</strong></span> <span class='ocrx_word' id='word_1_215' title='bbox 385 3088 567 3128; x_wconf 89' lang='lat' dir='ltr'><strong>meum</strong></span> <span class='ocrx_word' id='word_1_216' title='bbox 593 3073 947 3128; x_wconf 87' lang='lat' dir='ltr'><strong>ministerium</strong></span> <span class='ocrx_word' id='word_1_217' title='bbox 971 3086 1067 3127; x_wconf 89' lang='lat' dir='ltr'><strong>vos</strong></span> <span class='ocrx_word' id='word_1_218' title='bbox 1095 3071 1298 3126; x_wconf 90' lang='lat' dir='ltr'><strong>audire.</strong></span> 
     </span>
    </p>
   </div>
   <div class='ocr_carea' id='block_1_30' title="bbox 336 3162 1852 3238">
    <p class='ocr_par' dir='ltr' id='par_1_30' title="bbox 336 3162 1852 3238">
     <span class='ocr_line' id='line_1_30' title="bbox 336 3162 1852 3238; baseline -0.003 -16"><span class='ocrx_word' id='word_1_219' title='bbox 336 3166 390 3222; x_wconf 88' lang='lat'><strong>9.</strong></span> <span class='ocrx_word' id='word_1_220' title='bbox 432 3166 557 3221; x_wconf 88' lang='lat' dir='ltr'><strong>Non</strong></span> <span class='ocrx_word' id='word_1_221' title='bbox 583 3184 778 3222; x_wconf 83' lang='lat' dir='ltr'><strong>onmem</strong></span> <span class='ocrx_word' id='word_1_222' title='bbox 804 3166 1029 3238; x_wconf 77' lang='lat' dir='ltr'><strong>Spiritus</strong></span> <span class='ocrx_word' id='word_1_223' title='bbox 1054 3164 1417 3235; x_wconf 79' lang='lat' dir='ltr'><strong>blasphemiam</strong></span> <span class='ocrx_word' id='word_1_224' title='bbox 1463 3162 1852 3219; x_wconf 80' lang='lat' dir='ltr'><strong>irremissibilem</strong></span> 
     </span>
    </p>
   </div>
   <div class='ocr_carea' id='block_1_31' title="bbox 250 3254 1852 3330">
    <p class='ocr_par' dir='ltr' id='par_1_31' title="bbox 250 3254 1852 3330">
     <span class='ocr_line' id='line_1_31' title="bbox 250 3254 1852 3330; baseline -0.003 -15"><span class='ocrx_word' id='word_1_225' title='bbox 250 3275 387 3315; x_wconf 74' lang='lat' dir='ltr'><strong>esse.</strong></span> <span class='ocrx_word' id='word_1_226' title='bbox 422 3258 580 3315; x_wconf 90' lang='lat' dir='ltr'><strong>Prius</strong></span> <span class='ocrx_word' id='word_1_227' title='bbox 626 3274 755 3330; x_wconf 87' lang='lat' dir='ltr'><strong>ergo</strong></span> <span class='ocrx_word' id='word_1_228' title='bbox 805 3268 861 3314; x_wconf 93' lang='lat' dir='ltr'><strong>ut</strong></span> <span class='ocrx_word' id='word_1_229' title='bbox 916 3257 1205 3314; x_wconf 88' lang='lat' dir='ltr'><strong>advertatis</strong></span> <span class='ocrx_word' id='word_1_230' title='bbox 1229 3264 1284 3312; x_wconf 92' lang='lat' dir='ltr'><strong>et</strong></span> <span class='ocrx_word' id='word_1_231' title='bbox 1307 3254 1634 3326; x_wconf 84' lang='lat' dir='ltr'><strong>iutelligatis,</strong></span> <span class='ocrx_word' id='word_1_232' title='bbox 1667 3254 1852 3311; x_wconf 80' lang='lat' dir='ltr'><strong>admo-</strong></span> 
     </span>
    </p>
   </div>
   <div class='ocr_carea' id='block_1_32' title="bbox 256 3346 1853 3417">
    <p class='ocr_par' dir='ltr' id='par_1_32' title="bbox 256 3346 1853 3417">
     <span class='ocr_line' id='line_1_32' title="bbox 256 3346 1853 3417; baseline -0.004 -9"><span class='ocrx_word' id='word_1_233' title='bbox 256 3365 373 3408; x_wconf 87' lang='lat' dir='ltr'><strong>neo</strong></span> <span class='ocrx_word' id='word_1_234' title='bbox 402 3366 514 3406; x_wconf 92' lang='lat' dir='ltr'><strong>non</strong></span> <span class='ocrx_word' id='word_1_235' title='bbox 542 3350 744 3407; x_wconf 79' lang='lat' dir='ltr'><strong>dixisse</strong></span> <span class='ocrx_word' id='word_1_236' title='bbox 781 3350 1085 3416; x_wconf 89' lang='lat' dir='ltr'><strong>Dominum,</strong></span> <span class='ocrx_word' id='word_1_237' title='bbox 1115 3348 1301 3404; x_wconf 89' lang='lat' dir='ltr'><strong>Omnis</strong></span> <span class='ocrx_word' id='word_1_238' title='bbox 1328 3347 1658 3417; x_wconf 88' lang='lat' dir='ltr'><strong>blasphemia</strong></span> <span class='ocrx_word' id='word_1_239' title='bbox 1686 3346 1853 3417; x_wconf 90' lang='lat' dir='ltr'><strong>Spiri-</strong></span> 
     </span>
    </p>
   </div>
   <div class='ocr_carea' id='block_1_33' title="bbox 254 3438 1855 3514">
    <p class='ocr_par' dir='ltr' id='par_1_33' title="bbox 254 3438 1855 3514">
     <span class='ocr_line' id='line_1_33' title="bbox 254 3438 1855 3514; baseline -0.004 -13"><span class='ocrx_word' id='word_1_240' title='bbox 254 3454 352 3501; x_wconf 90' lang='lat' dir='ltr'><strong>tus</strong></span> <span class='ocrx_word' id='word_1_241' title='bbox 373 3460 484 3500; x_wconf 92' lang='lat' dir='ltr'><strong>non</strong></span> <span class='ocrx_word' id='word_1_242' title='bbox 512 3445 813 3500; x_wconf 88' lang='lat' dir='ltr'><strong>remittetur</strong></span> <span class='ocrx_word' id='word_1_243' title='bbox 835 3462 850 3512; x_wconf 91' lang='lat'><strong>;</strong></span> <span class='ocrx_word' id='word_1_244' title='bbox 875 3458 1048 3514; x_wconf 89' lang='lat' dir='ltr'><strong>neque</strong></span> <span class='ocrx_word' id='word_1_245' title='bbox 1066 3442 1285 3508; x_wconf 82' lang='lat' dir='ltr'><strong>dixisse,</strong></span> <span class='ocrx_word' id='word_1_246' title='bbox 1308 3441 1444 3508; x_wconf 86' lang='lat' dir='ltr'><strong>Quid</strong></span> <span class='ocrx_word' id='word_1_247' title='bbox 1468 3440 1665 3496; x_wconf 76' lang='lat' dir='ltr'><strong>dixerit</strong></span> <span class='ocrx_word' id='word_1_248' title='bbox 1686 3438 1855 3511; x_wconf 90' lang='lat' dir='ltr'><strong>quod-</strong></span> 
     </span>
    </p>
   </div>
   <div class='ocr_carea' id='block_1_34' title="bbox 254 3535 1851 3608">
    <p class='ocr_par' dir='ltr' id='par_1_34' title="bbox 254 3535 1851 3608">
     <span class='ocr_line' id='line_1_34' title="bbox 254 3535 1851 3608; baseline -0.003 -16"><span class='ocrx_word' id='word_1_249' title='bbox 254 3552 498 3608; x_wconf 86' lang='lat' dir='ltr'><strong>cumque</strong></span> <span class='ocrx_word' id='word_1_250' title='bbox 533 3536 752 3592; x_wconf 92' lang='lat' dir='ltr'><strong>verbum</strong></span> <span class='ocrx_word' id='word_1_251' title='bbox 787 3544 972 3591; x_wconf 90' lang='lat' dir='ltr'><strong>contra</strong></span> <span class='ocrx_word' id='word_1_252' title='bbox 1008 3535 1264 3605; x_wconf 88' lang='lat' dir='ltr'><strong>Spiritum</strong></span> <span class='ocrx_word' id='word_1_253' title='bbox 1306 3543 1545 3589; x_wconf 87' lang='lat' dir='ltr'><strong>sanctum</strong></span> <span class='ocrx_word' id='word_1_254' title='bbox 1566 3575 1581 3599; x_wconf 95' lang='lat'><strong>,</strong></span> <span class='ocrx_word' id='word_1_255' title='bbox 1612 3550 1719 3588; x_wconf 93' lang='lat' dir='ltr'><strong>non</strong></span> <span class='ocrx_word' id='word_1_256' title='bbox 1762 3548 1851 3588; x_wconf 89' lang='lat' dir='ltr'><strong>re-</strong></span> 
     </span>
    </p>
   </div>
   <div class='ocr_carea' id='block_1_35' title="bbox 258 3624 1854 3696">
    <p class='ocr_par' dir='ltr' id='par_1_35' title="bbox 258 3624 1854 3696">
     <span class='ocr_line' id='line_1_35' title="bbox 258 3624 1854 3696; baseline -0.003 -13"><span class='ocrx_word' id='word_1_257' title='bbox 258 3629 512 3683; x_wconf 84' lang='lat' dir='ltr'><strong>mittetur</strong></span> <span class='ocrx_word' id='word_1_258' title='bbox 538 3629 584 3684; x_wconf 89' lang='lat' dir='ltr'><strong>ei</strong></span> <span class='ocrx_word' id='word_1_259' title='bbox 616 3646 629 3682; x_wconf 90' lang='lat'><strong>:</strong></span> <span class='ocrx_word' id='word_1_260' title='bbox 662 3628 776 3693; x_wconf 89' lang='lat' dir='ltr'><strong>sed,</strong></span> <span class='ocrx_word' id='word_1_261' title='bbox 820 3628 919 3696; x_wconf 85' lang='lat' dir='ltr'><strong>Qui</strong></span> <span class='ocrx_word' id='word_1_262' title='bbox 956 3628 1136 3682; x_wconf 75' lang='lat' dir='ltr'><strong>dixerit</strong></span> <span class='ocrx_word' id='word_1_263' title='bbox 1178 3626 1399 3680; x_wconf 85' lang='lat' dir='ltr'><strong>verbum.</strong></span> <span class='ocrx_word' id='word_1_264' title='bbox 1445 3625 1577 3679; x_wconf 89' lang='lat' dir='ltr'><strong>Illud</strong></span> <span class='ocrx_word' id='word_1_265' title='bbox 1616 3626 1758 3681; x_wconf 91' lang='lat' dir='ltr'><strong>enim</strong></span> <span class='ocrx_word' id='word_1_266' title='bbox 1807 3624 1854 3679; x_wconf 89' lang='lat' dir='ltr'><strong>si</strong></span> 
     </span>
    </p>
   </div>
   <div class='ocr_carea' id='block_1_36' title="bbox 258 3718 1850 3789">
    <p class='ocr_par' dir='ltr' id='par_1_36' title="bbox 258 3718 1850 3789">
     <span class='ocr_line' id='line_1_36' title="bbox 258 3718 1850 3789; baseline -0.003 -13"><span class='ocrx_word' id='word_1_267' title='bbox 258 3721 540 3789; x_wconf 84' lang='lat' dir='ltr'><strong>dixissset,</strong></span> <span class='ocrx_word' id='word_1_268' title='bbox 571 3722 700 3776; x_wconf 87' lang='lat' dir='ltr'><strong>nihil</strong></span> <span class='ocrx_word' id='word_1_269' title='bbox 727 3721 878 3777; x_wconf 90' lang='lat' dir='ltr'><strong>nobis</strong></span> <span class='ocrx_word' id='word_1_270' title='bbox 906 3721 1124 3776; x_wconf 89' lang='lat' dir='ltr'><strong>omnino</strong></span> <span class='ocrx_word' id='word_1_271' title='bbox 1159 3727 1461 3774; x_wconf 83' lang='lat' dir='ltr'><strong>remaneret</strong></span> <span class='ocrx_word' id='word_1_272' title='bbox 1488 3718 1628 3773; x_wconf 91' lang='lat' dir='ltr'><strong>unde</strong></span> <span class='ocrx_word' id='word_1_273' title='bbox 1667 3718 1850 3787; x_wconf 80' lang='lat' dir='ltr'><strong>dispu-</strong></span> 
     </span>
    </p>
   </div>
   <div class='ocr_carea' id='block_1_37' title="bbox 260 3811 1855 3884">
    <p class='ocr_par' dir='ltr' id='par_1_37' title="bbox 260 3811 1855 3884">
     <span class='ocr_line' id='line_1_37' title="bbox 260 3811 1855 3884; baseline -0.001 -17"><span class='ocrx_word' id='word_1_274' title='bbox 260 3822 381 3868; x_wconf 83' lang='lat' dir='ltr'><strong>tare</strong></span> <span class='ocrx_word' id='word_1_275' title='bbox 433 3828 730 3884; x_wconf 86' lang='lat' dir='ltr'><strong>possemus.</strong></span> <span class='ocrx_word' id='word_1_276' title='bbox 791 3814 1049 3879; x_wconf 81' lang='lat' dir='ltr'><strong>Quoniam</strong></span> <span class='ocrx_word' id='word_1_277' title='bbox 1103 3813 1150 3868; x_wconf 89' lang='lat' dir='ltr'><strong>si</strong></span> <span class='ocrx_word' id='word_1_278' title='bbox 1195 3814 1370 3866; x_wconf 90' lang='lat' dir='ltr'><strong>omnis</strong></span> <span class='ocrx_word' id='word_1_279' title='bbox 1418 3811 1745 3881; x_wconf 87' lang='lat' dir='ltr'><strong>blasphemia</strong></span> <span class='ocrx_word' id='word_1_280' title='bbox 1800 3818 1855 3865; x_wconf 86' lang='lat' dir='ltr'><strong>et</strong></span> 
     </span>
    </p>
   </div>
   <div class='ocr_carea' id='block_1_38' title="bbox 261 3902 1848 3976">
    <p class='ocr_par' dir='ltr' id='par_1_38' title="bbox 261 3902 1848 3976">
     <span class='ocr_line' id='line_1_38' title="bbox 261 3902 1848 3976; baseline -0.004 -15"><span class='ocrx_word' id='word_1_281' title='bbox 261 3920 431 3961; x_wconf 90' lang='lat' dir='ltr'><strong>omne</strong></span> <span class='ocrx_word' id='word_1_282' title='bbox 458 3906 681 3961; x_wconf 85' lang='lat' dir='ltr'><strong>verbum</strong></span> <span class='ocrx_word' id='word_1_283' title='bbox 707 3904 848 3976; x_wconf 91' lang='lat' dir='ltr'><strong>quod</strong></span> <span class='ocrx_word' id='word_1_284' title='bbox 873 3904 1064 3960; x_wconf 89' lang='lat' dir='ltr'><strong>dicitur</strong></span> <span class='ocrx_word' id='word_1_285' title='bbox 1087 3912 1272 3960; x_wconf 89' lang='lat' dir='ltr'><strong>contra</strong></span> <span class='ocrx_word' id='word_1_286' title='bbox 1300 3902 1553 3972; x_wconf 87' lang='lat' dir='ltr'><strong>Spiritum</strong></span> <span class='ocrx_word' id='word_1_287' title='bbox 1583 3910 1848 3969; x_wconf 89' lang='lat' dir='ltr'><strong>sanctum,</strong></span> 
     </span>
    </p>
   </div>
   <div class='ocr_carea' id='block_1_39' title="bbox 262 3994 1853 4065">
    <p class='ocr_par' dir='ltr' id='par_1_39' title="bbox 262 3994 1853 4065">
     <span class='ocr_line' id='line_1_39' title="bbox 262 3994 1853 4065; baseline -0.002 -13"><span class='ocrx_word' id='word_1_288' title='bbox 262 4015 372 4053; x_wconf 89' lang='lat' dir='ltr'><strong>non</strong></span> <span class='ocrx_word' id='word_1_289' title='bbox 403 3999 765 4054; x_wconf 85' lang='lat' dir='ltr'><strong>remitteretur</strong></span> <span class='ocrx_word' id='word_1_290' title='bbox 791 3998 1091 4053; x_wconf 90' lang='lat' dir='ltr'><strong>hominibus</strong></span> <span class='ocrx_word' id='word_1_291' title='bbox 1117 4014 1131 4061; x_wconf 91' lang='lat'><strong>;</strong></span> <span class='ocrx_word' id='word_1_292' title='bbox 1176 4012 1241 4051; x_wconf 82' lang='lat' dir='ltr'><strong>ex</strong></span> <span class='ocrx_word' id='word_1_293' title='bbox 1272 3995 1419 4051; x_wconf 92' lang='lat' dir='ltr'><strong>nullo</strong></span> <span class='ocrx_word' id='word_1_294' title='bbox 1443 4010 1637 4065; x_wconf 80' lang='lat' dir='ltr'><strong>genere</strong></span> <span class='ocrx_word' id='word_1_295' title='bbox 1666 3994 1853 4063; x_wconf 78' lang='lat' dir='ltr'><strong>impie-</strong></span> 
     </span>
    </p>
   </div>
   <div class='ocr_carea' id='block_1_40' title="bbox 264 4086 1852 4160">
    <p class='ocr_par' dir='ltr' id='par_1_40' title="bbox 264 4086 1852 4160">
     <span class='ocr_line' id='line_1_40' title="bbox 264 4086 1852 4160; baseline -0.003 -16"><span class='ocrx_word' id='word_1_296' title='bbox 264 4091 389 4144; x_wconf 87' lang='lat' dir='ltr'><strong>tatis</strong></span> <span class='ocrx_word' id='word_1_297' title='bbox 416 4105 603 4145; x_wconf 91' lang='lat' dir='ltr'><strong>eorum</strong></span> <span class='ocrx_word' id='word_1_298' title='bbox 632 4090 723 4160; x_wconf 90' lang='lat' dir='ltr'><strong>qui</strong></span> <span class='ocrx_word' id='word_1_299' title='bbox 748 4089 888 4144; x_wconf 93' lang='lat' dir='ltr'><strong>dono</strong></span> <span class='ocrx_word' id='word_1_300' title='bbox 916 4088 1110 4143; x_wconf 72' lang='lat' dir='ltr'><strong>Christi</strong></span> <span class='ocrx_word' id='word_1_301' title='bbox 1146 4097 1201 4142; x_wconf 90' lang='lat' dir='ltr'><strong>et</strong></span> <span class='ocrx_word' id='word_1_302' title='bbox 1230 4087 1633 4142; x_wconf 88' lang='lat' dir='ltr'><strong>sanctiﬁcationi</strong></span> <span class='ocrx_word' id='word_1_303' title='bbox 1661 4086 1852 4141; x_wconf 88' lang='lat' dir='ltr'><strong>Eccle-</strong></span> 
     </span>
    </p>
   </div>
   <div class='ocr_carea' id='block_1_41' title="bbox 262 4178 1853 4251">
    <p class='ocr_par' dir='ltr' id='par_1_41' title="bbox 262 4178 1853 4251">
     <span class='ocr_line' id='line_1_41' title="bbox 262 4178 1853 4251; baseline -0.001 -16"><span class='ocrx_word' id='word_1_304' title='bbox 262 4180 359 4235; x_wconf 63' lang='lat' dir='ltr'><strong>sia:</strong></span> <span class='ocrx_word' id='word_1_305' title='bbox 388 4181 780 4247; x_wconf 85' lang='lat' dir='ltr'><strong>contradicunt,</strong></span> <span class='ocrx_word' id='word_1_306' title='bbox 808 4181 891 4235; x_wconf 89' lang='lat' dir='ltr'><strong>vel</strong></span> <span class='ocrx_word' id='word_1_307' title='bbox 920 4182 1273 4251; x_wconf 85' lang='lat' dir='ltr'><strong>Paganorum,</strong></span> <span class='ocrx_word' id='word_1_308' title='bbox 1302 4179 1384 4234; x_wconf 88' lang='lat' dir='ltr'><strong>vel</strong></span> <span class='ocrx_word' id='word_1_309' title='bbox 1410 4178 1737 4246; x_wconf 71' lang='lat' dir='ltr'><strong>Iudaeorum,</strong></span> <span class='ocrx_word' id='word_1_310' title='bbox 1769 4178 1853 4234; x_wconf 89' lang='lat' dir='ltr'><strong>vel</strong></span> 
     </span>
    </p>
   </div>
   <div class='ocr_carea' id='block_1_42' title="bbox 264 4270 1851 4341">
    <p class='ocr_par' dir='ltr' id='par_1_42' title="bbox 264 4270 1851 4341">
     <span class='ocr_line' id='line_1_42' title="bbox 264 4270 1851 4341; baseline 0.001 -16"><span class='ocrx_word' id='word_1_311' title='bbox 264 4272 632 4341; x_wconf 80' lang='lat' dir='ltr'><strong>quorumlibet</strong></span> <span class='ocrx_word' id='word_1_312' title='bbox 657 4272 1051 4339; x_wconf 63' lang='lat' dir='ltr'><strong>hazreticorum,</strong></span> <span class='ocrx_word' id='word_1_313' title='bbox 1073 4270 1447 4327; x_wconf 91' lang='lat' dir='ltr'><strong>nonnullorum</strong></span> <span class='ocrx_word' id='word_1_314' title='bbox 1471 4271 1631 4325; x_wconf 91' lang='lat' dir='ltr'><strong>etiam</strong></span> <span class='ocrx_word' id='word_1_315' title='bbox 1657 4271 1709 4325; x_wconf 93' lang='lat' dir='ltr'><strong>in</strong></span> <span class='ocrx_word' id='word_1_316' title='bbox 1739 4271 1851 4340; x_wconf 89' lang='lat' dir='ltr'><strong>ipsa</strong></span> 
     </span>
    </p>
   </div>
   <div class='ocr_carea' id='block_1_43' title="bbox 262 4362 1855 4434">
    <p class='ocr_par' dir='ltr' id='par_1_43' title="bbox 262 4362 1855 4434">
     <span class='ocr_line' id='line_1_43' title="bbox 262 4362 1855 4434; baseline 0.001 -17"><span class='ocrx_word' id='word_1_317' title='bbox 262 4362 542 4418; x_wconf 86' lang='lat' dir='ltr'><strong>Catholica</strong></span> <span class='ocrx_word' id='word_1_318' title='bbox 573 4365 936 4434; x_wconf 89' lang='lat' dir='ltr'><strong>imperitorum</strong></span> <span class='ocrx_word' id='word_1_319' title='bbox 955 4406 970 4432; x_wconf 91' lang='lat'><strong>,</strong></span> <span class='ocrx_word' id='word_1_320' title='bbox 1001 4379 1319 4434; x_wconf 87' lang='lat' dir='ltr'><strong>quemquam</strong></span> <span class='ocrx_word' id='word_1_321' title='bbox 1358 4363 1590 4417; x_wconf 76' lang='lat' dir='ltr'><strong>Ecclesia</strong></span> <span class='ocrx_word' id='word_1_322' title='bbox 1618 4362 1855 4418; x_wconf 82' lang='lat' dir='ltr'><strong>lucrare-</strong></span> 
     </span>
    </p>
   </div>
   <div class='ocr_carea' id='block_1_44' title="bbox 266 4454 1852 4522">
    <p class='ocr_par' dir='ltr' id='par_1_44' title="bbox 266 4454 1852 4522">
     <span class='ocr_line' id='line_1_44' title="bbox 266 4454 1852 4522; baseline -0.001 -13"><span class='ocrx_word' id='word_1_323' title='bbox 266 4464 370 4510; x_wconf 88' lang='lat' dir='ltr'><strong>tur.</strong></span> <span class='ocrx_word' id='word_1_324' title='bbox 417 4456 525 4511; x_wconf 81' lang='lat' dir='ltr'><strong>Sed</strong></span> <span class='ocrx_word' id='word_1_325' title='bbox 564 4457 702 4511; x_wconf 88' lang='lat' dir='ltr'><strong>absit</strong></span> <span class='ocrx_word' id='word_1_326' title='bbox 736 4466 792 4511; x_wconf 91' lang='lat' dir='ltr'><strong>ut</strong></span> <span class='ocrx_word' id='word_1_327' title='bbox 830 4458 930 4511; x_wconf 89' lang='lat' dir='ltr'><strong>hoc</strong></span> <span class='ocrx_word' id='word_1_328' title='bbox 960 4456 1217 4511; x_wconf 90' lang='lat' dir='ltr'><strong>Dominus</strong></span> <span class='ocrx_word' id='word_1_329' title='bbox 1260 4455 1461 4510; x_wconf 89' lang='lat' dir='ltr'><strong>diceret</strong></span> <span class='ocrx_word' id='word_1_330' title='bbox 1503 4474 1515 4508; x_wconf 92' lang='lat'><strong>:</strong></span> <span class='ocrx_word' id='word_1_331' title='bbox 1557 4454 1729 4522; x_wconf 92' lang='lat' dir='ltr'><strong>absit,</strong></span> <span class='ocrx_word' id='word_1_332' title='bbox 1768 4455 1852 4508; x_wconf 84' lang='lat' dir='ltr'><strong>in-</strong></span> 
     </span>
    </p>
   </div>
   <div class='ocr_carea' id='block_1_45' title="bbox 266 4546 1855 4618">
    <p class='ocr_par' dir='ltr' id='par_1_45' title="bbox 266 4546 1855 4618">
     <span class='ocr_line' id='line_1_45' title="bbox 266 4546 1855 4618; baseline 0.001 -17"><span class='ocrx_word' id='word_1_333' title='bbox 266 4564 448 4618; x_wconf 89' lang='lat' dir='ltr'><strong>quam,</strong></span> <span class='ocrx_word' id='word_1_334' title='bbox 480 4561 537 4603; x_wconf 90' lang='lat' dir='ltr'><strong>ut</strong></span> <span class='ocrx_word' id='word_1_335' title='bbox 564 4550 769 4604; x_wconf 73' lang='lat' dir='ltr'><strong>Veritas</strong></span> <span class='ocrx_word' id='word_1_336' title='bbox 806 4549 1043 4615; x_wconf 89' lang='lat' dir='ltr'><strong>diceret,</strong></span> <span class='ocrx_word' id='word_1_337' title='bbox 1086 4563 1298 4602; x_wconf 90' lang='lat' dir='ltr'><strong>omnem</strong></span> <span class='ocrx_word' id='word_1_338' title='bbox 1341 4546 1724 4617; x_wconf 86' lang='lat' dir='ltr'><strong>blasphemiam</strong></span> <span class='ocrx_word' id='word_1_339' title='bbox 1769 4546 1855 4602; x_wconf 86' lang='lat' dir='ltr'><strong>vel</strong></span> 
     </span>
    </p>
   </div>
   <div class='ocr_carea' id='block_1_46' title="bbox 267 4637 1854 4711">
    <p class='ocr_par' dir='ltr' id='par_1_46' title="bbox 267 4637 1854 4711">
     <span class='ocr_line' id='line_1_46' title="bbox 267 4637 1854 4711; baseline -0.001 -17"><span class='ocrx_word' id='word_1_340' title='bbox 267 4654 432 4695; x_wconf 92' lang='lat' dir='ltr'><strong>omne</strong></span> <span class='ocrx_word' id='word_1_341' title='bbox 460 4640 679 4695; x_wconf 90' lang='lat' dir='ltr'><strong>verbum</strong></span> <span class='ocrx_word' id='word_1_342' title='bbox 709 4640 847 4711; x_wconf 89' lang='lat' dir='ltr'><strong>quod</strong></span> <span class='ocrx_word' id='word_1_343' title='bbox 878 4650 1059 4695; x_wconf 90' lang='lat' dir='ltr'><strong>contra</strong></span> <span class='ocrx_word' id='word_1_344' title='bbox 1091 4639 1343 4710; x_wconf 90' lang='lat' dir='ltr'><strong>Spiritum</strong></span> <span class='ocrx_word' id='word_1_345' title='bbox 1373 4646 1613 4693; x_wconf 90' lang='lat' dir='ltr'><strong>sanctum</strong></span> <span class='ocrx_word' id='word_1_346' title='bbox 1644 4637 1854 4700; x_wconf 50' lang='lat' dir='ltr'><strong>dicere:</strong></span> 
     </span>
    </p>
   </div>
   <div class='ocr_carea' id='block_1_47' title="bbox 267 4731 1852 4802">
    <p class='ocr_par' dir='ltr' id='par_1_47' title="bbox 267 4731 1852 4802">
     <span class='ocr_line' id='line_1_47' title="bbox 267 4731 1852 4802; baseline 0.001 -16"><span class='ocrx_word' id='word_1_347' title='bbox 267 4740 374 4800; x_wconf 91' lang='lat' dir='ltr'><strong>tur,</strong></span> <span class='ocrx_word' id='word_1_348' title='bbox 404 4749 511 4787; x_wconf 87' lang='lat' dir='ltr'><strong>non</strong></span> <span class='ocrx_word' id='word_1_349' title='bbox 541 4733 737 4789; x_wconf 91' lang='lat' dir='ltr'><strong>habere</strong></span> <span class='ocrx_word' id='word_1_350' title='bbox 762 4733 1129 4790; x_wconf 89' lang='lat' dir='ltr'><strong>remissionem</strong></span> <span class='ocrx_word' id='word_1_351' title='bbox 1152 4774 1165 4799; x_wconf 95' lang='lat'><strong>,</strong></span> <span class='ocrx_word' id='word_1_352' title='bbox 1205 4747 1378 4802; x_wconf 87' lang='lat' dir='ltr'><strong>neque</strong></span> <span class='ocrx_word' id='word_1_353' title='bbox 1408 4731 1461 4785; x_wconf 90' lang='lat' dir='ltr'><strong>in</strong></span> <span class='ocrx_word' id='word_1_354' title='bbox 1490 4732 1592 4787; x_wconf 92' lang='lat' dir='ltr'><strong>hoc</strong></span> <span class='ocrx_word' id='word_1_355' title='bbox 1629 4732 1852 4801; x_wconf 81' lang='lat' dir='ltr'><strong>saeculo,</strong></span> 
     </span>
    </p>
   </div>
   <div class='ocr_carea' id='block_1_48' title="bbox 268 4827 756 4896">
    <p class='ocr_par' dir='ltr' id='par_1_48' title="bbox 268 4827 756 4896">
     <span class='ocr_line' id='line_1_48' title="bbox 268 4827 756 4896; baseline -0.002 -15"><span class='ocrx_word' id='word_1_356' title='bbox 268 4841 447 4896; x_wconf 89' lang='lat' dir='ltr'><strong>neque</strong></span> <span class='ocrx_word' id='word_1_357' title='bbox 476 4828 529 4881; x_wconf 92' lang='lat' dir='ltr'><strong>in</strong></span> <span class='ocrx_word' id='word_1_358' title='bbox 559 4827 756 4882; x_wconf 90' lang='lat' dir='ltr'><strong>futuro.</strong></span> 
     </span>
    </p>
   </div>
   <div class='ocr_carea' id='block_1_49' title="bbox 338 4918 1855 4990">
    <p class='ocr_par' dir='ltr' id='par_1_49' title="bbox 338 4918 1855 4990">
     <span class='ocr_line' id='line_1_49' title="bbox 338 4918 1855 4990; baseline 0.001 -19"><span class='ocrx_word' id='word_1_359' title='bbox 338 4918 570 4975; x_wconf 80' lang='lat' dir='ltr'><strong>CAPUT</strong></span> <span class='ocrx_word' id='word_1_360' title='bbox 609 4918 699 4973; x_wconf 76' lang='lat' dir='ltr'><strong>Vl.</strong></span> <span class='ocrx_word' id='word_1_361' title='bbox 727 4950 796 4959; x_wconf 91' lang='lat'><strong><em>—</em></strong></span> <span class='ocrx_word' id='word_1_362' title='bbox 823 4918 910 4975; x_wconf 84' lang='grc'><strong>10.</strong></span> <span class='ocrx_word' id='word_1_363' title='bbox 952 4918 1152 4973; x_wconf 86' lang='lat' dir='ltr'><strong>Certam</strong></span> <span class='ocrx_word' id='word_1_364' title='bbox 1180 4919 1449 4990; x_wconf 87' lang='lat' dir='ltr'><strong>quamdam</strong></span> <span class='ocrx_word' id='word_1_365' title='bbox 1487 4936 1593 4975; x_wconf 84' lang='lat' dir='ltr'><strong>esse</strong></span> <span class='ocrx_word' id='word_1_366' title='bbox 1621 4918 1855 4989; x_wconf 84' lang='lat' dir='ltr'><strong>blasphe-</strong></span> 
     </span>
    </p>
   </div>
   <div class='ocr_carea' id='block_1_50' title="bbox 270 5008 1857 5082">
    <p class='ocr_par' dir='ltr' id='par_1_50' title="bbox 270 5008 1857 5082">
     <span class='ocr_line' id='line_1_50' title="bbox 270 5008 1857 5082; baseline 0.002 -19"><span class='ocrx_word' id='word_1_367' title='bbox 270 5011 428 5064; x_wconf 85' lang='lat' dir='ltr'><strong>miam</strong></span> <span class='ocrx_word' id='word_1_368' title='bbox 478 5011 886 5067; x_wconf 81' lang='lat' dir='ltr'><strong>irremissibilem.</strong></span> <span class='ocrx_word' id='word_1_369' title='bbox 956 5010 1224 5067; x_wconf 87' lang='lat' dir='ltr'><strong>Exercere</strong></span> <span class='ocrx_word' id='word_1_370' title='bbox 1285 5012 1481 5082; x_wconf 90' lang='lat' dir='ltr'><strong>quippe</strong></span> <span class='ocrx_word' id='word_1_371' title='bbox 1551 5008 1647 5066; x_wconf 70' lang='lat' dir='ltr'><strong>n‘os</strong></span> <span class='ocrx_word' id='word_1_372' title='bbox 1689 5011 1857 5066; x_wconf 85' lang='lat' dir='ltr'><strong>voluit</strong></span> 
     </span>
    </p>
   </div>
   <div class='ocr_carea' id='block_1_51' title="bbox 271 5100 1858 5173">
    <p class='ocr_par' dir='ltr' id='par_1_51' title="bbox 271 5100 1858 5173">
     <span class='ocr_line' id='line_1_51' title="bbox 271 5100 1858 5173; baseline 0.002 -18"><span class='ocrx_word' id='word_1_373' title='bbox 271 5100 586 5158; x_wconf 83' lang='lat' dir='ltr'><strong>difﬁcultate</strong></span> <span class='ocrx_word' id='word_1_374' title='bbox 614 5102 944 5173; x_wconf 62' lang='lat' dir='ltr'><strong>quaestionis,</strong></span> <span class='ocrx_word' id='word_1_375' title='bbox 973 5118 1078 5157; x_wconf 93' lang='lat' dir='ltr'><strong>non</strong></span> <span class='ocrx_word' id='word_1_376' title='bbox 1109 5102 1357 5173; x_wconf 91' lang='lat' dir='ltr'><strong>decipere</strong></span> <span class='ocrx_word' id='word_1_377' title='bbox 1396 5104 1674 5157; x_wconf 68' lang='lat' dir='ltr'><strong>sententiae</strong></span> <span class='ocrx_word' id='word_1_378' title='bbox 1714 5102 1858 5158; x_wconf 90' lang='lat' dir='ltr'><strong>falsi-</strong></span> 
     </span>
    </p>
   </div>
   <div class='ocr_carea' id='block_1_52' title="bbox 271 5194 1855 5267">
    <p class='ocr_par' dir='ltr' id='par_1_52' title="bbox 271 5194 1855 5267">
     <span class='ocr_line' id='line_1_52' title="bbox 271 5194 1855 5267; baseline -0.001 -17"><span class='ocrx_word' id='word_1_379' title='bbox 271 5204 403 5251; x_wconf 87' lang='lat' dir='ltr'><strong>tate.</strong></span> <span class='ocrx_word' id='word_1_380' title='bbox 433 5196 766 5267; x_wconf 84' lang='lat' dir='ltr'><strong>Quapropter</strong></span> <span class='ocrx_word' id='word_1_381' title='bbox 795 5212 898 5251; x_wconf 92' lang='lat' dir='ltr'><strong>non</strong></span> <span class='ocrx_word' id='word_1_382' title='bbox 929 5204 1011 5250; x_wconf 90' lang='lat' dir='ltr'><strong>est</strong></span> <span class='ocrx_word' id='word_1_383' title='bbox 1038 5209 1258 5252; x_wconf 90' lang='lat' dir='ltr'><strong>necesse</strong></span> <span class='ocrx_word' id='word_1_384' title='bbox 1286 5204 1343 5249; x_wconf 92' lang='lat' dir='ltr'><strong>ut</strong></span> <span class='ocrx_word' id='word_1_385' title='bbox 1363 5210 1574 5250; x_wconf 90' lang='lat' dir='ltr'><strong>omnem</strong></span> <span class='ocrx_word' id='word_1_386' title='bbox 1604 5194 1855 5265; x_wconf 86' lang='lat' dir='ltr'><strong>blasphe-</strong></span> 
     </span>
    </p>
   </div>
   <div class='ocr_carea' id='block_1_53' title="bbox 273 5286 1855 5358">
    <p class='ocr_par' dir='ltr' id='par_1_53' title="bbox 273 5286 1855 5358">
     <span class='ocr_line' id='line_1_53' title="bbox 273 5286 1855 5358; baseline -0.002 -15"><span class='ocrx_word' id='word_1_387' title='bbox 273 5289 441 5343; x_wconf 88' lang='lat' dir='ltr'><strong>miam</strong></span> <span class='ocrx_word' id='word_1_388' title='bbox 465 5289 551 5343; x_wconf 88' lang='lat' dir='ltr'><strong>vel</strong></span> <span class='ocrx_word' id='word_1_389' title='bbox 579 5302 737 5343; x_wconf 91' lang='lat' dir='ltr'><strong>omne</strong></span> <span class='ocrx_word' id='word_1_390' title='bbox 764 5288 982 5343; x_wconf 88' lang='lat' dir='ltr'><strong>verbum</strong></span> <span class='ocrx_word' id='word_1_391' title='bbox 1008 5286 1149 5358; x_wconf 90' lang='lat' dir='ltr'><strong>quod</strong></span> <span class='ocrx_word' id='word_1_392' title='bbox 1174 5287 1365 5341; x_wconf 87' lang='lat' dir='ltr'><strong>dicitur</strong></span> <span class='ocrx_word' id='word_1_393' title='bbox 1390 5296 1575 5341; x_wconf 88' lang='lat' dir='ltr'><strong>contra</strong></span> <span class='ocrx_word' id='word_1_394' title='bbox 1600 5286 1855 5354; x_wconf 85' lang='lat' dir='ltr'><strong>Spiritum</strong></span> 
     </span>
    </p>
   </div>
   <div class='ocr_carea' id='block_1_54' title="bbox 272 5377 1854 5450">
    <p class='ocr_par' dir='ltr' id='par_1_54' title="bbox 272 5377 1854 5450">
     <span class='ocr_line' id='line_1_54' title="bbox 272 5377 1854 5450; baseline -0.003 -15"><span class='ocrx_word' id='word_1_395' title='bbox 272 5387 551 5447; x_wconf 86' lang='lat' dir='ltr'><strong>sanctum,</strong></span> <span class='ocrx_word' id='word_1_396' title='bbox 588 5379 960 5435; x_wconf 88' lang='lat' dir='ltr'><strong>remissionem</strong></span> <span class='ocrx_word' id='word_1_397' title='bbox 993 5379 1273 5450; x_wconf 89' lang='lat' dir='ltr'><strong>quisquam</strong></span> <span class='ocrx_word' id='word_1_398' title='bbox 1310 5378 1575 5432; x_wconf 82' lang='lat' dir='ltr'><strong>existimet</strong></span> <span class='ocrx_word' id='word_1_399' title='bbox 1612 5393 1716 5431; x_wconf 93' lang='lat' dir='ltr'><strong>non</strong></span> <span class='ocrx_word' id='word_1_400' title='bbox 1757 5377 1854 5431; x_wconf 80' lang='lat' dir='ltr'><strong>lia-</strong></span> 
     </span>
    </p>
   </div>
   <div class='ocr_carea' id='block_1_55' title="bbox 272 5470 1857 5543">
    <p class='ocr_par' dir='ltr' id='par_1_55' title="bbox 272 5470 1857 5543">
     <span class='ocr_line' id='line_1_55' title="bbox 272 5470 1857 5543; baseline -0.001 -14"><span class='ocrx_word' id='word_1_401' title='bbox 272 5471 406 5529; x_wconf 87' lang='lat' dir='ltr'><strong>bere</strong></span> <span class='ocrx_word' id='word_1_402' title='bbox 430 5492 443 5527; x_wconf 92' lang='lat'>:</span> <span class='ocrx_word' id='word_1_403' title='bbox 473 5473 569 5530; x_wconf 91' lang='lat' dir='ltr'><strong>sed</strong></span> <span class='ocrx_word' id='word_1_404' title='bbox 592 5489 813 5530; x_wconf 88' lang='lat' dir='ltr'><strong>necesse</strong></span> <span class='ocrx_word' id='word_1_405' title='bbox 838 5482 919 5530; x_wconf 89' lang='lat' dir='ltr'><strong>est</strong></span> <span class='ocrx_word' id='word_1_406' title='bbox 943 5474 1097 5543; x_wconf 91' lang='lat' dir='ltr'><strong>plane</strong></span> <span class='ocrx_word' id='word_1_407' title='bbox 1127 5482 1185 5528; x_wconf 92' lang='lat' dir='ltr'><strong>ut</strong></span> <span class='ocrx_word' id='word_1_408' title='bbox 1219 5474 1288 5527; x_wconf 83' lang='lat' dir='ltr'><strong>sit</strong></span> <span class='ocrx_word' id='word_1_409' title='bbox 1326 5472 1501 5542; x_wconf 89' lang='lat' dir='ltr'><strong>aliqua</strong></span> <span class='ocrx_word' id='word_1_410' title='bbox 1530 5470 1857 5541; x_wconf 88' lang='lat' dir='ltr'><strong>blasphemia</strong></span> 
     </span>
    </p>
   </div>
   <div class='ocr_carea' id='block_1_56' title="bbox 273 5563 1855 5639">
    <p class='ocr_par' dir='ltr' id='par_1_56' title="bbox 273 5563 1855 5639">
     <span class='ocr_line' id='line_1_56' title="bbox 273 5563 1855 5639; baseline -0.003 -15"><span class='ocrx_word' id='word_1_411' title='bbox 273 5576 327 5625; x_wconf 88' lang='lat' dir='ltr'><strong>et</strong></span> <span class='ocrx_word' id='word_1_412' title='bbox 354 5569 569 5639; x_wconf 90' lang='lat' dir='ltr'><strong>aliquod</strong></span> <span class='ocrx_word' id='word_1_413' title='bbox 595 5567 839 5634; x_wconf 82' lang='lat' dir='ltr'><strong>verbum,</strong></span> <span class='ocrx_word' id='word_1_414' title='bbox 878 5567 1018 5639; x_wconf 92' lang='lat' dir='ltr'><strong>quod</strong></span> <span class='ocrx_word' id='word_1_415' title='bbox 1054 5568 1098 5622; x_wconf 92' lang='lat' dir='ltr'><strong>si</strong></span> <span class='ocrx_word' id='word_1_416' title='bbox 1135 5567 1341 5621; x_wconf 88' lang='lat' dir='ltr'><strong>dicatur</strong></span> <span class='ocrx_word' id='word_1_417' title='bbox 1378 5575 1562 5619; x_wconf 90' lang='lat' dir='ltr'><strong>contra</strong></span> <span class='ocrx_word' id='word_1_418' title='bbox 1604 5563 1855 5634; x_wconf 90' lang='lat' dir='ltr'><strong>Spiritum</strong></span> 
     </span>
    </p>
   </div>
   <div class='ocr_carea' id='block_1_57' title="bbox 271 5657 1857 5732">
    <p class='ocr_par' dir='ltr' id='par_1_57' title="bbox 271 5657 1857 5732">
     <span class='ocr_line' id='line_1_57' title="bbox 271 5657 1857 5732; baseline -0.003 -14"><span class='ocrx_word' id='word_1_419' title='bbox 271 5670 557 5728; x_wconf 82' lang='lat' dir='ltr'><strong>sanetum,</strong></span> <span class='ocrx_word' id='word_1_420' title='bbox 604 5662 802 5717; x_wconf 90' lang='lat' dir='ltr'><strong>nullam</strong></span> <span class='ocrx_word' id='word_1_421' title='bbox 848 5676 1076 5732; x_wconf 91' lang='lat' dir='ltr'><strong>unquam</strong></span> <span class='ocrx_word' id='word_1_422' title='bbox 1120 5659 1329 5715; x_wconf 89' lang='lat' dir='ltr'><strong>veniam</strong></span> <span class='ocrx_word' id='word_1_423' title='bbox 1377 5657 1857 5727; x_wconf 87' lang='lat' dir='ltr'><strong>remissioncmque</strong></span> 
     </span>
    </p>
   </div>
   <div class='ocr_carea' id='block_1_58' title="bbox 274 5752 1856 5826">
    <p class='ocr_par' dir='ltr' id='par_1_58' title="bbox 274 5752 1856 5826">
     <span class='ocr_line' id='line_1_58' title="bbox 274 5752 1856 5826; baseline -0.001 -15"><span class='ocrx_word' id='word_1_424' title='bbox 274 5765 560 5812; x_wconf 88' lang='lat' dir='ltr'><strong>mereatur.</strong></span> <span class='ocrx_word' id='word_1_425' title='bbox 591 5757 727 5826; x_wconf 89' lang='lat' dir='ltr'><strong>Quia</strong></span> <span class='ocrx_word' id='word_1_426' title='bbox 756 5757 800 5811; x_wconf 90' lang='lat' dir='ltr'><strong>si</strong></span> <span class='ocrx_word' id='word_1_427' title='bbox 827 5771 985 5811; x_wconf 89' lang='lat' dir='ltr'><strong>omne</strong></span> <span class='ocrx_word' id='word_1_428' title='bbox 1013 5753 1398 5825; x_wconf 82' lang='lat' dir='ltr'><strong>acceperimus,</strong></span> <span class='ocrx_word' id='word_1_429' title='bbox 1425 5752 1664 5822; x_wconf 89' lang='lat' dir='ltr'><strong>quisnam</strong></span> <span class='ocrx_word' id='word_1_430' title='bbox 1706 5760 1856 5823; x_wconf 88' lang='lat' dir='ltr'><strong>pote-</strong></span> 
     </span>
    </p>
   </div>
   <div class='ocr_carea' id='block_1_59' title="bbox 276 5844 1855 5915">
    <p class='ocr_par' dir='ltr' id='par_1_59' title="bbox 276 5844 1855 5915">
     <span class='ocr_line' id='line_1_59' title="bbox 276 5844 1855 5915; baseline -0.003 -9"><span class='ocrx_word' id='word_1_431' title='bbox 276 5851 349 5906; x_wconf 86' lang='lat' dir='ltr'><strong>rit</strong></span> <span class='ocrx_word' id='word_1_432' title='bbox 366 5848 594 5904; x_wconf 77' lang='lat' dir='ltr'><strong>salvari?</strong></span> <span class='ocrx_word' id='word_1_433' title='bbox 616 5847 671 5905; x_wconf 89' lang='lat' dir='ltr'><strong>Si</strong></span> <span class='ocrx_word' id='word_1_434' title='bbox 697 5857 874 5905; x_wconf 90' lang='lat' dir='ltr'><strong>autem</strong></span> <span class='ocrx_word' id='word_1_435' title='bbox 897 5862 1080 5903; x_wconf 86' lang='lat' dir='ltr'><strong>rursus</strong></span> <span class='ocrx_word' id='word_1_436' title='bbox 1100 5846 1301 5901; x_wconf 91' lang='lat' dir='ltr'><strong>nullum</strong></span> <span class='ocrx_word' id='word_1_437' title='bbox 1326 5844 1708 5915; x_wconf 87' lang='lat' dir='ltr'><strong>putaverimus,</strong></span> <span class='ocrx_word' id='word_1_438' title='bbox 1732 5861 1855 5901; x_wconf 90' lang='lat' dir='ltr'><strong>con-</strong></span> 
     </span>
    </p>
   </div>
   <div class='ocr_carea' id='block_1_60' title="bbox 266 5935 1856 6012">
    <p class='ocr_par' dir='ltr' id='par_1_60' title="bbox 266 5935 1856 6012">
     <span class='ocr_line' id='line_1_60' title="bbox 266 5935 1856 6012; baseline -0.004 -13"><span class='ocrx_word' id='word_1_439' title='bbox 266 5938 583 6003; x_wconf 82' lang='lat' dir='ltr'><strong>tradicinius</strong></span> <span class='ocrx_word' id='word_1_440' title='bbox 611 5939 892 6000; x_wconf 86' lang='lat' dir='ltr'><strong>Salvatori.</strong></span> <span class='ocrx_word' id='word_1_441' title='bbox 924 5940 1018 5998; x_wconf 87' lang='lat' dir='ltr'><strong>Est</strong></span> <span class='ocrx_word' id='word_1_442' title='bbox 1044 5954 1171 6012; x_wconf 82' lang='lat' dir='ltr'><strong>ergo</strong></span> <span class='ocrx_word' id='word_1_443' title='bbox 1198 5937 1313 5995; x_wconf 85' lang='lat' dir='ltr'><strong>sine</strong></span> <span class='ocrx_word' id='word_1_444' title='bbox 1342 5935 1504 5995; x_wconf 86' lang='lat' dir='ltr'><strong>dubio</strong></span> <span class='ocrx_word' id='word_1_445' title='bbox 1530 5936 1707 6012; x_wconf 86' lang='lat' dir='ltr'><strong>aliqua</strong></span> <span class='ocrx_word' id='word_1_446' title='bbox 1736 5938 1856 5996; x_wconf 88' lang='lat' dir='ltr'><strong>bla-</strong></span> 
     </span>
    </p>
   </div>
   <div class='ocr_carea' id='block_1_61' title="bbox 1668 457 2123 517">
    <p class='ocr_par' dir='ltr' id='par_1_61' title="bbox 1668 457 2123 517">
     <span class='ocr_line' id='line_1_61' title="bbox 1668 457 2123 517; baseline -0.011 -1"><span class='ocrx_word' id='word_1_447' title='bbox 1668 457 1900 517; x_wconf 79' lang='lat' dir='ltr'><strong>SERMO</strong></span> <span class='ocrx_word' id='word_1_448' title='bbox 1935 457 2123 516; x_wconf 79' lang='lat' dir='ltr'><strong>LXXI.</strong></span> 
     </span>
    </p>
   </div>
   <div class='ocr_carea' id='block_1_62' title="bbox 3418 459 3525 519">
    <p class='ocr_par' dir='ltr' id='par_1_62' title="bbox 3418 459 3525 519">
     <span class='ocr_line' id='line_1_62' title="bbox 3418 459 3525 519; baseline 0 0"><span class='ocrx_word' id='word_1_449' title='bbox 3418 459 3525 519; x_wconf 75' lang='grc'><strong>450</strong></span> 
     </span>
    </p>
   </div>
   <div class='ocr_carea' id='block_1_63' title="bbox 1947 574 3526 647">
    <p class='ocr_par' dir='ltr' id='par_1_63' title="bbox 1947 574 3526 647">
     <span class='ocr_line' id='line_1_63' title="bbox 1947 574 3526 647; baseline 0.004 -18"><span class='ocrx_word' id='word_1_450' title='bbox 1947 574 2189 645; x_wconf 87' lang='lat' dir='ltr'><strong>sphemia</strong></span> <span class='ocrx_word' id='word_1_451' title='bbox 2229 582 2283 629; x_wconf 91' lang='lat' dir='ltr'><strong>et</strong></span> <span class='ocrx_word' id='word_1_452' title='bbox 2323 574 2537 645; x_wconf 90' lang='lat' dir='ltr'><strong>aliquod</strong></span> <span class='ocrx_word' id='word_1_453' title='bbox 2576 575 2833 643; x_wconf 85' lang='lat' dir='ltr'><strong>verbum,</strong></span> <span class='ocrx_word' id='word_1_454' title='bbox 2876 576 3019 647; x_wconf 90' lang='lat' dir='ltr'><strong>quod</strong></span> <span class='ocrx_word' id='word_1_455' title='bbox 3065 577 3111 632; x_wconf 89' lang='lat' dir='ltr'><strong>si</strong></span> <span class='ocrx_word' id='word_1_456' title='bbox 3138 578 3338 635; x_wconf 90' lang='lat' dir='ltr'><strong>dictum</strong></span> <span class='ocrx_word' id='word_1_457' title='bbox 3364 578 3526 636; x_wconf 87' lang='lat' dir='ltr'><strong>fuerit</strong></span> 
     </span>
    </p>
   </div>
   <div class='ocr_carea' id='block_1_64' title="bbox 1942 666 3526 739">
    <p class='ocr_par' dir='ltr' id='par_1_64' title="bbox 1942 666 3526 739">
     <span class='ocr_line' id='line_1_64' title="bbox 1942 666 3526 739; baseline 0.003 -16"><span class='ocrx_word' id='word_1_458' title='bbox 1942 676 2129 723; x_wconf 89' lang='lat' dir='ltr'><strong>contra</strong></span> <span class='ocrx_word' id='word_1_459' title='bbox 2167 666 2419 737; x_wconf 85' lang='lat' dir='ltr'><strong>Spiritum</strong></span> <span class='ocrx_word' id='word_1_460' title='bbox 2465 677 2728 735; x_wconf 86' lang='lat' dir='ltr'><strong>sanctum,</strong></span> <span class='ocrx_word' id='word_1_461' title='bbox 2772 682 2878 723; x_wconf 92' lang='lat' dir='ltr'><strong>non</strong></span> <span class='ocrx_word' id='word_1_462' title='bbox 2923 670 3242 726; x_wconf 86' lang='lat' dir='ltr'><strong>remittetur.</strong></span> <span class='ocrx_word' id='word_1_463' title='bbox 3277 671 3429 739; x_wconf 91' lang='lat' dir='ltr'><strong>Quod</strong></span> <span class='ocrx_word' id='word_1_464' title='bbox 3454 672 3526 727; x_wconf 86' lang='lat' dir='ltr'><strong>sit</strong></span> 
     </span>
    </p>
   </div>
   <div class='ocr_carea' id='block_1_65' title="bbox 1944 761 3523 832">
    <p class='ocr_par' dir='ltr' id='par_1_65' title="bbox 1944 761 3523 832">
     <span class='ocr_line' id='line_1_65' title="bbox 1944 761 3523 832; baseline 0.002 -17"><span class='ocrx_word' id='word_1_465' title='bbox 1944 770 2121 817; x_wconf 88' lang='lat' dir='ltr'><strong>autem</strong></span> <span class='ocrx_word' id='word_1_466' title='bbox 2154 761 2253 817; x_wconf 90' lang='lat' dir='ltr'><strong>hoc</strong></span> <span class='ocrx_word' id='word_1_467' title='bbox 2294 762 2514 817; x_wconf 89' lang='lat' dir='ltr'><strong>verbum</strong></span> <span class='ocrx_word' id='word_1_468' title='bbox 2538 802 2552 828; x_wconf 92' lang='lat'><strong>,</strong></span> <span class='ocrx_word' id='word_1_469' title='bbox 2586 762 2750 832; x_wconf 77' lang='lat' dir='ltr'><strong>quaari</strong></span> <span class='ocrx_word' id='word_1_470' title='bbox 2790 777 2819 815; x_wconf 89' lang='lat' dir='ltr'><strong>a</strong></span> <span class='ocrx_word' id='word_1_471' title='bbox 2851 762 3005 817; x_wconf 90' lang='lat' dir='ltr'><strong>nobis</strong></span> <span class='ocrx_word' id='word_1_472' title='bbox 3040 763 3296 818; x_wconf 91' lang='lat' dir='ltr'><strong>Dominus</strong></span> <span class='ocrx_word' id='word_1_473' title='bbox 3322 763 3523 831; x_wconf 88' lang='lat' dir='ltr'><strong>voluit;</strong></span> 
     </span>
    </p>
   </div>
   <div class='ocr_carea' id='block_1_66' title="bbox 1944 856 3526 927">
    <p class='ocr_par' dir='ltr' id='par_1_66' title="bbox 1944 856 3526 927">
     <span class='ocr_line' id='line_1_66' title="bbox 1944 856 3526 927; baseline 0.001 -16"><span class='ocrx_word' id='word_1_474' title='bbox 1944 856 2066 911; x_wconf 91' lang='lat' dir='ltr'><strong>ideo</strong></span> <span class='ocrx_word' id='word_1_475' title='bbox 2097 872 2201 911; x_wconf 92' lang='lat' dir='ltr'><strong>non</strong></span> <span class='ocrx_word' id='word_1_476' title='bbox 2231 858 2512 927; x_wconf 77' lang='lat' dir='ltr'><strong>expressit.</strong></span> <span class='ocrx_word' id='word_1_477' title='bbox 2544 857 2717 924; x_wconf 58' lang='lat' dir='ltr'><strong>Quaeri</strong></span> <span class='ocrx_word' id='word_1_478' title='bbox 2736 898 2749 923; x_wconf 93' lang='lat'><strong>,</strong></span> <span class='ocrx_word' id='word_1_479' title='bbox 2786 857 3021 927; x_wconf 89' lang='lat' dir='ltr'><strong>inquam,</strong></span> <span class='ocrx_word' id='word_1_480' title='bbox 3052 858 3249 923; x_wconf 89' lang='lat' dir='ltr'><strong>voluit,</strong></span> <span class='ocrx_word' id='word_1_481' title='bbox 3292 874 3397 913; x_wconf 93' lang='lat' dir='ltr'><strong>non</strong></span> <span class='ocrx_word' id='word_1_482' title='bbox 3425 873 3526 914; x_wconf 85' lang='lat' dir='ltr'><strong>ne-</strong></span> 
     </span>
    </p>
   </div>
   <div class='ocr_carea' id='block_1_67' title="bbox 1943 947 3524 1020">
    <p class='ocr_par' dir='ltr' id='par_1_67' title="bbox 1943 947 3524 1020">
     <span class='ocr_line' id='line_1_67' title="bbox 1943 947 3524 1020; baseline 0.002 -19"><span class='ocrx_word' id='word_1_483' title='bbox 1943 948 2075 1017; x_wconf 87' lang='lat' dir='ltr'><strong>gari.</strong></span> <span class='ocrx_word' id='word_1_484' title='bbox 2101 947 2285 1003; x_wconf 89' lang='lat' dir='ltr'><strong>Solent</strong></span> <span class='ocrx_word' id='word_1_485' title='bbox 2308 949 2449 1004; x_wconf 91' lang='lat' dir='ltr'><strong>enim</strong></span> <span class='ocrx_word' id='word_1_486' title='bbox 2482 949 2768 1019; x_wconf 75' lang='lat' dir='ltr'><strong>Scriptura:</strong></span> <span class='ocrx_word' id='word_1_487' title='bbox 2797 948 2866 1003; x_wconf 86' lang='lat' dir='ltr'><strong>ita</strong></span> <span class='ocrx_word' id='word_1_488' title='bbox 2896 949 3072 1019; x_wconf 90' lang='lat' dir='ltr'><strong>loqui,</strong></span> <span class='ocrx_word' id='word_1_489' title='bbox 3101 958 3158 1004; x_wconf 90' lang='lat' dir='ltr'><strong>ut</strong></span> <span class='ocrx_word' id='word_1_490' title='bbox 3182 950 3394 1020; x_wconf 90' lang='lat' dir='ltr'><strong>quando</strong></span> <span class='ocrx_word' id='word_1_491' title='bbox 3422 950 3524 1003; x_wconf 90' lang='lat' dir='ltr'><strong>ali-</strong></span> 
     </span>
    </p>
   </div>
   <div class='ocr_carea' id='block_1_68' title="bbox 1943 1038 3527 1110">
    <p class='ocr_par' dir='ltr' id='par_1_68' title="bbox 1943 1038 3527 1110">
     <span class='ocr_line' id='line_1_68' title="bbox 1943 1038 3527 1110; baseline 0 -17"><span class='ocrx_word' id='word_1_492' title='bbox 1943 1038 2070 1109; x_wconf 90' lang='lat' dir='ltr'><strong>quid</strong></span> <span class='ocrx_word' id='word_1_493' title='bbox 2097 1040 2174 1095; x_wconf 91' lang='lat' dir='ltr'><strong>sic</strong></span> <span class='ocrx_word' id='word_1_494' title='bbox 2201 1040 2413 1106; x_wconf 90' lang='lat' dir='ltr'><strong>dicitur,</strong></span> <span class='ocrx_word' id='word_1_495' title='bbox 2444 1050 2503 1095; x_wconf 93' lang='lat' dir='ltr'><strong>ut</strong></span> <span class='ocrx_word' id='word_1_496' title='bbox 2530 1056 2702 1110; x_wconf 92' lang='lat' dir='ltr'><strong>neque</strong></span> <span class='ocrx_word' id='word_1_497' title='bbox 2731 1055 2795 1097; x_wconf 82' lang='lat' dir='ltr'><strong>ex</strong></span> <span class='ocrx_word' id='word_1_498' title='bbox 2830 1048 2943 1095; x_wconf 91' lang='lat' dir='ltr'><strong>toto</strong></span> <span class='ocrx_word' id='word_1_499' title='bbox 2968 1054 3141 1110; x_wconf 90' lang='lat' dir='ltr'><strong>neque</strong></span> <span class='ocrx_word' id='word_1_500' title='bbox 3166 1055 3232 1095; x_wconf 89' lang='lat' dir='ltr'><strong>ex</strong></span> <span class='ocrx_word' id='word_1_501' title='bbox 3262 1049 3411 1110; x_wconf 92' lang='lat' dir='ltr'><strong>parte</strong></span> <span class='ocrx_word' id='word_1_502' title='bbox 3439 1040 3527 1095; x_wconf 80' lang='lat' dir='ltr'><strong>di-</strong></span> 
     </span>
    </p>
   </div>
   <div class='ocr_carea' id='block_1_69' title="bbox 1945 1132 3523 1203">
    <p class='ocr_par' dir='ltr' id='par_1_69' title="bbox 1945 1132 3523 1203">
     <span class='ocr_line' id='line_1_69' title="bbox 1945 1132 3523 1203; baseline -0.001 -16"><span class='ocrx_word' id='word_1_503' title='bbox 1945 1140 2086 1187; x_wconf 90' lang='lat' dir='ltr'><strong>ctum</strong></span> <span class='ocrx_word' id='word_1_504' title='bbox 2117 1132 2329 1188; x_wconf 90' lang='lat' dir='ltr'><strong>ﬁniatur</strong></span> <span class='ocrx_word' id='word_1_505' title='bbox 2357 1135 2395 1201; x_wconf 87' lang='grc'><strong>¹,</strong></span> <span class='ocrx_word' id='word_1_506' title='bbox 2419 1148 2525 1187; x_wconf 86' lang='grc' dir='ltr'>ιιοιι</span> <span class='ocrx_word' id='word_1_507' title='bbox 2552 1134 2621 1189; x_wconf 90' lang='lat' dir='ltr'><strong>sit</strong></span> <span class='ocrx_word' id='word_1_508' title='bbox 2649 1148 2867 1188; x_wconf 89' lang='lat' dir='ltr'><strong>necesse</strong></span> <span class='ocrx_word' id='word_1_509' title='bbox 2888 1143 2945 1187; x_wconf 91' lang='lat' dir='ltr'><strong>ut</strong></span> <span class='ocrx_word' id='word_1_510' title='bbox 2970 1149 3032 1187; x_wconf 85' lang='lat' dir='ltr'><strong>ex</strong></span> <span class='ocrx_word' id='word_1_511' title='bbox 3060 1140 3172 1187; x_wconf 91' lang='lat' dir='ltr'><strong>toto</strong></span> <span class='ocrx_word' id='word_1_512' title='bbox 3194 1133 3305 1189; x_wconf 90' lang='lat' dir='ltr'><strong>ﬁeri</strong></span> <span class='ocrx_word' id='word_1_513' title='bbox 3336 1132 3523 1203; x_wconf 86' lang='lat' dir='ltr'><strong>possit,</strong></span> 
     </span>
    </p>
   </div>
   <div class='ocr_carea' id='block_1_70' title="bbox 1945 1225 3526 1297">
    <p class='ocr_par' dir='ltr' id='par_1_70' title="bbox 1945 1225 3526 1297">
     <span class='ocr_line' id='line_1_70' title="bbox 1945 1225 3526 1297; baseline 0 -18"><span class='ocrx_word' id='word_1_514' title='bbox 1945 1235 2003 1280; x_wconf 88' lang='lat' dir='ltr'><strong>ut</strong></span> <span class='ocrx_word' id='word_1_515' title='bbox 2029 1236 2082 1281; x_wconf 91' lang='lat' dir='ltr'><strong>et</strong></span> <span class='ocrx_word' id='word_1_516' title='bbox 2110 1241 2179 1281; x_wconf 90' lang='lat' dir='ltr'><strong>ex</strong></span> <span class='ocrx_word' id='word_1_517' title='bbox 2205 1235 2356 1295; x_wconf 86' lang='lat' dir='ltr'><strong>parte</strong></span> <span class='ocrx_word' id='word_1_518' title='bbox 2383 1241 2486 1280; x_wconf 91' lang='lat' dir='ltr'><strong>non</strong></span> <span class='ocrx_word' id='word_1_519' title='bbox 2517 1227 2861 1296; x_wconf 85' lang='lat' dir='ltr'><strong>intelligatur.</strong></span> <span class='ocrx_word' id='word_1_520' title='bbox 2891 1226 2992 1280; x_wconf 85' lang='lat' dir='ltr'><strong>ista</strong></span> <span class='ocrx_word' id='word_1_521' title='bbox 3019 1240 3146 1297; x_wconf 90' lang='lat' dir='ltr'><strong>ergo</strong></span> <span class='ocrx_word' id='word_1_522' title='bbox 3170 1225 3433 1280; x_wconf 90' lang='lat' dir='ltr'><strong>sententia</strong></span> <span class='ocrx_word' id='word_1_523' title='bbox 3460 1239 3526 1279; x_wconf 88' lang='lat' dir='ltr'><strong>ex</strong></span> 
     </span>
    </p>
   </div>
   <div class='ocr_carea' id='block_1_71' title="bbox 1946 1318 3527 1389">
    <p class='ocr_par' dir='ltr' id='par_1_71' title="bbox 1946 1318 3527 1389">
     <span class='ocr_line' id='line_1_71' title="bbox 1946 1318 3527 1389; baseline -0.001 -16"><span class='ocrx_word' id='word_1_524' title='bbox 1946 1326 2079 1386; x_wconf 90' lang='lat' dir='ltr'><strong>toto,</strong></span> <span class='ocrx_word' id='word_1_525' title='bbox 2110 1319 2159 1373; x_wconf 91' lang='lat' dir='ltr'><strong>id</strong></span> <span class='ocrx_word' id='word_1_526' title='bbox 2189 1330 2287 1385; x_wconf 88' lang='lat' dir='ltr'><strong>est,</strong></span> <span class='ocrx_word' id='word_1_527' title='bbox 2332 1320 2705 1375; x_wconf 89' lang='lat' dir='ltr'><strong>univcrsaliter</strong></span> <span class='ocrx_word' id='word_1_528' title='bbox 2748 1320 3199 1389; x_wconf 87' lang='lat' dir='ltr'><strong>pronuntiaretur,</strong></span> <span class='ocrx_word' id='word_1_529' title='bbox 3230 1320 3272 1372; x_wconf 92' lang='lat' dir='ltr'><strong>si</strong></span> <span class='ocrx_word' id='word_1_530' title='bbox 3319 1318 3527 1373; x_wconf 84' lang='lat' dir='ltr'><strong>dicere-</strong></span> 
     </span>
    </p>
   </div>
   <div class='ocr_carea' id='block_1_72' title="bbox 1945 1413 3524 1484">
    <p class='ocr_par' dir='ltr' id='par_1_72' title="bbox 1945 1413 3524 1484">
     <span class='ocr_line' id='line_1_72' title="bbox 1945 1413 3524 1484; baseline -0.002 -16"><span class='ocrx_word' id='word_1_531' title='bbox 1945 1422 2052 1479; x_wconf 91' lang='lat' dir='ltr'><strong>tur,</strong></span> <span class='ocrx_word' id='word_1_532' title='bbox 2081 1413 2266 1469; x_wconf 87' lang='lat' dir='ltr'><strong>Omnis</strong></span> <span class='ocrx_word' id='word_1_533' title='bbox 2296 1414 2623 1484; x_wconf 89' lang='lat' dir='ltr'><strong>blasphemia</strong></span> <span class='ocrx_word' id='word_1_534' title='bbox 2650 1414 2876 1484; x_wconf 88' lang='lat' dir='ltr'><strong>Spiritus</strong></span> <span class='ocrx_word' id='word_1_535' title='bbox 2902 1430 3007 1468; x_wconf 91' lang='lat' dir='ltr'><strong>non</strong></span> <span class='ocrx_word' id='word_1_536' title='bbox 3036 1413 3364 1477; x_wconf 88' lang='lat' dir='ltr'><strong>remittetur;</strong></span> <span class='ocrx_word' id='word_1_537' title='bbox 3397 1421 3485 1466; x_wconf 90' lang='lat' dir='ltr'><strong>aut</strong></span> <span class='ocrx_word' id='word_1_538' title='bbox 3506 1452 3524 1480; x_wconf 90' lang='lat'><strong>,</strong></span> 
     </span>
    </p>
   </div>
   <div class='ocr_carea' id='block_1_73' title="bbox 1944 1504 3526 1577">
    <p class='ocr_par' dir='ltr' id='par_1_73' title="bbox 1944 1504 3526 1577">
     <span class='ocr_line' id='line_1_73' title="bbox 1944 1504 3526 1577; baseline -0.001 -18"><span class='ocrx_word' id='word_1_539' title='bbox 1944 1505 2045 1574; x_wconf 90' lang='lat' dir='ltr'><strong>Qui</strong></span> <span class='ocrx_word' id='word_1_540' title='bbox 2092 1506 2286 1560; x_wconf 82' lang='lat' dir='ltr'><strong>dixerit</strong></span> <span class='ocrx_word' id='word_1_541' title='bbox 2334 1508 2722 1577; x_wconf 87' lang='lat' dir='ltr'><strong>qualecumque</strong></span> <span class='ocrx_word' id='word_1_542' title='bbox 2773 1506 2995 1562; x_wconf 90' lang='lat' dir='ltr'><strong>verbum</strong></span> <span class='ocrx_word' id='word_1_543' title='bbox 3039 1514 3223 1561; x_wconf 90' lang='lat' dir='ltr'><strong>contra</strong></span> <span class='ocrx_word' id='word_1_544' title='bbox 3272 1504 3526 1573; x_wconf 90' lang='lat' dir='ltr'><strong>Spiritum</strong></span> 
     </span>
    </p>
   </div>
   <div class='ocr_carea' id='block_1_74' title="bbox 1945 1596 3533 1666">
    <p class='ocr_par' dir='ltr' id='par_1_74' title="bbox 1945 1596 3533 1666">
     <span class='ocr_line' id='line_1_74' title="bbox 1945 1596 3533 1666; baseline -0.003 -14"><span class='ocrx_word' id='word_1_545' title='bbox 1945 1605 2210 1664; x_wconf 86' lang='lat' dir='ltr'><strong>sanctum,</strong></span> <span class='ocrx_word' id='word_1_546' title='bbox 2241 1613 2345 1651; x_wconf 89' lang='lat' dir='ltr'><strong>non</strong></span> <span class='ocrx_word' id='word_1_547' title='bbox 2371 1599 2669 1652; x_wconf 90' lang='lat' dir='ltr'><strong>remittetur</strong></span> <span class='ocrx_word' id='word_1_548' title='bbox 2693 1599 2776 1665; x_wconf 91' lang='lat' dir='ltr'><strong>ei,</strong></span> <span class='ocrx_word' id='word_1_549' title='bbox 2803 1613 2976 1666; x_wconf 90' lang='lat' dir='ltr'><strong>neque</strong></span> <span class='ocrx_word' id='word_1_550' title='bbox 3000 1597 3052 1651; x_wconf 90' lang='lat' dir='ltr'><strong>in</strong></span> <span class='ocrx_word' id='word_1_551' title='bbox 3083 1598 3181 1651; x_wconf 92' lang='lat' dir='ltr'><strong>hoc</strong></span> <span class='ocrx_word' id='word_1_552' title='bbox 3210 1596 3404 1651; x_wconf 64' lang='lat' dir='ltr'><strong>saeculo</strong></span> <span class='ocrx_word' id='word_1_553' title='bbox 3434 1608 3533 1649; x_wconf 85' lang='lat' dir='ltr'><strong>ne-</strong></span> 
     </span>
    </p>
   </div>
   <div class='ocr_carea' id='block_1_75' title="bbox 1953 1689 3532 1761">
    <p class='ocr_par' dir='ltr' id='par_1_75' title="bbox 1953 1689 3532 1761">
     <span class='ocr_line' id='line_1_75' title="bbox 1953 1689 3532 1761; baseline -0.001 -17"><span class='ocrx_word' id='word_1_554' title='bbox 1953 1706 2057 1761; x_wconf 90' lang='lat' dir='ltr'><strong>quc</strong></span> <span class='ocrx_word' id='word_1_555' title='bbox 2082 1691 2134 1745; x_wconf 92' lang='lat' dir='ltr'><strong>in</strong></span> <span class='ocrx_word' id='word_1_556' title='bbox 2167 1690 2362 1745; x_wconf 90' lang='lat' dir='ltr'><strong>futuro.</strong></span> <span class='ocrx_word' id='word_1_557' title='bbox 2396 1691 2469 1745; x_wconf 88' lang='lat' dir='ltr'><strong>Ex</strong></span> <span class='ocrx_word' id='word_1_558' title='bbox 2500 1700 2649 1761; x_wconf 88' lang='lat' dir='ltr'><strong>parte</strong></span> <span class='ocrx_word' id='word_1_559' title='bbox 2678 1699 2875 1758; x_wconf 89' lang='lat' dir='ltr'><strong>autem,</strong></span> <span class='ocrx_word' id='word_1_560' title='bbox 2906 1690 2957 1744; x_wconf 92' lang='lat' dir='ltr'><strong>id</strong></span> <span class='ocrx_word' id='word_1_561' title='bbox 3001 1698 3109 1755; x_wconf 89' lang='lat' dir='ltr'><strong>est,</strong></span> <span class='ocrx_word' id='word_1_562' title='bbox 3143 1689 3532 1760; x_wconf 87' lang='lat' dir='ltr'><strong>particulariter</strong></span> 
     </span>
    </p>
   </div>
   <div class='ocr_carea' id='block_1_76' title="bbox 1947 1780 3529 1854">
    <p class='ocr_par' dir='ltr' id='par_1_76' title="bbox 1947 1780 3529 1854">
     <span class='ocr_line' id='line_1_76' title="bbox 1947 1780 3529 1854; baseline -0.003 -17"><span class='ocrx_word' id='word_1_563' title='bbox 1947 1785 2404 1854; x_wconf 86' lang='lat' dir='ltr'><strong>pronuntiaretur,</strong></span> <span class='ocrx_word' id='word_1_564' title='bbox 2454 1784 2497 1837; x_wconf 92' lang='lat' dir='ltr'><strong>si</strong></span> <span class='ocrx_word' id='word_1_565' title='bbox 2548 1782 2849 1846; x_wconf 86' lang='lat' dir='ltr'><strong>diceretur,</strong></span> <span class='ocrx_word' id='word_1_566' title='bbox 2900 1782 3153 1849; x_wconf 76' lang='lat' dir='ltr'><strong>Quaedam</strong></span> <span class='ocrx_word' id='word_1_567' title='bbox 3201 1780 3529 1850; x_wconf 90' lang='lat' dir='ltr'><strong>blasphemia</strong></span> 
     </span>
    </p>
   </div>
   <div class='ocr_carea' id='block_1_77' title="bbox 1951 1871 3529 1945">
    <p class='ocr_par' dir='ltr' id='par_1_77' title="bbox 1951 1871 3529 1945">
     <span class='ocr_line' id='line_1_77' title="bbox 1951 1871 3529 1945; baseline -0.004 -15"><span class='ocrx_word' id='word_1_568' title='bbox 1951 1875 2179 1945; x_wconf 89' lang='lat' dir='ltr'><strong>Spiritus</strong></span> <span class='ocrx_word' id='word_1_569' title='bbox 2210 1889 2315 1927; x_wconf 90' lang='lat' dir='ltr'><strong>non</strong></span> <span class='ocrx_word' id='word_1_570' title='bbox 2358 1876 2677 1929; x_wconf 86' lang='lat' dir='ltr'><strong>remittetur.</strong></span> <span class='ocrx_word' id='word_1_571' title='bbox 2709 1875 2839 1940; x_wconf 87' lang='lat' dir='ltr'><strong>Quia</strong></span> <span class='ocrx_word' id='word_1_572' title='bbox 2878 1888 3006 1943; x_wconf 84' lang='lat' dir='ltr'><strong>ergo</strong></span> <span class='ocrx_word' id='word_1_573' title='bbox 3034 1888 3131 1927; x_wconf 89' lang='lat' dir='ltr'><strong>nec</strong></span> <span class='ocrx_word' id='word_1_574' title='bbox 3160 1871 3529 1927; x_wconf 83' lang='lat' dir='ltr'><strong>univcrsaliter</strong></span> 
     </span>
    </p>
   </div>
   <div class='ocr_carea' id='block_1_78' title="bbox 1947 1965 3527 2038">
    <p class='ocr_par' dir='ltr' id='par_1_78' title="bbox 1947 1965 3527 2038">
     <span class='ocr_line' id='line_1_78' title="bbox 1947 1965 3527 2038; baseline -0.004 -15"><span class='ocrx_word' id='word_1_575' title='bbox 1947 1984 2046 2023; x_wconf 89' lang='lat' dir='ltr'><strong>nec</strong></span> <span class='ocrx_word' id='word_1_576' title='bbox 2071 1968 2458 2038; x_wconf 88' lang='lat' dir='ltr'><strong>particulariter</strong></span> <span class='ocrx_word' id='word_1_577' title='bbox 2482 1968 2754 2021; x_wconf 85' lang='lat' dir='ltr'><strong>enuntiata</strong></span> <span class='ocrx_word' id='word_1_578' title='bbox 2792 1966 3053 2020; x_wconf 89' lang='lat' dir='ltr'><strong>sententia</strong></span> <span class='ocrx_word' id='word_1_579' title='bbox 3084 1974 3166 2019; x_wconf 90' lang='lat' dir='ltr'><strong>est</strong></span> <span class='ocrx_word' id='word_1_580' title='bbox 3197 1967 3344 2037; x_wconf 91' lang='lat' dir='ltr'><strong>(non</strong></span> <span class='ocrx_word' id='word_1_581' title='bbox 3385 1965 3527 2019; x_wconf 90' lang='lat' dir='ltr'><strong>enim</strong></span> 
     </span>
    </p>
   </div>
   <div class='ocr_carea' id='block_1_79' title="bbox 1947 2057 3533 2127">
    <p class='ocr_par' dir='ltr' id='par_1_79' title="bbox 1947 2057 3533 2127">
     <span class='ocr_line' id='line_1_79' title="bbox 1947 2057 3533 2127; baseline -0.004 -12"><span class='ocrx_word' id='word_1_582' title='bbox 1947 2060 2148 2115; x_wconf 88' lang='lat' dir='ltr'><strong>dictum</strong></span> <span class='ocrx_word' id='word_1_583' title='bbox 2188 2068 2303 2125; x_wconf 89' lang='lat' dir='ltr'><strong>est,</strong></span> <span class='ocrx_word' id='word_1_584' title='bbox 2334 2058 2519 2112; x_wconf 91' lang='lat' dir='ltr'><strong>Omnis</strong></span> <span class='ocrx_word' id='word_1_585' title='bbox 2547 2058 2875 2127; x_wconf 86' lang='lat' dir='ltr'><strong>blasphemia</strong></span> <span class='ocrx_word' id='word_1_586' title='bbox 2913 2057 3171 2127; x_wconf 91' lang='lat' dir='ltr'><strong>Spiritus;</strong></span> <span class='ocrx_word' id='word_1_587' title='bbox 3218 2065 3342 2122; x_wconf 85' lang='lat' dir='ltr'><strong>aut,</strong></span> <span class='ocrx_word' id='word_1_588' title='bbox 3388 2070 3533 2125; x_wconf 65' lang='lat' dir='ltr'><strong>quac-</strong></span> 
     </span>
    </p>
   </div>
   <div class='ocr_carea' id='block_1_80' title="bbox 1946 2149 3531 2221">
    <p class='ocr_par' dir='ltr' id='par_1_80' title="bbox 1946 2149 3531 2221">
     <span class='ocr_line' id='line_1_80' title="bbox 1946 2149 3531 2221; baseline -0.003 -14"><span class='ocrx_word' id='word_1_589' title='bbox 1946 2153 2069 2207; x_wconf 91' lang='lat' dir='ltr'><strong>dam</strong></span> <span class='ocrx_word' id='word_1_590' title='bbox 2100 2151 2459 2221; x_wconf 90' lang='lat' dir='ltr'><strong>blasphemia;</strong></span> <span class='ocrx_word' id='word_1_591' title='bbox 2506 2151 2598 2206; x_wconf 92' lang='lat' dir='ltr'><strong>sed</strong></span> <span class='ocrx_word' id='word_1_592' title='bbox 2642 2149 3006 2205; x_wconf 88' lang='lat' dir='ltr'><strong>tantummodo</strong></span> <span class='ocrx_word' id='word_1_593' title='bbox 3035 2150 3304 2209; x_wconf 84' lang='lat' dir='ltr'><strong>indeﬁnite</strong></span> <span class='ocrx_word' id='word_1_594' title='bbox 3332 2149 3531 2205; x_wconf 90' lang='lat' dir='ltr'><strong>dictum</strong></span> 
     </span>
    </p>
   </div>
   <div class='ocr_carea' id='block_1_81' title="bbox 1946 2240 3529 2313">
    <p class='ocr_par' dir='ltr' id='par_1_81' title="bbox 1946 2240 3529 2313">
     <span class='ocr_line' id='line_1_81' title="bbox 1946 2240 3529 2313; baseline -0.003 -13"><span class='ocrx_word' id='word_1_595' title='bbox 1946 2252 2048 2311; x_wconf 84' lang='lat' dir='ltr'><strong>est,</strong></span> <span class='ocrx_word' id='word_1_596' title='bbox 2096 2243 2319 2313; x_wconf 81' lang='lat' dir='ltr'><strong>Spiritus</strong></span> <span class='ocrx_word' id='word_1_597' title='bbox 2348 2242 2656 2312; x_wconf 74' lang='lat' dir='ltr'><strong>blasphemia</strong></span> <span class='ocrx_word' id='word_1_598' title='bbox 2685 2258 2786 2296; x_wconf 89' lang='lat' dir='ltr'><strong>non</strong></span> <span class='ocrx_word' id='word_1_599' title='bbox 2825 2242 3102 2295; x_wconf 85' lang='lat' dir='ltr'><strong>remittetur</strong></span> <span class='ocrx_word' id='word_1_600' title='bbox 3126 2258 3144 2295; x_wconf 88' lang='lat'><strong><em>:</em></strong></span> <span class='ocrx_word' id='word_1_601' title='bbox 3188 2257 3286 2297; x_wconf 91' lang='lat' dir='ltr'><strong>nec</strong></span> <span class='ocrx_word' id='word_1_602' title='bbox 3328 2240 3529 2296; x_wconf 90' lang='lat' dir='ltr'><strong>dictum</strong></span> 
     </span>
    </p>
   </div>
   <div class='ocr_carea' id='block_1_82' title="bbox 1948 2334 3531 2407">
    <p class='ocr_par' dir='ltr' id='par_1_82' title="bbox 1948 2334 3531 2407">
     <span class='ocr_line' id='line_1_82' title="bbox 1948 2334 3531 2407; baseline -0.002 -14"><span class='ocrx_word' id='word_1_603' title='bbox 1948 2346 2051 2405; x_wconf 86' lang='lat' dir='ltr'><strong>est,</strong></span> <span class='ocrx_word' id='word_1_604' title='bbox 2089 2337 2188 2404; x_wconf 92' lang='lat' dir='ltr'><strong>Qui</strong></span> <span class='ocrx_word' id='word_1_605' title='bbox 2227 2337 2420 2392; x_wconf 83' lang='lat' dir='ltr'><strong>dixerit</strong></span> <span class='ocrx_word' id='word_1_606' title='bbox 2448 2336 2819 2407; x_wconf 90' lang='lat' dir='ltr'><strong>quodcumque</strong></span> <span class='ocrx_word' id='word_1_607' title='bbox 2845 2336 3095 2403; x_wconf 89' lang='lat' dir='ltr'><strong>verbum;</strong></span> <span class='ocrx_word' id='word_1_608' title='bbox 3126 2344 3234 2401; x_wconf 89' lang='lat' dir='ltr'><strong>aut,</strong></span> <span class='ocrx_word' id='word_1_609' title='bbox 3265 2335 3356 2405; x_wconf 90' lang='lat' dir='ltr'><strong>qui</strong></span> <span class='ocrx_word' id='word_1_610' title='bbox 3380 2334 3531 2390; x_wconf 83' lang='lat' dir='ltr'><strong>dixe-</strong></span> 
     </span>
    </p>
   </div>
   <div class='ocr_carea' id='block_1_83' title="bbox 1950 2428 3535 2501">
    <p class='ocr_par' dir='ltr' id='par_1_83' title="bbox 1950 2428 3535 2501">
     <span class='ocr_line' id='line_1_83' title="bbox 1950 2428 3535 2501; baseline -0.002 -15"><span class='ocrx_word' id='word_1_611' title='bbox 1950 2431 2023 2486; x_wconf 88' lang='lat' dir='ltr'><strong>rit</strong></span> <span class='ocrx_word' id='word_1_612' title='bbox 2048 2429 2313 2501; x_wconf 86' lang='lat' dir='ltr'><strong>quoddam</strong></span> <span class='ocrx_word' id='word_1_613' title='bbox 2345 2430 2601 2495; x_wconf 90' lang='lat' dir='ltr'><strong>verbum;</strong></span> <span class='ocrx_word' id='word_1_614' title='bbox 2632 2429 2726 2484; x_wconf 92' lang='lat' dir='ltr'><strong>sed</strong></span> <span class='ocrx_word' id='word_1_615' title='bbox 2756 2428 3047 2497; x_wconf 83' lang='lat' dir='ltr'><strong>indefmite,</strong></span> <span class='ocrx_word' id='word_1_616' title='bbox 3088 2428 3187 2493; x_wconf 83' lang='lat' dir='ltr'><strong>Qui</strong></span> <span class='ocrx_word' id='word_1_617' title='bbox 3215 2429 3395 2482; x_wconf 77' lang='lat' dir='ltr'><strong>dixerit</strong></span> <span class='ocrx_word' id='word_1_618' title='bbox 3424 2445 3535 2483; x_wconf 81' lang='lat' dir='ltr'><strong>ver-</strong></span> 
     </span>
    </p>
   </div>
   <div class='ocr_carea' id='block_1_84' title="bbox 1950 2521 3536 2597">
    <p class='ocr_par' dir='ltr' id='par_1_84' title="bbox 1950 2521 3536 2597">
     <span class='ocr_line' id='line_1_84' title="bbox 1950 2521 3536 2597; baseline -0.001 -18"><span class='ocrx_word' id='word_1_619' title='bbox 1950 2526 2137 2597; x_wconf 90' lang='lat' dir='ltr'><strong>bum);</strong></span> <span class='ocrx_word' id='word_1_620' title='bbox 2168 2542 2275 2581; x_wconf 92' lang='lat' dir='ltr'><strong>non</strong></span> <span class='ocrx_word' id='word_1_621' title='bbox 2303 2533 2384 2580; x_wconf 86' lang='lat' dir='ltr'><strong>est</strong></span> <span class='ocrx_word' id='word_1_622' title='bbox 2421 2539 2640 2579; x_wconf 90' lang='lat' dir='ltr'><strong>necesse</strong></span> <span class='ocrx_word' id='word_1_623' title='bbox 2670 2532 2727 2578; x_wconf 89' lang='lat' dir='ltr'><strong>ut</strong></span> <span class='ocrx_word' id='word_1_624' title='bbox 2768 2538 2980 2578; x_wconf 89' lang='lat' dir='ltr'><strong>omnem</strong></span> <span class='ocrx_word' id='word_1_625' title='bbox 3025 2521 3407 2592; x_wconf 89' lang='lat' dir='ltr'><strong>blasphemiam</strong></span> <span class='ocrx_word' id='word_1_626' title='bbox 3450 2522 3536 2578; x_wconf 89' lang='lat' dir='ltr'><strong>vel</strong></span> 
     </span>
    </p>
   </div>
   <div class='ocr_carea' id='block_1_85' title="bbox 1952 2615 3538 2686">
    <p class='ocr_par' dir='ltr' id='par_1_85' title="bbox 1952 2615 3538 2686">
     <span class='ocr_line' id='line_1_85' title="bbox 1952 2615 3538 2686; baseline -0.003 -11"><span class='ocrx_word' id='word_1_627' title='bbox 1952 2635 2114 2675; x_wconf 90' lang='lat' dir='ltr'><strong>omne</strong></span> <span class='ocrx_word' id='word_1_628' title='bbox 2136 2619 2353 2673; x_wconf 83' lang='lat' dir='ltr'><strong>verbum</strong></span> <span class='ocrx_word' id='word_1_629' title='bbox 2387 2617 2741 2686; x_wconf 89' lang='lat' dir='ltr'><strong>intelligamus</strong></span> <span class='ocrx_word' id='word_1_630' title='bbox 2768 2634 2781 2672; x_wconf 91' lang='lat'><strong>:</strong></span> <span class='ocrx_word' id='word_1_631' title='bbox 2814 2616 2907 2671; x_wconf 89' lang='lat' dir='ltr'><strong>sed</strong></span> <span class='ocrx_word' id='word_1_632' title='bbox 2937 2630 3156 2671; x_wconf 88' lang='lat' dir='ltr'><strong>necesse</strong></span> <span class='ocrx_word' id='word_1_633' title='bbox 3182 2625 3264 2670; x_wconf 88' lang='lat' dir='ltr'><strong>est</strong></span> <span class='ocrx_word' id='word_1_634' title='bbox 3301 2615 3455 2685; x_wconf 89' lang='lat' dir='ltr'><strong>plane</strong></span> <span class='ocrx_word' id='word_1_635' title='bbox 3480 2622 3538 2670; x_wconf 88' lang='lat' dir='ltr'><strong>ut</strong></span> 
     </span>
    </p>
   </div>
   <div class='ocr_carea' id='block_1_86' title="bbox 1950 2706 3539 2782">
    <p class='ocr_par' dir='ltr' id='par_1_86' title="bbox 1950 2706 3539 2782">
     <span class='ocr_line' id='line_1_86' title="bbox 1950 2706 3539 2782; baseline -0.002 -17"><span class='ocrx_word' id='word_1_636' title='bbox 1950 2710 2236 2782; x_wconf 88' lang='lat' dir='ltr'><strong>quamdam</strong></span> <span class='ocrx_word' id='word_1_637' title='bbox 2264 2709 2648 2780; x_wconf 78' lang='lat' dir='ltr'><strong>blasphemiam</strong></span> <span class='ocrx_word' id='word_1_638' title='bbox 2679 2717 2733 2763; x_wconf 93' lang='lat' dir='ltr'><strong>et</strong></span> <span class='ocrx_word' id='word_1_639' title='bbox 2760 2706 3027 2778; x_wconf 89' lang='lat' dir='ltr'><strong>quoddam</strong></span> <span class='ocrx_word' id='word_1_640' title='bbox 3055 2707 3276 2763; x_wconf 79' lang='lat' dir='ltr'><strong>verbum</strong></span> <span class='ocrx_word' id='word_1_641' title='bbox 3314 2708 3539 2763; x_wconf 87' lang='lat' dir='ltr'><strong>voluerit</strong></span> 
     </span>
    </p>
   </div>
   <div class='ocr_carea' id='block_1_87' title="bbox 1951 2799 3538 2872">
    <p class='ocr_par' dir='ltr' id='par_1_87' title="bbox 1951 2799 3538 2872">
     <span class='ocr_line' id='line_1_87' title="bbox 1951 2799 3538 2872; baseline -0.001 -15"><span class='ocrx_word' id='word_1_642' title='bbox 1951 2802 2175 2872; x_wconf 86' lang='lat' dir='ltr'><strong>intelligi</strong></span> <span class='ocrx_word' id='word_1_643' title='bbox 2199 2802 2486 2866; x_wconf 88' lang='lat' dir='ltr'><strong>Dominus;</strong></span> <span class='ocrx_word' id='word_1_644' title='bbox 2520 2800 2761 2870; x_wconf 89' lang='lat' dir='ltr'><strong>quamvis</strong></span> <span class='ocrx_word' id='word_1_645' title='bbox 2790 2799 2843 2853; x_wconf 91' lang='lat' dir='ltr'><strong>id</strong></span> <span class='ocrx_word' id='word_1_646' title='bbox 2873 2799 3171 2869; x_wconf 84' lang='lat' dir='ltr'><strong>exprimere</strong></span> <span class='ocrx_word' id='word_1_647' title='bbox 3200 2799 3445 2866; x_wconf 90' lang='lat' dir='ltr'><strong>noluerit,</strong></span> <span class='ocrx_word' id='word_1_648' title='bbox 3480 2808 3538 2855; x_wconf 89' lang='lat' dir='ltr'><strong>ut</strong></span> 
     </span>
    </p>
   </div>
   <div class='ocr_carea' id='block_1_88' title="bbox 1951 2891 3537 2964">
    <p class='ocr_par' dir='ltr' id='par_1_88' title="bbox 1951 2891 3537 2964">
     <span class='ocr_line' id='line_1_88' title="bbox 1951 2891 3537 2964; baseline 0.001 -16"><span class='ocrx_word' id='word_1_649' title='bbox 1951 2894 2202 2964; x_wconf 88' lang='lat' dir='ltr'><strong>petendo,</strong></span> <span class='ocrx_word' id='word_1_650' title='bbox 2226 2892 2534 2963; x_wconf 67' lang='lat' dir='ltr'><strong>quaerendo,</strong></span> <span class='ocrx_word' id='word_1_651' title='bbox 2566 2891 2841 2962; x_wconf 90' lang='lat' dir='ltr'><strong>pulsando,</strong></span> <span class='ocrx_word' id='word_1_652' title='bbox 2864 2892 2908 2946; x_wconf 92' lang='lat' dir='ltr'><strong>si</strong></span> <span class='ocrx_word' id='word_1_653' title='bbox 2932 2892 3059 2962; x_wconf 90' lang='lat' dir='ltr'><strong>quid</strong></span> <span class='ocrx_word' id='word_1_654' title='bbox 3076 2892 3206 2948; x_wconf 90' lang='lat' dir='ltr'><strong>recti</strong></span> <span class='ocrx_word' id='word_1_655' title='bbox 3237 2892 3537 2949; x_wconf 88' lang='lat' dir='ltr'><strong>intellectus</strong></span> 
     </span>
    </p>
   </div>
   <div class='ocr_carea' id='block_1_89' title="bbox 1952 2974 3036 3053">
    <p class='ocr_par' dir='ltr' id='par_1_89' title="bbox 1952 2974 3036 3053">
     <span class='ocr_line' id='line_1_89' title="bbox 1952 2974 3036 3053; baseline -0.003 -14"><span class='ocrx_word' id='word_1_656' title='bbox 1952 2983 2333 3053; x_wconf 86' lang='lat' dir='ltr'><strong>acceperimus,</strong></span> <span class='ocrx_word' id='word_1_657' title='bbox 2371 2999 2473 3038; x_wconf 90' lang='lat' dir='ltr'><strong>non</strong></span> <span class='ocrx_word' id='word_1_658' title='bbox 2514 2982 2691 3037; x_wconf 89' lang='lat' dir='ltr'><strong>viliter</strong></span> <span class='ocrx_word' id='word_1_659' title='bbox 2730 2974 3036 3038; x_wconf 88' lang='lat' dir='ltr'><strong>habeamus.</strong></span> 
     </span>
    </p>
   </div>
   <div class='ocr_carea' id='block_1_90' title="bbox 2024 3074 3541 3145">
    <p class='ocr_par' dir='ltr' id='par_1_90' title="bbox 2024 3074 3541 3145">
     <span class='ocr_line' id='line_1_90' title="bbox 2024 3074 3541 3145; baseline 0 -14"><span class='ocrx_word' id='word_1_660' title='bbox 2024 3075 2250 3132; x_wconf 87' lang='lat' dir='ltr'><strong>CAPUT</strong></span> <span class='ocrx_word' id='word_1_661' title='bbox 2284 3074 2392 3129; x_wconf 83' lang='lat' dir='ltr'><strong>Vll.</strong></span> <span class='ocrx_word' id='word_1_662' title='bbox 2414 3104 2485 3115; x_wconf 93' lang='lat'><strong>——</strong></span> <span class='ocrx_word' id='word_1_663' title='bbox 2513 3076 2600 3129; x_wconf 81' lang='grc'><strong>11.</strong></span> <span class='ocrx_word' id='word_1_664' title='bbox 2631 3074 2795 3129; x_wconf 89' lang='lat' dir='ltr'><strong>Locus</strong></span> <span class='ocrx_word' id='word_1_665' title='bbox 2815 3074 3034 3128; x_wconf 80' lang='lat' dir='ltr'><strong>Joannis</strong></span> <span class='ocrx_word' id='word_1_666' title='bbox 3061 3074 3124 3128; x_wconf 89' lang='lat' dir='ltr'><strong>de</strong></span> <span class='ocrx_word' id='word_1_667' title='bbox 3161 3084 3296 3130; x_wconf 82' lang='lat' dir='ltr'><strong>certe</strong></span> <span class='ocrx_word' id='word_1_668' title='bbox 3319 3076 3541 3145; x_wconf 83' lang='lat' dir='ltr'><strong>quodam</strong></span> 
     </span>
    </p>
   </div>
   <div class='ocr_carea' id='block_1_91' title="bbox 1959 3166 3543 3238">
    <p class='ocr_par' dir='ltr' id='par_1_91' title="bbox 1959 3166 3543 3238">
     <span class='ocr_line' id='line_1_91' title="bbox 1959 3166 3543 3238; baseline 0 -15"><span class='ocrx_word' id='word_1_669' title='bbox 1959 3168 2259 3224; x_wconf 71' lang='lat' dir='ltr'><strong>Judeorum</strong></span> <span class='ocrx_word' id='word_1_670' title='bbox 2306 3176 2530 3238; x_wconf 83' lang='lat' dir='ltr'><strong>peccato.</strong></span> <span class='ocrx_word' id='word_1_671' title='bbox 2561 3166 2674 3222; x_wconf 84' lang='lat' dir='ltr'><strong>Hoc</strong></span> <span class='ocrx_word' id='word_1_672' title='bbox 2717 3175 2775 3221; x_wconf 88' lang='lat' dir='ltr'><strong>ut</strong></span> <span class='ocrx_word' id='word_1_673' title='bbox 2829 3166 3161 3222; x_wconf 79' lang='lat' dir='ltr'><strong>manifestius</strong></span> <span class='ocrx_word' id='word_1_674' title='bbox 3211 3166 3456 3235; x_wconf 87' lang='lat' dir='ltr'><strong>videatis,</strong></span> <span class='ocrx_word' id='word_1_675' title='bbox 3486 3168 3543 3223; x_wconf 83' lang='lat' dir='ltr'><strong>il-</strong></span> 
     </span>
    </p>
   </div>
   <div class='ocr_carea' id='block_1_92' title="bbox 1953 3258 3541 3331">
    <p class='ocr_par' dir='ltr' id='par_1_92' title="bbox 1953 3258 3541 3331">
     <span class='ocr_line' id='line_1_92' title="bbox 1953 3258 3541 3331; baseline 0 -13"><span class='ocrx_word' id='word_1_676' title='bbox 1953 3261 2047 3318; x_wconf 90' lang='lat' dir='ltr'><strong>lud</strong></span> <span class='ocrx_word' id='word_1_677' title='bbox 2082 3260 2336 3317; x_wconf 87' lang='lat' dir='ltr'><strong>attendite</strong></span> <span class='ocrx_word' id='word_1_678' title='bbox 2372 3259 2515 3331; x_wconf 90' lang='lat' dir='ltr'><strong>quod</strong></span> <span class='ocrx_word' id='word_1_679' title='bbox 2554 3260 2629 3314; x_wconf 87' lang='lat' dir='ltr'><strong>ait</strong></span> <span class='ocrx_word' id='word_1_680' title='bbox 2668 3258 2809 3314; x_wconf 91' lang='lat' dir='ltr'><strong>idem</strong></span> <span class='ocrx_word' id='word_1_681' title='bbox 2838 3260 2952 3329; x_wconf 91' lang='lat' dir='ltr'><strong>ipse</strong></span> <span class='ocrx_word' id='word_1_682' title='bbox 2980 3259 3048 3315; x_wconf 93' lang='lat' dir='ltr'><strong>de</strong></span> <span class='ocrx_word' id='word_1_683' title='bbox 3072 3258 3270 3315; x_wconf 56' lang='lat' dir='ltr'><strong>ludatis</strong></span> <span class='ocrx_word' id='word_1_684' title='bbox 3297 3279 3309 3315; x_wconf 90' lang='lat'>:</span> <span class='ocrx_word' id='word_1_685' title='bbox 3342 3260 3405 3317; x_wconf 90' lang='lat' dir='ltr'><strong>Si</strong></span> <span class='ocrx_word' id='word_1_686' title='bbox 3437 3277 3541 3318; x_wconf 84' lang='lat' dir='ltr'><strong>non</strong></span> 
     </span>
    </p>
   </div>
   <div class='ocr_carea' id='block_1_93' title="bbox 1954 3351 3543 3423">
    <p class='ocr_par' dir='ltr' id='par_1_93' title="bbox 1954 3351 3543 3423">
     <span class='ocr_line' id='line_1_93' title="bbox 1954 3351 3543 3423; baseline 0.001 -16"><span class='ocrx_word' id='word_1_687' title='bbox 1954 3354 2195 3409; x_wconf 81' lang='lat' dir='ltr'><strong>venissem</strong></span> <span class='ocrx_word' id='word_1_688' title='bbox 2214 3361 2261 3407; x_wconf 87' lang='lat' dir='ltr'><strong>et</strong></span> <span class='ocrx_word' id='word_1_689' title='bbox 2292 3351 2489 3406; x_wconf 82' lang='lat' dir='ltr'><strong>locutus</strong></span> <span class='ocrx_word' id='word_1_690' title='bbox 2524 3352 2731 3423; x_wconf 83' lang='lat' dir='ltr'><strong>fuissem</strong></span> <span class='ocrx_word' id='word_1_691' title='bbox 2762 3351 2866 3417; x_wconf 83' lang='lat' dir='ltr'><strong>eis,</strong></span> <span class='ocrx_word' id='word_1_692' title='bbox 2896 3360 3153 3421; x_wconf 80' lang='lat' dir='ltr'><strong>peccatum</strong></span> <span class='ocrx_word' id='word_1_693' title='bbox 3177 3368 3279 3407; x_wconf 85' lang='lat' dir='ltr'><strong>non</strong></span> <span class='ocrx_word' id='word_1_694' title='bbox 3303 3352 3543 3409; x_wconf 85' lang='lat' dir='ltr'><strong>haberent</strong></span> 
     </span>
    </p>
   </div>
   <div class='ocr_carea' id='block_1_94' title="bbox 1955 3441 3543 3518">
    <p class='ocr_par' dir='ltr' id='par_1_94' title="bbox 1955 3441 3543 3518">
     <span class='ocr_line' id='line_1_94' title="bbox 1955 3441 3543 3518; baseline 0.001 -19"><span class='ocrx_word' id='word_1_695' title='bbox 1955 3444 2132 3518; x_wconf 85' lang='lat' dir='ltr'><strong>(Joan.</strong></span> <span class='ocrx_word' id='word_1_696' title='bbox 2150 3460 2241 3511; x_wconf 88' lang='lat' dir='ltr'><strong>xv,</strong></span> <span class='ocrx_word' id='word_1_697' title='bbox 2267 3443 2381 3513; x_wconf 71' lang='lat'><strong>22).</strong></span> <span class='ocrx_word' id='word_1_698' title='bbox 2406 3442 2591 3513; x_wconf 87' lang='lat' dir='ltr'><strong>Neque</strong></span> <span class='ocrx_word' id='word_1_699' title='bbox 2610 3442 2752 3497; x_wconf 90' lang='lat' dir='ltr'><strong>enim</strong></span> <span class='ocrx_word' id='word_1_700' title='bbox 2772 3441 2841 3495; x_wconf 89' lang='lat' dir='ltr'><strong>ita</strong></span> <span class='ocrx_word' id='word_1_701' title='bbox 2867 3441 3065 3497; x_wconf 90' lang='lat' dir='ltr'><strong>dictum</strong></span> <span class='ocrx_word' id='word_1_702' title='bbox 3080 3451 3163 3498; x_wconf 84' lang='lat' dir='ltr'><strong>est</strong></span> <span class='ocrx_word' id='word_1_703' title='bbox 3181 3483 3197 3509; x_wconf 97' lang='lat'><strong>,</strong></span> <span class='ocrx_word' id='word_1_704' title='bbox 3226 3444 3412 3499; x_wconf 91' lang='lat' dir='ltr'><strong>utsine</strong></span> <span class='ocrx_word' id='word_1_705' title='bbox 3430 3446 3543 3501; x_wconf 89' lang='lat' dir='ltr'><strong>ullo</strong></span> 
     </span>
    </p>
   </div>
   <div class='ocr_carea' id='block_1_95' title="bbox 1955 3533 3536 3608">
    <p class='ocr_par' dir='ltr' id='par_1_95' title="bbox 1955 3533 3536 3608">
     <span class='ocr_line' id='line_1_95' title="bbox 1955 3533 3536 3608; baseline 0.001 -16"><span class='ocrx_word' id='word_1_706' title='bbox 1955 3545 2173 3608; x_wconf 89' lang='lat' dir='ltr'><strong>peccato</strong></span> <span class='ocrx_word' id='word_1_707' title='bbox 2200 3536 2419 3591; x_wconf 92' lang='lat' dir='ltr'><strong>omnino</strong></span> <span class='ocrx_word' id='word_1_708' title='bbox 2444 3535 2602 3589; x_wconf 87' lang='lat' dir='ltr'><strong>vellet</strong></span> <span class='ocrx_word' id='word_1_709' title='bbox 2632 3534 2849 3603; x_wconf 85' lang='lat' dir='ltr'><strong>intelligi</strong></span> <span class='ocrx_word' id='word_1_710' title='bbox 2872 3533 3079 3590; x_wconf 88' lang='lat' dir='ltr'><strong>futuros</strong></span> <span class='ocrx_word' id='word_1_711' title='bbox 3104 3534 3267 3591; x_wconf 86' lang='lat' dir='ltr'><strong>fuisse</strong></span> <span class='ocrx_word' id='word_1_712' title='bbox 3295 3536 3536 3604; x_wconf 72' lang='lat' dir='ltr'><strong>Iudaeos,</strong></span> 
     </span>
    </p>
   </div>
   <div class='ocr_carea' id='block_1_96' title="bbox 1956 3627 3543 3702">
    <p class='ocr_par' dir='ltr' id='par_1_96' title="bbox 1956 3627 3543 3702">
     <span class='ocr_line' id='line_1_96' title="bbox 1956 3627 3543 3702; baseline 0.002 -17"><span class='ocrx_word' id='word_1_713' title='bbox 1956 3630 2000 3685; x_wconf 92' lang='lat' dir='ltr'><strong>si</strong></span> <span class='ocrx_word' id='word_1_714' title='bbox 2043 3646 2147 3685; x_wconf 91' lang='lat' dir='ltr'><strong>non</strong></span> <span class='ocrx_word' id='word_1_715' title='bbox 2176 3631 2407 3685; x_wconf 88' lang='lat' dir='ltr'><strong>venisset</strong></span> <span class='ocrx_word' id='word_1_716' title='bbox 2435 3636 2489 3682; x_wconf 92' lang='lat' dir='ltr'><strong>et</strong></span> <span class='ocrx_word' id='word_1_717' title='bbox 2534 3629 2738 3682; x_wconf 87' lang='lat' dir='ltr'><strong>locutus</strong></span> <span class='ocrx_word' id='word_1_718' title='bbox 2776 3628 2853 3681; x_wconf 91' lang='lat' dir='ltr'><strong>eis</strong></span> <span class='ocrx_word' id='word_1_719' title='bbox 2888 3627 3094 3682; x_wconf 83' lang='lat' dir='ltr'><strong>fuisset.</strong></span> <span class='ocrx_word' id='word_1_720' title='bbox 3126 3629 3319 3684; x_wconf 82' lang='lat' dir='ltr'><strong>Plenos</strong></span> <span class='ocrx_word' id='word_1_721' title='bbox 3345 3632 3543 3702; x_wconf 91' lang='lat' dir='ltr'><strong>quippe</strong></span> 
     </span>
    </p>
   </div>
   <div class='ocr_carea' id='block_1_97' title="bbox 1957 3717 3537 3789">
    <p class='ocr_par' dir='ltr' id='par_1_97' title="bbox 1957 3717 3537 3789">
     <span class='ocr_line' id='line_1_97' title="bbox 1957 3717 3537 3789; baseline -0.006 -12"><span class='ocrx_word' id='word_1_722' title='bbox 1957 3722 2189 3787; x_wconf 89' lang='lat' dir='ltr'><strong>invenit,</strong></span> <span class='ocrx_word' id='word_1_723' title='bbox 2231 3729 2587 3788; x_wconf 89' lang='lat' dir='ltr'><strong>oneratosque</strong></span> <span class='ocrx_word' id='word_1_724' title='bbox 2630 3717 2877 3789; x_wconf 90' lang='lat' dir='ltr'><strong>peccatis.</strong></span> <span class='ocrx_word' id='word_1_725' title='bbox 2921 3717 3144 3789; x_wconf 89' lang='lat' dir='ltr'><strong>Propter</strong></span> <span class='ocrx_word' id='word_1_726' title='bbox 3180 3720 3321 3789; x_wconf 86' lang='lat' dir='ltr'><strong>quod</strong></span> <span class='ocrx_word' id='word_1_727' title='bbox 3370 3721 3537 3777; x_wconf 65' lang='lat' dir='ltr'><strong>dicit;</strong></span> 
     </span>
    </p>
   </div>
   <div class='ocr_carea' id='block_1_98' title="bbox 1966 3810 3542 3879">
    <p class='ocr_par' dir='ltr' id='par_1_98' title="bbox 1966 3810 3542 3879">
     <span class='ocr_line' id='line_1_98' title="bbox 1966 3810 3542 3879; baseline 0 -12"><span class='ocrx_word' id='word_1_728' title='bbox 1966 3814 2138 3867; x_wconf 78' lang='lat' dir='ltr'><strong>Venite</strong></span> <span class='ocrx_word' id='word_1_729' title='bbox 2181 3812 2248 3865; x_wconf 86' lang='lat' dir='ltr'><strong>ad</strong></span> <span class='ocrx_word' id='word_1_730' title='bbox 2294 3828 2405 3877; x_wconf 90' lang='lat' dir='ltr'><strong>me,</strong></span> <span class='ocrx_word' id='word_1_731' title='bbox 2450 3826 2619 3864; x_wconf 86' lang='lat' dir='ltr'><strong>omnes</strong></span> <span class='ocrx_word' id='word_1_732' title='bbox 2678 3811 2765 3879; x_wconf 86' lang='lat' dir='ltr'><strong>qui</strong></span> <span class='ocrx_word' id='word_1_733' title='bbox 2808 3810 3045 3863; x_wconf 85' lang='lat' dir='ltr'><strong>laboratis</strong></span> <span class='ocrx_word' id='word_1_734' title='bbox 3090 3819 3139 3864; x_wconf 88' lang='lat' dir='ltr'><strong>et</strong></span> <span class='ocrx_word' id='word_1_735' title='bbox 3184 3812 3380 3865; x_wconf 77' lang='lat' dir='ltr'><strong>onerati</strong></span> <span class='ocrx_word' id='word_1_736' title='bbox 3424 3814 3542 3867; x_wconf 87' lang='lat' dir='ltr'><strong>estis</strong></span> 
     </span>
    </p>
   </div>
   <div class='ocr_carea' id='block_1_99' title="bbox 1960 3901 3542 3976">
    <p class='ocr_par' dir='ltr' id='par_1_99' title="bbox 1960 3901 3542 3976">
     <span class='ocr_line' id='line_1_99' title="bbox 1960 3901 3542 3976; baseline 0 -16"><span class='ocrx_word' id='word_1_737' title='bbox 1960 3906 2173 3976; x_wconf 82' lang='lat' dir='ltr'><strong>(Matth.</strong></span> <span class='ocrx_word' id='word_1_738' title='bbox 2208 3920 2292 3967; x_wconf 85' lang='lat' dir='ltr'><strong>xi,</strong></span> <span class='ocrx_word' id='word_1_739' title='bbox 2322 3903 2436 3973; x_wconf 73' lang='lat'><strong>28).</strong></span> <span class='ocrx_word' id='word_1_740' title='bbox 2470 3901 2641 3967; x_wconf 89' lang='lat' dir='ltr'><strong>Unde,</strong></span> <span class='ocrx_word' id='word_1_741' title='bbox 2688 3902 2787 3956; x_wconf 90' lang='lat' dir='ltr'><strong>nisi</strong></span> <span class='ocrx_word' id='word_1_742' title='bbox 2840 3901 3064 3956; x_wconf 89' lang='lat' dir='ltr'><strong>sarcinis</strong></span> <span class='ocrx_word' id='word_1_743' title='bbox 3107 3910 3445 3971; x_wconf 89' lang='lat' dir='ltr'><strong>peccatorum</strong></span> <span class='ocrx_word' id='word_1_744' title='bbox 3487 3915 3542 3960; x_wconf 86' lang='lat' dir='ltr'><strong>et</strong></span> 
     </span>
    </p>
   </div>
   <div class='ocr_carea' id='block_1_100' title="bbox 1959 3989 3542 4065">
    <p class='ocr_par' dir='ltr' id='par_1_100' title="bbox 1959 3989 3542 4065">
     <span class='ocr_line' id='line_1_100' title="bbox 1959 3989 3542 4065; baseline -0.001 -15"><span class='ocrx_word' id='word_1_745' title='bbox 1959 3993 2463 4065; x_wconf 88' lang='lat' dir='ltr'><strong>transgressionibus</strong></span> <span class='ocrx_word' id='word_1_746' title='bbox 2492 3991 2682 4062; x_wconf 86' lang='lat' dir='ltr'><strong>Legis?</strong></span> <span class='ocrx_word' id='word_1_747' title='bbox 2711 3990 2971 4057; x_wconf 88' lang='lat' dir='ltr'><strong>Quoniam</strong></span> <span class='ocrx_word' id='word_1_748' title='bbox 2998 3989 3105 4045; x_wconf 74' lang='lat' dir='ltr'><strong>Lex</strong></span> <span class='ocrx_word' id='word_1_749' title='bbox 3128 3992 3421 4047; x_wconf 85' lang='lat' dir='ltr'><strong>subintravit</strong></span> <span class='ocrx_word' id='word_1_750' title='bbox 3444 4036 3459 4062; x_wconf 90' lang='lat'><strong>,</strong></span> <span class='ocrx_word' id='word_1_751' title='bbox 3488 4004 3542 4049; x_wconf 84' lang='lat' dir='ltr'><strong>ut</strong></span> 
     </span>
    </p>
   </div>
   <div class='ocr_carea' id='block_1_101' title="bbox 1957 4081 3541 4155">
    <p class='ocr_par' dir='ltr' id='par_1_101' title="bbox 1957 4081 3541 4155">
     <span class='ocr_line' id='line_1_101' title="bbox 1957 4081 3541 4155; baseline -0.001 -13"><span class='ocrx_word' id='word_1_752' title='bbox 1957 4088 2233 4142; x_wconf 86' lang='lat' dir='ltr'><strong>abundaret</strong></span> <span class='ocrx_word' id='word_1_753' title='bbox 2260 4086 2493 4139; x_wconf 84' lang='lat' dir='ltr'><strong>delictum</strong></span> <span class='ocrx_word' id='word_1_754' title='bbox 2521 4084 2692 4155; x_wconf 89' lang='lat' dir='ltr'><strong>(Rom.</strong></span> <span class='ocrx_word' id='word_1_755' title='bbox 2714 4099 2767 4148; x_wconf 90' lang='lat' dir='ltr'><strong>v,</strong></span> <span class='ocrx_word' id='word_1_756' title='bbox 2787 4082 2903 4155; x_wconf 72' lang='grc'><strong>20).</strong></span> <span class='ocrx_word' id='word_1_757' title='bbox 2935 4081 3067 4136; x_wconf 88' lang='lat' dir='ltr'><strong>Cum</strong></span> <span class='ocrx_word' id='word_1_758' title='bbox 3094 4098 3221 4153; x_wconf 88' lang='lat' dir='ltr'><strong>ergo</strong></span> <span class='ocrx_word' id='word_1_759' title='bbox 3247 4084 3361 4153; x_wconf 90' lang='lat' dir='ltr'><strong>ipse</strong></span> <span class='ocrx_word' id='word_1_760' title='bbox 3380 4086 3541 4140; x_wconf 83' lang='lat' dir='ltr'><strong>etiam</strong></span> 
     </span>
    </p>
   </div>
   <div class='ocr_carea' id='block_1_102' title="bbox 1956 4176 3543 4246">
    <p class='ocr_par' dir='ltr' id='par_1_102' title="bbox 1956 4176 3543 4246">
     <span class='ocr_line' id='line_1_102' title="bbox 1956 4176 3543 4246; baseline -0.001 -12"><span class='ocrx_word' id='word_1_761' title='bbox 1956 4181 2081 4235; x_wconf 86' lang='lat' dir='ltr'><strong>alibi</strong></span> <span class='ocrx_word' id='word_1_762' title='bbox 2121 4179 2292 4240; x_wconf 86' lang='lat' dir='ltr'><strong>dicat,</strong></span> <span class='ocrx_word' id='word_1_763' title='bbox 2353 4176 2474 4231; x_wconf 88' lang='lat' dir='ltr'><strong>Non</strong></span> <span class='ocrx_word' id='word_1_764' title='bbox 2521 4176 2631 4230; x_wconf 85' lang='lat' dir='ltr'><strong>veni</strong></span> <span class='ocrx_word' id='word_1_765' title='bbox 2670 4191 2848 4229; x_wconf 85' lang='lat' dir='ltr'><strong>uocare</strong></span> <span class='ocrx_word' id='word_1_766' title='bbox 2886 4176 3090 4245; x_wconf 85' lang='lat' dir='ltr'><strong>justos,</strong></span> <span class='ocrx_word' id='word_1_767' title='bbox 3133 4176 3221 4229; x_wconf 83' lang='lat' dir='ltr'><strong>sed</strong></span> <span class='ocrx_word' id='word_1_768' title='bbox 3260 4188 3543 4246; x_wconf 83' lang='lat' dir='ltr'><strong>peccatores</strong></span> 
     </span>
    </p>
   </div>
   <div class='ocr_carea' id='block_1_103' title="bbox 1960 4267 3542 4343">
    <p class='ocr_par' dir='ltr' id='par_1_103' title="bbox 1960 4267 3542 4343">
     <span class='ocr_line' id='line_1_103' title="bbox 1960 4267 3542 4343; baseline 0.001 -19"><span class='ocrx_word' id='word_1_769' title='bbox 1960 4270 2171 4343; x_wconf 78' lang='lat' dir='ltr'><strong>(Matth.</strong></span> <span class='ocrx_word' id='word_1_770' title='bbox 2204 4286 2282 4334; x_wconf 86' lang='lat' dir='ltr'><strong>ix,</strong></span> <span class='ocrx_word' id='word_1_771' title='bbox 2307 4270 2429 4339; x_wconf 73' lang='lat'><strong>13);</strong></span> <span class='ocrx_word' id='word_1_772' title='bbox 2458 4267 2742 4338; x_wconf 89' lang='lat' dir='ltr'><strong>quomodo,</strong></span> <span class='ocrx_word' id='word_1_773' title='bbox 2772 4267 2815 4321; x_wconf 92' lang='lat' dir='ltr'><strong>si</strong></span> <span class='ocrx_word' id='word_1_774' title='bbox 2843 4282 2950 4321; x_wconf 91' lang='lat' dir='ltr'><strong>non</strong></span> <span class='ocrx_word' id='word_1_775' title='bbox 2976 4268 3237 4333; x_wconf 89' lang='lat' dir='ltr'><strong>venisset,</strong></span> <span class='ocrx_word' id='word_1_776' title='bbox 3267 4278 3542 4337; x_wconf 88' lang='lat' dir='ltr'><strong>peccatum</strong></span> 
     </span>
    </p>
   </div>
   <div class='ocr_carea' id='block_1_104' title="bbox 1961 4359 3546 4429">
    <p class='ocr_par' dir='ltr' id='par_1_104' title="bbox 1961 4359 3546 4429">
     <span class='ocr_line' id='line_1_104' title="bbox 1961 4359 3546 4429; baseline -0.001 -11"><span class='ocrx_word' id='word_1_777' title='bbox 1961 4378 2065 4419; x_wconf 91' lang='lat' dir='ltr'><strong>non</strong></span> <span class='ocrx_word' id='word_1_778' title='bbox 2098 4363 2355 4417; x_wconf 90' lang='lat' dir='ltr'><strong>haberent</strong></span> <span class='ocrx_word' id='word_1_779' title='bbox 2376 4402 2388 4424; x_wconf 96' lang='lat'><strong>,</strong></span> <span class='ocrx_word' id='word_1_780' title='bbox 2418 4359 2520 4413; x_wconf 89' lang='lat' dir='ltr'><strong>nisi</strong></span> <span class='ocrx_word' id='word_1_781' title='bbox 2547 4360 2666 4429; x_wconf 88' lang='lat' dir='ltr'><strong>quia</strong></span> <span class='ocrx_word' id='word_1_782' title='bbox 2694 4360 2954 4413; x_wconf 89' lang='lat' dir='ltr'><strong>sententia</strong></span> <span class='ocrx_word' id='word_1_783' title='bbox 2985 4359 3083 4413; x_wconf 90' lang='lat' dir='ltr'><strong>ista</strong></span> <span class='ocrx_word' id='word_1_784' title='bbox 3110 4376 3208 4415; x_wconf 90' lang='lat' dir='ltr'><strong>nec</strong></span> <span class='ocrx_word' id='word_1_785' title='bbox 3235 4360 3546 4417; x_wconf 86' lang='lat' dir='ltr'><strong>universali-</strong></span> 
     </span>
    </p>
   </div>
   <div class='ocr_carea' id='block_1_105' title="bbox 1960 4449 3543 4523">
    <p class='ocr_par' dir='ltr' id='par_1_105' title="bbox 1960 4449 3543 4523">
     <span class='ocr_line' id='line_1_105' title="bbox 1960 4449 3543 4523; baseline -0.001 -12"><span class='ocrx_word' id='word_1_786' title='bbox 1960 4465 2042 4511; x_wconf 90' lang='lat' dir='ltr'><strong>ter</strong></span> <span class='ocrx_word' id='word_1_787' title='bbox 2072 4471 2169 4510; x_wconf 90' lang='lat' dir='ltr'><strong>nec</strong></span> <span class='ocrx_word' id='word_1_788' title='bbox 2202 4452 2605 4523; x_wconf 86' lang='lat' dir='ltr'><strong>particulariter,</strong></span> <span class='ocrx_word' id='word_1_789' title='bbox 2636 4450 2727 4505; x_wconf 90' lang='lat' dir='ltr'><strong>sed</strong></span> <span class='ocrx_word' id='word_1_790' title='bbox 2774 4449 3045 4505; x_wconf 89' lang='lat' dir='ltr'><strong>indeﬁnite</strong></span> <span class='ocrx_word' id='word_1_791' title='bbox 3078 4453 3412 4520; x_wconf 87' lang='lat' dir='ltr'><strong>pronuntiata</strong></span> <span class='ocrx_word' id='word_1_792' title='bbox 3439 4469 3543 4509; x_wconf 92' lang='lat' dir='ltr'><strong>non</strong></span> 
     </span>
    </p>
   </div>
   <div class='ocr_carea' id='block_1_106' title="bbox 1961 4542 3544 4617">
    <p class='ocr_par' dir='ltr' id='par_1_106' title="bbox 1961 4542 3544 4617">
     <span class='ocr_line' id='line_1_106' title="bbox 1961 4542 3544 4617; baseline -0.004 -12"><span class='ocrx_word' id='word_1_793' title='bbox 1961 4564 2117 4605; x_wconf 91' lang='lat' dir='ltr'><strong>omne</strong></span> <span class='ocrx_word' id='word_1_794' title='bbox 2144 4554 2418 4617; x_wconf 88' lang='lat' dir='ltr'><strong>peccatum</strong></span> <span class='ocrx_word' id='word_1_795' title='bbox 2445 4544 2585 4614; x_wconf 90' lang='lat' dir='ltr'><strong>cogit</strong></span> <span class='ocrx_word' id='word_1_796' title='bbox 2607 4542 2868 4613; x_wconf 85' lang='lat' dir='ltr'><strong>intelligi?</strong></span> <span class='ocrx_word' id='word_1_797' title='bbox 2894 4542 3002 4598; x_wconf 89' lang='lat' dir='ltr'><strong>Sed</strong></span> <span class='ocrx_word' id='word_1_798' title='bbox 3030 4544 3183 4612; x_wconf 85' lang='lat' dir='ltr'><strong>plane</strong></span> <span class='ocrx_word' id='word_1_799' title='bbox 3209 4544 3311 4598; x_wconf 91' lang='lat' dir='ltr'><strong>nisi</strong></span> <span class='ocrx_word' id='word_1_800' title='bbox 3331 4544 3544 4615; x_wconf 90' lang='lat' dir='ltr'><strong>aliquod</strong></span> 
     </span>
    </p>
   </div>
   <div class='ocr_carea' id='block_1_107' title="bbox 1960 4634 3545 4712">
    <p class='ocr_par' dir='ltr' id='par_1_107' title="bbox 1960 4634 3545 4712">
     <span class='ocr_line' id='line_1_107' title="bbox 1960 4634 3545 4712; baseline -0.004 -16"><span class='ocrx_word' id='word_1_801' title='bbox 1960 4649 2236 4712; x_wconf 89' lang='lat' dir='ltr'><strong>peccatum</strong></span> <span class='ocrx_word' id='word_1_802' title='bbox 2280 4636 2696 4693; x_wconf 85' lang='lat' dir='ltr'><strong>intellexerimus</strong></span> <span class='ocrx_word' id='word_1_803' title='bbox 2721 4676 2734 4699; x_wconf 92' lang='lat'><strong>,</strong></span> <span class='ocrx_word' id='word_1_804' title='bbox 2767 4634 2907 4705; x_wconf 89' lang='lat' dir='ltr'><strong>quod</strong></span> <span class='ocrx_word' id='word_1_805' title='bbox 2953 4650 3058 4689; x_wconf 91' lang='lat' dir='ltr'><strong>non</strong></span> <span class='ocrx_word' id='word_1_806' title='bbox 3103 4636 3392 4701; x_wconf 89' lang='lat' dir='ltr'><strong>haberent,</strong></span> <span class='ocrx_word' id='word_1_807' title='bbox 3435 4636 3545 4712; x_wconf 87' lang='lat' dir='ltr'><strong>nisi</strong></span> 
     </span>
    </p>
   </div>
   <div class='ocr_carea' id='block_1_108' title="bbox 1963 4710 3545 4796">
    <p class='ocr_par' dir='ltr' id='par_1_108' title="bbox 1963 4710 3545 4796">
     <span class='ocr_line' id='line_1_108' title="bbox 1963 4710 3545 4796; baseline -0.004 -8"><span class='ocrx_word' id='word_1_808' title='bbox 1963 4710 2203 4788; x_wconf 72' lang='lat' dir='ltr'><strong>Christus</strong></span> <span class='ocrx_word' id='word_1_809' title='bbox 2230 4730 2459 4785; x_wconf 86' lang='lat' dir='ltr'><strong>venisset</strong></span> <span class='ocrx_word' id='word_1_810' title='bbox 2488 4738 2542 4782; x_wconf 87' lang='lat' dir='ltr'><strong>et</strong></span> <span class='ocrx_word' id='word_1_811' title='bbox 2580 4727 2785 4781; x_wconf 91' lang='lat' dir='ltr'><strong>locutus</strong></span> <span class='ocrx_word' id='word_1_812' title='bbox 2806 4725 2884 4780; x_wconf 87' lang='lat' dir='ltr'><strong>eis</strong></span> <span class='ocrx_word' id='word_1_813' title='bbox 2912 4725 3126 4791; x_wconf 83' lang='lat' dir='ltr'><strong>fuisset,</strong></span> <span class='ocrx_word' id='word_1_814' title='bbox 3154 4726 3374 4791; x_wconf 88' lang='lat' dir='ltr'><strong>falsam,</strong></span> <span class='ocrx_word' id='word_1_815' title='bbox 3404 4710 3545 4796; x_wconf 80' lang='lat' dir='ltr'><strong>quod</strong></span> 
     </span>
    </p>
   </div>
   <div class='ocr_carea' id='block_1_109' title="bbox 1960 4818 3544 4893">
    <p class='ocr_par' dir='ltr' id='par_1_109' title="bbox 1960 4818 3544 4893">
     <span class='ocr_line' id='line_1_109' title="bbox 1960 4818 3544 4893; baseline -0.005 -12"><span class='ocrx_word' id='word_1_816' title='bbox 1960 4827 2128 4893; x_wconf 89' lang='lat' dir='ltr'><strong>absit,</strong></span> <span class='ocrx_word' id='word_1_817' title='bbox 2161 4822 2477 4880; x_wconf 81' lang='lat' dir='ltr'><strong>sententiam</strong></span> <span class='ocrx_word' id='word_1_818' title='bbox 2507 4836 2625 4876; x_wconf 90' lang='lat' dir='ltr'><strong>esse</strong></span> <span class='ocrx_word' id='word_1_819' title='bbox 2668 4820 2986 4876; x_wconf 87' lang='lat' dir='ltr'><strong>diceremus.</strong></span> <span class='ocrx_word' id='word_1_820' title='bbox 3034 4818 3149 4873; x_wconf 86' lang='lat' dir='ltr'><strong>Non</strong></span> <span class='ocrx_word' id='word_1_821' title='bbox 3192 4835 3319 4889; x_wconf 89' lang='lat' dir='ltr'><strong>ergo</strong></span> <span class='ocrx_word' id='word_1_822' title='bbox 3348 4820 3453 4885; x_wconf 89' lang='lat' dir='ltr'><strong>ait,</strong></span> <span class='ocrx_word' id='word_1_823' title='bbox 3491 4819 3544 4874; x_wconf 91' lang='lat' dir='ltr'><strong>Si</strong></span> 
     </span>
    </p>
   </div>
   <div class='ocr_carea' id='block_1_110' title="bbox 1962 4912 3546 4981">
    <p class='ocr_par' dir='ltr' id='par_1_110' title="bbox 1962 4912 3546 4981">
     <span class='ocr_line' id='line_1_110' title="bbox 1962 4912 3546 4981; baseline -0.008 -4"><span class='ocrx_word' id='word_1_824' title='bbox 1962 4938 2070 4977; x_wconf 91' lang='lat' dir='ltr'><strong>non</strong></span> <span class='ocrx_word' id='word_1_825' title='bbox 2095 4922 2357 4976; x_wconf 87' lang='lat' dir='ltr'><strong>venissem</strong></span> <span class='ocrx_word' id='word_1_826' title='bbox 2387 4925 2440 4973; x_wconf 92' lang='lat' dir='ltr'><strong>et</strong></span> <span class='ocrx_word' id='word_1_827' title='bbox 2464 4916 2669 4971; x_wconf 90' lang='lat' dir='ltr'><strong>locutus</strong></span> <span class='ocrx_word' id='word_1_828' title='bbox 2709 4914 2926 4969; x_wconf 87' lang='lat' dir='ltr'><strong>fuissem</strong></span> <span class='ocrx_word' id='word_1_829' title='bbox 2965 4912 3044 4967; x_wconf 90' lang='lat' dir='ltr'><strong>eis</strong></span> <span class='ocrx_word' id='word_1_830' title='bbox 3064 4954 3077 4978; x_wconf 96' lang='lat'><strong>,</strong></span> <span class='ocrx_word' id='word_1_831' title='bbox 3124 4913 3325 4966; x_wconf 89' lang='lat' dir='ltr'><strong>nullum</strong></span> <span class='ocrx_word' id='word_1_832' title='bbox 3358 4928 3546 4981; x_wconf 86' lang='lat' dir='ltr'><strong>pecca-</strong></span> 
     </span>
    </p>
   </div>
   <div class='ocr_carea' id='block_1_111' title="bbox 1964 5001 3545 5067">
    <p class='ocr_par' dir='ltr' id='par_1_111' title="bbox 1964 5001 3545 5067">
     <span class='ocr_line' id='line_1_111' title="bbox 1964 5001 3545 5067; baseline -0.006 -1"><span class='ocrx_word' id='word_1_833' title='bbox 1964 5022 2072 5067; x_wconf 91' lang='lat' dir='ltr'><strong>tum</strong></span> <span class='ocrx_word' id='word_1_834' title='bbox 2100 5010 2390 5064; x_wconf 91' lang='lat' dir='ltr'><strong>haberent:</strong></span> <span class='ocrx_word' id='word_1_835' title='bbox 2422 5022 2489 5062; x_wconf 91' lang='lat' dir='ltr'><strong>ne</strong></span> <span class='ocrx_word' id='word_1_836' title='bbox 2521 5006 2727 5061; x_wconf 81' lang='lat' dir='ltr'><strong>Veritas</strong></span> <span class='ocrx_word' id='word_1_837' title='bbox 2753 5003 3079 5059; x_wconf 89' lang='lat' dir='ltr'><strong>mentiretur.</strong></span> <span class='ocrx_word' id='word_1_838' title='bbox 3114 5001 3223 5057; x_wconf 83' lang='lat' dir='ltr'><strong>Nec</strong></span> <span class='ocrx_word' id='word_1_839' title='bbox 3249 5016 3433 5056; x_wconf 89' lang='lat' dir='ltr'><strong>rursus</strong></span> <span class='ocrx_word' id='word_1_840' title='bbox 3462 5002 3545 5057; x_wconf 84' lang='lat' dir='ltr'><strong>de-</strong></span> 
     </span>
    </p>
   </div>
   <div class='ocr_carea' id='block_1_112' title="bbox 1962 5092 3543 5167">
    <p class='ocr_par' dir='ltr' id='par_1_112' title="bbox 1962 5092 3543 5167">
     <span class='ocr_line' id='line_1_112' title="bbox 1962 5092 3543 5167; baseline -0.006 -10"><span class='ocrx_word' id='word_1_841' title='bbox 1962 5103 2108 5158; x_wconf 87' lang='lat' dir='ltr'><strong>ﬁnite</strong></span> <span class='ocrx_word' id='word_1_842' title='bbox 2136 5101 2297 5167; x_wconf 85' lang='lat' dir='ltr'><strong>dixit,</strong></span> <span class='ocrx_word' id='word_1_843' title='bbox 2330 5099 2384 5154; x_wconf 90' lang='lat' dir='ltr'><strong>Si</strong></span> <span class='ocrx_word' id='word_1_844' title='bbox 2412 5113 2516 5152; x_wconf 91' lang='lat' dir='ltr'><strong>non</strong></span> <span class='ocrx_word' id='word_1_845' title='bbox 2556 5097 2816 5151; x_wconf 89' lang='lat' dir='ltr'><strong>venissem</strong></span> <span class='ocrx_word' id='word_1_846' title='bbox 2849 5102 2903 5148; x_wconf 91' lang='lat' dir='ltr'><strong>ct</strong></span> <span class='ocrx_word' id='word_1_847' title='bbox 2934 5095 3143 5149; x_wconf 89' lang='lat' dir='ltr'><strong>locutus</strong></span> <span class='ocrx_word' id='word_1_848' title='bbox 3180 5092 3397 5147; x_wconf 89' lang='lat' dir='ltr'><strong>fuissem</strong></span> <span class='ocrx_word' id='word_1_849' title='bbox 3427 5094 3504 5148; x_wconf 90' lang='lat' dir='ltr'><strong>eis</strong></span> <span class='ocrx_word' id='word_1_850' title='bbox 3526 5135 3543 5160; x_wconf 95' lang='lat'><strong>,</strong></span> 
     </span>
    </p>
   </div>
   <div class='ocr_carea' id='block_1_113' title="bbox 1961 5186 3545 5269">
    <p class='ocr_par' dir='ltr' id='par_1_113' title="bbox 1961 5186 3545 5269">
     <span class='ocr_line' id='line_1_113' title="bbox 1961 5186 3545 5269; baseline -0.007 -17"><span class='ocrx_word' id='word_1_851' title='bbox 1961 5196 2225 5269; x_wconf 87' lang='lat' dir='ltr'><strong>quoddam</strong></span> <span class='ocrx_word' id='word_1_852' title='bbox 2253 5202 2524 5265; x_wconf 86' lang='lat' dir='ltr'><strong>peceatum</strong></span> <span class='ocrx_word' id='word_1_853' title='bbox 2566 5205 2673 5245; x_wconf 92' lang='lat' dir='ltr'><strong>non</strong></span> <span class='ocrx_word' id='word_1_854' title='bbox 2722 5189 2976 5244; x_wconf 90' lang='lat' dir='ltr'><strong>haberent</strong></span> <span class='ocrx_word' id='word_1_855' title='bbox 3007 5203 3020 5239; x_wconf 91' lang='lat'><strong>:</strong></span> <span class='ocrx_word' id='word_1_856' title='bbox 3051 5201 3119 5240; x_wconf 89' lang='lat' dir='ltr'><strong>ne</strong></span> <span class='ocrx_word' id='word_1_857' title='bbox 3144 5186 3287 5256; x_wconf 91' lang='lat' dir='ltr'><strong>pium</strong></span> <span class='ocrx_word' id='word_1_858' title='bbox 3313 5186 3545 5241; x_wconf 90' lang='lat' dir='ltr'><strong>studium</strong></span> 
     </span>
    </p>
   </div>
   <div class='ocr_carea' id='block_1_114' title="bbox 1963 5279 3544 5362">
    <p class='ocr_par' dir='ltr' id='par_1_114' title="bbox 1963 5279 3544 5362">
     <span class='ocr_line' id='line_1_114' title="bbox 1963 5279 3544 5362; baseline -0.008 -16"><span class='ocrx_word' id='word_1_859' title='bbox 1963 5305 2149 5362; x_wconf 90' lang='lat' dir='ltr'><strong>parum</strong></span> <span class='ocrx_word' id='word_1_860' title='bbox 2177 5295 2533 5344; x_wconf 86' lang='lat' dir='ltr'><strong>exerceretur.</strong></span> <span class='ocrx_word' id='word_1_861' title='bbox 2567 5285 2622 5338; x_wconf 88' lang='lat' dir='ltr'><strong>In</strong></span> <span class='ocrx_word' id='word_1_862' title='bbox 2652 5283 2793 5337; x_wconf 90' lang='lat' dir='ltr'><strong>omni</strong></span> <span class='ocrx_word' id='word_1_863' title='bbox 2823 5281 3018 5350; x_wconf 91' lang='lat' dir='ltr'><strong>quippe</strong></span> <span class='ocrx_word' id='word_1_864' title='bbox 3044 5279 3193 5348; x_wconf 89' lang='lat' dir='ltr'><strong>copia</strong></span> <span class='ocrx_word' id='word_1_865' title='bbox 3238 5279 3544 5350; x_wconf 86' lang='lat' dir='ltr'><strong>Scriptura-</strong></span> 
     </span>
    </p>
   </div>
   <div class='ocr_carea' id='block_1_115' title="bbox 1962 5374 3545 5449">
    <p class='ocr_par' dir='ltr' id='par_1_115' title="bbox 1962 5374 3545 5449">
     <span class='ocr_line' id='line_1_115' title="bbox 1962 5374 3545 5449; baseline -0.009 -9"><span class='ocrx_word' id='word_1_866' title='bbox 1962 5400 2080 5440; x_wconf 89' lang='lat' dir='ltr'><strong>rum</strong></span> <span class='ocrx_word' id='word_1_867' title='bbox 2122 5390 2420 5439; x_wconf 87' lang='lat' dir='ltr'><strong>sanctarum</strong></span> <span class='ocrx_word' id='word_1_868' title='bbox 2463 5378 2727 5449; x_wconf 88' lang='lat' dir='ltr'><strong>paseiinur</strong></span> <span class='ocrx_word' id='word_1_869' title='bbox 2749 5374 2947 5444; x_wconf 89' lang='lat' dir='ltr'><strong>apertis</strong></span> <span class='ocrx_word' id='word_1_870' title='bbox 2967 5414 2980 5437; x_wconf 94' lang='lat'><strong>,</strong></span> <span class='ocrx_word' id='word_1_871' title='bbox 3013 5387 3327 5427; x_wconf 89' lang='lat' dir='ltr'><strong>exercemur</strong></span> <span class='ocrx_word' id='word_1_872' title='bbox 3355 5374 3545 5429; x_wconf 85' lang='lat' dir='ltr'><strong>obscu-</strong></span> 
     </span>
    </p>
   </div>
   <div class='ocr_carea' id='block_1_116' title="bbox 1963 5463 3544 5542">
    <p class='ocr_par' dir='ltr' id='par_1_116' title="bbox 1963 5463 3544 5542">
     <span class='ocr_line' id='line_1_116' title="bbox 1963 5463 3544 5542; baseline -0.009 -9"><span class='ocrx_word' id='word_1_873' title='bbox 1963 5478 2038 5534; x_wconf 92' lang='lat' dir='ltr'><strong>ris</strong></span> <span class='ocrx_word' id='word_1_874' title='bbox 2066 5496 2079 5532; x_wconf 87' lang='lat'><strong>:</strong></span> <span class='ocrx_word' id='word_1_875' title='bbox 2106 5477 2211 5531; x_wconf 89' lang='lat' dir='ltr'><strong>illic</strong></span> <span class='ocrx_word' id='word_1_876' title='bbox 2236 5476 2402 5528; x_wconf 86' lang='lat' dir='ltr'><strong>fames</strong></span> <span class='ocrx_word' id='word_1_877' title='bbox 2432 5472 2658 5542; x_wconf 89' lang='lat' dir='ltr'><strong>pellitur,</strong></span> <span class='ocrx_word' id='word_1_878' title='bbox 2689 5467 2775 5521; x_wconf 92' lang='lat' dir='ltr'><strong>hic</strong></span> <span class='ocrx_word' id='word_1_879' title='bbox 2802 5465 3089 5521; x_wconf 88' lang='lat' dir='ltr'><strong>fastidium.</strong></span> <span class='ocrx_word' id='word_1_880' title='bbox 3117 5463 3248 5533; x_wconf 90' lang='lat' dir='ltr'><strong>Quia</strong></span> <span class='ocrx_word' id='word_1_881' title='bbox 3279 5479 3407 5534; x_wconf 88' lang='lat' dir='ltr'><strong>ergo</strong></span> <span class='ocrx_word' id='word_1_882' title='bbox 3434 5478 3544 5519; x_wconf 90' lang='lat' dir='ltr'><strong>non</strong></span> 
     </span>
    </p>
   </div>
   <div class='ocr_carea' id='block_1_117' title="bbox 1964 5559 3541 5635">
    <p class='ocr_par' dir='ltr' id='par_1_117' title="bbox 1964 5559 3541 5635">
     <span class='ocr_line' id='line_1_117' title="bbox 1964 5559 3541 5635; baseline -0.01 -8"><span class='ocrx_word' id='word_1_883' title='bbox 1964 5580 2044 5628; x_wconf 85' lang='lat' dir='ltr'><strong>eSI</strong></span> <span class='ocrx_word' id='word_1_884' title='bbox 2065 5571 2281 5635; x_wconf 90' lang='lat' dir='ltr'><strong>dictum,</strong></span> <span class='ocrx_word' id='word_1_885' title='bbox 2311 5567 2591 5623; x_wconf 89' lang='lat' dir='ltr'><strong>Peccatum</strong></span> <span class='ocrx_word' id='word_1_886' title='bbox 2618 5562 2819 5617; x_wconf 88' lang='lat' dir='ltr'><strong>nullum</strong></span> <span class='ocrx_word' id='word_1_887' title='bbox 2863 5559 3153 5625; x_wconf 89' lang='lat' dir='ltr'><strong>haberent;</strong></span> <span class='ocrx_word' id='word_1_888' title='bbox 3181 5574 3285 5613; x_wconf 94' lang='lat' dir='ltr'><strong>non</strong></span> <span class='ocrx_word' id='word_1_889' title='bbox 3327 5566 3541 5628; x_wconf 82' lang='lat' dir='ltr'><strong>pertur-</strong></span> 
     </span>
    </p>
   </div>
   <div class='ocr_carea' id='block_1_118' title="bbox 1962 5652 3545 5731">
    <p class='ocr_par' dir='ltr' id='par_1_118' title="bbox 1962 5652 3545 5731">
     <span class='ocr_line' id='line_1_118' title="bbox 1962 5652 3545 5731; baseline -0.009 -10"><span class='ocrx_word' id='word_1_890' title='bbox 1962 5666 2170 5731; x_wconf 87' lang='lat' dir='ltr'><strong>bemur,</strong></span> <span class='ocrx_word' id='word_1_891' title='bbox 2193 5677 2313 5719; x_wconf 92' lang='lat' dir='ltr'><strong>cum</strong></span> <span class='ocrx_word' id='word_1_892' title='bbox 2342 5666 2647 5729; x_wconf 91' lang='lat' dir='ltr'><strong>peccatores</strong></span> <span class='ocrx_word' id='word_1_893' title='bbox 2669 5654 2899 5721; x_wconf 82' lang='lat' dir='ltr'><strong>Judaeos,</strong></span> <span class='ocrx_word' id='word_1_894' title='bbox 2928 5652 3131 5708; x_wconf 90' lang='lat' dir='ltr'><strong>etiamsi</strong></span> <span class='ocrx_word' id='word_1_895' title='bbox 3154 5652 3409 5707; x_wconf 89' lang='lat' dir='ltr'><strong>Dominus</strong></span> <span class='ocrx_word' id='word_1_896' title='bbox 3436 5666 3545 5707; x_wconf 92' lang='lat' dir='ltr'><strong>non</strong></span> 
     </span>
    </p>
   </div>
   <div class='ocr_carea' id='block_1_119' title="bbox 1964 5744 3544 5825">
    <p class='ocr_par' dir='ltr' id='par_1_119' title="bbox 1964 5744 3544 5825">
     <span class='ocr_line' id='line_1_119' title="bbox 1964 5744 3544 5825; baseline -0.009 -11"><span class='ocrx_word' id='word_1_897' title='bbox 1964 5759 2235 5822; x_wconf 78' lang='lat' dir='ltr'><strong>venisset,</strong></span> <span class='ocrx_word' id='word_1_898' title='bbox 2265 5751 2617 5825; x_wconf 88' lang='lat' dir='ltr'><strong>agnoscimus.</strong></span> <span class='ocrx_word' id='word_1_899' title='bbox 2642 5747 2746 5803; x_wconf 89' lang='lat' dir='ltr'><strong>Sed</strong></span> <span class='ocrx_word' id='word_1_900' title='bbox 2776 5758 2951 5803; x_wconf 90' lang='lat' dir='ltr'><strong>tamen</strong></span> <span class='ocrx_word' id='word_1_901' title='bbox 2978 5747 3096 5817; x_wconf 90' lang='lat' dir='ltr'><strong>quia</strong></span> <span class='ocrx_word' id='word_1_902' title='bbox 3118 5746 3316 5801; x_wconf 89' lang='lat' dir='ltr'><strong>dictum</strong></span> <span class='ocrx_word' id='word_1_903' title='bbox 3343 5753 3423 5800; x_wconf 89' lang='lat' dir='ltr'><strong>est</strong></span> <span class='ocrx_word' id='word_1_904' title='bbox 3443 5786 3458 5807; x_wconf 81' lang='lat'><strong>.</strong></span> <span class='ocrx_word' id='word_1_905' title='bbox 3483 5744 3544 5799; x_wconf 89' lang='lat' dir='ltr'><strong>Si</strong></span> 
     </span>
    </p>
   </div>
   <div class='ocr_carea' id='block_1_120' title="bbox 1965 5838 3546 5917">
    <p class='ocr_par' dir='ltr' id='par_1_120' title="bbox 1965 5838 3546 5917">
     <span class='ocr_line' id='line_1_120' title="bbox 1965 5838 3546 5917; baseline -0.006 -10"><span class='ocrx_word' id='word_1_906' title='bbox 1965 5869 2066 5907; x_wconf 84' lang='lat' dir='ltr'><strong>non</strong></span> <span class='ocrx_word' id='word_1_907' title='bbox 2104 5864 2375 5909; x_wconf 85' lang='lat' dir='ltr'><strong>uentssem,</strong></span> <span class='ocrx_word' id='word_1_908' title='bbox 2416 5852 2671 5917; x_wconf 76' lang='lat' dir='ltr'><strong>peccatum</strong></span> <span class='ocrx_word' id='word_1_909' title='bbox 2715 5860 2815 5897; x_wconf 84' lang='lat' dir='ltr'><strong>non</strong></span> <span class='ocrx_word' id='word_1_910' title='bbox 2860 5842 3129 5908; x_wconf 84' lang='lat' dir='ltr'><strong>haberent;</strong></span> <span class='ocrx_word' id='word_1_911' title='bbox 3159 5838 3281 5897; x_wconf 91' lang='lat' dir='ltr'><strong>inde</strong></span> <span class='ocrx_word' id='word_1_912' title='bbox 3325 5853 3546 5897; x_wconf 78' lang='lat' dir='ltr'><strong>necesse</strong></span> 
     </span>
    </p>
   </div>
   <div class='ocr_carea' id='block_1_121' title="bbox 2028 5932 2805 6001">
    <p class='ocr_par' dir='ltr' id='par_1_121' title="bbox 2028 5932 2805 6001">
     <span class='ocr_line' id='line_1_121' title="bbox 2028 5932 2805 6001; baseline -0.01 -10"><span class='ocrx_word' id='word_1_913' title='bbox 2028 5944 2045 5976; x_wconf 80' lang='grc' dir='ltr'>ί</span> <span class='ocrx_word' id='word_1_914' title='bbox 2071 5940 2365 5991; x_wconf 79' lang='lat' dir='ltr'><strong>Fossateusis</strong></span> <span class='ocrx_word' id='word_1_915' title='bbox 2388 5944 2485 6001; x_wconf 61' lang='lat' dir='ltr'><strong>51s.,</strong></span> <span class='ocrx_word' id='word_1_916' title='bbox 2521 5932 2805 6000; x_wconf 71' lang='lat' dir='ltr'><strong>(ti/ﬁniatur.</strong></span> 
     </span>
    </p>
   </div>
  </div>
