4032 6332
259 339 365 396 ι53

257 449 384 522 quid
403 454 528 502 esset
557 449 783 518 facturus
807 438 986 514 (Joan.
1011 455 1063 497 vt
1082 482 1097 509 ,
1120 436 1154 498 Β
1177 482 1192 508 ,
1221 439 1298 510 6).
1323 435 1422 496 Est
1447 439 1588 496 enim
1619 439 1840 494 tentatio

259 539 525 594 adducens
572 542 879 607 peccatum,
927 549 1027 604 qua
1069 531 1207 588 Deus
1247 533 1511 588 neminem
1555 540 1757 587 tentat:
1789 538 1843 586 et

258 645 334 688 est
367 630 590 688 tentatio
637 629 869 700 probans
910 627 1066 682 ﬁdem
1091 667 1104 691 ,
1137 641 1241 696 qua
1268 634 1322 680 et
1352 626 1490 680 Deus
1533 634 1735 680 tentare
1763 619 1844 678 di-

259 733 464 792 gnatur.
499 721 573 775 Ita
602 736 724 776 cum
760 717 1034 785 audimus,
1075 715 1173 782 Qui
1207 716 1620 785 blasphemaverit
1644 717 1695 770 in
1723 713 1845 784 Spi—

259 816 408 867 ritum
427 822 690 877 sanctum,
724 825 830 866 non
857 825 1014 865 omne
1043 807 1443 878 blasphemandi
1471 822 1640 878 genus
1684 806 1847 863 debe-

259 921 377 961 mus
407 903 649 972 accipere
672 943 688 968 ,
720 903 855 956 sicut
877 915 976 956 nec
1002 899 1071 955 ibi
1101 915 1259 956 omne
1286 898 1538 954 tentandi.

329 994 420 1049 16.
476 993 632 1048 Salus
681 992 904 1046 credenti
968 1001 1014 1046 et
1069 992 1320 1061 baptizata
1397 991 1660 1060 promissa.
1716 987 1846 1042 ltem

257 1102 378 1141 cum
410 1085 672 1151 audimus,
697 1084 796 1151 Qui
813 1082 1100 1147 crediderit,
1125 1093 1170 1136 et
1190 1081 1471 1151 baptizatus
1492 1080 1662 1150 fuerit,
1680 1079 1848 1133 salvus

257 1178 352 1230 erit
383 1172 574 1246 (Marc.
601 1189 712 1242 xvr,
737 1174 803 1230 16
835 1175 854 1245 )
888 1191 900 1226 :
931 1189 1034 1227 non
1065 1172 1243 1242 utique
1273 1169 1615 1240 intelligimus
1639 1184 1704 1224 eo
1731 1184 1848 1222 mo-

256 1267 326 1323 do
351 1266 681 1332 credentem,
701 1281 807 1336 quo
823 1273 868 1318 et
887 1264 1139 1318 daemones
1161 1262 1370 1317 credunt
1396 1271 1442 1315 et
1463 1259 1851 1315 contremiscunt

259 1359 280 1430 (
309 1358 493 1412 Jacobi
517 1373 573 1424 tt,
609 1356 674 1412 l9
708 1358 727 1426 )
758 1399 772 1421 ,
825 1371 922 1412 nec
973 1357 1025 1409 in
1077 1368 1142 1409 eo
1184 1369 1407 1408 numero
1439 1353 1752 1422 baptizatos,
1790 1351 1846 1406 in

258 1464 367 1519 quo
397 1463 584 1519 magus
632 1448 817 1504 Simon
867 1447 1120 1518 baptizari
1177 1445 1344 1516 potuit
1371 1445 1390 1516 (
1417 1444 1526 1499 Act.
1572 1461 1682 1510 vni,
1716 1442 1782 1497 l5
1809 1440 1848 1515 ),

257 1541 356 1596 sed
386 1541 568 1594 salvus
586 1554 706 1595 esse
734 1554 840 1594 non
888 1540 1077 1609 potuit.
1106 1540 1257 1594 Sicut
1294 1554 1421 1610 ergo
1465 1553 1584 1593 ctnn
1631 1537 1852 1604 diceret,

263 1631 368 1698 Qui
390 1632 657 1687 crediderit
673 1642 719 1686 et
736 1631 1017 1700 baptizatus
1030 1633 1196 1703 fuerit,
1219 1631 1385 1685 salvus
1407 1630 1520 1697 erit,
1545 1644 1649 1684 non
1667 1642 1854 1682 omnes

269 1722 564 1779 credentes
593 1732 648 1778 et
666 1721 978 1792 baptizatos,
1024 1721 1115 1776 sed
1142 1721 1401 1792 quosdam
1441 1719 1774 1785 intuebatur;
1802 1718 1856 1773 in

259 1830 330 1871 ea
348 1816 551 1872 scilicet
571 1815 888 1871 constitutos
909 1814 1032 1880 fide,
1061 1831 1178 1885 quae
1195 1815 1452 1884 Apostolo
1472 1813 1852 1884 distinguente,

259 1924 359 1978 per
376 1908 692 1964 dilectionem
710 1919 948 1978 operatur
976 1909 994 1980 (
1023 1907 1193 1962 Galat.
1216 1923 1269 1976 ν,
1301 1908 1334 1963 6
1363 1906 1382 1980 )
1419 1927 1428 1958 :
1462 1908 1531 1962 ita
1562 1923 1680 1963 curn
1701 1905 1856 1974 dixit,

261 1998 374 2066 Qui
402 1998 818 2070 blasphemaverit
842 2001 896 2054 in
923 1998 1172 2071 Spiritum
1206 2010 1450 2065 sanctum,
1479 2016 1580 2054 non
1610 1999 1754 2054 habet
1777 2016 1856 2054 re—

258 2095 556 2148 missionem
584 2093 638 2147 in
686 2101 970 2154 aeternum;
998 2109 1101 2147 non
1138 2108 1373 2161 omnem,
1429 2094 1524 2149 sed
1577 2091 1860 2163 quemdam

261 2183 696 2256 blasphemantis
739 2185 793 2240 in
833 2184 1084 2253 Spiritum
1115 2194 1352 2240 sanctum
1405 2184 1711 2239 intendebat
1741 2198 1859 2239 rea-

259 2281 407 2344 tum,
431 2292 537 2348 quo
562 2277 802 2348 quisquis
833 2274 990 2331 fuerit
1017 2275 1302 2348 obligatus,
1328 2275 1472 2330 nulla
1511 2290 1740 2347 unquam
1772 2291 1858 2330 re-

257 2371 529 2426 missione
566 2371 824 2426 solvetur.

344 2459 573 2518 CAPUT
611 2460 704 2516 XI.
734 2491 807 2502 —-
832 2461 920 2515 17.
949 2457 1136 2515 Modus
1156 2461 1361 2532 quidam
1382 2459 1721 2514 manducandi
1741 2476 1859 2514 car-

261 2563 390 2607 nem
409 2551 596 2608 Christi
619 2554 856 2623 praprius
907 2553 1123 2621 piarunt.
1183 2550 1316 2606 Illttd
1369 2552 1528 2605 etiam
1579 2545 1719 2622 quod
1767 2552 1862 2619 ait,

265 2646 379 2714 Qui
405 2645 676 2701 manducat
705 2659 907 2700 carnem
938 2662 1120 2712 meam,
1148 2653 1191 2698 et
1219 2645 1335 2698 bibit
1360 2645 1654 2714 sanguinem
1680 2661 1863 2713 meum,

262 2737 330 2792 in
359 2755 438 2792 me
455 2748 639 2804 manet,
663 2748 709 2792 et
741 2755 830 2808 ego
859 2738 912 2791 in
950 2737 1040 2790 illo
1065 2735 1260 2808 (Joan.
1293 2753 1366 2804 vr,
1394 2736 1460 2790 57
1493 2741 1509 2807 )
1537 2753 1550 2802 ;
1583 2735 1850 2806 quomodo

263 2829 598 2885 intellecturi
628 2826 854 2883 sumus?
881 2825 1141 2897 Numquid
1185 2827 1343 2880 etiam
1392 2827 1510 2880 illos
1559 2827 1642 2880 hic
1674 2826 1868 2897 poteri-

264 2935 396 2976 mus
426 2921 689 2990 accipere,
711 2919 777 2974 de
801 2919 990 2989 quibus
1011 2919 1136 2973 dicit
1153 2917 1436 2987 Apostolus
1454 2917 1590 2988 quod
1613 2918 1869 2988 judicium

265 3011 381 3065 sibi
419 3010 743 3066 manducent
769 3020 821 3064 et
848 3009 1028 3064 bibant
1054 3011 1070 3080 (
1096 3008 1117 3062 1
1139 3006 1257 3064 Cor.
1278 3025 1349 3074 ιιι,
1376 3008 1485 3079 ‘29)
1516 3027 1529 3074 ;
1558 3025 1679 3062 cum
1703 3008 1870 3080 ipsam

269 3112 499 3160 Carnem
557 3102 897 3169 manducent,
953 3111 1006 3156 et
1058 3101 1232 3172 ipsum
1272 3101 1581 3172 sanguinem
1641 3100 1865 3155 bibant?

269 3193 549 3267 Numquid
593 3203 648 3252 et
703 3195 868 3251 Iudas
911 3193 1146 3265 magistri
1174 3193 1416 3250 venditor
1444 3202 1497 3248 et
1525 3193 1746 3248 traditor
1775 3195 1870 3248 im-

274 3289 421 3358 pius,
443 3287 686 3358 quamvis
715 3290 940 3358 primum
969 3289 1140 3357 ipsum
1164 3285 1412 3340 manibus
1431 3286 1546 3356 ejus
1572 3286 1873 3341 confectum

273 3378 687 3434 Sacramentum
730 3380 905 3434 carnis
957 3386 1010 3433 et
1053 3378 1322 3449 sanguinis
1359 3377 1473 3448 ejus
1499 3393 1624 3434 cum
1669 3380 1876 3435 caeteris

279 3472 585 3543 discipulis,
608 3474 745 3529 sicut
772 3473 1008 3543 apertius
1054 3471 1224 3527 Lucas
1245 3472 1573 3542 evangelista
1618 3469 1874 3542 declarat,

277 3565 635 3621 manducaret
683 3575 739 3620 et
785 3562 1185 3636 biberet(Luc.
1228 3581 1355 3630 xxu,
1401 3565 1465 3619 21
1501 3565 1542 3636 ),
1583 3567 1778 3621 mansit
1825 3565 1876 3621 in

277 3657 523 3724 Christo,
553 3668 642 3714 aut
669 3657 993 3726 Christusin
1021 3658 1124 3714 eo?
1163 3656 1294 3713 Tam
1321 3657 1471 3714 multi
1512 3658 1754 3730 denique,
1788 3660 1880 3729 qui

277 3749 369 3806 vel
395 3751 563 3808 corde
583 3752 706 3808 ﬁcto
735 3765 950 3807 carnem
969 3751 1114 3806 illam
1146 3751 1469 3806 manducant
1496 3759 1549 3807 et
1565 3753 1879 3822 sanguinem

281 3841 496 3909 bibunt,
531 3844 615 3899 vel
641 3860 760 3900 cum
792 3843 1227 3899 manducaverint
1255 3851 1309 3897 et
1337 3842 1590 3910 biberint,
1621 3854 1878 3914 apostata:

284 3933 444 4001 (lunt,
477 3936 732 4006 numquid
764 3943 979 3990 manent
1031 3935 1080 3989 in
1128 3933 1378 3999 Christo;
1427 3943 1519 3989 aut
1543 3933 1786 3991 Christus
1828 3936 1880 3990 in

287 4027 366 4082 eis
381 4027 408 4080 ’ἔ
437 4027 544 4083 Sed
567 4027 802 4098 profecto
819 4037 901 4083 est
924 4027 1138 4098 quidam
1153 4026 1341 4080 modus
1363 4025 1717 4081 manducandi
1738 4027 1879 4082 illam

286 4131 529 4184 carnem,
566 4129 620 4174 et
661 4118 873 4173 bibendi
909 4119 1055 4173 illum
1102 4119 1434 4189 sanguinem,
1482 4135 1586 4189 quo
1615 4118 1774 4175 modo
1793 4119 1882 4189 qui

288 4210 692 4265 manducaverit
715 4219 765 4265 et
795 4209 1005 4278 biberit,
1027 4211 1076 4265 in
1097 4209 1309 4264 Christo
1328 4220 1524 4279 manet,
1555 4221 1608 4266 et
1640 4210 1882 4268 Christus

289 4300 343 4355 in
370 4314 455 4355 eo.
485 4300 600 4356 Non
632 4316 761 4372 ergo
789 4316 1128 4372 quocumque
1162 4300 1318 4356 modo
1347 4302 1623 4372 quisquam
1655 4301 1882 4358 mandu-

291 4397 493 4451 camrit
515 4409 730 4451 carnem
761 4394 976 4462 Christi,
1002 4403 1056 4450 et
1082 4393 1273 4449 biberit
1315 4394 1626 4464 sanguinem
1656 4394 1880 4464 Christi,

290 4495 475 4560 manet
496 4488 549 4542 in
570 4487 806 4553 Christo,
835 4496 887 4542 et
917 4487 968 4540 in
1000 4486 1091 4540 illo
1119 4484 1362 4540 Christus
1392 4503 1404 4550 ;
1452 4485 1548 4540 sed
1575 4497 1722 4541 certo
1751 4503 1884 4558 quo-

293 4578 415 4632 dam
443 4578 624 4644 modo,
647 4593 804 4648 quem
833 4576 1048 4632 modum
1101 4578 1282 4648 utique
1309 4578 1420 4647 ipse
1449 4577 1681 4645 videbat,
1714 4595 1885 4648 quan-

295 4669 364 4725 do
379 4671 482 4726 ista
502 4671 732 4726 dicebat.
756 4670 845 4726 Sic
871 4672 1027 4742 igitur
1055 4671 1180 4726 etin
1210 4686 1274 4726 eo
1300 4670 1440 4742 quod
1477 4675 1570 4738 ait,
1625 4672 1724 4738 Qui
1752 4671 1888 4727 blas-

297 4763 605 4833 phemaeerit
623 4763 674 4817 in
701 4763 950 4834 Spiritum
977 4771 1226 4830 sanctum,
1255 4780 1354 4817 non
1376 4761 1519 4816 habet
1545 4764 1889 4818 remissionem

296 4853 351 4908 in
372 4864 642 4920 wternum,
666 4865 771 4909 non
826 4869 1160 4925 quocumque
1216 4853 1374 4908 modo
1423 4852 1889 4924 hlasphemaverit,

299 4959 424 5003 reus
437 4957 521 5005 est
539 4948 694 5019 hujus
710 4947 1094 5003 irremissibilis
1109 4947 1286 5003 delicti
1308 4965 1320 5010 ;
1354 4947 1445 5002 sed
1461 4946 1618 5002 modo
1635 4947 1888 5019 quodam,

299 5054 463 5110 quem
485 5055 585 5096 nos
610 5055 850 5111 qumrere
887 5050 1045 5110 atque
1084 5040 1376 5111 intelligere
1401 5041 1588 5108 voluit,
1613 5041 1704 5112 qui
1754 5040 1892 5098 hanc

301 5135 623 5189 sententiam
652 5149 830 5190 veram
859 5134 1256 5205 terribilemque
1278 5131 1630 5203 deprompsit.

370 5217 600 5274 CAPUT
640 5216 752 5273 Xll.
781 5215 954 5274 —-18.
981 5218 1284 5289 Aggredilur
1308 5218 1608 5272 solutionem
1650 5220 1892 5290 quazstio-

306 5308 409 5364 uis.
432 5305 660 5364 Trinitas
704 5307 864 5365 Deus.
911 5309 1165 5376 Quisnam
1216 5309 1284 5364 sit
1303 5319 1478 5365 autem
1520 5309 1619 5366 iste
1643 5310 1894 5383 blasphe-

306 5401 492 5458 mandi
512 5402 722 5470 modus,
750 5403 836 5458 vel
885 5400 1062 5472 potius
1115 5402 1506 5468 immoderatio,
1552 5419 1795 5475 quamam
1825 5406 1896 5460 sit

305 5491 409 5550 ista
436 5493 788 5566 blasphemia,
820 5502 874 5551 et
908 5494 1051 5565 quod
1079 5496 1146 5550 sit
1173 5494 1394 5550 verbum
1427 5507 1612 5551 contra
1635 5497 1891 5568 Spiritum

305 5593 552 5643 Sanctum
577 5601 592 5652 ;
616 5586 749 5657 jam,
777 5596 1031 5657 quantum
1059 5587 1328 5654 existimo,
1360 5588 1472 5659 ipse
1501 5589 1634 5644 ordo
1664 5591 1899 5661 postulat

308 5687 368 5735 ut
394 5677 660 5745 dicamus,
697 5687 1035 5750 vestramque
1064 5679 1516 5748 exspectationem
1547 5680 1766 5750 tamdiu,
1800 5681 1894 5739 sed

308 5770 619 5828 necessario
637 5767 924 5838 detentam,
958 5785 1063 5826 non
1090 5772 1310 5827 ulterius
1337 5771 1661 5827 dill'eramus.
1694 5771 1892 5844 Nostis,

308 5859 639 5930 charissimi,
678 5859 730 5916 in
765 5861 850 5918 illa
891 5860 1138 5918 invisibili
1166 5870 1218 5919 et
1241 5862 1627 5934 iucorruptibili
1656 5863 1888 5924 Trinita-

1649 321 1878 383 διειλΜο
1911 317 2100 383 LXXI.

1954 445 2027 502 te,
2055 451 2213 508 quam
2242 434 2378 492 ﬁdes
2413 443 2593 494 nostra
2634 442 2687 498 et
2713 435 2976 498 catholica
3018 435 3256 498 Ecclesia
3300 444 3526 498 tonetet

1950 525 2222 600 praedicat,
2250 527 2413 584 Deum
2453 525 2663 586 Patrem
2709 545 2815 586 non
2859 529 3087 602 Spiritus
3114 529 3283 586 sancti
3307 530 3520 590 Patrem

1949 633 2091 684 esse,
2125 617 2219 675 sed
2248 618 2365 675 Filii
2394 636 2410 686 ;
2441 629 2495 676 et
2532 621 2698 677 Deum
2723 619 2918 678 Filium
2946 639 3052 679 non
3081 622 3310 694 Spiritus
3353 621 3526 680 sancti

1949 709 2140 765 Filium
2171 725 2310 777 esse,
2334 711 2427 768 sed
2459 713 2666 777 Patris;
2703 714 2866 770 Deum
2901 724 3080 770 autem
3123 714 3374 785 Spiritum
3406 731 3528 770 san-

1949 809 2091 856 ctum
2112 819 2214 858 non
2232 804 2396 860 solius
2422 803 2616 871 Patris,
2637 815 2729 860 aut
2755 806 2922 862 solius
2950 821 3072 864 esse
3099 802 3220 861 Filii
3241 805 3526 877 Spiritum,

1953 893 2045 949 sed
2077 893 2247 950 Patris
2276 903 2328 950 et
2352 894 2493 951 Filii.
2526 895 2593 950 Et
2621 896 2755 952 hanc
2785 896 3128 966 Trinitatem,
3148 897 3388 968 quamvis
3415 911 3532 954 ser-

1951 994 2073 1042 vata
2119 986 2439 1057 singularum
2485 988 2804 1058 proprietate
2843 996 2898 1044 et
2924 987 3257 1044 substantia‘
3283 1002 3537 1058 persona-

1954 1093 2113 1144 rum;
2155 1087 2328 1134 tamen
2364 1091 2578 1150 pmpter
2615 1080 2781 1152 ipsam
2813 1080 3136 1137 individuam
3179 1089 3234 1138 et
3261 1080 3534 1152 insepara-

1955 1166 2114 1225 bilem
2148 1171 2479 1240 teternitatis,
2533 1171 2792 1240 veritatis,
2834 1172 3081 1228 bonitatis
3137 1173 3422 1229 essentiam
3450 1171 3537 1230 vel

1957 1267 2224 1326 naturam,
2243 1276 2348 1316 non
2370 1277 2490 1317 esse
2512 1270 2618 1318 tres
2642 1261 2792 1330 deos,
2813 1262 2908 1318 sed
2924 1278 3088 1318 unum
3115 1264 3302 1320 Deum.
3329 1263 3408 1321 Ac
3437 1280 3534 1334 per

1958 1349 2061 1406 hoc
2086 1365 2184 1422 pro
2209 1360 2363 1422 captu
2385 1361 2586 1418 nostro,
2611 1363 2864 1424 quantum
2882 1354 2979 1410 ista
3006 1371 3099 1426 per
3119 1355 3390 1426 speculum
3412 1355 3539 1412 etin

1961 1440 2267 1512 aanigmate,
2316 1445 2609 1513 przcscrtim
2647 1444 2857 1513 talibus,
2888 1445 3072 1519 quales
3121 1447 3295 1504 adhuc
3331 1463 3536 1516 sumus,

1959 1533 2140 1589 videre
2154 1533 2496 1598 Conceditur;
2539 1529 2833 1593 insinuatur
2861 1536 3084 1596 nobisin
3116 1540 3278 1597 Patre
3312 1542 3543 1597 auctori-

1962 1633 2065 1693 tas,
2095 1627 2147 1680 iu
2166 1623 2299 1681 Filio
2325 1628 2590 1694 nativitas,
2614 1628 2669 1683 in
2689 1627 2887 1701 Spiritu
2911 1640 3094 1687 sancto
3119 1632 3291 1687 Patris
3313 1630 3536 1703 Filiique

1961 1719 2333 1784 communitas,
2354 1718 2407 1772 in
2435 1719 2601 1775 tribus
2626 1722 2918 1791 aequalitas.
2944 1721 3098 1790 Quod
3113 1738 3239 1794 ergo
3259 1738 3543 1781 commune

1962 1819 2044 1864 est
2075 1808 2220 1863 Patri
2248 1820 2299 1864 et
2332 1807 2482 1874 Filio,
2515 1827 2606 1880 per
2627 1811 2726 1867 hoc
2755 1826 2852 1868 nos
2870 1813 3150 1869 voluerunt
3180 1813 3375 1870 habere
3396 1830 3547 1870 com-

1962 1899 2270 1955 munionem
2291 1909 2344 1954 et
2370 1901 2509 1956 inter
2531 1916 2629 1957 nos
2657 1911 2711 1958 et
2758 1917 2959 1970 secum,
2983 1912 3036 1959 et
3064 1919 3158 1974 per
3191 1903 3319 1960 illud
3345 1904 3544 1960 donum

1964 2003 2063 2046 nos
2089 1991 2337 2063 colligere
2355 1992 2405 2048 in
2433 2002 2598 2048 anum
2644 1993 2785 2064 quod
2826 1994 2988 2050 ambo
3015 1995 3210 2052 habent
3234 2011 3422 2062 unum,
3451 1995 3553 2053 hoc

1965 2094 2066 2148 εει,
2122 2095 2216 2152 per
2265 2083 2517 2153 Spiritum
2567 2091 2810 2140 sanctum
2839 2085 3004 2141 Deum
3033 2094 3089 2141 et
3114 2085 3311 2142 donum
3345 2087 3460 2144 Dei.
3489 2087 3550 2143 In

1966 2174 2069 2230 hoc
2093 2177 2234 2230 enim
2258 2175 2662 2231 reconciliantur
2681 2177 2963 2246 divinitati,
2995 2193 3161 2249 eaque
3203 2178 3552 2236 delectamur.

1965 2267 2098 2324 Nam
2119 2270 2246 2342 quid
2291 2271 2444 2326 nobis
2471 2271 2750 2342 prodesset
2798 2271 3052 2344 quidquid
3081 2274 3205 2329 boni
3253 2290 3552 2344 nossemus,
3629 2300 3648 2322 ιτ

1967 2361 2068 2416 nisi
2086 2363 2243 2417 etiam
2267 2361 2646 2433 diligeremus?
2671 2364 2818 2420 Sicut
2841 2374 3018 2421 autem
3033 2367 3254 2422 veritate
3275 2367 3551 2438 discimus,

1968 2452 2040 2508 ita
2092 2453 2350 2509 charitate
2393 2455 2696 2526 diligimus;
2723 2467 2778 2512 ut
2815 2464 2868 2511 et
2904 2457 3110 2526 plenius
3153 2473 3556 2530 cognoscamus,

1969 2555 2024 2600 et
2048 2545 2190 2600 beati
2239 2546 2453 2616 cognito
2495 2547 2852 2618 perfruamur.
2889 2547 3131 2606 Charitas
3164 2564 3323 2619 porro
3369 2549 3557 2606 dillusa

1971 2647 2053 2694 est
2080 2638 2130 2692 in
2161 2639 2408 2694 cordibus
2432 2645 2627 2696 nostris
2655 2657 2751 2711 per
2779 2640 3032 2714 Spiritum
3059 2651 3318 2707 sanctum,
3346 2643 3435 2715 qui
3457 2643 3550 2699 da-

1975 2739 2059 2786 tus
2101 2742 2181 2786 est
2214 2733 2364 2788 nobis
2395 2733 2415 2805 (
2447 2734 2593 2790 Rom.
2617 2750 2668 2801 v,
2700 2733 2733 2790 5
2763 2734 2805 2807 ).
2837 2734 2903 2790 Et
2937 2736 3320 2807 quia'peccatis
3349 2736 3555 2792 aliena-

1973 2821 2162 2878 bamur
2191 2838 2219 2876 a
2249 2825 2581 2892 possessione
2613 2840 2862 2879 verorttm
2890 2825 3171 2895 bonorum,
3198 2824 3432 2881 eharitas
3463 2842 3558 2882 co-

1976 2916 2147 2984 eperit
2190 2916 2579 2971 multitudinem
2609 2917 2986 2989 peccatorum(
3015 2918 3035 2972 I
3064 2917 3207 2973 Petr.
3240 2935 3311 2984 tv,
3337 2918 3370 2975 8
3391 2917 3434 2992 ).
3467 2917 3564 2975 Est

1977 3023 2104 3079 ergo
2136 3009 2291 3064 Pater
2323 3009 2456 3064 Filio
2482 3011 2689 3066 veritati
2713 3011 2862 3082 origo
2890 3029 3072 3081 verax,
3104 3023 3157 3068 et
3187 3012 3354 3069 Filius
3371 3012 3439 3069 de
3469 3029 3563 3070 ve-

1977 3103 2085 3156 raci
2134 3102 2288 3157 Patre
2322 3113 2438 3158 orta
2468 3105 2681 3171 veritas,
2706 3113 2760 3160 et
2800 3104 3028 3176 Spiritus
3076 3117 3289 3164 sanctus
3322 3123 3352 3162 a
3403 3105 3561 3164 Patre

1979 3191 2120 3247 bono
2179 3203 2231 3248 et
2280 3194 2414 3249 Filio
2469 3195 2608 3249 bono
2668 3193 2832 3252 ellusa
2877 3196 3085 3253 bonitas
3128 3216 3140 3252 :
3183 3197 3421 3256 omnium
3470 3207 3554 3254 est

1978 3291 2155 3340 autem
2177 3299 2281 3340 non
2313 3285 2481 3356 impar
2509 3286 2776 3351 divinitas,
2804 3304 2903 3343 nec
2921 3287 3232 3361 separabilis
3259 3289 3454 3345 unitas.

2055 3375 2140 3433 19.
2174 3375 2519 3433 -Peccatorum
2567 3379 2792 3435 remissio
2830 3380 2982 3435 datur
3031 3399 3120 3453 per
3163 3381 3413 3455 Spiritum
3450 3400 3570 3439 san-

1985 3481 2140 3528 ctum.
2159 3471 2324 3545 Ignis,
2346 3472 2618 3528 tribulatio.
2648 3472 2810 3546 Ignis,
2841 3473 3067 3546 Spiritus
3083 3479 3311 3531 sanctus.
3331 3473 3566 3532 Primum

1983 3580 2110 3638 ergo
2133 3567 2182 3620 in
2211 3581 2329 3634 nos,
2356 3566 2422 3621 ad
2468 3565 2827 3636 accipiendam
2877 3567 3037 3622 vitam
3065 3576 3340 3634 mternam,
3364 3583 3483 3640 qua:
3515 3568 3568 3623 in

1983 3658 2274 3715 novissimo
2299 3658 2524 3725 dabitur,
2558 3659 2624 3715 de
2663 3659 2899 3716 bonitate
2946 3659 3037 3716 Dei
3079 3677 3273 3716 munus
3310 3661 3453 3717 venit
3504 3659 3572 3715 ab

1985 3749 2135 3806 initio
2161 3751 2302 3817 ﬁdei,
2325 3751 2569 3806 remissio
2594 3762 2954 3823 peccatorum.
3003 3750 3113 3808 illis
3134 3753 3277 3809 enim
3303 3752 3571 3809 manenti-

1986 3843 2104 3909 bus,
2133 3850 2348 3898 manent
2367 3842 2595 3913 quodam
2612 3841 2772 3898 modo
2793 3843 3079 3899 inimicitia:
3101 3841 3357 3898 adversus
3378 3843 3570 3911 Deum,

1988 3934 2130 3990 etab
2161 3934 2250 3989 illo
2270 3933 2538 4001 alienatio,
2569 3949 2687 4004 quae
2724 3949 2752 3987 a
2783 3944 2967 3989 nostro
2992 3933 3134 3988 malo
3159 3941 3242 3990 est
3273 3953 3286 3988 :
3319 3933 3571 4004 quoniam

1987 4040 2093 4080 non
2110 4027 2362 4082 mentitur
2377 4023 2668 4096 Scriptura,
2689 4024 2894 4093 dicens,
2912 4023 3128 4080 Peccata
3149 4035 3311 4080 vestra
3331 4034 3575 4097 separant

1987 4118 2117 4174 inter
2141 4136 2224 4174 vos
2248 4129 2292 4174 et
2319 4119 2480 4174 Deum
2506 4119 2524 4191 (
2556 4118 2682 4174 Isai.
2715 4135 2823 4186 th,
2848 4117 2938 4199 ἓξ.
2971 4117 3088 4174 Νοιι
3120 4119 3297 4189 itaque
3327 4117 3479 4174 nobis
3502 4118 3575 4174 in-

1992 4211 2095 4268 fert
2123 4213 2262 4268 bona
2285 4226 2402 4281 sua,
2429 4212 2531 4268 nisi
2561 4215 2766 4268 auferat
2787 4213 2924 4268 mala
2958 4221 3158 4268 nostra.
3190 4213 3258 4268 Et
3288 4213 3342 4269 in
3374 4223 3577 4270 tantum

1991 4304 2077 4360 illa
2117 4314 2382 4372 crescunt,
2416 4307 2466 4360 in
2515 4317 2768 4377 quantum
2818 4305 2918 4360 ista
2959 4306 3312 4362 minuuntur:
3345 4322 3444 4362 nec
3492 4306 3579 4362 illa

1993 4400 2349 4470 perﬁcientur,
2378 4399 2479 4454 nisi
2512 4400 2608 4454 ista
2631 4399 2898 4454 liniantur.
2930 4398 3045 4455 Iam
3069 4415 3194 4456 vero
3233 4399 3371 4471 quod
3402 4399 3581 4456 Domi-

1993 4506 2094 4546 nus
2119 4491 2271 4547 Jesus
2295 4491 2374 4546 sic
2395 4489 2446 4546 in
2467 4490 2664 4560 Spiritu
2690 4503 2874 4546 sancto
2891 4501 3103 4562 peccata
3129 4491 3366 4559 dimittit,
3389 4508 3579 4562 quem-

1993 4585 2278 4640 admodum
2310 4585 2363 4639 in
2379 4583 2578 4655 Spiritu
2596 4594 2778 4640 sancto
2794 4584 3062 4640 dtcmones
3088 4584 3252 4655 ejicit,
3279 4583 3402 4639 hinc
3436 4581 3584 4639 intel-

1996 4677 2084 4748 ligi
2138 4686 2332 4749 potest,
2385 4675 2528 4748 quod
2577 4687 2920 4748 posteaquam
2951 4675 3298 4731 resurrexita
3327 4674 3578 4742 mortuis,

1996 4783 2122 4825 cum
2169 4768 2391 4824 dixisset
2419 4767 2691 4839 discipulis
2741 4767 2872 4836 suis,
2925 4767 3150 4838 Accipite
3190 4767 3438 4838 Spiritum
3464 4783 3583 4821 san-

1997 4872 2167 4928 etum;
2191 4863 2444 4916 continuo
2471 4860 2717 4932 subjecit,
2751 4860 2813 4916 Si
2833 4860 2915 4914 cui
2940 4859 3230 4915 dimiseritis
3250 4868 3472 4932 peccata,
3505 4859 3584 4913 di-

1999 4954 2255 5006 mittentur
2273 4951 2351 5006 illi
2373 4967 2392 5016 ;
2444 4953 2587 5006 sicui
2615 4952 2892 5020 tenueritis,
2943 4949 3237 5006 tenebuntur
3266 4947 3466 5021 (Joan.
3490 4965 3580 5020 xx,

1998 5044 2088 5110 22,
2121 5045 2249 5115 εδ).
2280 5043 2412 5100 Nam
2465 5052 2520 5100 et
2570 5043 2658 5098 illa
2707 5045 3057 5114 regeneratio,
3091 5043 3181 5099 ubi
3238 5041 3297 5098 ﬁt
3345 5042 3583 5098 omnium

2000 5138 2392 5210 prieteritorum
2414 5136 2662 5193 remissio
2688 5144 3044 5206 peccatorum,
3065 5134 3118 5190 in
3153 5133 3353 5206 Spiritu
3387 5145 3578 5192 sancto

2002 5228 2080 5296 ﬁt,
2113 5227 2322 5284 dicente
2345 5227 2590 5293 Domino,
2618 5225 2735 5282 Nisi
2759 5227 2871 5298 quis
2899 5234 3104 5281 renatus
3124 5226 3281 5298 fuerit
3301 5243 3364 5282 ea:
3387 5244 3518 5299 aqua
3539 5241 3586 5285 et
3654 5273 3656 5275 .

2004 5320 2222 5391 Spiritu,
2255 5337 2355 5376 non
2376 5330 2536 5392 potest
2558 5321 2764 5375 introire
2790 5319 2843 5374 in
2868 5335 3076 5391 regnum
3096 5317 3230 5390 Dei(
3257 5319 3345 5375 Id.
3375 5337 3453 5390 ιιι,
3485 5321 3581 5394 5).

2002 5413 2106 5472 Sed
2131 5414 2271 5470 aliud
2288 5423 2390 5483 est,
2417 5415 2562 5471 nasci
2589 5415 2654 5470 de
2674 5413 2874 5485 Spiritu
2901 5430 2915 5479 ;
2959 5411 3120 5479 aliud,
3151 5416 3296 5485 pasci
3317 5414 3383 5470 de
3405 5414 3573 5485 Spiri-

2003 5514 2063 5562 tu
2087 5525 2100 5560 :
2124 5507 2260 5562 sicut
2289 5505 2430 5561 aliud
2456 5515 2560 5574 est,
2591 5507 2738 5561 nasci
2780 5505 2849 5561 de
2873 5519 3052 5571 carne,
3080 5506 3224 5577 quod
3254 5507 3314 5562 lit
3344 5523 3464 5562 cum
3497 5523 3584 5576 pao

2002 5602 2074 5656 rit
2119 5612 2324 5666 mater;
2362 5599 2504 5654 aliud
2561 5607 2662 5665 est,
2700 5599 2845 5669 pasci
2874 5597 2942 5654 de
2986 5613 3166 5668 carne,
3196 5599 3340 5670 quod
3362 5599 3418 5655 tit
3464 5612 3586 5656 cum

2003 5693 2163 5750 lactat
2189 5694 2462 5760 infantem,
2492 5693 2559 5746 ad
2594 5691 2694 5748 hoc
2721 5707 3042 5750 conversum
3064 5702 3122 5748 ut
3157 5705 3280 5747 cum
3312 5691 3590 5762 voluptats

2004 5810 2085 5924 αἰ
2109 5807 2394 5861 Colbertituc
2441 5806 2746 5862 bibliothecae
2780 5817 2857 5862 Ms.
2896 5815 3088 5862 notatus
3105 5804 3217 5870 821,
3249 5811 3296 5862 6t
3331 5800 3588 5866 subacta»

2059 5887 2089 5921 ι.

2059 5887 2089 5921 1.
