4032 6332
529 369 638 433 455

521 490 752 560 biberet,
792 487 935 547 unde
973 493 1132 546 natus
1157 493 1242 545 est
1274 491 1333 545 ut
1357 486 1606 559 viveret;
1637 497 1697 547 ut
1732 490 1859 548 inde
1884 490 2111 562 accipiat

523 582 740 649 vivendi
785 583 1120 651 alimentum,
1150 580 1293 639 unde
1339 585 1546 655 accepit
1587 584 1843 642 nascendi
1877 584 2108 641 initium.

526 676 760 732 Primum
782 676 958 746 itaque
999 673 1327 731 credendum
1355 676 1373 709 ί
1414 675 1732 734 beneﬁcium
1760 689 1842 734 est
1869 677 2111 749 benigni-

525 772 646 826 tatis
670 770 764 826 Dei
789 769 844 825 in
870 768 1072 840 Spiritu
1096 777 1280 826 sancto
1305 770 1550 827 remissio
1570 780 1932 843 peccatorum.
1959 769 2110 827 Unde

523 862 600 918 ita
624 860 783 932 cmpit
803 869 855 918 et
884 861 1190 932 prmdicatio
1217 861 1436 918 Joannis
1463 861 1734 933 Baptistae,
1751 863 1843 934 qui
1871 878 2109 933 praecur-

527 967 618 1008 sor
669 953 879 1010 Domini
918 953 1115 1011 missus
1155 961 1257 1010 est.
1287 953 1376 1011 Sic
1400 955 1545 1011 enim
1571 956 1728 1026 script
1756 971 1825 1011 un
1872 964 1996 1011 est:
2038 953 2108 1011 In

530 1045 704 1100 diebus
756 1055 924 1103 autem
968 1045 1071 1102 illis
1098 1047 1230 1103 venit
1268 1047 1495 1104 Joannes
1539 1046 1793 1119 Baptista,
1822 1048 2107 1121 praedicans

517 1136 570 1192 in
600 1138 793 1194 deserto
809 1136 1028 1205 Iudaeae,
1046 1148 1092 1194 et
1109 1139 1279 1195 dicens
1302 1155 1321 1195 :
1347 1137 1704 1195 Paenitentiam
1728 1140 1890 1211 agite;
1914 1156 2106 1213 appro-

516 1230 775 1299 pinquavit
823 1230 957 1285 enim
1002 1247 1212 1306 regnum
1252 1230 1741 1303 cwlorum(Matth.
1788 1246 1866 1298 ιιι,
1913 1232 1966 1300 1,
1996 1230 2099 1302 2).

514 1323 649 1379 llinc
677 1332 732 1380 et
751 1323 919 1394 ipsius
944 1324 1173 1391 Domini,
1205 1323 1347 1395 quod
1373 1324 1444 1379 ita
1470 1324 1694 1394 legitur:
1725 1321 1930 1378 Exinde
1953 1322 2103 1393 ccepit

511 1413 662 1471 Jesus
686 1416 966 1487 prazdicare
1007 1424 1054 1471 et
1078 1415 1244 1470 dicere
1261 1430 1280 1469 :
1309 1413 1457 1486 Agite
1497 1414 1878 1485 paenitentiam;
1907 1430 2102 1486 appro-

511 1507 771 1580 pinquavit
794 1507 927 1561 enim
959 1523 1173 1579 regnum
1196 1505 1438 1562 ctelarum
1462 1503 1481 1575 (
1512 1503 1601 1559 Id.
1645 1520 1719 1573 ιν,
1750 1503 1879 1577 17).
1901 1503 2100 1561 Aitau-

537 1609 643 1656 tem
667 1599 899 1657 Joannes
924 1600 1063 1655 inter
1086 1606 1300 1664 czetera,
1328 1612 1449 1668 quas
1477 1596 1687 1652 locutus
1705 1603 1789 1652 est
1805 1595 1871 1651 ad
1890 1610 1985 1652 eos
2006 1593 2100 1667 qui

508 1701 793 1761 venerunt,
819 1700 876 1747 ut
918 1692 986 1747 ab
1026 1691 1117 1747 illo
1162 1689 1560 1761 baptizarentur
1588 1706 1601 1743 :
1632 1687 1745 1761 Ego
1772 1689 1975 1759 quidem
2012 1705 2098 1745 vos

510 1785 709 1856 baptizo
728 1785 781 1840 in
802 1801 939 1858 aqua
963 1789 1017 1839 in
1039 1783 1380 1856 paenitentiam
1407 1799 1426 1837 :
1451 1782 1539 1853 qui
1563 1789 1731 1836 autem
1758 1790 1994 1837 venturus
2021 1790 2097 1837 est

512 1888 623 1951 post
648 1895 745 1947 me,
765 1879 947 1950 fortior
964 1893 1044 1932 me
1057 1885 1149 1946 est,
1168 1876 1312 1948 cujus
1332 1891 1433 1930 non
1453 1891 1565 1930 sum
1585 1875 1768 1945 dignus
1787 1876 2096 1932 calceamen-

510 1980 561 2025 ta
580 1980 782 2041 portare
803 1985 824 2036 ;
852 1970 962 2042 ipse
1000 1985 1087 2025 vos
1117 1966 1388 2039 baptizabit
1412 1967 1466 2021 in
1488 1966 1691 2038 Spiritu
1713 1978 1886 2024 sancto
1914 1977 1961 2023 et
1986 1968 2096 2040 igni

514 2062 535 2135 (
564 2060 651 2117 Id.
676 2078 754 2128 ιιι,
784 2062 843 2116 11
876 2060 920 2133 ).
948 2060 1036 2116 Ait
1060 2069 1114 2116 et
1140 2060 1433 2117 Dominus:
1459 2058 1685 2114 Joannes
1704 2059 1905 2131 quidem
1933 2056 2096 2130 bapti-

504 2154 634 2208 zavit
672 2170 804 2224 aqua
827 2195 843 2221 ,
888 2170 975 2208 vos
1013 2162 1181 2207 autem
1226 2152 1600 2225 baptizabimini
1651 2150 1851 2224 Spiritu
1893 2161 2090 2221 sancto,

505 2264 653 2319 quem
673 2247 929 2324 accepturi
956 2247 1072 2301 estis
1094 2263 1195 2301 non
1216 2256 1328 2319 post
1358 2247 1540 2301 multos
1568 2248 1659 2300 Iros
1683 2245 1811 2313 dies,
1843 2261 1999 2316 usque
2022 2244 2092 2301 ad

511 2336 881 2409 Pen!ecosten(
908 2338 1021 2395 Act.
1048 2354 1088 2407 ι,
1120 2338 1153 2394 5
1182 2337 1222 2408 ).
1267 2337 1421 2407 Quod
1449 2346 1627 2394 autem
1656 2338 1788 2393 dixit
1831 2336 2086 2405 Joannes,

502 2429 591 2485 'Et
611 2430 737 2502 igni,
765 2430 1006 2501 quamvis
1044 2430 1212 2500 possit
1252 2429 1473 2501 intelligi
1514 2439 1570 2486 et
1604 2429 1893 2500 tribulatio,
1928 2444 2088 2501 quam

504 2536 604 2593 pro
632 2521 848 2577 nomine
896 2519 1090 2576 Christi
1141 2520 1421 2577 credentes
1474 2520 1685 2577 fuerant
1729 2522 2084 2593 perpessuri;

501 2621 676 2668 tamen
729 2628 837 2666 non
878 2611 946 2667 ab
991 2628 1051 2667 re
1095 2619 1197 2678 cst,
1252 2612 1500 2668 eumdem
1548 2613 1806 2683 Spiritum
1838 2620 2085 2669 sanctum

498 2703 660 2761 etiam
696 2702 914 2759 nomine
937 2701 1072 2774 ignis
1097 2702 1450 2774 signiﬁcatum
1475 2703 1665 2761 videri.
1691 2704 1916 2775 Propter
1941 2703 2086 2776 quod

502 2807 558 2855 et
585 2799 641 2854 in
670 2798 900 2855 adventu
919 2798 1035 2870 ejus
1060 2798 1259 2855 dictum
1293 2808 1411 2856 est:
1452 2798 1585 2855 Visa:
1629 2808 1745 2855 sunt
1766 2800 1870 2856 illis
1895 2800 2086 2873 lingua:

503 2888 697 2958 divisae,
727 2890 855 2944 velut
878 2890 1031 2961 ignis,
1052 2884 1139 2963 qui
1165 2901 1213 2945 et
1253 2890 1436 2946 insedit
1489 2907 1642 2962 super
1682 2908 2085 2964 unumquemque

498 2980 711 3054 eorum(
744 2982 959 3050 Id.n,3
982 2982 1025 3054 ).
1056 2982 1192 3038 Hinc
1235 2993 1291 3039 et
1319 2982 1434 3053 ipse
1468 2982 1725 3039 Dominus
1751 2984 1825 3038 ait
1855 3000 1868 3037 :
1900 2981 2083 3055 Ignem

496 3076 609 3131 veni
628 3077 821 3131 mittere
846 3075 900 3130 in
926 3075 1167 3130 mundum
1193 3076 1211 3136 (
1241 3074 1370 3130 Luc.
1400 3092 1499 3144 xu,
1523 3076 1593 3132 49
1613 3075 1653 3148 ).
1684 3075 1820 3132 Hinc
1840 3083 1895 3132 et
1935 3077 2081 3147 Apo-

492 3167 663 3226 stolus
706 3168 782 3223 ait
811 3185 824 3222 ε
854 3166 1053 3240 Spiritu
1094 3169 1336 3241 ferventes
1362 3166 1558 3241 (Rom.
1599 3184 1674 3224 xu
1698 3211 1713 3238 ,
1757 3169 1820 3224 11
1847 3168 1867 3241 )
1902 3186 1917 3223 :
1943 3183 2082 3241 quo-

494 3259 639 3316 niam
660 3259 783 3315 hlnc
809 3258 976 3316 fervet
1024 3258 1276 3318 charitas.
1310 3259 1629 3316 Diti‘unditur
1655 3260 1854 3333 quippe
1878 3261 1933 3317 in
1956 3275 2079 3319 cor-

493 3352 649 3410 dibus
671 3350 870 3408 nostris
885 3366 981 3423 per
998 3350 1253 3423 Spiritum
1281 3360 1545 3421 sanctum,
1575 3350 1669 3424 qui
1694 3352 1850 3409 datus
1872 3362 1956 3409 est
1981 3367 2082 3410 no-

494 3445 601 3503 bis.
629 3444 725 3502 Cui
775 3443 970 3501 l'ervori
1019 3444 1345 3501 contrarium
1387 3453 1491 3512 est,
1525 3444 1667 3516 quod
1692 3445 1951 3502 Dominus
1978 3445 2075 3516 ait,

486 3519 805 3610 'Befrigescet
830 3536 1052 3591 charitas
1079 3537 1350 3591 multorum
1373 3538 1394 3608 (
1428 3534 1615 3591 Matth.
1640 3553 1783 3605 xxw,
1818 3537 1888 3593 12
1914 3535 2076 3610 ).Sed

499 3627 734 3701 perlecta
761 3627 992 3684 charitas
1018 3627 1313 3699 perlectum
1348 3629 1545 3684 donum
1572 3638 1654 3685 est
1675 3627 1904 3701 Spiritus
1946 3647 2076 3687 san-

489 3721 581 3777 cti.
604 3720 759 3776 Prius
784 3728 866 3777 est
893 3728 1069 3776 autem
1087 3720 1217 3775 illud
1242 3719 1381 3790 quod
1407 3719 1475 3776 ad
1502 3719 1877 3779 remissionem
1904 3724 2073 3794 perti-

487 3821 581 3869 net
607 3822 943 3884 peccatorum
977 3830 991 3869 :
1019 3827 1114 3883 per
1133 3812 1274 3883 quod
1294 3813 1611 3879 beneﬁcium
1630 3816 1869 3872 cruimur
1892 3817 1960 3873 de
1982 3834 2075 3889 po-

489 3912 680 3961 testate
722 3904 1061 3961 tenebrarum
1094 3905 1113 3977 (
1142 3903 1333 3960 Coloss.
1365 3907 1495 3972 1,15
1524 3904 1566 3976 ),
1599 3915 1654 3962 et
1700 3908 1950 3980 princeps
1971 3908 2072 3965 bu-

483 3994 570 4070 jus
596 3998 778 4054 mundi
828 3998 1053 4053 mittitur
1091 3998 1235 4053 foras
1262 3996 1366 4054 ﬁde
1396 4008 1576 4055 nostra
1601 4000 1618 4070 (
1642 3999 1797 4056 Joan.
1820 4018 1920 4071 xu,
1944 4003 2004 4058 51
2028 4004 2069 4074 ),

488 4090 579 4161 qui
610 4097 861 4161 operatur
885 4090 938 4144 in
967 4089 1089 4144 ﬁliis
1112 4090 1476 4160 inﬁdelitatis(
1511 4090 1705 4161 Ep/tes.
1725 4110 1782 4162 ιι,
1813 4094 2073 4165 2),nulla

484 4181 538 4238 vi
565 4182 702 4237 aliaI
727 4181 828 4237 nisi
883 4181 1135 4238 societate
1160 4191 1217 4238 et
1253 4181 1574 4253 obligatione
1611 4188 1833 4255 peccati.
1866 4187 1922 4243 In
1949 4189 2072 4258 Spi-

482 4275 589 4331 ritu
615 4274 757 4331 enim
779 4282 985 4341 sancto,
1014 4290 1120 4346 quo
1146 4276 1197 4330 in
1216 4291 1377 4330 unum
1409 4276 1498 4331 Dei
1531 4279 1757 4348 populus
1779 4295 2071 4354 congrega-

494 4380 600 4436 tur,
626 4368 834 4439 ejicitur
859 4367 1077 4440 spiritus
1126 4369 1450 4437 immundus,
1478 4372 1567 4443 qui
1594 4371 1647 4427 in
1672 4388 1731 4430 se
1774 4375 1946 4446 ipsum
1983 4377 2077 4433 di-‘

483 4462 697 4520 viditur.

554 4553 645 4608 20.
709 4551 1111 4625 Impamitentia,
1161 4564 1418 4625 peccatum
1487 4559 1540 4613 in
1605 4557 1859 4633 Spiritum
1934 4581 2058 4620 sau~

478 4655 634 4700 ctum.
687 4645 884 4702 Contra
927 4645 1026 4701 hoc
1074 4644 1273 4702 donum
1322 4650 1629 4721 gratuitum,
1673 4663 1857 4711 contra
1907 4656 2064 4714 istam

387 4796 396 4804 ,
484 4737 579 4796 Dei
621 4740 843 4811 gratiam
892 4740 1127 4811 loquitur
1176 4755 1269 4797 cor
1330 4742 1695 4815 impoenitens.
1760 4748 1878 4821 lpsa
1934 4766 2063 4825 ergo

491 4832 878 4905 impmnitcutia
898 4840 982 4889 est
1012 4831 1242 4904 Spiritus
1272 4835 1622 4909 blasphemia,
1664 4857 1783 4913 quae
1827 4859 1932 4900 non
1972 4860 2062 4902 re-

492 4925 733 4981 mittetur
759 4940 931 4996 neque
947 4925 1001 4980 in
1040 4924 1144 4981 hoc
1170 4928 1394 4996 saeculo,
1420 4946 1594 5003 neque
1617 4934 1672 4986 in
1700 4932 1899 4992 futuro.
1921 4936 2063 4995 Con-

484 5027 569 5074 tra
599 5019 853 5090 Spiritum
900 5019 1042 5074 enim
1073 5030 1339 5090 sanctum,
1386 5038 1491 5094 quo
1541 5026 1871 5096 baptizantur
1922 5046 2061 5102 quo-

487 5127 605 5167 rum
648 5120 865 5184 peccata
912 5112 1087 5169 omnia
1128 5112 1500 5185 dimittuntur,
1543 5127 1599 5175 et
1647 5136 1805 5191 quem
1855 5126 2061 5196 accepit

494 5202 756 5272 Ecclesia,
782 5214 842 5260 ut
890 5205 974 5260 cui
1024 5206 1287 5263 dimiserit
1334 5218 1573 5279 peccata,
1623 5210 1957 5271 dimittantur
1983 5217 2055 5286 ei,

480 5293 703 5350 verbum
720 5295 873 5352 valde
897 5297 1095 5352 malum
1112 5305 1166 5352 et
1193 5298 1356 5355 nimis
1381 5300 1623 5371 impium,
1651 5304 1765 5361 sive
1790 5307 2059 5379 cogitatio-

476 5401 566 5453 ne,
597 5386 709 5442 sive
754 5388 914 5443 etiam
964 5389 1142 5461 lingua
1191 5406 1284 5447 sua
1313 5391 1461 5460 dicit,
1494 5410 1652 5467 quem
1681 5399 1936 5468 patientia
1960 5401 2059 5461 Dei

532 5522 719 5604 ξεζιονέε
1128 5531 1518 5604 εεεριιειιωιιιιιιιε
1560 5532 1666 5604 aliis
1699 5535 1844 5588 editis
1870 5546 1922 5590 et
1931 5545 2054 5604 _Ilss.

780 5586 927 5657 Lugd.
974 5582 1094 5657 Veii.
1128 5582 1330 5657 Editio'ni
1364 5600 1474 5645 ιον.
1504 5582 2057 5657 'sueﬁgiﬁiﬁifhiéii

464 5646 772 5729 aurigae,
790 5646 1184 5729 sandaracam
1220 5669 1400 5729 excusa
1430 5657 1568 5729 1614,
1586 5646 2054 5729 ίιιὶὲξίιῖἰέτίῖὶῑὲῖ

465 5708 698 5785 dandum,
722 5708 773 5761 et
791 5711 847 5785 iu
864 5714 1099 5785 margine,
1122 5717 1434 5785 credentium.
1462 5783 1475 5785 Α
1498 5708 1557 5771 tl.

957 5780 1293 5862 idre.nC:eteri
1317 5780 1424 5862 fere
1451 5783 1574 5862 _l_ibri
1604 5796 1773 5862 carent
1793 5791 2054 5862 particula,

527 5773 549 5804 ²
572 5770 705 5836 ωνζ,
741 5770 877 5823 nulla
908 5770 1007 5826 alia
1028 5770 1099 5828 re'.
1123 5782 1293 5832 Cteteri
1317 5780 1424 5833 fere
1462 5770 1574 5836 libri
1604 5796 1773 5840 carent
1793 5791 2054 5862 particula,

458 5835 707 5965 mare
740 5840 907 5889 tamen
944 5836 1051 5893 loco
1102 5847 1400 5898 Fossatensis
1450 5854 1532 5899 Its.
1576 5856 1629 5901 et
1680 5853 1917 5919 Eugypius
1968 5855 2056 5909 ha-

898 6031 1038 6055 μμ...

1770 373 1829 433 S.
1867 368 2239 434 AUGUSTINI
2261 370 2565 436 EPISCOPI

3708 396 3817 459 ‘56

2238 505 2361 548 cum
2405 491 2473 548 ad
2498 492 2867 563 paenitentiam
2900 495 3151 569 adducat,
3196 499 3312 574 ipse
3339 505 3639 564 secundum
3657 508 3812 568 duri-

2222 583 2352 639 tiam
2372 585 2547 642 cordis
2563 587 2647 643 sui
2668 596 2721 644 et
2736 590 3182 662 corimpoenitcns
3206 595 3535 655 thesaurizat
3545 601 3647 658 sibi
3672 603 3808 661 iram

2217 674 2274 729 in
2301 675 2387 732 die
2417 677 2508 732 irae
2528 686 2582 733 et
2608 680 2951 739 revelationis
2976 682 3105 754 justi
3133 684 3328 756 judicii
3354 689 3468 757 Dei,
3498 692 3589 762 qui
3615 693 3809 749 reddet

2216 766 2500 839 unicuique
2521 771 2815 827 secundum
2839 787 3003 843 opera
3024 774 3143 846 ejus
3166 776 3185 850 (
3212 776 3366 833 Rom.
3388 795 3450 848 ιι,
3481 782 3583 839 4-6
3608 780 3652 857 ).
3681 784 3810 841 llaec

2214 874 2343 933 ergo
2361 862 2785 934 impoenitentia;
2817 865 2895 922 sic
2932 867 3077 922 enim
3104 884 3211 925 uno
3228 871 3408 943 aliquo
3437 875 3652 932 nomine
3683 892 3810 947 pos-

2211 967 2395 1010 sumus
2449 964 2734 1029 utcumque
2781 960 3053 1030 appellare
3091 972 3145 1018 et
3166 962 3574 1036 blasphemiam,
3600 979 3656 1025 et
3677 985 3815 1037 ver-,

2210 1043 2337 1099 bum
2379 1057 2566 1103 contra
2604 1047 2859 1120 Spiritum
2908 1061 3188 1123 sanctum,
3237 1056 3379 1126 quod
3428 1060 3804 1117 remissionem

2209 1150 2317 1193 non
2346 1136 2505 1194 habet
2519 1139 2571 1195 in
2590 1149 2847 1197 aeternum
2873 1160 2886 1195 :
2911 1141 3048 1212 haec,
3072 1145 3309 1217 inquam,
3333 1147 3803 1221 impaenitentiam,

2207 1236 2393 1283 contra
2419 1245 2579 1300 quam
2607 1233 2909 1289 clamabant
2932 1244 2985 1290 et
3029 1251 3204 1306 praeco
3229 1247 3284 1295 et
3321 1239 3509 1311 judex,
3536 1242 3802 1314 dicentes,

2208 1315 2563 1375 Ptenitentiam
2587 1324 2741 1395 agite,
2782 1328 3204 1399 appropinquavit
3237 1331 3368 1385 enim
3411 1350 3621 1405 regnum
3646 1336 3805 1390 caelo-

2206 1427 2362 1489 rum;
2388 1423 2571 1470 contra
2596 1432 2754 1488 quam
2776 1419 3032 1476 Dominus
3055 1437 3116 1478 os
3158 1425 3483 1496 evangelica:
3527 1427 3801 1498 praedica-

2204 1501 2365 1560 tionis
2387 1507 2610 1575 aperuit,
2638 1519 2692 1565 et
2716 1520 2904 1566 contra
2934 1528 3093 1583 quam
3149 1515 3319 1587 ipsum
3363 1516 3715 1590 Evangelium
3742 1521 3803 1577 in

2205 1602 2316 1649 toto
2358 1597 2489 1653 orbe
2532 1599 2925 1670 praedicandum
2971 1619 3092 1662 esse
3140 1606 3425 1678 prmdixit;
3456 1609 3545 1665 ubi
3578 1620 3799 1682 postea-

2201 1700 2359 1756 quam
2412 1690 2705 1746 resurrexit
2729 1708 2761 1747 a
2790 1696 3035 1762 mortuis,
3080 1698 3156 1753 ait
3185 1697 3479 1771 discipulis,
3515 1700 3798 1774 Oportebat

2200 1778 2315 1848 pati
2332 1776 2609 1851 Christum,
2649 1794 2696 1839 et
2724 1794 2980 1858 resurgere
2997 1804 3029 1842 a
3048 1792 3258 1847 mortuis
3285 1794 3432 1847 tertio
3454 1794 3555 1862 die,
3580 1804 3631 1849 et
3658 1811 3800 1866 prte-

2198 1869 2359 1926 dicari
2376 1872 2431 1927 in
2450 1874 2651 1930 nomine
2667 1878 2777 1947 ejus
2802 1880 3149 1949 paenitentiam
3184 1892 3237 1938 et
3272 1885 3647 1941 remissisonem
3676 1903 3800 1957 pec-

2196 1972 2442 2033 catorum,
2472 1983 2561 2037 per
2579 1984 2748 2025 omnes
2792 1981 2982 2041 gentes,
3008 1972 3363 2045 incipientibus
3408 1976 3471 2031 ab
3498 1976 3796 2033 Jerusalem

2196 2052 2365 2125 (Luc.
2388 2073 2531 2126 xxrv,
2554 2058 2644 2128 46,
2664 2060 2733 2115 47
2763 2062 2782 2131 )
2811 2079 2825 2115 :
2856 2061 2973 2119 haec
3007 2066 3227 2122 omnino
3257 2068 3648 2139 impmnitentia
3673 2085 3792 2128 non

2195 2140 2359 2204 habet
2400 2149 2797 2220 remissionem,
2830 2168 3007 2225 neque
3052 2154 3105 2210 in
3132 2156 3235 2213 hoc
3272 2159 3488 2228 saeculo,
3523 2176 3701 2232 neque
3734 2162 3794 2217 in

2194 2233 2407 2306 futuro;
2439 2241 2563 2310 quia
2589 2243 2903 2313 pmnitentia
2922 2245 3173 2318 impetrat
3194 2251 3566 2309 remissionem
3594 2253 3651 2308 in
3679 2252 3787 2310 hoc

2193 2330 2412 2397 saeculo,
2435 2347 2554 2402 quas
2576 2335 2749 2391 valeat
2774 2336 2829 2391 in
2858 2338 3053 2396 l'uturo.

2261 2422 2488 2481 CAPUT
2505 2425 2643 2482 Xlll.
2663 2457 2737 2470 —
2750 2429 2841 2485 21.
2859 2429 2938 2487 De
2953 2432 3094 2487 nullo
3117 2433 3488 2505 desperandum
3505 2447 3577 2493 est
3593 2438 3796 2510 inprae-

2189 2514 2319 2569 senti
2372 2516 2491 2570 vita.
2544 2517 2649 2574 Sed
2687 2519 2789 2575 ista
2842 2521 3229 2593 impwnitentia
3276 2527 3359 2583 vel
3405 2544 3500 2584 cor
3538 2529 3798 2601 impaui-

2190 2611 2311 2661 tens
2335 2607 2588 2677 quamdiu
2617 2609 2842 2682 quisque
2873 2613 2926 2668 in
2959 2613 3059 2670 hac
3085 2630 3247 2672 carne
3285 2618 3413 2674 vivit
3433 2660 3450 2689 ,
3477 2635 3585 2676 non
3609 2629 3795 2693 potest

2183 2695 2431 2768 judicari.
2462 2698 2539 2755 De
2575 2699 2721 2756 nullo
2754 2703 2897 2758 enim
2927 2703 3315 2777 desperandum
3359 2718 3442 2766 est
3464 2751 3479 2777 ,
3528 2711 3795 2782 quamdiu

2185 2789 2439 2861 patientia
2466 2791 2561 2848 Dei
2586 2793 2652 2848 ad
2674 2795 3042 2865 paenitentiam
3065 2798 3313 2867 adducit,
3336 2816 3438 2859 nec
3464 2802 3533 2859 de
3552 2801 3657 2859 hac
3675 2804 3790 2860 vita

2186 2880 2325 2951 rapit
2368 2881 2617 2953 impium,
2646 2886 2739 2956 qui
2766 2901 2877 2943 non
2909 2899 3135 2946 mortem
3162 2892 3275 2948 vult
3301 2892 3484 2963 impii,
3526 2904 3792 2965 quantum

2185 2979 2243 3026 ut
2266 2982 2566 3031 revertatur
2593 2985 2649 3033 et
2666 2978 2808 3035 vivat
2841 2979 3057 3050 (Ezech.
3080 2999 3211 3040 xvm
3231 3026 3244 3051 ,
3273 2983 3391 3058 25).
3415 2986 3660 3065 Paganus
3699 2996 3792 3045 est

2185 3059 2344 3119 hodie
2372 3077 2386 3120 :
2416 3065 2556 3122 unde
2584 3068 2710 3137 scis,
2738 3078 2916 3127 utrum
2938 3072 3006 3127 sit
3026 3072 3234 3131 futurus
3262 3059 3497 3133 crastino
3524 3076 3790 3136 Christia-

2184 3154 2323 3211 nus?
2354 3154 2570 3215 Judaeus
2605 3158 2836 3218 infidelis
2860 3172 2944 3219 est
2981 3163 3141 3223 hodie
3178 3185 3191 3222 :
3222 3168 3350 3241 quid
3375 3169 3422 3225 si
3450 3185 3571 3227 cras
3595 3171 3792 3230 credat

2182 3246 2238 3303 in
2284 3245 2606 3307 Christum?
2633 3252 2929 3312 Haereticus
2953 3265 3038 3313 est
3081 3257 3279 3316 hodie:
3323 3261 3451 3332 quid
3474 3262 3522 3318 si
3548 3277 3669 3320 cras
3691 3278 3789 3322 se-

2180 3347 2377 3411 quatur
2402 3340 2721 3399 catholicam
2764 3345 3087 3403 veritatem?
3131 3348 3514 3409 Schismaticus
3547 3362 3632 3410 est
3673 3354 3787 3411 ho-

2181 3428 2269 3486 die
2308 3431 2480 3503 :quid
2529 3434 2575 3490 si
2624 3450 2744 3492 cras
2784 3438 3138 3509 amplectatur
3180 3442 3499 3502 catholicam
3547 3447 3787 3517 pacem?

2180 3522 2317 3591 Quid
2342 3524 2387 3579 si
2411 3524 2519 3594 isti,
2548 3541 2679 3597 quos
2705 3528 2758 3584 in
2785 3545 3122 3605 quocumque
3144 3550 3342 3607 genere
3370 3539 3571 3596 erroris
3597 3548 3782 3612 notas,

2180 3623 2235 3672 et
2255 3624 2505 3689 tanquam
2531 3618 2995 3691 desperatissimos
3019 3625 3262 3697 damnas,
3281 3638 3568 3703 antequam
3589 3632 3785 3691 ﬁniant

2179 3708 2337 3767 istam
2366 3712 2528 3768 vitam
2550 3755 2565 3782 ,
2599 3725 2759 3787 agant
2781 3720 3151 3787 ptenitentiam
3170 3762 3185 3787 ,
3216 3732 3271 3778 et
3300 3723 3572 3781 inveniant
3592 3740 3784 3785 veram

2177 3802 2341 3858 vitam
2380 3803 2432 3858 in
2474 3805 2683 3861 futuro?
2709 3806 2940 3865 Proinde
2959 3852 2975 3878 ,
3015 3811 3208 3870 fratres
3227 3854 3243 3881 ,
3269 3816 3430 3871 etiam
3459 3816 3526 3872 ad
3551 3817 3653 3873 hoc
3678 3833 3783 3876 vos

2177 3889 2495 3962 admoneat,
2543 3895 2686 3966 quod
2729 3897 2803 3953 ait
2839 3899 3128 3970 Apostolus
3167 3922 3181 3957 :
3212 3901 3387 3960 Nolite
3427 3914 3542 3962 ante
3577 3916 3782 3981 tempus

2176 3984 2451 4056 quidquam
2471 3987 2709 4059 judicare
2733 3990 2775 4063 (l
2821 3991 2938 4047 Cor.
2967 4010 3040 4063 ιν,
3084 3996 3160 4067 5).
3201 3997 3327 4054 llaec
3349 3998 3493 4055 enim
3517 4000 3782 4073 blasphe-

2176 4076 2282 4132 mia
2319 4077 2582 4148 Spiritus,
2614 4081 2699 4136 cui
2727 4098 2996 4155 nunquam
3034 4095 3116 4142 est
3161 4088 3262 4143 ulla
3304 4093 3548 4149 remissio
3587 4093 3778 4167 (quam

2176 4182 2283 4224 non
2325 4184 2539 4226 omnem
2565 4213 2579 4238 ,
2626 4173 2717 4230 sed
2765 4175 3047 4246 quamdam
3100 4179 3489 4251 intelleximus,
3540 4200 3778 4259 eamque

2174 4272 2605 4331 perseverantem
2630 4264 2880 4323 duritiam
2905 4269 3083 4327 cordis
3111 4272 3488 4344 impoenitentis
3518 4278 3603 4333 vel
3628 4278 3776 4335 dixi-

2174 4365 2294 4407 mus
2322 4353 2404 4409 vel
2433 4353 2760 4423 invenimus,
2794 4361 2878 4415 vel
2909 4361 3068 4418 etiam
3094 4373 3349 4434 quantum
3375 4368 3771 4438 existimamus,

2171 4442 2559 4519 ostendimus),
2585 4462 2690 4503 non
2713 4450 2957 4519 potestin
2981 4468 3265 4525 quoquam,
3291 4466 3346 4512 ut
3367 4458 3620 4531 diximus,
3637 4460 3773 4519 dum

2171 4530 2225 4587 in
2254 4532 2353 4590 hac
2382 4534 2557 4592 adhuc
2579 4538 2685 4593 vita
2712 4548 2813 4608 est,
2845 4538 3191 4613 deprehendi.

2243 4623 2332 4679 22.
2386 4625 2611 4698 Objectio
2659 4630 2887 4687 diluitur.
2932 4664 3001 4675 --
3028 4634 3181 4704 Quod
3217 4655 3322 4694 non
3363 4639 3484 4697 ideo
3522 4642 3771 4700 videatur

2168 4715 2457 4773 absurdum
2481 4759 2496 4783 ,
2525 4721 2648 4791 quia
2668 4737 2791 4779 cum
2819 4724 2980 4782 homo
3004 4743 3171 4800 usque
3195 4731 3247 4786 in
3274 4731 3437 4789 ﬁnem
3457 4733 3616 4807 hujus
3641 4737 3770 4794 vita

2167 4805 2223 4862 in
2270 4807 2402 4864 dura
2442 4809 2829 4881 impaenitentia
2867 4832 3216 4887 perseverans
3240 4864 3255 4891 ,
3292 4823 3383 4880 diu
3425 4805 3765 4899 multumque

2166 4902 2414 4974 loquatur
2433 4905 2690 4966 adversus
2712 4909 2850 4968 hanc
2875 4916 3100 4987 gratiam
3126 4916 3355 4991 Spiritus
3375 4924 3565 4992 sancti;
3585 4914 3769 4982 Evauo

2164 4995 2363 5067 gelium
2386 5006 2561 5055 tamen
2587 5008 2692 5057 tam
2719 5003 2929 5076 longam
2949 5010 3425 5070 contradictionem
3448 5015 3627 5072 cordis
3652 5015 3766 5071 im-

2164 5085 2472 5175 ptenitentis
2495 5130 2509 5156 ,
2551 5093 2703 5162 quasi
2734 5094 2894 5152 breve
2922 5099 3121 5170 aliquid
3140 5142 3155 5168 ,
3187 5105 3408 5159 verbum
3437 5106 3762 5175 appellavit,

2164 5174 2348 5233 dicens
2381 5196 2394 5232 :
2421 5179 2737 5256 Quicumque
2764 5185 2946 5242 dixerit
2972 5189 3172 5246 verbum
3213 5203 3389 5247 contra
3428 5174 3626 5250 Filium
3660 5174 3764 5251 Ito-

2164 5269 2313 5325 minis
2333 5313 2349 5340 ,
2376 5273 2651 5329 remittetur
2674 5276 2758 5332 ei:
2786 5279 2874 5348 qui
2893 5290 3059 5337 autem
3085 5284 3266 5339 dixerit
3293 5296 3471 5340 contra
3504 5285 3763 5358 Spiritum

2162 5373 2389 5419 sanctum
2409 5406 2424 5432 ,
2441 5382 2543 5422 non
2568 5370 2845 5426 rentiuctur
2873 5373 2916 5428 ei
2934 5415 2949 5442 ,
2972 5390 3131 5447 neque
3154 5378 3205 5431 in
3232 5378 3326 5432 hoc
3350 5380 3535 5439 sarculo
3559 5422 3573 5447 ,
3601 5398 3765 5450 neque

2162 5452 2215 5509 in
2241 5458 2432 5527 futuro.
2466 5458 2592 5516 Haec
2615 5463 2759 5518 enim
2785 5468 3026 5536 quamvis
3054 5470 3256 5539 prolixa
3287 5471 3394 5539 sit,
3425 5480 3480 5528 et
3510 5473 3761 5545 plurimis

2161 5547 2342 5603 verbis
2369 5559 2617 5608 contexta
2646 5561 2702 5610 et
2734 5556 2985 5626 producta
3014 5558 3381 5631 blasphemia;
3408 5562 3549 5620 solet
3574 5571 3762 5621 tamen

2162 5637 2435 5710 Scriptura
2463 5644 2622 5699 etiam
2650 5647 2814 5703 multa
2854 5650 3015 5706 verba
3058 5652 3280 5709 verbum
3322 5655 3611 5725 appellare.
3650 5654 3759 5712 Ne-

2164 5743 2270 5800 que
2299 5733 2441 5788 cnim
2470 5751 2632 5792 unum
2660 5738 2879 5795 verbum
2907 5741 3117 5799 locutus
3144 5753 3229 5800 est
3265 5734 3588 5817 quicumque
3622 5761 3755 5817 pro-

2162 5819 2322 5892 pheta
2342 5864 2371 5891 ,.
2391 5834 2445 5880 et
2475 5835 2651 5884 tamen
2680 5830 2756 5886 sic
2784 5831 2977 5904 legitur
3006 5852 3023 5888 :
3063 5833 3276 5890 Verbum
3301 5837 3439 5907 quod
3463 5836 3656 5908 {actum
3681 5846 3757 5897 est

2165 5911 2234 5973 ad
2259 5912 2406 5972 illum
2434 5918 2516 5976 vel
2538 5918 2687 5978 illum
2714 5922 3051 5997 prophetam.
3076 5923 3146 5986 Et
3163 5925 3459 6002 Apostolus
3484 5946 3501 5986 :
3527 5926 3756 6015 Presby-
