4032 6332
256 276 354 335 ιδτ

259 398 375 466 teri,
398 394 600 467 inquit,
634 389 828 467 duplici
852 391 1041 448 honore
1064 389 1404 454 honorantur;
1430 384 1745 457 maximequi
1765 386 1843 440 ta-

256 492 426 557 ltorant
451 490 506 544 in
529 487 674 545 uerbo
701 497 751 544 et
774 487 1006 542 doctrina
1035 484 1079 558 (1
1108 483 1243 540 Tim.
1280 500 1334 551 v,
1366 482 1481 555 17).
1510 482 1628 539 Non
1651 481 1753 549 ait,
1784 481 1843 539 in

255 584 460 649 verbis;
486 582 580 639 sed
600 623 616 649 ,
647 582 701 637 in
725 581 893 636 verba.
912 581 981 637 Et
994 588 1209 636 sanctus
1235 577 1467 637 Jacobus
1491 597 1504 634 :
1530 576 1703 634 Estote
1725 620 1741 647 ,
1764 579 1845 633 in-

255 680 399 752 quit,
427 682 646 750 factores
671 676 806 732 uerbi
823 718 841 744 ,
863 684 909 730 et
929 691 1031 730 non
1054 675 1306 730 auditores
1332 681 1526 729 tantum
1561 672 1762 747 (Jacobi
1789 689 1808 728 ι
1824 714 1841 740 ,

254 772 362 845 2‘2).
389 770 507 826 Non
534 770 609 826 ait
630 778 685 826 et
713 769 855 840 ipse,
885 766 1216 835 Verborum;
1239 767 1367 834 sed,
1404 766 1540 824 verbi
1561 784 1580 821 :
1599 764 1846 839 quamvis

254 876 357 923 tam
397 865 565 920 multa
591 862 751 922 verba
777 862 847 918 de
875 861 1163 932 Scripturis
1184 858 1381 919 Sanctis
1410 860 1466 915 in
1500 858 1725 916 ecclesia
1750 873 1844 914 ce-

252 957 472 1014 lebriter
494 966 549 1014 et
574 955 889 1013 solemniter
919 955 1164 1025 legantur
1181 995 1197 1023 ,
1219 953 1465 1009 dicantur
1482 994 1499 1020 ,
1540 950 1842 1007 audiantur.

252 1048 403 1105 Sicut
436 1063 565 1120 ergo
599 1056 1027 1119 quantacumque
1066 1055 1306 1116 tempore
1333 1044 1575 1116 quisquis
1600 1051 1845 1100 nostrum

250 1142 301 1197 in
322 1141 663 1213 praedicando
696 1140 982 1210 Evangelio
1007 1138 1347 1205 laboraverit,
1383 1152 1489 1193 non
1516 1135 1801 1193 verborum
1825 1176 1842 1204 ,

249 1233 340 1289 sed
375 1232 527 1288 verbi
552 1232 745 1289 dicitur
782 1232 1141 1303 praedicator;
1169 1238 1224 1287 et
1255 1237 1685 1302 quantocumque
1713 1238 1847 1284 tem-

247 1342 380 1398 pore
426 1326 670 1399 quisquis
713 1335 950 1384 vestrum
980 1335 1219 1383 nostram
1252 1324 1684 1397 praedicationem
1728 1322 1848 1379 dili-

247 1430 439 1493 genter
470 1430 631 1492 atque
672 1422 934 1478 instanter
960 1421 1213 1487 audierit,
1257 1436 1361 1476 non
1382 1419 1669 1476 verborum
1693 1459 1708 1485 ,
1749 1416 1847 1474 sed

246 1514 399 1569 verbi
448 1514 700 1571 audiendi
743 1514 1165 1571 studiosissimus
1223 1514 1557 1585 nuncupatur
1604 1532 1617 1567 :
1664 1513 1738 1569 ita
1780 1526 1848 1570 eo

247 1622 402 1661 more
426 1622 534 1677 quo
562 1606 852 1678 Scriptura:
877 1607 1166 1678 loquuntur
1188 1650 1203 1676 ,
1233 1614 1288 1663 et
1315 1623 1472 1680 quem
1504 1606 1653 1663 novit
1682 1605 1848 1663 eccle-

246 1698 464 1754 siastica
490 1700 820 1756 consuetudo
840 1742 855 1766 ,
897 1699 1138 1771 quisquis
1164 1700 1410 1756 universa
1434 1715 1531 1756 sua
1568 1699 1673 1754 vita
1696 1740 1711 1767 ,
1740 1712 1847 1769 qua

246 1789 411 1844 istam
439 1792 577 1862 gerit
616 1807 834 1848 carnem
880 1793 920 1860 ί,
970 1791 1301 1863 quantalibet
1347 1791 1677 1864 longitudine
1715 1804 1845 1862 pro-

245 1882 534 1949 tendatur,
570 1899 918 1955 qutecumque
944 1884 1107 1940 verba
1129 1884 1213 1939 vel
1239 1899 1334 1941 ore
1358 1884 1445 1941 vel
1487 1884 1602 1940 sola
1642 1884 1842 1955 cogita-

245 1975 398 2031 tione
425 1976 632 2033 locutus
660 1978 817 2033 luerit
838 1977 1000 2033 corde
1026 1976 1411 2048 impoenitenti,
1440 1984 1625 2032 contra
1650 1975 1847 2031 remis-

244 2068 461 2123 sionem
487 2078 827 2138 peccatorum
848 2086 966 2140 qua:
993 2069 1053 2124 tit
1084 2070 1138 2124 in
1166 2068 1407 2125 Ecclesia
1429 2110 1445 2137 ,
1476 2067 1698 2125 verbum
1718 2067 1849 2124 dicit

243 2169 441 2215 contra
466 2159 724 2231 Spiritum
745 2170 1008 2217 sanctum.

324 2254 416 2309 23.
454 2252 632 2309 Omnis
652 2255 754 2308 alia
784 2254 1113 2325 blasphemia,
1136 2253 1342 2309 dimisso
1368 2261 1573 2325 peccato
1596 2253 1650 2308 in
1671 2252 1847 2325 Spirie

244 2357 359 2401 tum
410 2358 675 2415 sanctum,
724 2346 1025 2414 dimittitur,
1073 2363 1247 2418 quare.
1327 2347 1451 2404 Ideo
1510 2358 1689 2404 autem
1740 2362 1848 2404 non

242 2439 427 2494 solum
472 2439 693 2495 verbum
719 2439 860 2509 quod
880 2439 1082 2495 dictum
1107 2439 1267 2496 fuerit
1302 2449 1491 2496 contra
1515 2440 1711 2497 Filium
1748 2441 1849 2497 ho-

241 2532 443 2597 minis,
474 2531 572 2588 sed
599 2547 759 2587 omne
786 2547 1006 2603 prorsus
1027 2542 1304 2601 peccatum
1322 2541 1376 2588 et
1401 2532 1731 2603 blasphemia
1756 2548 1846 2590 re-

241 2627 496 2682 mittetur
524 2626 830 2683 hominibus
854 2644 868 2694 ;
892 2627 1015 2698 quia
1044 2626 1133 2682 ubi
1162 2626 1266 2683 hoc
1291 2635 1568 2699 peccatum
1598 2643 1705 2684 non
1733 2626 1850 2685 fue-

242 2721 323 2776 rit
345 2720 527 2776 cordis
550 2721 927 2791 impoenitentis
950 2727 1135 2776 contra
1157 2718 1414 2790 Spiritum
1440 2728 1682 2776 sanctum
1697 2763 1711 2789 ,
1740 2735 1849 2792 quo

242 2814 301 2869 in
331 2814 570 2870 Ecclesia
622 2823 838 2885 peccata
878 2816 1187 2883 solvuntur,
1227 2824 1415 2870 cuncta
1446 2814 1547 2869 alia
1572 2814 1849 2870 dimittun-

242 2914 357 2961 tur.
388 2906 670 2975 Quomodo
706 2917 881 2964 autem
909 2908 1011 2963 hoc
1045 2906 1360 2973 dimittetur,
1388 2907 1529 2978 quod
1566 2907 1725 2962 etiam
1761 2921 1848 2963 re-

241 3002 563 3057 missionem
592 3002 812 3073 impedit
844 3002 1109 3058 aliorum?
1138 3002 1327 3058 Omnia
1352 3018 1479 3074 ergo
1512 3002 1850 3059 dimittuntur

244 3093 359 3159 eis,
385 3094 439 3148 in
469 3093 661 3164 quibus
681 3094 785 3150 hoc
812 3108 917 3149 non
944 3102 1026 3150 est
1051 3094 1191 3165 quod
1220 3110 1489 3166 nunquam
1511 3093 1845 3151 dimittetur:

244 3184 301 3237 in
329 3184 523 3254 quibus
551 3195 633 3240 est
650 3194 847 3251 autem,
880 3186 1130 3257 quoniam
1150 3188 1170 3217 '
1202 3186 1305 3242 hoc
1333 3201 1602 3258 nunquam
1631 3185 1851 3241 dimitti-

245 3285 354 3345 tur,
379 3294 481 3334 nec
506 3279 609 3334 alia
639 3280 1013 3348 dimittuntur;
1046 3280 1168 3352 quia
1199 3281 1434 3336 omnium
1458 3280 1703 3336 remissio
1731 3279 1851 3334 vin-

244 3373 370 3427 culo
401 3372 558 3428 istius
583 3374 888 3443 impeditur.
917 3374 1036 3430 Non
1061 3388 1190 3445 ergo
1222 3384 1505 3444 propterea
1529 3373 1850 3443 qnicumque

244 3464 447 3521 dixerit
475 3466 697 3522 verbum
728 3476 911 3523 contra
937 3466 1130 3521 Filium
1160 3466 1392 3521 hominis
1410 3507 1424 3532 ,
1450 3465 1751 3520 remittetur
1778 3465 1847 3531 ei,

245 3558 337 3627 qui
372 3567 559 3614 autem
586 3559 780 3616 dixerit
807 3568 991 3615 contra
1034 3558 1289 3630 Spiritum
1320 3566 1594 3622 sanctum,
1622 3572 1730 3612 non
1759 3572 1849 3612 re-

245 3651 525 3717 mittetur;
571 3652 693 3722 quia
735 3652 786 3706 in
828 3651 1087 3707 Trinitate
1125 3650 1298 3720 major
1328 3658 1412 3706 est
1440 3648 1575 3704 Filio
1621 3647 1851 3718 Spiritus

245 3750 496 3810 sanctus,
546 3744 687 3814 quod
735 3744 912 3800 nullus
954 3759 1185 3814 unquam
1214 3744 1299 3799 vel
1346 3741 1631 3798 haareticus
1671 3740 1848 3797 dixit:

247 3835 343 3889 sed
372 3836 628 3906 quoniam
675 3836 914 3906 quisquis
954 3834 1211 3891 restiterit
1236 3834 1479 3901 veritati,
1528 3842 1581 3889 et
1606 3831 1834 3904 blasphe

249 3928 477 3983 maverit
493 3929 796 3997 veritatem,
828 3928 968 3998 quod
998 3936 1079 3983 est
1098 3928 1362 3993 Christus,
1392 3928 1552 3983 etiam
1581 3935 1700 3997 post
1730 3935 1850 3981 tan-

250 4026 357 4073 tam
378 4019 461 4074 sui
485 4020 916 4090 praedicationem
937 4021 1073 4090 apud
1099 4020 1364 4086 homines,
1381 4027 1441 4074 ut
1471 4017 1701 4074 Verbum
1726 4032 1852 4074 caro

249 4111 434 4176 ﬁeret,
461 4122 515 4166 et
541 4111 804 4168 habitaret
829 4112 881 4167 in
911 4110 1065 4167 nobis
1085 4155 1099 4180 ,
1130 4111 1271 4181 quod
1299 4120 1381 4167 est
1408 4110 1574 4167 Filius
1596 4108 1848 4178 hominis,

249 4202 391 4260 idem
419 4206 537 4274 ipse
567 4204 809 4261 Christus
834 4248 849 4274 ,
874 4206 919 4262 si
950 4221 1054 4261 non
1091 4204 1284 4260 dixerit
1319 4204 1539 4260 verbum
1578 4202 1707 4259 illud
1733 4217 1853 4258 cor-

252 4295 335 4345 dis
382 4298 770 4367 impmnitentis
809 4307 998 4353 contra
1040 4297 1298 4367 Spiritum
1328 4305 1569 4352 sanctum
1596 4337 1611 4362 ,
1639 4295 1707 4350 de
1746 4309 1852 4365 quo

252 4381 458 4436 diClllm
486 4396 604 4449 est,
634 4390 733 4446 Qui
756 4407 856 4443 non
885 4399 1088 4444 renatus
1128 4389 1276 4459 fuerit
1310 4404 1372 4443 ea;
1396 4399 1529 4460 aqua
1565 4396 1612 4441 et
1654 4385 1853 4456 Spiritu

256 4472 436 4540 (Joan.
468 4489 561 4540 ιη,
606 4472 684 4542 5);
711 4481 766 4528 et
802 4471 870 4528 de
910 4490 1015 4543 quo
1061 4479 1187 4528 item
1237 4479 1438 4535 dictum
1482 4486 1601 4541 est,
1628 4476 1855 4545 Accipite

258 4563 514 4634 Spiritum
546 4574 812 4631 sanctum;
850 4565 895 4619 si
918 4565 998 4619 cui
1019 4563 1306 4619 dimiseritis
1334 4575 1554 4636 peccata,
1585 4567 1850 4622 dimittun-

259 4666 342 4710 tur
384 4658 431 4710 ei
463 4655 573 4727 (Id.
623 4673 697 4711 xx
722 4698 737 4724 ,
767 4657 861 4729 2‘2)
891 4675 905 4711 :
934 4658 987 4713 id
1012 4666 1115 4725 est,
1140 4659 1185 4713 si
1214 4658 1521 4729 paenituerit
1539 4674 1682 4729 eum,
1709 4661 1852 4717 acci-

257 4749 369 4818 piet
396 4764 496 4820 per
536 4750 641 4805 hoc
677 4750 875 4805 donum
919 4750 1289 4807 remissionem
1328 4752 1566 4808 omnium
1613 4761 1856 4823 peccato-

258 4856 377 4896 rum
397 4884 412 4907 ,
460 4842 619 4897 simul
644 4850 700 4898 et
727 4842 886 4914 hujus
906 4884 920 4910 ,
948 4843 1090 4914 quod
1117 4841 1337 4900 verbum
1364 4844 1498 4900 dixit
1537 4853 1723 4901 contra
1763 4844 1855 4902 Fi-

259 4933 389 4990 lium
416 4934 680 5002 hominis;
708 4936 830 5003 quia
856 4945 1079 5008 peccato
1100 4937 1412 5008 ignorantiae
1443 4938 1557 4994 sive
1582 4947 1859 4995 contuma-

261 5027 359 5081 ciae
377 5028 465 5082 vel
491 5028 873 5100 cujuscumque
901 5029 1246 5101 blasphemiae
1266 5072 1282 5098 ,
1313 5045 1419 5085 non
1442 5029 1644 5086 addidit
1666 5046 1856 5102 pecca-

260 5128 375 5174 tum
404 5121 810 5192 imptenitentia:
829 5131 1014 5179 contra
1034 5121 1236 5181 donum
1262 5122 1357 5178 Dei
1378 5130 1433 5179 et
1463 5123 1688 5195 gratiam
1710 5139 1861 5195 rege-

260 5213 557 5269 nerationis
585 5215 669 5272 vel
703 5215 1183 5284 reconciliationis,
1212 5231 1332 5288 quae
1357 5215 1418 5273 tit
1444 5216 1501 5272 in
1530 5216 1768 5273 Ecclesia
1807 5218 1863 5273 in

267 5298 471 5371 Spiritu
494 5316 700 5364 sancto.

338 5390 566 5448 CAPUT
587 5392 727 5448 XIV.
745 5425 767 5433 —
788 5400 920 5452 κεί-ι.
945 5399 1068 5457 Non
1086 5401 1199 5457 ideo
1218 5400 1343 5457 Filii
1360 5402 1722 5474 blasphemiam
1741 5404 1868 5476 faci-

270 5486 371 5542 lius
388 5503 543 5560 quam
570 5487 794 5560 Spiritus
814 5489 1033 5557 remitti,
1065 5489 1183 5559 quia
1219 5498 1307 5545 ttte
1336 5498 1498 5545 minor
1516 5506 1590 5547 est
1624 5499 1679 5549 in
1704 5514 1867 5562 quan-

273 5592 381 5636 tum
442 5582 612 5637 homo.
670 5582 903 5639 Proinde
946 5597 1048 5638 nec
1072 5581 1204 5637 illud
1242 5582 1577 5638 sentiendum
1602 5593 1704 5653 est,
1731 5584 1871 5656 quod

339 5718 359 5790 ξ
382 5719 626 5790 sumius
650 5725 703 5790 et
723 5721 1021 5790 tfossatensis
1044 5727 1157 5790 .Ms.,
1181 5733 1330 5785 quant
1347 5720 1401 5774 in
1421 5721 1514 5775 ista
1549 5723 1673 5790 gerit
1707 5737 1875 5784 carne.

336 5780 359 5811 ¹
381 5781 455 5832 sic
608 5789 664 5832 At
687 5782 822 5844 editi,
850 5782 1100 5846 quomodo.

517 5865 749 5934 Sacr.
776 5869 1056 5936 Ausus'r.
1092 5869 1170 5935 V.

1673 254 1906 316 SEBMO
1942 255 2129 317 LXXI.

1950 378 2167 450 quidam
2186 394 2395 455 putant,
2415 386 2536 446 ideo
2561 391 2765 449 remitti
2781 389 3004 451 verbum
3031 396 3172 470 quod
3191 397 3386 457 dicitur
3409 417 3549 461 con-

1955 480 2034 529 tra
2059 473 2252 533 Filium
2282 477 2548 552 hominis,
2579 500 2688 541 non
2730 488 2929 544 remitti
2956 501 3133 546 autem
3171 494 3313 564 quod
3351 495 3550 553 dicitur

1952 576 2138 623 contra
2160 569 2415 641 Spiritum
2437 586 2700 645 sanctum,
2727 581 2849 651 quia
2870 592 3088 653 propter
3102 595 3407 657 susceptam
3426 603 3549 645 car-

1952 673 2077 714 nem
2096 658 2267 718 factns
2295 674 2379 721 est
2400 664 2567 723 Filius
2593 669 2825 728 hominis
2842 672 3108 745 Christus,
3134 692 3237 749 qua
3258 694 3419 735 carne
3444 680 3551 737 uti-

1952 764 2056 843 que
2097 752 2269 824 major
2295 766 2379 813 est
2406 756 2637 830 Spiritus
2666 773 2914 829 sanctus,
2961 767 3052 837 qui
3086 770 3380 828 substantia
3425 788 3551 843 pro-

1952 841 2069 911 pria
2098 845 2319 915 aqualis
2360 857 2444 905 est
2494 850 2637 907 Patri
2666 863 2720 910 et
2766 857 3041 928 unigenito
3078 859 3215 917 Filio
3253 841 3552 921 secundum

1953 934 2071 1005 ejus
2090 937 2424 998 divinitatem
2443 984 2460 1012 ,
2489 948 2779 1003 secundum
2811 965 2969 1020 quam
3011 959 3067 1007 et
3103 952 3219 1024 ipse
3247 957 3550 1026 unigenitus

1954 1026 2120 1086 Filius
2148 1034 2366 1104 aequalis
2393 1046 2477 1092 est
2519 1039 2662 1096 Patri
2704 1050 2759 1098 et
2807 1044 3027 1113 Spiritui
3070 1056 3276 1103 sancto.
3324 1049 3457 1105 Nam
3504 1053 3553 1107 si

1953 1117 2056 1175 hoc
2077 1131 2355 1193 propterea
2385 1127 2585 1185 dictum
2613 1141 2777 1201 esset,
2810 1134 3051 1204 profecto
3091 1136 3159 1192 de
3183 1140 3329 1195 omni
3356 1152 3554 1199 cratera

1953 1213 2283 1287 blasphemia
2308 1230 2595 1292 taceretur,
2621 1235 2678 1281 ut
2700 1228 2813 1283 htec
2841 1229 2954 1285 sola
2980 1232 3315 1290 remissibilia
3337 1237 3553 1294 videre-

1955 1313 2040 1362 tur
2070 1309 2110 1377 ί,
2132 1325 2251 1381 qua:
2271 1323 2458 1370 contra
2483 1316 2675 1374 Filium
2715 1320 2945 1378 hominis
2970 1322 3165 1381 dicitur
3187 1368 3201 1391 ,
3234 1331 3383 1397 quasi
3428 1346 3553 1386 cum

1954 1399 2117 1458 homo
2144 1405 2290 1460 solus
2310 1416 2543 1477 putatur.
2570 1411 2705 1468 Cum
2733 1430 2863 1471 vero
2892 1418 3226 1487 praemissum
3254 1422 3358 1488 sit,
3391 1422 3553 1481 Omne

1952 1504 2215 1564 peccatum
2239 1539 2256 1565 ,
2296 1509 2343 1553 et
2384 1500 2693 1573 blasphemia
2736 1508 3016 1564 remittetur
3041 1510 3365 1582 hominibus;
3409 1518 3554 1587 quod

1953 1588 2114 1645 etiam
2139 1591 2278 1661 apud
2298 1594 2462 1650 alium
2482 1600 2861 1669 evangelistam
2888 1604 2957 1658 ita
2980 1606 3212 1675 positum
3240 1616 3340 1673 est,
3365 1610 3553 1665 Omnia

1953 1680 2264 1773 dimittantur
2286 1686 2412 1754 filiis
2437 1688 2698 1746 hominum
2726 1704 2930 1765 peccata
2957 1707 3003 1751 et
3038 1698 3395 1770 blasphemiae,
3437 1704 3555 1773 qui-

1954 1772 2045 1828 bus
2081 1774 2539 1848 blasphemaverint
2580 1798 2599 1837 :
2624 1786 2807 1854 procul
2832 1786 2995 1843 dubio
3024 1798 3079 1845 et
3104 1791 3192 1846 illa
3224 1793 3555 1864 blasphemia

1953 1883 2074 1940 quae
2110 1878 2293 1926 contra
2327 1872 2541 1930 Patrem
2570 1875 2763 1933 dicitur
2785 1921 2799 1945 ,
2831 1880 2931 1935 ista
2962 1885 3307 1953 generalitate
3337 1890 3555 1945 conclu-

1953 1962 2115 2032 ditur;
2144 1976 2200 2021 et
2226 1975 2404 2024 tamen
2429 1968 2543 2025 haec
2573 1972 2686 2027 sola
2707 1972 3094 2032 irremissibilis
3119 1978 3400 2048 deﬁnitur,
3430 1999 3552 2053 quae

1952 2054 2145 2111 dicitur
2170 2066 2357 2114 contra
2384 2060 2637 2131 Spiritum
2660 2076 2923 2122 sanctum.
2950 2068 3343 2140 Numquidnam
3368 2082 3423 2129 et
3450 2074 3554 2130 Pa-

1953 2158 2035 2207 ter
2061 2151 2291 2208 formam
2318 2156 2459 2211 servi
2484 2158 2717 2228 accepit,
2750 2174 2853 2230 qua
2888 2161 2957 2216 sit
2981 2163 3152 2233 major
3175 2163 3405 2235 Spiritus
3430 2183 3555 2224 san-

1952 2248 2110 2303 ctus?
2149 2246 2268 2331 Non
2306 2250 2486 2321 utique
2518 2269 2531 2307 :
2564 2252 2658 2308 sed
2694 2252 2816 2309 ideo
2856 2265 2977 2325 post
3010 2258 3370 2316 universalem
3400 2277 3554 2318 com-

1952 2343 2395 2400 memorationem
2443 2346 2681 2402 omnium
2728 2357 3068 2417 peccatorum
3112 2354 3390 2425 omnisque
3436 2356 3555 2413 bla-

1952 2433 2239 2505 sphemiae,
2271 2438 2593 2495 eminentius
2618 2441 2783 2497 voluit
2810 2444 3111 2513 exprimere
3136 2447 3550 2519 blasphemiam,

1953 2542 2072 2598 quae
2111 2528 2306 2585 dicitur
2348 2538 2533 2588 contra
2563 2533 2755 2589 Filium
2789 2535 3053 2604 hominis;
3086 2540 3209 2609 quia
3248 2541 3457 2596 etiamsi
3498 2542 3555 2597 in

1954 2618 2046 2675 illo
2072 2630 2288 2690 peccato
2312 2621 2505 2678 iuerint
2525 2624 2768 2682 homines
2789 2626 3028 2698 obligati,
3053 2630 3195 2701 quod
3220 2647 3552 2688 commemo-

1953 2712 2091 2768 ravit
2109 2756 2124 2781 ,
2152 2715 2243 2771 ubi
2272 2715 2380 2784 ait,
2415 2716 2475 2771 Si
2504 2735 2607 2773 non
2634 2722 2875 2775 uenissem
2901 2732 2947 2777 et
2983 2723 3179 2781 locutus
3205 2727 3275 2781 eis
3309 2728 3515 2798 fuissem
3532 2768 3552 2797 ,

1954 2815 2214 2876 peccatum
2240 2824 2341 2862 non
2370 2809 2607 2865 haberent
2637 2811 2815 2882 (Joan.
2841 2830 2935 2883 xv,
2963 2813 3057 2889 22)
3090 2835 3103 2871 :
3134 2818 3277 2889 quod
3306 2821 3467 2875 etiam
3497 2822 3557 2877 in

1954 2895 2250 2969 Evangelio
2276 2902 2569 2958 secundum
2606 2903 2867 2962 Joannem
2920 2908 3076 2964 valde
3116 2925 3278 2981 grave
3321 2913 3558 2970 ostendit

1953 3003 2076 3046 esse
2101 3001 2375 3061 peccatum
2400 3035 2415 3062 ,
2461 2995 2551 3051 ubi
2589 2995 2663 3051 ait
2704 2996 2772 3052 de
2798 2997 2913 3068 ipso
2939 2998 3139 3069 Spiritu
3168 3011 3387 3071 sancto,
3430 3020 3556 3060 cum

1953 3096 2076 3139 eum
2107 3099 2167 3139 se
2187 3086 2475 3141 missurum
2502 3102 2623 3143 esse
2643 3090 3015 3159 promitteret,
3047 3090 3149 3147 Ille
3190 3104 3364 3166 arguet
3406 3114 3557 3152 mun-

1953 3176 2077 3231 dum
2115 3177 2179 3232 de
2216 3188 2453 3250 peccato,
2495 3190 2541 3235 et
2580 3180 2643 3235 de
2662 3182 2894 3253 justitia,
2926 3192 2975 3237 et
2991 3184 3228 3255 judicio;
3262 3188 3324 3241 de
3351 3198 3557 3257 peccato

1953 3272 2189 3344 quidem,
2234 3272 2353 3344 quia
2394 3290 2495 3328 non
2523 3273 2841 3329 crediderunt
2874 3276 2927 3330 in
2965 3293 3043 3331 me
3072 3274 3181 3350 (Id.
3216 3295 3306 3334 xv:
3328 3322 3343 3346 ,
3373 3280 3427 3346 8,
3452 3281 3508 3352 9)
3536 3299 3553 3337 :

1956 3370 2135 3419 tamen
2164 3364 2341 3419 sinon
2366 3364 2562 3421 dixerit
2604 3365 2692 3421 illa
2719 3367 2897 3424 cordis
2940 3368 3322 3440 impoenitentis
3360 3372 3556 3429 duritia

1955 3457 2177 3513 verbum
2209 3466 2392 3513 contra
2436 3458 2691 3528 Spiritum
2734 3469 2976 3516 sanctum
3001 3502 3017 3528 ,
3063 3463 3222 3518 etiam
3271 3463 3375 3520 hoc
3411 3465 3556 3536 quod

1955 3548 2157 3605 dictum
2182 3559 2263 3605 est
2286 3560 2471 3605 contra
2511 3551 2703 3607 Filium
2728 3552 2958 3609 hominis
2981 3555 3301 3611 remittetur.

2028 3641 2254 3699 CAPUT
2282 3642 2399 3698 XV.
2428 3672 2499 3683 —
2522 3644 2613 3700 25.
2645 3643 2866 3699 Peccata
2895 3645 3143 3701 dimittere
3166 3648 3316 3701 totius
3346 3656 3419 3702 est
3442 3647 3557 3703 Tri—

1957 3737 2148 3792 uitatis.
2220 3737 2317 3793 Hic
2372 3738 2613 3794 fortassis
2669 3738 2862 3809 aliquis
2907 3747 3152 3810 quaerat,
3201 3752 3378 3795 utrum
3429 3734 3557 3797 tan?

1959 3830 2233 3895 tummodo
2261 3830 2490 3902 Spiritus
2518 3844 2733 3887 sanctus
2760 3842 2979 3903 peccata
3000 3833 3252 3900 dimittat,
3278 3850 3347 3889 an
3368 3843 3424 3890 et
3448 3834 3557 3890 Pa-

1958 3933 2040 3981 ter
2064 3931 2119 3980 et
2141 3923 2327 3979 Filius.
2359 3924 2765 3995 Respondemus
2783 3967 2798 3993 ,
2825 3924 2967 3997 quod
3008 3933 3063 3982 et
3089 3926 3247 3983 Pater
3272 3936 3326 3983 et
3366 3927 3557 3984 Filius.

1956 4010 2076 4083 Ipse
2097 4011 2242 4067 enim
2265 4010 2432 4068 Filius
2459 4010 2527 4066 de
2556 4011 2712 4067 Patre
2740 4012 2870 4067 dicit
2902 4030 2914 4066 :
2949 4011 3012 4067 Si
3039 4011 3326 4067 dimiseritis
3352 4022 3559 4084 peccata

1958 4104 2242 4159 hominibtu
2265 4144 2280 4170 ,
2312 4103 2531 4158 dimittet
2549 4104 2685 4159 vobis
2710 4114 2757 4158 et
2786 4102 2944 4158 Pater
2966 4113 3126 4160 vester
3147 4114 3353 4175 peccata
3372 4115 3557 4161 uestra.

1956 4195 2055 4253 Cui
2094 4212 2195 4252 nos
2223 4212 2436 4268 quoque
2464 4196 2691 4252 dicimus
2721 4197 2774 4252 in
2798 4198 3040 4253 oratione
3063 4198 3332 4254 dominica
3353 4242 3368 4267 ,
3400 4198 3562 4255 Pater

1957 4301 2126 4346 noster
2151 4291 2237 4356 qui
2267 4308 2317 4346 es
2334 4292 2388 4346 in
2413 4292 2551 4346 cwlis
2585 4300 2781 4362 :atque
2806 4292 2947 4347 inter
2972 4302 3162 4348 caetera
3193 4302 3247 4349 et
3287 4294 3388 4349 hoc
3417 4294 3560 4364 peti-

1957 4397 2100 4449 mus,
2133 4382 2405 4449 dicentes,
2430 4382 2638 4438 Dimitte
2664 4384 2805 4437 nobis
2831 4383 2996 4437 debita
3022 4394 3195 4440 nostra
3227 4384 3439 4458 (Matth.
3466 4402 3521 4440 γι
3542 4428 3559 4453 ,

1959 4475 2058 4541 14,
2088 4473 2143 4539 9,
2163 4474 2286 4553 112).
2319 4474 2396 4531 De
2424 4489 2483 4530 se
2513 4484 2690 4531 autem
2716 4474 2833 4546 ipse
2856 4476 2931 4531 ait
2959 4494 2972 4530 :
3010 4475 3078 4532 Ut
3105 4477 3276 4532 sciatis
3309 4476 3444 4548 quod
3474 4478 3567 4534 ha.

1957 4569 2071 4625 beat
2106 4568 2275 4624 Filius
2311 4569 2528 4624 hominis
2567 4578 2859 4641 potestatem
2882 4570 2937 4625 in
2963 4578 3096 4625 terra
3121 4570 3405 4625 dimittendi
3444 4587 3563 4642 pec-

1957 4671 2073 4716 cata
2104 4660 2214 4735 (Id.
2247 4678 2321 4729 rx,
2349 4661 2430 4732 6).
2460 4663 2515 4718 Si
2545 4678 2694 4734 ergo,
2724 4663 2929 4733 inquis,
2960 4673 3016 4719 et
3038 4663 3200 4720 Pater
3221 4674 3275 4719 et
3300 4662 3468 4717 Filius
3510 4672 3570 4718 et

1958 4753 2191 4827 Spiritus
2218 4762 2435 4809 sanctus
2464 4753 2738 4809 dimittunt
2766 4764 2987 4826 peccata
3010 4796 3025 4823 ,
3053 4769 3151 4810 cur
3178 4754 3269 4809 illa
3310 4754 3567 4825 impmni-

1962 4847 2127 4903 tentia
2155 4862 2275 4917 qua:
2305 4862 2576 4918 nunquam
2606 4846 2932 4915 dimittetur,
2957 4846 3330 4903 tantummodo
3350 4846 3416 4901 ad
3442 4845 3565 4916 Spi—

1963 4938 2097 4996 ritus
2117 4938 2507 5010 blasphemiam
2533 4939 2731 4996 dicitur
2749 4940 3049 5011 pertinere;
3074 4948 3325 5011 tanquam
3360 4939 3450 4995 ille
3475 4938 3570 5010 qui

1964 5030 2070 5087 hoc
2094 5031 2499 5102 impaenitendae
2529 5041 2750 5103 peccato
2777 5030 2938 5088 fuerit
2957 5030 3243 5103 obligatus,
3272 5031 3416 5088 dono
3443 5031 3571 5103 Spi-

1966 5124 2102 5180 ritus
2130 5124 2300 5181 sancti
2325 5125 2579 5182 resistere
2602 5111 2881 5193 videatur,
2913 5124 3056 5197 quod
3093 5139 3160 5180 eo
3184 5124 3336 5181 dono
3354 5124 3447 5181 liat
3479 5140 3575 5181 re-

1968 5216 2165 5283 missio.
2182 5216 2562 5289 peccatorum?
2584 5217 2685 5275 Ubi
2705 5226 2763 5275 et
2787 5233 2887 5289 ego
2910 5232 3111 5289 quzero,
3131 5228 3309 5273 utrum
3326 5218 3578 5275 Christus

1970 5308 2193 5381 eiecerit
2217 5310 2513 5379 daemonia,
2544 5326 2613 5367 an
2641 5318 2696 5367 et
2718 5310 2877 5366 Pater
2904 5318 2960 5366 et
2982 5309 3211 5382 Spiritus
3238 5311 3493 5365 sanctus?
3518 5308 3576 5361 Si

1972 5405 2118 5460 enim
2140 5404 2505 5461 tantummodo
2531 5402 2775 5459 Christus
2792 5444 2807 5470 ,
2838 5401 2965 5472 quid
2985 5411 3069 5458 est
3096 5400 3236 5468 quod
3262 5399 3375 5468 ipse
3402 5397 3531 5453 dicit
3560 5438 3576 5463 ,

1979 5496 2138 5550 Pater
2157 5506 2324 5552 autem
2347 5498 2403 5549 in
2424 5512 2505 5550 me
2529 5509 2738 5549 manens
2757 5534 2772 5560 ,
2800 5493 2909 5562 ipse
2928 5491 3049 5563 facit
3069 5506 3223 5561 opera
3253 5488 3429 5560 (Joan.
3461 5505 3573 5560 xw,

1979 5586 2110 5660 10)?
2150 5587 2225 5643 Ita
2256 5588 2398 5644 enim
2422 5586 2622 5659 dictum
2653 5594 2757 5651 est,
2790 5583 2911 5656 Ipse
2938 5583 3060 5657 facit
3092 5600 3282 5656 Opera;
3323 5591 3572 5654 tanquam

2045 5726 2063 5796 ξ
2089 5725 2226 5796 Editi,
2244 5724 2348 5796 hcec
2365 5722 2467 5795 sola
2844 5718 3097 5796 .videretur
3112 5730 3131 5779 ;
3144 5718 3341 5781 omisso,
3360 5720 3430 5780 ut,
3445 5714 3578 5781 quod

1980 5787 2165 5840 habent
2185 5787 2478 5839 Fossateusis
2500 5792 2581 5836 Ms.
2609 5787 2934 5849 etEugypius.

2852 5866 3198 5952 {Quium}
