  <div class='ocr_page' id='page_1' title='image "/cluster/home/n/w/nwhite01/storage/ocr_20150623/38/hvd.32044015706294/235.png"; bbox 0 0 4032 6332; ppageno 0'>
   <div class='ocr_carea' id='block_1_1' title="bbox 525 291 636 356">
    <p class='ocr_par' dir='ltr' id='par_1_1' title="bbox 525 291 636 356">
     <span class='ocr_line' id='line_1_1' title="bbox 525 291 636 356; baseline -0.045 0"><span class='ocrx_word' id='word_1_1' title='bbox 525 291 636 356; x_wconf 65' lang='grc'><strong>459</strong></span> 
     </span>
    </p>
   </div>
   <div class='ocr_carea' id='block_1_2' title="bbox 527 401 2106 479">
    <p class='ocr_par' dir='ltr' id='par_1_2' title="bbox 527 401 2106 479">
     <span class='ocr_line' id='line_1_2' title="bbox 527 401 2106 479; baseline 0.001 -15"><span class='ocrx_word' id='word_1_2' title='bbox 527 411 692 474; x_wconf 85' lang='lat' dir='ltr'><strong>Filius</strong></span> <span class='ocrx_word' id='word_1_3' title='bbox 714 424 818 464; x_wconf 92' lang='lat' dir='ltr'><strong>non</strong></span> <span class='ocrx_word' id='word_1_4' title='bbox 847 405 1023 476; x_wconf 76' lang='lat' dir='ltr'><strong>faciat,</strong></span> <span class='ocrx_word' id='word_1_5' title='bbox 1045 403 1140 472; x_wconf 81' lang='lat' dir='ltr'><strong>sed</strong></span> <span class='ocrx_word' id='word_1_6' title='bbox 1159 401 1317 475; x_wconf 81' lang='lat' dir='ltr'><strong>Pater</strong></span> <span class='ocrx_word' id='word_1_7' title='bbox 1344 419 1566 470; x_wconf 85' lang='lat' dir='ltr'><strong>manens</strong></span> <span class='ocrx_word' id='word_1_8' title='bbox 1593 403 1649 460; x_wconf 91' lang='lat' dir='ltr'><strong>in</strong></span> <span class='ocrx_word' id='word_1_9' title='bbox 1674 403 1827 462; x_wconf 87' lang='lat' dir='ltr'><strong>Filio.</strong></span> <span class='ocrx_word' id='word_1_10' title='bbox 1851 407 1959 464; x_wconf 89' lang='lat' dir='ltr'><strong>Cur</strong></span> <span class='ocrx_word' id='word_1_11' title='bbox 1976 423 2106 479; x_wconf 67' lang='lat' dir='ltr'><strong>ergo</strong></span> 
     </span>
    </p>
   </div>
   <div class='ocr_carea' id='block_1_3' title="bbox 523 500 2107 574">
    <p class='ocr_par' dir='ltr' id='par_1_3' title="bbox 523 500 2107 574">
     <span class='ocr_line' id='line_1_3' title="bbox 523 500 2107 574; baseline -0.001 -15"><span class='ocrx_word' id='word_1_12' title='bbox 523 505 629 559; x_wconf 92' lang='lat' dir='ltr'><strong>alio</strong></span> <span class='ocrx_word' id='word_1_13' title='bbox 657 504 772 558; x_wconf 91' lang='lat' dir='ltr'><strong>loco</strong></span> <span class='ocrx_word' id='word_1_14' title='bbox 802 502 960 570; x_wconf 91' lang='lat' dir='ltr'><strong>dicit,</strong></span> <span class='ocrx_word' id='word_1_15' title='bbox 991 500 1145 556; x_wconf 86' lang='lat' dir='ltr'><strong>Pater</strong></span> <span class='ocrx_word' id='word_1_16' title='bbox 1171 518 1308 558; x_wconf 82' lang='lat' dir='ltr'><strong>meus</strong></span> <span class='ocrx_word' id='word_1_17' title='bbox 1332 501 1634 570; x_wconf 84' lang='lat' dir='ltr'><strong>usquemodo</strong></span> <span class='ocrx_word' id='word_1_18' title='bbox 1659 513 1915 572; x_wconf 76' lang='lat' dir='ltr'><strong>operatur,</strong></span> <span class='ocrx_word' id='word_1_19' title='bbox 1943 512 1988 558; x_wconf 87' lang='lat' dir='ltr'><strong>et</strong></span> <span class='ocrx_word' id='word_1_20' title='bbox 2018 520 2107 574; x_wconf 78' lang='lat' dir='ltr'><strong>ego</strong></span> 
     </span>
    </p>
   </div>
   <div class='ocr_carea' id='block_1_4' title="bbox 522 595 2102 669">
    <p class='ocr_par' dir='ltr' id='par_1_4' title="bbox 522 595 2102 669">
     <span class='ocr_line' id='line_1_4' title="bbox 522 595 2102 669; baseline -0.001 -16"><span class='ocrx_word' id='word_1_21' title='bbox 522 614 704 669; x_wconf 87' lang='lat' dir='ltr'><strong>operor</strong></span> <span class='ocrx_word' id='word_1_22' title='bbox 727 597 825 652; x_wconf 84' lang='lat' dir='ltr'><strong>?et</strong></span> <span class='ocrx_word' id='word_1_23' title='bbox 852 596 1005 667; x_wconf 88' lang='lat' dir='ltr'><strong>paulo</strong></span> <span class='ocrx_word' id='word_1_24' title='bbox 1048 605 1199 666; x_wconf 84' lang='lat' dir='ltr'><strong>post,</strong></span> <span class='ocrx_word' id='word_1_25' title='bbox 1230 595 1565 668; x_wconf 71' lang='lat' dir='ltr'><strong>Qumcumque</strong></span> <span class='ocrx_word' id='word_1_26' title='bbox 1612 597 1741 654; x_wconf 78' lang='lat' dir='ltr'><strong>enim</strong></span> <span class='ocrx_word' id='word_1_27' title='bbox 1778 596 1865 652; x_wconf 77' lang='lat' dir='ltr'><strong>ille</strong></span> <span class='ocrx_word' id='word_1_28' title='bbox 1899 598 2102 667; x_wconf 70' lang='lat' dir='ltr'><strong>fecerit,</strong></span> 
     </span>
    </p>
   </div>
   <div class='ocr_carea' id='block_1_5' title="bbox 523 688 2106 762">
    <p class='ocr_par' dir='ltr' id='par_1_5' title="bbox 523 688 2106 762">
     <span class='ocr_line' id='line_1_5' title="bbox 523 688 2106 762; baseline 0 -15"><span class='ocrx_word' id='word_1_29' title='bbox 523 691 632 754; x_wconf 79' lang='lat' dir='ltr'><strong>htec</strong></span> <span class='ocrx_word' id='word_1_30' title='bbox 675 702 719 748; x_wconf 90' lang='lat' dir='ltr'><strong>et</strong></span> <span class='ocrx_word' id='word_1_31' title='bbox 758 688 924 750; x_wconf 82' lang='lat' dir='ltr'><strong>Filius</strong></span> <span class='ocrx_word' id='word_1_32' title='bbox 960 689 1188 754; x_wconf 77' lang='lat' dir='ltr'><strong>similiter</strong></span> <span class='ocrx_word' id='word_1_33' title='bbox 1227 691 1348 762; x_wconf 77' lang='lat' dir='ltr'><strong>facit</strong></span> <span class='ocrx_word' id='word_1_34' title='bbox 1377 688 1555 760; x_wconf 68' lang='lat' dir='ltr'><strong>(lotus.</strong></span> <span class='ocrx_word' id='word_1_35' title='bbox 1585 705 1619 746; x_wconf 78' lang='grc' dir='ltr'><strong>ν</strong></span> <span class='ocrx_word' id='word_1_36' title='bbox 1640 731 1658 758; x_wconf 83' lang='grc'>,</span> <span class='ocrx_word' id='word_1_37' title='bbox 1681 691 1746 746; x_wconf 85' lang='grc'><strong>17</strong></span> <span class='ocrx_word' id='word_1_38' title='bbox 1766 731 1781 756; x_wconf 93' lang='grc'>,</span> <span class='ocrx_word' id='word_1_39' title='bbox 1811 690 1924 762; x_wconf 79' lang='grc'><strong>19).</strong></span> <span class='ocrx_word' id='word_1_40' title='bbox 1954 690 2106 758; x_wconf 79' lang='lat' dir='ltr'><strong>Quod</strong></span> 
     </span>
    </p>
   </div>
   <div class='ocr_carea' id='block_1_6' title="bbox 520 781 2102 855">
    <p class='ocr_par' dir='ltr' id='par_1_6' title="bbox 520 781 2102 855">
     <span class='ocr_line' id='line_1_6' title="bbox 520 781 2102 855; baseline 0.003 -18"><span class='ocrx_word' id='word_1_41' title='bbox 520 791 697 848; x_wconf 80' lang='lat' dir='ltr'><strong>autem</strong></span> <span class='ocrx_word' id='word_1_42' title='bbox 726 782 830 838; x_wconf 88' lang='lat' dir='ltr'><strong>alio</strong></span> <span class='ocrx_word' id='word_1_43' title='bbox 867 781 988 838; x_wconf 91' lang='lat' dir='ltr'><strong>loco</strong></span> <span class='ocrx_word' id='word_1_44' title='bbox 1010 781 1177 848; x_wconf 90' lang='lat' dir='ltr'><strong>dicit,</strong></span> <span class='ocrx_word' id='word_1_45' title='bbox 1211 782 1270 848; x_wconf 83' lang='lat' dir='ltr'><strong>Si</strong></span> <span class='ocrx_word' id='word_1_46' title='bbox 1300 799 1454 854; x_wconf 77' lang='lat' dir='ltr'><strong>Opera</strong></span> <span class='ocrx_word' id='word_1_47' title='bbox 1494 799 1594 838; x_wconf 80' lang='lat' dir='ltr'><strong>non</strong></span> <span class='ocrx_word' id='word_1_48' title='bbox 1642 783 1865 855; x_wconf 74' lang='lat' dir='ltr'><strong>fecissem</strong></span> <span class='ocrx_word' id='word_1_49' title='bbox 1904 784 1957 840; x_wconf 83' lang='lat' dir='ltr'><strong>in</strong></span> <span class='ocrx_word' id='word_1_50' title='bbox 1995 786 2066 841; x_wconf 77' lang='lat' dir='ltr'><strong>eis</strong></span> <span class='ocrx_word' id='word_1_51' title='bbox 2087 825 2102 852; x_wconf 94' lang='lat'><strong>,</strong></span> 
     </span>
    </p>
   </div>
   <div class='ocr_carea' id='block_1_7' title="bbox 518 872 2105 947">
    <p class='ocr_par' dir='ltr' id='par_1_7' title="bbox 518 872 2105 947">
     <span class='ocr_line' id='line_1_7' title="bbox 518 872 2105 947; baseline 0 -17"><span class='ocrx_word' id='word_1_52' title='bbox 518 891 631 946; x_wconf 76' lang='lat' dir='ltr'><strong>qiue</strong></span> <span class='ocrx_word' id='word_1_53' title='bbox 658 891 802 929; x_wconf 89' lang='lat' dir='ltr'><strong>nemo</strong></span> <span class='ocrx_word' id='word_1_54' title='bbox 827 874 959 937; x_wconf 67' lang='lat' dir='ltr'><strong>aliut</strong></span> <span class='ocrx_word' id='word_1_55' title='bbox 984 874 1101 945; x_wconf 77' lang='lat' dir='ltr'><strong>fecit</strong></span> <span class='ocrx_word' id='word_1_56' title='bbox 1128 872 1238 945; x_wconf 69' lang='lat' dir='ltr'><strong>(Id.</strong></span> <span class='ocrx_word' id='word_1_57' title='bbox 1269 890 1357 941; x_wconf 87' lang='lat' dir='ltr'><strong>xv,</strong></span> <span class='ocrx_word' id='word_1_58' title='bbox 1379 874 1470 946; x_wconf 73' lang='grc'><strong>24)</strong></span> <span class='ocrx_word' id='word_1_59' title='bbox 1490 915 1506 942; x_wconf 89' lang='grc'><em>,</em></span> <span class='ocrx_word' id='word_1_60' title='bbox 1538 875 1609 930; x_wconf 88' lang='lat' dir='ltr'><strong>ita</strong></span> <span class='ocrx_word' id='word_1_61' title='bbox 1637 875 1763 932; x_wconf 92' lang='lat' dir='ltr'><strong>dicit</strong></span> <span class='ocrx_word' id='word_1_62' title='bbox 1788 877 1937 947; x_wconf 86' lang='lat' dir='ltr'><strong>quasi</strong></span> <span class='ocrx_word' id='word_1_63' title='bbox 1960 877 2105 931; x_wconf 86' lang='lat' dir='ltr'><strong>solus</strong></span> 
     </span>
    </p>
   </div>
   <div class='ocr_carea' id='block_1_8' title="bbox 519 960 2107 1051">
    <p class='ocr_par' dir='ltr' id='par_1_8' title="bbox 519 960 2107 1051">
     <span class='ocr_line' id='line_1_8' title="bbox 519 960 2107 1051; baseline -0.001 -25"><span class='ocrx_word' id='word_1_64' title='bbox 519 969 690 1051; x_wconf 80' lang='lat' dir='ltr'><strong>faciat.</strong></span> <span class='ocrx_word' id='word_1_65' title='bbox 719 968 776 1034; x_wconf 71' lang='lat' dir='ltr'><strong>Si</strong></span> <span class='ocrx_word' id='word_1_66' title='bbox 804 977 982 1032; x_wconf 80' lang='lat' dir='ltr'><strong>autem</strong></span> <span class='ocrx_word' id='word_1_67' title='bbox 1007 967 1128 1034; x_wconf 76' lang='lat' dir='ltr'><strong>haec</strong></span> <span class='ocrx_word' id='word_1_68' title='bbox 1152 960 1222 1023; x_wconf 88' lang='lat' dir='ltr'><strong>ita</strong></span> <span class='ocrx_word' id='word_1_69' title='bbox 1252 967 1526 1035; x_wconf 89' lang='lat' dir='ltr'><strong>dicuntur,</strong></span> <span class='ocrx_word' id='word_1_70' title='bbox 1557 977 1612 1023; x_wconf 92' lang='lat' dir='ltr'><strong>ut</strong></span> <span class='ocrx_word' id='word_1_71' title='bbox 1637 978 1815 1026; x_wconf 83' lang='lat' dir='ltr'><strong>tamen</strong></span> <span class='ocrx_word' id='word_1_72' title='bbox 1835 970 2107 1039; x_wconf 82' lang='lat' dir='ltr'><strong>insepara-</strong></span> 
     </span>
    </p>
   </div>
   <div class='ocr_carea' id='block_1_9' title="bbox 516 1058 2104 1130">
    <p class='ocr_par' dir='ltr' id='par_1_9' title="bbox 516 1058 2104 1130">
     <span class='ocr_line' id='line_1_9' title="bbox 516 1058 2104 1130; baseline 0.001 -14"><span class='ocrx_word' id='word_1_73' title='bbox 516 1058 643 1116; x_wconf 90' lang='lat' dir='ltr'><strong>bilia</strong></span> <span class='ocrx_word' id='word_1_74' title='bbox 665 1062 771 1118; x_wconf 89' lang='lat' dir='ltr'><strong>sint</strong></span> <span class='ocrx_word' id='word_1_75' title='bbox 798 1075 961 1130; x_wconf 81' lang='lat' dir='ltr'><strong>opera</strong></span> <span class='ocrx_word' id='word_1_76' title='bbox 989 1059 1161 1130; x_wconf 88' lang='lat' dir='ltr'><strong>Patris</strong></span> <span class='ocrx_word' id='word_1_77' title='bbox 1180 1068 1235 1118; x_wconf 84' lang='lat' dir='ltr'><strong>et</strong></span> <span class='ocrx_word' id='word_1_78' title='bbox 1260 1059 1408 1126; x_wconf 86' lang='lat' dir='ltr'><strong>Filii;</strong></span> <span class='ocrx_word' id='word_1_79' title='bbox 1440 1059 1569 1130; x_wconf 85' lang='lat' dir='ltr'><strong>quid</strong></span> <span class='ocrx_word' id='word_1_80' title='bbox 1589 1060 1911 1117; x_wconf 85' lang='lat' dir='ltr'><strong>credendum</strong></span> <span class='ocrx_word' id='word_1_81' title='bbox 1937 1058 2104 1118; x_wconf 82' lang='lat' dir='ltr'><strong>estde</strong></span> 
     </span>
    </p>
   </div>
   <div class='ocr_carea' id='block_1_10' title="bbox 515 1149 2102 1223">
    <p class='ocr_par' dir='ltr' id='par_1_10' title="bbox 515 1149 2102 1223">
     <span class='ocr_line' id='line_1_10' title="bbox 515 1149 2102 1223; baseline -0.001 -15"><span class='ocrx_word' id='word_1_82' title='bbox 515 1149 714 1222; x_wconf 92' lang='lat' dir='ltr'><strong>Spiritu</strong></span> <span class='ocrx_word' id='word_1_83' title='bbox 735 1159 939 1217; x_wconf 90' lang='lat' dir='ltr'><strong>sancto,</strong></span> <span class='ocrx_word' id='word_1_84' title='bbox 964 1153 1065 1219; x_wconf 83' lang='lat' dir='ltr'><strong>nisi</strong></span> <span class='ocrx_word' id='word_1_85' title='bbox 1085 1150 1210 1222; x_wconf 84' lang='lat' dir='ltr'><strong>quia</strong></span> <span class='ocrx_word' id='word_1_86' title='bbox 1234 1160 1289 1206; x_wconf 91' lang='lat' dir='ltr'><strong>et</strong></span> <span class='ocrx_word' id='word_1_87' title='bbox 1308 1151 1420 1221; x_wconf 88' lang='lat' dir='ltr'><strong>ipse</strong></span> <span class='ocrx_word' id='word_1_88' title='bbox 1443 1152 1642 1223; x_wconf 83' lang='lat' dir='ltr'><strong>pariter</strong></span> <span class='ocrx_word' id='word_1_89' title='bbox 1669 1152 1950 1222; x_wconf 83' lang='lat' dir='ltr'><strong>operatur?</strong></span> <span class='ocrx_word' id='word_1_90' title='bbox 1970 1152 2102 1207; x_wconf 82' lang='lat' dir='ltr'><strong>Nam</strong></span> 
     </span>
    </p>
   </div>
   <div class='ocr_carea' id='block_1_11' title="bbox 513 1243 2100 1316">
    <p class='ocr_par' dir='ltr' id='par_1_11' title="bbox 513 1243 2100 1316">
     <span class='ocr_line' id='line_1_11' title="bbox 513 1243 2100 1316; baseline -0.002 -14"><span class='ocrx_word' id='word_1_91' title='bbox 513 1247 569 1302; x_wconf 92' lang='lat' dir='ltr'><strong>in</strong></span> <span class='ocrx_word' id='word_1_92' title='bbox 599 1261 662 1301; x_wconf 90' lang='lat' dir='ltr'><strong>eo</strong></span> <span class='ocrx_word' id='word_1_93' title='bbox 690 1246 806 1316; x_wconf 89' lang='lat' dir='ltr'><strong>ipso</strong></span> <span class='ocrx_word' id='word_1_94' title='bbox 850 1244 967 1310; x_wconf 82' lang='lat' dir='ltr'><strong>loco</strong></span> <span class='ocrx_word' id='word_1_95' title='bbox 989 1286 1003 1308; x_wconf 88' lang='lat'><strong>,</strong></span> <span class='ocrx_word' id='word_1_96' title='bbox 1048 1243 1188 1302; x_wconf 89' lang='lat' dir='ltr'><strong>unde</strong></span> <span class='ocrx_word' id='word_1_97' title='bbox 1217 1252 1399 1299; x_wconf 86' lang='lat' dir='ltr'><strong>exorta</strong></span> <span class='ocrx_word' id='word_1_98' title='bbox 1443 1253 1525 1302; x_wconf 85' lang='lat' dir='ltr'><strong>est</strong></span> <span class='ocrx_word' id='word_1_99' title='bbox 1552 1245 1650 1300; x_wconf 88' lang='lat' dir='ltr'><strong>ista</strong></span> <span class='ocrx_word' id='word_1_100' title='bbox 1679 1247 1902 1315; x_wconf 65' lang='lat' dir='ltr'><strong>quaestio</strong></span> <span class='ocrx_word' id='word_1_101' title='bbox 1944 1259 2100 1316; x_wconf 83' lang='lat' dir='ltr'><strong>quam</strong></span> 
     </span>
    </p>
   </div>
   <div class='ocr_carea' id='block_1_12' title="bbox 512 1335 2100 1408">
    <p class='ocr_par' dir='ltr' id='par_1_12' title="bbox 512 1335 2100 1408">
     <span class='ocr_line' id='line_1_12' title="bbox 512 1335 2100 1408; baseline 0.001 -16"><span class='ocrx_word' id='word_1_102' title='bbox 512 1335 846 1404; x_wconf 75' lang='lat' dir='ltr'><strong>discutimus,</strong></span> <span class='ocrx_word' id='word_1_103' title='bbox 871 1351 992 1404; x_wconf 83' lang='lat' dir='ltr'><strong>cum</strong></span> <span class='ocrx_word' id='word_1_104' title='bbox 1021 1335 1186 1396; x_wconf 83' lang='lat' dir='ltr'><strong>Filius</strong></span> <span class='ocrx_word' id='word_1_105' title='bbox 1203 1336 1422 1407; x_wconf 87' lang='lat' dir='ltr'><strong>ejiceret</strong></span> <span class='ocrx_word' id='word_1_106' title='bbox 1449 1336 1710 1394; x_wconf 79' lang='lat' dir='ltr'><strong>daemonia</strong></span> <span class='ocrx_word' id='word_1_107' title='bbox 1731 1377 1746 1404; x_wconf 95' lang='lat'><strong>,</strong></span> <span class='ocrx_word' id='word_1_108' title='bbox 1782 1338 1895 1408; x_wconf 85' lang='lat' dir='ltr'><strong>ipse</strong></span> <span class='ocrx_word' id='word_1_109' title='bbox 1923 1347 2100 1396; x_wconf 83' lang='lat' dir='ltr'><strong>tamen</strong></span> 
     </span>
    </p>
   </div>
   <div class='ocr_carea' id='block_1_13' title="bbox 511 1425 2101 1501">
    <p class='ocr_par' dir='ltr' id='par_1_13' title="bbox 511 1425 2101 1501">
     <span class='ocr_line' id='line_1_13' title="bbox 511 1425 2101 1501; baseline 0.001 -19"><span class='ocrx_word' id='word_1_110' title='bbox 511 1429 615 1497; x_wconf 93' lang='lat' dir='ltr'><strong>ait,</strong></span> <span class='ocrx_word' id='word_1_111' title='bbox 647 1427 706 1484; x_wconf 88' lang='lat' dir='ltr'><strong>Si</strong></span> <span class='ocrx_word' id='word_1_112' title='bbox 727 1444 818 1499; x_wconf 87' lang='lat' dir='ltr'><strong>ego</strong></span> <span class='ocrx_word' id='word_1_113' title='bbox 843 1428 893 1492; x_wconf 82' lang='lat' dir='ltr'><strong>in</strong></span> <span class='ocrx_word' id='word_1_114' title='bbox 924 1425 1121 1498; x_wconf 78' lang='lat' dir='ltr'><strong>Spiritu</strong></span> <span class='ocrx_word' id='word_1_115' title='bbox 1139 1437 1313 1484; x_wconf 77' lang='lat' dir='ltr'><strong>sancto</strong></span> <span class='ocrx_word' id='word_1_116' title='bbox 1347 1427 1492 1498; x_wconf 79' lang='lat' dir='ltr'><strong>ejioio</strong></span> <span class='ocrx_word' id='word_1_117' title='bbox 1524 1429 1792 1496; x_wconf 65' lang='lat' dir='ltr'><strong>(immania,</strong></span> <span class='ocrx_word' id='word_1_118' title='bbox 1811 1430 1964 1500; x_wconf 76' lang='lat' dir='ltr'><strong>igitur</strong></span> <span class='ocrx_word' id='word_1_119' title='bbox 1988 1445 2101 1501; x_wconf 77' lang='lat' dir='ltr'><strong>per-</strong></span> 
     </span>
    </p>
   </div>
   <div class='ocr_carea' id='block_1_14' title="bbox 509 1517 1292 1591">
    <p class='ocr_par' dir='ltr' id='par_1_14' title="bbox 509 1517 1292 1591">
     <span class='ocr_line' id='line_1_14' title="bbox 509 1517 1292 1591; baseline -0.005 -15"><span class='ocrx_word' id='word_1_120' title='bbox 509 1520 644 1576; x_wconf 75' lang='lat' dir='ltr'><strong>uenit</strong></span> <span class='ocrx_word' id='word_1_121' title='bbox 679 1521 733 1575; x_wconf 88' lang='lat' dir='ltr'><strong>in</strong></span> <span class='ocrx_word' id='word_1_122' title='bbox 756 1536 841 1574; x_wconf 75' lang='lat' dir='ltr'><strong>vos</strong></span> <span class='ocrx_word' id='word_1_123' title='bbox 869 1536 1074 1591; x_wconf 65' lang='lat' dir='ltr'><strong>regnum</strong></span> <span class='ocrx_word' id='word_1_124' title='bbox 1097 1517 1214 1583; x_wconf 78' lang='lat' dir='ltr'><strong>Dei.</strong></span> <span class='ocrx_word' id='word_1_125' title='bbox 1290 1570 1292 1572; x_wconf 74' lang='grc'>,</span> 
     </span>
    </p>
   </div>
   <div class='ocr_carea' id='block_1_15' title="bbox 581 1629 2097 1702">
    <p class='ocr_par' dir='ltr' id='par_1_15' title="bbox 581 1629 2097 1702">
     <span class='ocr_line' id='line_1_15' title="bbox 581 1629 2097 1702; baseline -0.001 -14"><span class='ocrx_word' id='word_1_126' title='bbox 581 1630 805 1688; x_wconf 83' lang='lat' dir='ltr'><strong>CAPUT</strong></span> <span class='ocrx_word' id='word_1_127' title='bbox 840 1630 978 1688; x_wconf 81' lang='lat' dir='ltr'><strong>XVI.</strong></span> <span class='ocrx_word' id='word_1_128' title='bbox 1013 1660 1087 1686; x_wconf 88' lang='lat'><strong>-.-—</strong></span> <span class='ocrx_word' id='word_1_129' title='bbox 1111 1630 1201 1690; x_wconf 66' lang='lat'><strong>26,.</strong></span> <span class='ocrx_word' id='word_1_130' title='bbox 1233 1629 1496 1694; x_wconf 79' lang='lat' dir='ltr'><strong>Trinitatis</strong></span> <span class='ocrx_word' id='word_1_131' title='bbox 1534 1639 1753 1702; x_wconf 67' lang='lat' dir='ltr'><strong>potestas</strong></span> <span class='ocrx_word' id='word_1_132' title='bbox 1780 1640 1829 1686; x_wconf 82' lang='lat' dir='ltr'><strong>et</strong></span> <span class='ocrx_word' id='word_1_133' title='bbox 1874 1634 2097 1702; x_wconf 76' lang='lat' dir='ltr'><strong>operatio</strong></span> 
     </span>
    </p>
   </div>
   <div class='ocr_carea' id='block_1_16' title="bbox 509 1722 2096 1795">
    <p class='ocr_par' dir='ltr' id='par_1_16' title="bbox 509 1722 2096 1795">
     <span class='ocr_line' id='line_1_16' title="bbox 509 1722 2096 1795; baseline 0.001 -16"><span class='ocrx_word' id='word_1_134' title='bbox 509 1725 792 1792; x_wconf 75' lang='lat' dir='ltr'><strong>individua.</strong></span> <span class='ocrx_word' id='word_1_135' title='bbox 847 1723 945 1788; x_wconf 83' lang='lat' dir='ltr'><strong>Hic</strong></span> <span class='ocrx_word' id='word_1_136' title='bbox 996 1722 1135 1788; x_wconf 85' lang='lat' dir='ltr'><strong>forte</strong></span> <span class='ocrx_word' id='word_1_137' title='bbox 1176 1723 1297 1793; x_wconf 83' lang='lat' dir='ltr'><strong>quis</strong></span> <span class='ocrx_word' id='word_1_138' title='bbox 1342 1722 1518 1789; x_wconf 78' lang='lat' dir='ltr'><strong>diost,</strong></span> <span class='ocrx_word' id='word_1_139' title='bbox 1562 1722 1816 1795; x_wconf 75' lang='lat' dir='ltr'><strong>Spiritum</strong></span> <span class='ocrx_word' id='word_1_140' title='bbox 1853 1734 2096 1780; x_wconf 73' lang='lat' dir='ltr'><strong>sanetum</strong></span> 
     </span>
    </p>
   </div>
   <div class='ocr_carea' id='block_1_17' title="bbox 507 1815 2094 1886">
    <p class='ocr_par' dir='ltr' id='par_1_17' title="bbox 507 1815 2094 1886">
     <span class='ocr_line' id='line_1_17' title="bbox 507 1815 2094 1886; baseline -0.002 -11"><span class='ocrx_word' id='word_1_141' title='bbox 507 1817 623 1875; x_wconf 78' lang='lat' dir='ltr'><strong>dari</strong></span> <span class='ocrx_word' id='word_1_142' title='bbox 664 1818 838 1886; x_wconf 80' lang='lat' dir='ltr'><strong>potius</strong></span> <span class='ocrx_word' id='word_1_143' title='bbox 866 1831 898 1872; x_wconf 93' lang='lat' dir='ltr'><strong>a</strong></span> <span class='ocrx_word' id='word_1_144' title='bbox 919 1816 1075 1874; x_wconf 81' lang='lat' dir='ltr'><strong>Patre</strong></span> <span class='ocrx_word' id='word_1_145' title='bbox 1100 1823 1152 1872; x_wconf 91' lang='lat' dir='ltr'><strong>et</strong></span> <span class='ocrx_word' id='word_1_146' title='bbox 1176 1815 1312 1871; x_wconf 85' lang='lat' dir='ltr'><strong>Filio</strong></span> <span class='ocrx_word' id='word_1_147' title='bbox 1333 1857 1346 1882; x_wconf 88' lang='lat'><strong>,</strong></span> <span class='ocrx_word' id='word_1_148' title='bbox 1379 1831 1539 1886; x_wconf 85' lang='lat' dir='ltr'><strong>quam</strong></span> <span class='ocrx_word' id='word_1_149' title='bbox 1579 1830 1676 1871; x_wconf 83' lang='lat' dir='ltr'><strong>sua</strong></span> <span class='ocrx_word' id='word_1_150' title='bbox 1699 1817 1969 1874; x_wconf 75' lang='lat' dir='ltr'><strong>voluntate</strong></span> <span class='ocrx_word' id='word_1_151' title='bbox 1993 1818 2094 1872; x_wconf 78' lang='lat' dir='ltr'><strong>ali-</strong></span> 
     </span>
    </p>
   </div>
   <div class='ocr_carea' id='block_1_18' title="bbox 506 1907 2094 1986">
    <p class='ocr_par' dir='ltr' id='par_1_18' title="bbox 506 1907 2094 1986">
     <span class='ocr_line' id='line_1_18' title="bbox 506 1907 2094 1986; baseline -0.001 -20"><span class='ocrx_word' id='word_1_152' title='bbox 506 1910 633 1984; x_wconf 87' lang='lat' dir='ltr'><strong>quid</strong></span> <span class='ocrx_word' id='word_1_153' title='bbox 654 1909 882 1980; x_wconf 90' lang='lat' dir='ltr'><strong>operari;</strong></span> <span class='ocrx_word' id='word_1_154' title='bbox 907 1917 960 1965; x_wconf 88' lang='lat' dir='ltr'><strong>et</strong></span> <span class='ocrx_word' id='word_1_155' title='bbox 984 1908 1051 1964; x_wconf 87' lang='lat' dir='ltr'><strong>ad</strong></span> <span class='ocrx_word' id='word_1_156' title='bbox 1082 1909 1182 1966; x_wconf 88' lang='lat' dir='ltr'><strong>hoc</strong></span> <span class='ocrx_word' id='word_1_157' title='bbox 1200 1907 1468 1978; x_wconf 82' lang='lat' dir='ltr'><strong>pertinere</strong></span> <span class='ocrx_word' id='word_1_158' title='bbox 1487 1908 1630 1978; x_wconf 86' lang='lat' dir='ltr'><strong>quod</strong></span> <span class='ocrx_word' id='word_1_159' title='bbox 1651 1907 1852 1986; x_wconf 78' lang='lat' dir='ltr'><strong>dictum</strong></span> <span class='ocrx_word' id='word_1_160' title='bbox 1877 1918 1959 1964; x_wconf 85' lang='lat' dir='ltr'><strong>est</strong></span> <span class='ocrx_word' id='word_1_161' title='bbox 1976 1949 1992 1977; x_wconf 95' lang='lat'><strong>,</strong></span> <span class='ocrx_word' id='word_1_162' title='bbox 2025 1909 2094 1964; x_wconf 73' lang='lat' dir='ltr'><strong>In</strong></span> 
     </span>
    </p>
   </div>
   <div class='ocr_carea' id='block_1_19' title="bbox 504 1999 2089 2074">
    <p class='ocr_par' dir='ltr' id='par_1_19' title="bbox 504 1999 2089 2074">
     <span class='ocr_line' id='line_1_19' title="bbox 504 1999 2089 2074; baseline 0 -18"><span class='ocrx_word' id='word_1_163' title='bbox 504 2002 706 2074; x_wconf 77' lang='lat' dir='ltr'><strong>Spiritu</strong></span> <span class='ocrx_word' id='word_1_164' title='bbox 730 2011 902 2056; x_wconf 83' lang='lat' dir='ltr'><strong>sancto</strong></span> <span class='ocrx_word' id='word_1_165' title='bbox 922 2000 1067 2069; x_wconf 85' lang='lat' dir='ltr'><strong>ejicio</strong></span> <span class='ocrx_word' id='word_1_166' title='bbox 1101 2000 1349 2056; x_wconf 64' lang='lat' dir='ltr'><strong>daemonia</strong></span> <span class='ocrx_word' id='word_1_167' title='bbox 1371 2039 1387 2068; x_wconf 93' lang='lat'><strong>,</strong></span> <span class='ocrx_word' id='word_1_168' title='bbox 1409 1999 1552 2070; x_wconf 87' lang='lat' dir='ltr'><strong>quod</strong></span> <span class='ocrx_word' id='word_1_169' title='bbox 1574 2014 1680 2055; x_wconf 91' lang='lat' dir='ltr'><strong>non</strong></span> <span class='ocrx_word' id='word_1_170' title='bbox 1706 2000 1818 2070; x_wconf 89' lang='lat' dir='ltr'><strong>ipse</strong></span> <span class='ocrx_word' id='word_1_171' title='bbox 1842 2001 2089 2071; x_wconf 82' lang='lat' dir='ltr'><strong>Spiritus,</strong></span> 
     </span>
    </p>
   </div>
   <div class='ocr_carea' id='block_1_20' title="bbox 503 2088 2094 2163">
    <p class='ocr_par' dir='ltr' id='par_1_20' title="bbox 503 2088 2094 2163">
     <span class='ocr_line' id='line_1_20' title="bbox 503 2088 2094 2163; baseline -0.003 -11"><span class='ocrx_word' id='word_1_172' title='bbox 503 2095 600 2162; x_wconf 81' lang='lat' dir='ltr'><strong>sed</strong></span> <span class='ocrx_word' id='word_1_173' title='bbox 645 2088 889 2150; x_wconf 83' lang='lat' dir='ltr'><strong>Christus</strong></span> <span class='ocrx_word' id='word_1_174' title='bbox 936 2093 988 2158; x_wconf 82' lang='lat' dir='ltr'><strong>id</strong></span> <span class='ocrx_word' id='word_1_175' title='bbox 1033 2092 1234 2152; x_wconf 82' lang='lat' dir='ltr'><strong>faceret</strong></span> <span class='ocrx_word' id='word_1_176' title='bbox 1279 2091 1481 2162; x_wconf 85' lang='lat' dir='ltr'><strong>Spiritu</strong></span> <span class='ocrx_word' id='word_1_177' title='bbox 1525 2108 1538 2145; x_wconf 91' lang='lat'><strong>:</strong></span> <span class='ocrx_word' id='word_1_178' title='bbox 1581 2092 1741 2148; x_wconf 90' lang='lat' dir='ltr'><strong>utsic</strong></span> <span class='ocrx_word' id='word_1_179' title='bbox 1769 2093 2094 2163; x_wconf 83' lang='lat' dir='ltr'><strong>intelligatur</strong></span> 
     </span>
    </p>
   </div>
   <div class='ocr_carea' id='block_1_21' title="bbox 503 2184 2091 2260">
    <p class='ocr_par' dir='ltr' id='par_1_21' title="bbox 503 2184 2091 2260">
     <span class='ocr_line' id='line_1_21' title="bbox 503 2184 2091 2260; baseline -0.001 -18"><span class='ocrx_word' id='word_1_180' title='bbox 503 2187 644 2260; x_wconf 87' lang='lat' dir='ltr'><strong>quod</strong></span> <span class='ocrx_word' id='word_1_181' title='bbox 682 2187 882 2242; x_wconf 89' lang='lat' dir='ltr'><strong>dictum</strong></span> <span class='ocrx_word' id='word_1_182' title='bbox 911 2193 1028 2254; x_wconf 83' lang='lat' dir='ltr'><strong>est,</strong></span> <span class='ocrx_word' id='word_1_183' title='bbox 1071 2184 1140 2246; x_wconf 81' lang='lat' dir='ltr'><strong>In</strong></span> <span class='ocrx_word' id='word_1_184' title='bbox 1180 2184 1379 2255; x_wconf 86' lang='lat' dir='ltr'><strong>Spiritu</strong></span> <span class='ocrx_word' id='word_1_185' title='bbox 1416 2193 1588 2240; x_wconf 80' lang='lat' dir='ltr'><strong>sancto</strong></span> <span class='ocrx_word' id='word_1_186' title='bbox 1629 2185 1809 2252; x_wconf 76' lang='lat' dir='ltr'><strong>eiicio,</strong></span> <span class='ocrx_word' id='word_1_187' title='bbox 1841 2193 2091 2256; x_wconf 78' lang='lat' dir='ltr'><strong>tanquam</strong></span> 
     </span>
    </p>
   </div>
   <div class='ocr_carea' id='block_1_22' title="bbox 503 2277 2090 2349">
    <p class='ocr_par' dir='ltr' id='par_1_22' title="bbox 503 2277 2090 2349">
     <span class='ocr_line' id='line_1_22' title="bbox 503 2277 2090 2349; baseline 0.001 -15"><span class='ocrx_word' id='word_1_188' title='bbox 503 2278 804 2345; x_wconf 87' lang='lat' dir='ltr'><strong>diceretur,</strong></span> <span class='ocrx_word' id='word_1_189' title='bbox 836 2277 1035 2347; x_wconf 84' lang='lat' dir='ltr'><strong>Spiritu</strong></span> <span class='ocrx_word' id='word_1_190' title='bbox 1060 2286 1246 2332; x_wconf 88' lang='lat' dir='ltr'><strong>sancto</strong></span> <span class='ocrx_word' id='word_1_191' title='bbox 1271 2277 1447 2348; x_wconf 88' lang='lat' dir='ltr'><strong>cjicio.</strong></span> <span class='ocrx_word' id='word_1_192' title='bbox 1485 2277 1668 2332; x_wconf 87' lang='lat' dir='ltr'><strong>Solent</strong></span> <span class='ocrx_word' id='word_1_193' title='bbox 1686 2277 1882 2349; x_wconf 83' lang='lat' dir='ltr'><strong>quippe</strong></span> <span class='ocrx_word' id='word_1_194' title='bbox 1911 2279 1982 2334; x_wconf 90' lang='lat' dir='ltr'><strong>ita</strong></span> <span class='ocrx_word' id='word_1_195' title='bbox 2007 2279 2090 2335; x_wconf 77' lang='grc' dir='ltr'><strong>Ιο-</strong></span> 
     </span>
    </p>
   </div>
   <div class='ocr_carea' id='block_1_23' title="bbox 499 2368 2086 2458">
    <p class='ocr_par' dir='ltr' id='par_1_23' title="bbox 499 2368 2086 2458">
     <span class='ocr_line' id='line_1_23' title="bbox 499 2368 2086 2458; baseline 0.001 -34"><span class='ocrx_word' id='word_1_196' title='bbox 499 2371 591 2458; x_wconf 79' lang='lat' dir='ltr'><strong>qui</strong></span> <span class='ocrx_word' id='word_1_197' title='bbox 614 2370 922 2440; x_wconf 64' lang='lat' dir='ltr'><strong>Scripturaa,</strong></span> <span class='ocrx_word' id='word_1_198' title='bbox 954 2368 1321 2441; x_wconf 82' lang='lat' dir='ltr'><strong>Interfscerunt</strong></span> <span class='ocrx_word' id='word_1_199' title='bbox 1345 2369 1397 2423; x_wconf 83' lang='lat' dir='ltr'><strong>in</strong></span> <span class='ocrx_word' id='word_1_200' title='bbox 1422 2368 1593 2439; x_wconf 75' lang='lat' dir='ltr'><strong>gladio</strong></span> <span class='ocrx_word' id='word_1_201' title='bbox 1617 2385 1636 2422; x_wconf 90' lang='lat'><strong><em>:</em></strong></span> <span class='ocrx_word' id='word_1_202' title='bbox 1660 2369 1713 2424; x_wconf 87' lang='lat' dir='ltr'><strong>id</strong></span> <span class='ocrx_word' id='word_1_203' title='bbox 1742 2377 1857 2436; x_wconf 80' lang='lat' dir='ltr'><strong>est,</strong></span> <span class='ocrx_word' id='word_1_204' title='bbox 1889 2370 2086 2440; x_wconf 75' lang='lat' dir='ltr'><strong>gladio.</strong></span> 
     </span>
    </p>
   </div>
   <div class='ocr_carea' id='block_1_24' title="bbox 502 2454 2090 2534">
    <p class='ocr_par' dir='ltr' id='par_1_24' title="bbox 502 2454 2090 2534">
     <span class='ocr_line' id='line_1_24' title="bbox 502 2454 2090 2534; baseline 0.003 -20"><span class='ocrx_word' id='word_1_205' title='bbox 502 2454 882 2530; x_wconf 71' lang='lat' dir='ltr'><strong>succenderunt</strong></span> <span class='ocrx_word' id='word_1_206' title='bbox 907 2461 959 2514; x_wconf 84' lang='lat' dir='ltr'><strong>in</strong></span> <span class='ocrx_word' id='word_1_207' title='bbox 976 2461 1078 2530; x_wconf 72' lang='lat' dir='ltr'><strong>igni</strong></span> <span class='ocrx_word' id='word_1_208' title='bbox 1108 2458 1276 2534; x_wconf 82' lang='lat' dir='ltr'><strong>(Psal.</strong></span> <span class='ocrx_word' id='word_1_209' title='bbox 1310 2476 1503 2528; x_wconf 80' lang='lat' dir='ltr'><strong>Lxxm,</strong></span> <span class='ocrx_word' id='word_1_210' title='bbox 1529 2459 1582 2532; x_wconf 91' lang='lat'><strong>7)</strong></span> <span class='ocrx_word' id='word_1_211' title='bbox 1617 2478 1630 2513; x_wconf 88' lang='lat'><strong>:</strong></span> <span class='ocrx_word' id='word_1_212' title='bbox 1660 2460 1712 2516; x_wconf 88' lang='lat' dir='ltr'><strong>id</strong></span> <span class='ocrx_word' id='word_1_213' title='bbox 1737 2471 1838 2529; x_wconf 89' lang='lat' dir='ltr'><strong>est,</strong></span> <span class='ocrx_word' id='word_1_214' title='bbox 1864 2462 1990 2532; x_wconf 81' lang='lat' dir='ltr'><strong>igni.</strong></span> <span class='ocrx_word' id='word_1_215' title='bbox 2019 2462 2090 2518; x_wconf 85' lang='lat' dir='ltr'><strong>Et</strong></span> 
     </span>
    </p>
   </div>
   <div class='ocr_carea' id='block_1_25' title="bbox 499 2547 2089 2628">
    <p class='ocr_par' dir='ltr' id='par_1_25' title="bbox 499 2547 2089 2628">
     <span class='ocr_line' id='line_1_25' title="bbox 499 2547 2089 2628; baseline 0.002 -22"><span class='ocrx_word' id='word_1_216' title='bbox 499 2547 694 2625; x_wconf 62' lang='lat' dir='ltr'><strong>occepit</strong></span> <span class='ocrx_word' id='word_1_217' title='bbox 731 2553 882 2607; x_wconf 79' lang='lat' dir='ltr'><strong>Jews</strong></span> <span class='ocrx_word' id='word_1_218' title='bbox 906 2552 1091 2614; x_wconf 78' lang='lat' dir='ltr'><strong>cultros</strong></span> <span class='ocrx_word' id='word_1_219' title='bbox 1121 2552 1342 2628; x_wconf 79' lang='lat' dir='ltr'><strong>petrian</strong></span> <span class='ocrx_word' id='word_1_220' title='bbox 1361 2593 1376 2621; x_wconf 90' lang='lat'><strong>,</strong></span> <span class='ocrx_word' id='word_1_221' title='bbox 1404 2552 1456 2606; x_wconf 79' lang='lat' dir='ltr'><strong>in</strong></span> <span class='ocrx_word' id='word_1_222' title='bbox 1490 2551 1672 2622; x_wconf 78' lang='lat' dir='ltr'><strong>quibus</strong></span> <span class='ocrx_word' id='word_1_223' title='bbox 1713 2553 2089 2609; x_wconf 71' lang='lat' dir='ltr'><strong>circumcideret</strong></span> 
     </span>
    </p>
   </div>
   <div class='ocr_carea' id='block_1_26' title="bbox 495 2641 2086 2723">
    <p class='ocr_par' dir='ltr' id='par_1_26' title="bbox 495 2641 2086 2723">
     <span class='ocr_line' id='line_1_26' title="bbox 495 2641 2086 2723; baseline 0.001 -24"><span class='ocrx_word' id='word_1_224' title='bbox 495 2646 633 2722; x_wconf 73' lang='lat' dir='ltr'><strong>ﬁlios</strong></span> <span class='ocrx_word' id='word_1_225' title='bbox 671 2641 836 2708; x_wconf 78' lang='lat' dir='ltr'><strong>Israel</strong></span> <span class='ocrx_word' id='word_1_226' title='bbox 872 2643 1052 2723; x_wconf 70' lang='lat' dir='ltr'><strong>(Iosue</strong></span> <span class='ocrx_word' id='word_1_227' title='bbox 1077 2661 1128 2708; x_wconf 90' lang='lat' dir='ltr'><strong>v,</strong></span> <span class='ocrx_word' id='word_1_228' title='bbox 1246 2643 1300 2715; x_wconf 74' lang='grc' dir='ltr'><strong>ὅ)</strong></span> <span class='ocrx_word' id='word_1_229' title='bbox 1328 2661 1340 2696; x_wconf 92' lang='lat'><strong>:</strong></span> <span class='ocrx_word' id='word_1_230' title='bbox 1375 2643 1427 2700; x_wconf 84' lang='lat' dir='ltr'><strong>id</strong></span> <span class='ocrx_word' id='word_1_231' title='bbox 1455 2651 1564 2711; x_wconf 87' lang='lat' dir='ltr'><strong>est,</strong></span> <span class='ocrx_word' id='word_1_232' title='bbox 1590 2644 1781 2715; x_wconf 79' lang='lat' dir='ltr'><strong>quibus</strong></span> <span class='ocrx_word' id='word_1_233' title='bbox 1805 2645 2086 2702; x_wconf 81' lang='lat' dir='ltr'><strong>circumci-</strong></span> 
     </span>
    </p>
   </div>
   <div class='ocr_carea' id='block_1_27' title="bbox 496 2740 2086 2816">
    <p class='ocr_par' dir='ltr' id='par_1_27' title="bbox 496 2740 2086 2816">
     <span class='ocr_line' id='line_1_27' title="bbox 496 2740 2086 2816; baseline 0.001 -19"><span class='ocrx_word' id='word_1_234' title='bbox 496 2742 647 2802; x_wconf 82' lang='lat' dir='ltr'><strong>deret</strong></span> <span class='ocrx_word' id='word_1_235' title='bbox 674 2743 812 2798; x_wconf 83' lang='lat' dir='ltr'><strong>ﬁlios</strong></span> <span class='ocrx_word' id='word_1_236' title='bbox 836 2742 1020 2806; x_wconf 82' lang='lat' dir='ltr'><strong>lsrael.</strong></span> <span class='ocrx_word' id='word_1_237' title='bbox 1043 2740 1161 2816; x_wconf 84' lang='lat' dir='ltr'><strong>Sed</strong></span> <span class='ocrx_word' id='word_1_238' title='bbox 1187 2741 1276 2812; x_wconf 90' lang='lat' dir='ltr'><strong>qui</strong></span> <span class='ocrx_word' id='word_1_239' title='bbox 1317 2749 1598 2812; x_wconf 84' lang='lat' dir='ltr'><strong>propterea</strong></span> <span class='ocrx_word' id='word_1_240' title='bbox 1621 2740 1842 2797; x_wconf 91' lang='lat' dir='ltr'><strong>demunt</strong></span> <span class='ocrx_word' id='word_1_241' title='bbox 1865 2740 2086 2812; x_wconf 83' lang='lat' dir='ltr'><strong>Spiritui</strong></span> 
     </span>
    </p>
   </div>
   <div class='ocr_carea' id='block_1_28' title="bbox 495 2832 2088 2905">
    <p class='ocr_par' dir='ltr' id='par_1_28' title="bbox 495 2832 2088 2905">
     <span class='ocr_line' id='line_1_28' title="bbox 495 2832 2088 2905; baseline -0.001 -15"><span class='ocrx_word' id='word_1_242' title='bbox 495 2839 682 2902; x_wconf 69' lang='lat' dir='ltr'><strong>sancto</strong></span> <span class='ocrx_word' id='word_1_243' title='bbox 706 2835 971 2905; x_wconf 85' lang='lat' dir='ltr'><strong>propriam</strong></span> <span class='ocrx_word' id='word_1_244' title='bbox 1000 2840 1317 2904; x_wconf 82' lang='lat' dir='ltr'><strong>potestatem</strong></span> <span class='ocrx_word' id='word_1_245' title='bbox 1343 2858 1361 2897; x_wconf 40' lang='lat'><strong>,&#39;</strong></span> <span class='ocrx_word' id='word_1_246' title='bbox 1384 2832 1514 2888; x_wconf 90' lang='lat' dir='ltr'><strong>illud</strong></span> <span class='ocrx_word' id='word_1_247' title='bbox 1533 2833 1808 2890; x_wconf 87' lang='lat' dir='ltr'><strong>attendant</strong></span> <span class='ocrx_word' id='word_1_248' title='bbox 1836 2835 1980 2904; x_wconf 84' lang='lat' dir='ltr'><strong>quod</strong></span> <span class='ocrx_word' id='word_1_249' title='bbox 2005 2835 2088 2891; x_wconf 89' lang='lat' dir='ltr'><strong>di-.</strong></span> 
     </span>
    </p>
   </div>
   <div class='ocr_carea' id='block_1_29' title="bbox 494 2924 2084 3002">
    <p class='ocr_par' dir='ltr' id='par_1_29' title="bbox 494 2924 2084 3002">
     <span class='ocr_line' id='line_1_29' title="bbox 494 2924 2084 3002; baseline 0.003 -22"><span class='ocrx_word' id='word_1_250' title='bbox 494 2935 638 2992; x_wconf 79' lang='lat' dir='ltr'><strong>ctum</strong></span> <span class='ocrx_word' id='word_1_251' title='bbox 665 2941 694 2980; x_wconf 88' lang='lat' dir='ltr'><strong>a</strong></span> <span class='ocrx_word' id='word_1_252' title='bbox 722 2926 946 2986; x_wconf 84' lang='lat' dir='ltr'><strong>Domino</strong></span> <span class='ocrx_word' id='word_1_253' title='bbox 967 2927 1159 3002; x_wconf 71' lang='lat' dir='ltr'><strong>legitur</strong></span> <span class='ocrx_word' id='word_1_254' title='bbox 1185 2943 1200 2982; x_wconf 87' lang='lat'><strong>:</strong></span> <span class='ocrx_word' id='word_1_255' title='bbox 1232 2924 1458 2994; x_wconf 76' lang='lat' dir='ltr'><strong>Spiritus</strong></span> <span class='ocrx_word' id='word_1_256' title='bbox 1478 2925 1562 2984; x_wconf 80' lang='lat' dir='ltr'><strong>ubi</strong></span> <span class='ocrx_word' id='word_1_257' title='bbox 1580 2927 1689 2980; x_wconf 78' lang='lat' dir='ltr'><strong>vult</strong></span> <span class='ocrx_word' id='word_1_258' title='bbox 1716 2927 1877 2997; x_wconf 80' lang='lat' dir='ltr'><strong>spirat</strong></span> <span class='ocrx_word' id='word_1_259' title='bbox 1901 2927 2084 2998; x_wconf 82' lang='lat' dir='ltr'><strong>(Joan.</strong></span> 
     </span>
    </p>
   </div>
   <div class='ocr_carea' id='block_1_30' title="bbox 494 3016 2085 3090">
    <p class='ocr_par' dir='ltr' id='par_1_30' title="bbox 494 3016 2085 3090">
     <span class='ocr_line' id='line_1_30' title="bbox 494 3016 2085 3090; baseline 0.003 -18"><span class='ocrx_word' id='word_1_260' title='bbox 494 3033 551 3086; x_wconf 74' lang='lat' dir='ltr'><strong>tu</strong></span> <span class='ocrx_word' id='word_1_261' title='bbox 571 3061 583 3084; x_wconf 91' lang='lat'><strong>,</strong></span> <span class='ocrx_word' id='word_1_262' title='bbox 613 3016 689 3089; x_wconf 88' lang='lat'><strong>8).</strong></span> <span class='ocrx_word' id='word_1_263' title='bbox 720 3017 854 3084; x_wconf 81' lang='lat' dir='ltr'><strong>lllud</strong></span> <span class='ocrx_word' id='word_1_264' title='bbox 883 3033 1011 3076; x_wconf 86' lang='lat' dir='ltr'><strong>vero</strong></span> <span class='ocrx_word' id='word_1_265' title='bbox 1039 3017 1179 3090; x_wconf 89' lang='lat' dir='ltr'><strong>quod</strong></span> <span class='ocrx_word' id='word_1_266' title='bbox 1201 3017 1487 3087; x_wconf 85' lang='lat' dir='ltr'><strong>Apostolus</strong></span> <span class='ocrx_word' id='word_1_267' title='bbox 1529 3018 1636 3083; x_wconf 82' lang='lat' dir='ltr'><strong>ait,</strong></span> <span class='ocrx_word' id='word_1_268' title='bbox 1686 3016 1873 3073; x_wconf 88' lang='lat' dir='ltr'><strong>Omnia</strong></span> <span class='ocrx_word' id='word_1_269' title='bbox 1915 3030 2085 3078; x_wconf 73' lang='lat' dir='ltr'><strong>autem</strong></span> 
     </span>
    </p>
   </div>
   <div class='ocr_carea' id='block_1_31' title="bbox 494 3111 2084 3187">
    <p class='ocr_par' dir='ltr' id='par_1_31' title="bbox 494 3111 2084 3187">
     <span class='ocr_line' id='line_1_31' title="bbox 494 3111 2084 3187; baseline 0.003 -17"><span class='ocrx_word' id='word_1_270' title='bbox 494 3117 602 3180; x_wconf 77' lang='lat' dir='ltr'><strong>Ittec</strong></span> <span class='ocrx_word' id='word_1_271' title='bbox 627 3126 866 3187; x_wconf 86' lang='lat' dir='ltr'><strong>aperatur</strong></span> <span class='ocrx_word' id='word_1_272' title='bbox 898 3132 1028 3180; x_wconf 73' lang='lat' dir='ltr'><strong>unus</strong></span> <span class='ocrx_word' id='word_1_273' title='bbox 1061 3123 1212 3186; x_wconf 75' lang='lat' dir='ltr'><strong>atque</strong></span> <span class='ocrx_word' id='word_1_274' title='bbox 1237 3114 1371 3170; x_wconf 82' lang='lat' dir='ltr'><strong>idem</strong></span> <span class='ocrx_word' id='word_1_275' title='bbox 1395 3111 1657 3184; x_wconf 78' lang='lat' dir='ltr'><strong>Spiritus;</strong></span> <span class='ocrx_word' id='word_1_276' title='bbox 1681 3114 1974 3172; x_wconf 80' lang='lat' dir='ltr'><strong>verendum</strong></span> <span class='ocrx_word' id='word_1_277' title='bbox 1999 3127 2084 3174; x_wconf 87' lang='lat' dir='ltr'><strong>est</strong></span> 
     </span>
    </p>
   </div>
   <div class='ocr_carea' id='block_1_32' title="bbox 491 3206 2084 3279">
    <p class='ocr_par' dir='ltr' id='par_1_32' title="bbox 491 3206 2084 3279">
     <span class='ocr_line' id='line_1_32' title="bbox 491 3206 2084 3279; baseline 0.001 -15"><span class='ocrx_word' id='word_1_278' title='bbox 491 3223 561 3278; x_wconf 81' lang='lat' dir='ltr'><strong>ne</strong></span> <span class='ocrx_word' id='word_1_279' title='bbox 587 3208 867 3279; x_wconf 87' lang='lat' dir='ltr'><strong>quisquam</strong></span> <span class='ocrx_word' id='word_1_280' title='bbox 892 3206 1179 3276; x_wconf 68' lang='lat' dir='ltr'><strong>arbitretur</strong></span> <span class='ocrx_word' id='word_1_281' title='bbox 1201 3247 1216 3272; x_wconf 92' lang='lat'><strong>,</strong></span> <span class='ocrx_word' id='word_1_282' title='bbox 1244 3206 1387 3275; x_wconf 86' lang='lat' dir='ltr'><strong>quod</strong></span> <span class='ocrx_word' id='word_1_283' title='bbox 1413 3220 1477 3268; x_wconf 87' lang='lat' dir='ltr'><strong>ea</strong></span> <span class='ocrx_word' id='word_1_284' title='bbox 1517 3221 1622 3264; x_wconf 81' lang='lat' dir='ltr'><strong>non</strong></span> <span class='ocrx_word' id='word_1_285' title='bbox 1649 3217 1902 3276; x_wconf 81' lang='lat' dir='ltr'><strong>operetur</strong></span> <span class='ocrx_word' id='word_1_286' title='bbox 1925 3208 2084 3265; x_wconf 86' lang='lat' dir='ltr'><strong>Pater</strong></span> 
     </span>
    </p>
   </div>
   <div class='ocr_carea' id='block_1_33' title="bbox 489 3288 2083 3369">
    <p class='ocr_par' dir='ltr' id='par_1_33' title="bbox 489 3288 2083 3369">
     <span class='ocr_line' id='line_1_33' title="bbox 489 3288 2083 3369; baseline 0 -11"><span class='ocrx_word' id='word_1_287' title='bbox 489 3309 547 3358; x_wconf 88' lang='lat' dir='ltr'><strong>et</strong></span> <span class='ocrx_word' id='word_1_288' title='bbox 565 3301 754 3369; x_wconf 89' lang='lat' dir='ltr'><strong>Filius,</strong></span> <span class='ocrx_word' id='word_1_289' title='bbox 780 3315 903 3358; x_wconf 90' lang='lat' dir='ltr'><strong>cum</strong></span> <span class='ocrx_word' id='word_1_290' title='bbox 931 3300 985 3358; x_wconf 88' lang='lat' dir='ltr'><strong>in</strong></span> <span class='ocrx_word' id='word_1_291' title='bbox 1116 3298 1365 3368; x_wconf 80' lang='lat' dir='ltr'><strong>operibus</strong></span> <span class='ocrx_word' id='word_1_292' title='bbox 1388 3300 1888 3356; x_wconf 84' lang='lat' dir='ltr'><strong>commemoraverit</strong></span> <span class='ocrx_word' id='word_1_293' title='bbox 1912 3308 1969 3357; x_wconf 87' lang='lat' dir='ltr'><strong>et</strong></span> <span class='ocrx_word' id='word_1_294' title='bbox 1985 3301 2083 3358; x_wconf 87' lang='lat' dir='ltr'><strong>do-</strong></span> 
     </span>
    </p>
   </div>
   <div class='ocr_carea' id='block_1_34' title="bbox 489 3389 2086 3462">
    <p class='ocr_par' dir='ltr' id='par_1_34' title="bbox 489 3389 2086 3462">
     <span class='ocr_line' id='line_1_34' title="bbox 489 3389 2086 3462; baseline 0.003 -14"><span class='ocrx_word' id='word_1_295' title='bbox 489 3391 734 3462; x_wconf 82' lang='lat' dir='ltr'><strong>nationes</strong></span> <span class='ocrx_word' id='word_1_296' title='bbox 755 3391 1108 3460; x_wconf 77' lang='lat' dir='ltr'><strong>curationum,</strong></span> <span class='ocrx_word' id='word_1_297' title='bbox 1138 3397 1192 3446; x_wconf 91' lang='lat' dir='ltr'><strong>et</strong></span> <span class='ocrx_word' id='word_1_298' title='bbox 1213 3390 1553 3460; x_wconf 84' lang='lat' dir='ltr'><strong>operationes</strong></span> <span class='ocrx_word' id='word_1_299' title='bbox 1579 3389 1854 3458; x_wconf 86' lang='lat' dir='ltr'><strong>virtutum,</strong></span> <span class='ocrx_word' id='word_1_300' title='bbox 1883 3392 1974 3448; x_wconf 87' lang='lat' dir='ltr'><strong>ubi</strong></span> <span class='ocrx_word' id='word_1_301' title='bbox 1998 3403 2086 3452; x_wconf 86' lang='lat' dir='ltr'><strong>est</strong></span> 
     </span>
    </p>
   </div>
   <div class='ocr_carea' id='block_1_35' title="bbox 487 3481 2082 3558">
    <p class='ocr_par' dir='ltr' id='par_1_35' title="bbox 487 3481 2082 3558">
     <span class='ocr_line' id='line_1_35' title="bbox 487 3481 2082 3558; baseline 0.003 -20"><span class='ocrx_word' id='word_1_302' title='bbox 487 3484 670 3556; x_wconf 74' lang='lat' dir='ltr'><strong>utique</strong></span> <span class='ocrx_word' id='word_1_303' title='bbox 700 3494 755 3540; x_wconf 89' lang='lat' dir='ltr'><strong>et</strong></span> <span class='ocrx_word' id='word_1_304' title='bbox 783 3483 1023 3554; x_wconf 80' lang='lat' dir='ltr'><strong>expulsio</strong></span> <span class='ocrx_word' id='word_1_305' title='bbox 1039 3482 1453 3558; x_wconf 64' lang='lat' dir='ltr'><strong>daemoniorum.</strong></span> <span class='ocrx_word' id='word_1_306' title='bbox 1500 3481 1635 3540; x_wconf 86' lang='lat' dir='ltr'><strong>Cum</strong></span> <span class='ocrx_word' id='word_1_307' title='bbox 1676 3498 1804 3540; x_wconf 90' lang='lat' dir='ltr'><strong>vero</strong></span> <span class='ocrx_word' id='word_1_308' title='bbox 1841 3484 2082 3557; x_wconf 74' lang='lat' dir='ltr'><strong>adjungit</strong></span> 
     </span>
    </p>
   </div>
   <div class='ocr_carea' id='block_1_36' title="bbox 486 3575 2075 3649">
    <p class='ocr_par' dir='ltr' id='par_1_36' title="bbox 486 3575 2075 3649">
     <span class='ocr_line' id='line_1_36' title="bbox 486 3575 2075 3649; baseline 0.004 -19"><span class='ocrx_word' id='word_1_309' title='bbox 486 3583 544 3631; x_wconf 90' lang='lat' dir='ltr'><strong>et</strong></span> <span class='ocrx_word' id='word_1_310' title='bbox 573 3575 738 3644; x_wconf 91' lang='lat' dir='ltr'><strong>dicit,</strong></span> <span class='ocrx_word' id='word_1_311' title='bbox 770 3575 1011 3640; x_wconf 65' lang='lat' dir='ltr'><strong>[liuidinis</strong></span> <span class='ocrx_word' id='word_1_312' title='bbox 1035 3575 1244 3647; x_wconf 78' lang='lat' dir='ltr'><strong>propria</strong></span> <span class='ocrx_word' id='word_1_313' title='bbox 1267 3575 1535 3646; x_wconf 72' lang='lat' dir='ltr'><strong>unicuique</strong></span> <span class='ocrx_word' id='word_1_314' title='bbox 1568 3585 1717 3647; x_wconf 86' lang='lat' dir='ltr'><strong>prout</strong></span> <span class='ocrx_word' id='word_1_315' title='bbox 1740 3577 1847 3633; x_wconf 75' lang='lat' dir='ltr'><strong>uult</strong></span> <span class='ocrx_word' id='word_1_316' title='bbox 1872 3577 1918 3649; x_wconf 93' lang='grc' dir='ltr'>(Ι</span> <span class='ocrx_word' id='word_1_317' title='bbox 1957 3578 2075 3636; x_wconf 86' lang='lat' dir='ltr'><strong>Cor.</strong></span> 
     </span>
    </p>
   </div>
   <div class='ocr_carea' id='block_1_37' title="bbox 485 3665 2076 3742">
    <p class='ocr_par' dir='ltr' id='par_1_37' title="bbox 485 3665 2076 3742">
     <span class='ocr_line' id='line_1_37' title="bbox 485 3665 2076 3742; baseline 0.003 -21"><span class='ocrx_word' id='word_1_318' title='bbox 485 3680 596 3738; x_wconf 79' lang='lat' dir='ltr'><strong>xu,</strong></span> <span class='ocrx_word' id='word_1_319' title='bbox 633 3667 753 3736; x_wconf 82' lang='lat' dir='ltr'><strong>ll);</strong></span> <span class='ocrx_word' id='word_1_320' title='bbox 781 3682 960 3724; x_wconf 90' lang='lat' dir='ltr'><strong>nonne</strong></span> <span class='ocrx_word' id='word_1_321' title='bbox 991 3665 1292 3726; x_wconf 83' lang='lat' dir='ltr'><strong>manifestat</strong></span> <span class='ocrx_word' id='word_1_322' title='bbox 1318 3667 1478 3734; x_wconf 80' lang='lat' dir='ltr'><strong>etiam</strong></span> <span class='ocrx_word' id='word_1_323' title='bbox 1503 3669 1676 3734; x_wconf 80' lang='lat' dir='ltr'><strong>sancti</strong></span> <span class='ocrx_word' id='word_1_324' title='bbox 1713 3668 1940 3740; x_wconf 87' lang='lat' dir='ltr'><strong>Spiritus</strong></span> <span class='ocrx_word' id='word_1_325' title='bbox 1977 3686 2076 3742; x_wconf 88' lang='lat' dir='ltr'><strong>po-</strong></span> 
     </span>
    </p>
   </div>
   <div class='ocr_carea' id='block_1_38' title="bbox 485 3757 2077 3828">
    <p class='ocr_par' dir='ltr' id='par_1_38' title="bbox 485 3757 2077 3828">
     <span class='ocr_line' id='line_1_38' title="bbox 485 3757 2077 3828; baseline 0.006 -17"><span class='ocrx_word' id='word_1_326' title='bbox 485 3764 734 3824; x_wconf 84' lang='lat' dir='ltr'><strong>testatem</strong></span> <span class='ocrx_word' id='word_1_327' title='bbox 756 3800 771 3826; x_wconf 94' lang='lat'><strong>,</strong></span> <span class='ocrx_word' id='word_1_328' title='bbox 804 3758 898 3814; x_wconf 90' lang='lat' dir='ltr'><strong>sed</strong></span> <span class='ocrx_word' id='word_1_329' title='bbox 926 3772 956 3822; x_wconf 84' lang='lat' dir='ltr'><strong>a</strong></span> <span class='ocrx_word' id='word_1_330' title='bbox 984 3758 1140 3824; x_wconf 83' lang='lat' dir='ltr'><strong>Patre</strong></span> <span class='ocrx_word' id='word_1_331' title='bbox 1168 3766 1222 3814; x_wconf 89' lang='lat' dir='ltr'><strong>et</strong></span> <span class='ocrx_word' id='word_1_332' title='bbox 1260 3757 1395 3814; x_wconf 87' lang='lat' dir='ltr'><strong>Filio</strong></span> <span class='ocrx_word' id='word_1_333' title='bbox 1435 3758 1592 3828; x_wconf 83' lang='lat' dir='ltr'><strong>plane</strong></span> <span class='ocrx_word' id='word_1_334' title='bbox 1630 3759 1996 3818; x_wconf 84' lang='lat' dir='ltr'><strong>individuam?</strong></span> <span class='ocrx_word' id='word_1_335' title='bbox 2020 3763 2077 3820; x_wconf 86' lang='lat' dir='ltr'><strong>Si</strong></span> 
     </span>
    </p>
   </div>
   <div class='ocr_carea' id='block_1_39' title="bbox 484 3839 2078 3922">
    <p class='ocr_par' dir='ltr' id='par_1_39' title="bbox 484 3839 2078 3922">
     <span class='ocr_line' id='line_1_39' title="bbox 484 3839 2078 3922; baseline 0.003 -16"><span class='ocrx_word' id='word_1_336' title='bbox 484 3865 612 3922; x_wconf 82' lang='lat' dir='ltr'><strong>ergo</strong></span> <span class='ocrx_word' id='word_1_337' title='bbox 642 3850 757 3906; x_wconf 78' lang='lat' dir='ltr'><strong>haec</strong></span> <span class='ocrx_word' id='word_1_338' title='bbox 792 3851 862 3906; x_wconf 87' lang='lat' dir='ltr'><strong>ita</strong></span> <span class='ocrx_word' id='word_1_339' title='bbox 887 3839 1167 3920; x_wconf 81' lang='lat' dir='ltr'><strong>dicuntur,</strong></span> <span class='ocrx_word' id='word_1_340' title='bbox 1197 3859 1254 3906; x_wconf 93' lang='lat' dir='ltr'><strong>nt</strong></span> <span class='ocrx_word' id='word_1_341' title='bbox 1285 3861 1462 3906; x_wconf 87' lang='lat' dir='ltr'><strong>tamen</strong></span> <span class='ocrx_word' id='word_1_342' title='bbox 1488 3851 1855 3922; x_wconf 85' lang='lat' dir='ltr'><strong>inseparabilis</strong></span> <span class='ocrx_word' id='word_1_343' title='bbox 1883 3853 2078 3912; x_wconf 61' lang='lat' dir='ltr'><strong>intellie</strong></span> 
     </span>
    </p>
   </div>
   <div class='ocr_carea' id='block_1_40' title="bbox 485 3925 2076 4013">
    <p class='ocr_par' dir='ltr' id='par_1_40' title="bbox 485 3925 2076 4013">
     <span class='ocr_line' id='line_1_40' title="bbox 485 3925 2076 4013; baseline 0.006 -18"><span class='ocrx_word' id='word_1_344' title='bbox 485 3925 640 4011; x_wconf 44' lang='lat' dir='ltr'><strong>ga&#39;tur</strong></span> <span class='ocrx_word' id='word_1_345' title='bbox 669 3942 907 4010; x_wconf 89' lang='lat' dir='ltr'><strong>operatio</strong></span> <span class='ocrx_word' id='word_1_346' title='bbox 943 3941 1251 4006; x_wconf 87' lang='lat' dir='ltr'><strong>Trinitatis;</strong></span> <span class='ocrx_word' id='word_1_347' title='bbox 1283 3941 1352 3996; x_wconf 90' lang='lat' dir='ltr'><strong>ita</strong></span> <span class='ocrx_word' id='word_1_348' title='bbox 1378 3950 1436 3997; x_wconf 91' lang='lat' dir='ltr'><strong>ut</strong></span> <span class='ocrx_word' id='word_1_349' title='bbox 1474 3956 1596 3998; x_wconf 91' lang='lat' dir='ltr'><strong>cum</strong></span> <span class='ocrx_word' id='word_1_350' title='bbox 1617 3944 1859 4013; x_wconf 87' lang='lat' dir='ltr'><strong>operatio</strong></span> <span class='ocrx_word' id='word_1_351' title='bbox 1900 3944 2076 4006; x_wconf 80' lang='lat' dir='ltr'><strong>Patris</strong></span> 
     </span>
    </p>
   </div>
   <div class='ocr_carea' id='block_1_41' title="bbox 485 4019 2075 4109">
    <p class='ocr_par' dir='ltr' id='par_1_41' title="bbox 485 4019 2075 4109">
     <span class='ocr_line' id='line_1_41' title="bbox 485 4019 2075 4109; baseline 0.005 -23"><span class='ocrx_word' id='word_1_352' title='bbox 485 4019 681 4094; x_wconf 84' lang='lat' dir='ltr'><strong>dicitur</strong></span> <span class='ocrx_word' id='word_1_353' title='bbox 695 4073 711 4100; x_wconf 91' lang='lat'><strong>,</strong></span> <span class='ocrx_word' id='word_1_354' title='bbox 733 4049 838 4096; x_wconf 88' lang='lat' dir='ltr'><strong>non</strong></span> <span class='ocrx_word' id='word_1_355' title='bbox 869 4047 987 4089; x_wconf 89' lang='lat' dir='ltr'><strong>eam</strong></span> <span class='ocrx_word' id='word_1_356' title='bbox 1015 4033 1130 4098; x_wconf 81' lang='lat' dir='ltr'><strong>sine</strong></span> <span class='ocrx_word' id='word_1_357' title='bbox 1150 4033 1285 4088; x_wconf 89' lang='lat' dir='ltr'><strong>Filio</strong></span> <span class='ocrx_word' id='word_1_358' title='bbox 1305 4043 1358 4089; x_wconf 90' lang='lat' dir='ltr'><strong>et</strong></span> <span class='ocrx_word' id='word_1_359' title='bbox 1376 4029 1575 4103; x_wconf 87' lang='lat' dir='ltr'><strong>Spiritu</strong></span> <span class='ocrx_word' id='word_1_360' title='bbox 1599 4043 1785 4092; x_wconf 83' lang='lat' dir='ltr'><strong>sancto</strong></span> <span class='ocrx_word' id='word_1_361' title='bbox 1814 4036 2075 4109; x_wconf 82' lang='lat' dir='ltr'><strong>intelliga-</strong></span> 
     </span>
    </p>
   </div>
   <div class='ocr_carea' id='block_1_42' title="bbox 484 4124 2075 4195">
    <p class='ocr_par' dir='ltr' id='par_1_42' title="bbox 484 4124 2075 4195">
     <span class='ocr_line' id='line_1_42' title="bbox 484 4124 2075 4195; baseline 0.004 -17"><span class='ocrx_word' id='word_1_362' title='bbox 484 4131 572 4178; x_wconf 88' lang='lat' dir='ltr'><strong>tur</strong></span> <span class='ocrx_word' id='word_1_363' title='bbox 599 4124 847 4194; x_wconf 83' lang='lat' dir='ltr'><strong>operari;</strong></span> <span class='ocrx_word' id='word_1_364' title='bbox 877 4132 1076 4182; x_wconf 88' lang='lat' dir='ltr'><strong>etcum</strong></span> <span class='ocrx_word' id='word_1_365' title='bbox 1104 4125 1345 4195; x_wconf 84' lang='lat' dir='ltr'><strong>operatio</strong></span> <span class='ocrx_word' id='word_1_366' title='bbox 1373 4124 1528 4192; x_wconf 85' lang='lat' dir='ltr'><strong>Filii,</strong></span> <span class='ocrx_word' id='word_1_367' title='bbox 1559 4140 1666 4184; x_wconf 90' lang='lat' dir='ltr'><strong>non</strong></span> <span class='ocrx_word' id='word_1_368' title='bbox 1693 4126 1810 4182; x_wconf 89' lang='lat' dir='ltr'><strong>sine</strong></span> <span class='ocrx_word' id='word_1_369' title='bbox 1834 4127 1994 4184; x_wconf 84' lang='lat' dir='ltr'><strong>Patre</strong></span> <span class='ocrx_word' id='word_1_370' title='bbox 2018 4137 2075 4185; x_wconf 83' lang='lat' dir='ltr'><strong>et</strong></span> 
     </span>
    </p>
   </div>
   <div class='ocr_carea' id='block_1_43' title="bbox 483 4215 2073 4296">
    <p class='ocr_par' dir='ltr' id='par_1_43' title="bbox 483 4215 2073 4296">
     <span class='ocr_line' id='line_1_43' title="bbox 483 4215 2073 4296; baseline 0.006 -25"><span class='ocrx_word' id='word_1_371' title='bbox 483 4215 685 4286; x_wconf 85' lang='lat' dir='ltr'><strong>Spiritu</strong></span> <span class='ocrx_word' id='word_1_372' title='bbox 728 4225 950 4284; x_wconf 90' lang='lat' dir='ltr'><strong>sancto;</strong></span> <span class='ocrx_word' id='word_1_373' title='bbox 979 4225 1034 4283; x_wconf 81' lang='lat' dir='ltr'><strong>et</strong></span> <span class='ocrx_word' id='word_1_374' title='bbox 1069 4232 1189 4296; x_wconf 84' lang='lat' dir='ltr'><strong>cum</strong></span> <span class='ocrx_word' id='word_1_375' title='bbox 1214 4218 1453 4288; x_wconf 90' lang='lat' dir='ltr'><strong>operatio</strong></span> <span class='ocrx_word' id='word_1_376' title='bbox 1478 4217 1704 4288; x_wconf 89' lang='lat' dir='ltr'><strong>Spiritus</strong></span> <span class='ocrx_word' id='word_1_377' title='bbox 1728 4222 1930 4287; x_wconf 87' lang='lat' dir='ltr'><strong>sancti,</strong></span> <span class='ocrx_word' id='word_1_378' title='bbox 1965 4237 2073 4280; x_wconf 91' lang='lat' dir='ltr'><strong>non</strong></span> 
     </span>
    </p>
   </div>
   <div class='ocr_carea' id='block_1_44' title="bbox 483 4308 2071 4378">
    <p class='ocr_par' dir='ltr' id='par_1_44' title="bbox 483 4308 2071 4378">
     <span class='ocr_line' id='line_1_44' title="bbox 483 4308 2071 4378; baseline 0.006 -14"><span class='ocrx_word' id='word_1_379' title='bbox 483 4308 601 4372; x_wconf 82' lang='lat' dir='ltr'><strong>sine</strong></span> <span class='ocrx_word' id='word_1_380' title='bbox 631 4310 788 4368; x_wconf 88' lang='lat' dir='ltr'><strong>Patre</strong></span> <span class='ocrx_word' id='word_1_381' title='bbox 816 4320 870 4378; x_wconf 85' lang='lat' dir='ltr'><strong>et</strong></span> <span class='ocrx_word' id='word_1_382' title='bbox 893 4310 1028 4367; x_wconf 88' lang='lat' dir='ltr'><strong>Filio</strong></span> <span class='ocrx_word' id='word_1_383' title='bbox 1057 4329 1070 4365; x_wconf 87' lang='lat'><strong>:</strong></span> <span class='ocrx_word' id='word_1_384' title='bbox 1103 4311 1233 4368; x_wconf 89' lang='lat' dir='ltr'><strong>satis</strong></span> <span class='ocrx_word' id='word_1_385' title='bbox 1275 4321 1458 4374; x_wconf 89' lang='lat' dir='ltr'><strong>notum</strong></span> <span class='ocrx_word' id='word_1_386' title='bbox 1497 4321 1579 4372; x_wconf 88' lang='lat' dir='ltr'><strong>est</strong></span> <span class='ocrx_word' id='word_1_387' title='bbox 1616 4323 1764 4372; x_wconf 91' lang='lat' dir='ltr'><strong>recte</strong></span> <span class='ocrx_word' id='word_1_388' title='bbox 1802 4316 2071 4373; x_wconf 87' lang='lat' dir='ltr'><strong>credenti-</strong></span> 
     </span>
    </p>
   </div>
   <div class='ocr_carea' id='block_1_45' title="bbox 483 4401 2071 4476">
    <p class='ocr_par' dir='ltr' id='par_1_45' title="bbox 483 4401 2071 4476">
     <span class='ocr_line' id='line_1_45' title="bbox 483 4401 2071 4476; baseline 0.006 -19"><span class='ocrx_word' id='word_1_389' title='bbox 483 4401 605 4468; x_wconf 90' lang='lat' dir='ltr'><strong>bus,</strong></span> <span class='ocrx_word' id='word_1_390' title='bbox 637 4404 719 4458; x_wconf 74' lang='lat' dir='ltr'><strong>rei</strong></span> <span class='ocrx_word' id='word_1_391' title='bbox 745 4405 902 4459; x_wconf 90' lang='lat' dir='ltr'><strong>etiam</strong></span> <span class='ocrx_word' id='word_1_392' title='bbox 930 4414 988 4464; x_wconf 89' lang='lat' dir='ltr'><strong>ut</strong></span> <span class='ocrx_word' id='word_1_393' title='bbox 1016 4412 1240 4475; x_wconf 89' lang='lat' dir='ltr'><strong>possunt</strong></span> <span class='ocrx_word' id='word_1_394' title='bbox 1259 4405 1694 4476; x_wconf 84' lang='lat' dir='ltr'><strong>intelligentibus,</strong></span> <span class='ocrx_word' id='word_1_395' title='bbox 1721 4416 1774 4464; x_wconf 88' lang='lat' dir='ltr'><strong>et</strong></span> <span class='ocrx_word' id='word_1_396' title='bbox 1794 4409 1922 4466; x_wconf 85' lang='lat' dir='ltr'><strong>illud</strong></span> <span class='ocrx_word' id='word_1_397' title='bbox 1949 4410 2071 4470; x_wconf 85' lang='lat' dir='ltr'><strong>ideo</strong></span> 
     </span>
    </p>
   </div>
   <div class='ocr_carea' id='block_1_46' title="bbox 484 4483 2070 4570">
    <p class='ocr_par' dir='ltr' id='par_1_46' title="bbox 484 4483 2070 4570">
     <span class='ocr_line' id='line_1_46' title="bbox 484 4483 2070 4570; baseline 0.008 -22"><span class='ocrx_word' id='word_1_398' title='bbox 484 4483 681 4552; x_wconf 86' lang='lat' dir='ltr'><strong>dictum</strong></span> <span class='ocrx_word' id='word_1_399' title='bbox 709 4510 828 4550; x_wconf 90' lang='lat' dir='ltr'><strong>esse</strong></span> <span class='ocrx_word' id='word_1_400' title='bbox 857 4495 922 4550; x_wconf 88' lang='lat' dir='ltr'><strong>de</strong></span> <span class='ocrx_word' id='word_1_401' title='bbox 951 4495 1108 4560; x_wconf 81' lang='lat' dir='ltr'><strong>Patre</strong></span> <span class='ocrx_word' id='word_1_402' title='bbox 1128 4537 1142 4562; x_wconf 94' lang='lat'><strong>,</strong></span> <span class='ocrx_word' id='word_1_403' title='bbox 1171 4495 1294 4569; x_wconf 78' lang='lat' dir='ltr'><strong>Ipse</strong></span> <span class='ocrx_word' id='word_1_404' title='bbox 1337 4498 1458 4568; x_wconf 83' lang='lat' dir='ltr'><strong>facit</strong></span> <span class='ocrx_word' id='word_1_405' title='bbox 1491 4515 1645 4570; x_wconf 85' lang='lat' dir='ltr'><strong>opera</strong></span> <span class='ocrx_word' id='word_1_406' title='bbox 1664 4539 1679 4566; x_wconf 94' lang='lat'><strong>,</strong></span> <span class='ocrx_word' id='word_1_407' title='bbox 1711 4501 1853 4570; x_wconf 85' lang='lat' dir='ltr'><strong>quod</strong></span> <span class='ocrx_word' id='word_1_408' title='bbox 1881 4504 1948 4560; x_wconf 88' lang='lat' dir='ltr'><strong>ab</strong></span> <span class='ocrx_word' id='word_1_409' title='bbox 1977 4503 2070 4560; x_wconf 87' lang='lat' dir='ltr'><strong>illo</strong></span> 
     </span>
    </p>
   </div>
   <div class='ocr_carea' id='block_1_47' title="bbox 482 4589 2068 4667">
    <p class='ocr_par' dir='ltr' id='par_1_47' title="bbox 482 4589 2068 4667">
     <span class='ocr_line' id='line_1_47' title="bbox 482 4589 2068 4667; baseline 0.008 -25"><span class='ocrx_word' id='word_1_410' title='bbox 482 4589 554 4644; x_wconf 88' lang='lat' dir='ltr'><strong>sit</strong></span> <span class='ocrx_word' id='word_1_411' title='bbox 589 4589 748 4648; x_wconf 88' lang='lat' dir='ltr'><strong>etiam</strong></span> <span class='ocrx_word' id='word_1_412' title='bbox 775 4590 924 4660; x_wconf 79' lang='lat' dir='ltr'><strong>origo</strong></span> <span class='ocrx_word' id='word_1_413' title='bbox 953 4605 1172 4660; x_wconf 82' lang='lat' dir='ltr'><strong>operum</strong></span> <span class='ocrx_word' id='word_1_414' title='bbox 1195 4632 1208 4656; x_wconf 92' lang='lat'><strong>,</strong></span> <span class='ocrx_word' id='word_1_415' title='bbox 1249 4606 1279 4656; x_wconf 80' lang='lat' dir='ltr'><strong>a</strong></span> <span class='ocrx_word' id='word_1_416' title='bbox 1306 4607 1412 4662; x_wconf 91' lang='lat' dir='ltr'><strong>quo</strong></span> <span class='ocrx_word' id='word_1_417' title='bbox 1437 4602 1518 4650; x_wconf 91' lang='lat' dir='ltr'><strong>est</strong></span> <span class='ocrx_word' id='word_1_418' title='bbox 1558 4593 1840 4654; x_wconf 80' lang='lat' dir='ltr'><strong>existentia</strong></span> <span class='ocrx_word' id='word_1_419' title='bbox 1869 4610 2068 4667; x_wconf 86' lang='lat' dir='ltr'><strong>coope-</strong></span> 
     </span>
    </p>
   </div>
   <div class='ocr_carea' id='block_1_48' title="bbox 461 4680 2064 4773">
    <p class='ocr_par' dir='ltr' id='par_1_48' title="bbox 461 4680 2064 4773">
     <span class='ocr_line' id='line_1_48' title="bbox 461 4680 2064 4773; baseline 0.006 -40"><span class='ocrx_word' id='word_1_420' title='bbox 461 4680 711 4773; x_wconf 50' lang='lat' dir='ltr'><strong>lgantiam</strong></span> <span class='ocrx_word' id='word_1_421' title='bbox 734 4697 1110 4753; x_wconf 79' lang='lat' dir='ltr'><strong>personarum;</strong></span> <span class='ocrx_word' id='word_1_422' title='bbox 1140 4683 1260 4754; x_wconf 83' lang='lat' dir='ltr'><strong>quia</strong></span> <span class='ocrx_word' id='word_1_423' title='bbox 1287 4693 1341 4737; x_wconf 89' lang='lat' dir='ltr'><strong>et</strong></span> <span class='ocrx_word' id='word_1_424' title='bbox 1361 4683 1526 4738; x_wconf 89' lang='lat' dir='ltr'><strong>Filius</strong></span> <span class='ocrx_word' id='word_1_425' title='bbox 1551 4682 1618 4738; x_wconf 88' lang='lat' dir='ltr'><strong>de</strong></span> <span class='ocrx_word' id='word_1_426' title='bbox 1639 4683 1730 4739; x_wconf 92' lang='lat' dir='ltr'><strong>illo</strong></span> <span class='ocrx_word' id='word_1_427' title='bbox 1751 4694 1905 4744; x_wconf 89' lang='lat' dir='ltr'><strong>natus</strong></span> <span class='ocrx_word' id='word_1_428' title='bbox 1948 4696 2064 4753; x_wconf 87' lang='lat' dir='ltr'><strong>est,</strong></span> 
     </span>
    </p>
   </div>
   <div class='ocr_carea' id='block_1_49' title="bbox 480 4773 2069 4854">
    <p class='ocr_par' dir='ltr' id='par_1_49' title="bbox 480 4773 2069 4854">
     <span class='ocr_line' id='line_1_49' title="bbox 480 4773 2069 4854; baseline 0.005 -27"><span class='ocrx_word' id='word_1_429' title='bbox 480 4782 535 4827; x_wconf 91' lang='lat' dir='ltr'><strong>et</strong></span> <span class='ocrx_word' id='word_1_430' title='bbox 564 4773 791 4846; x_wconf 89' lang='lat' dir='ltr'><strong>Spiritus</strong></span> <span class='ocrx_word' id='word_1_431' title='bbox 819 4783 1035 4844; x_wconf 85' lang='lat' dir='ltr'><strong>sanctus</strong></span> <span class='ocrx_word' id='word_1_432' title='bbox 1077 4775 1436 4847; x_wconf 87' lang='lat' dir='ltr'><strong>principaliter</strong></span> <span class='ocrx_word' id='word_1_433' title='bbox 1463 4775 1531 4830; x_wconf 91' lang='lat' dir='ltr'><strong>de</strong></span> <span class='ocrx_word' id='word_1_434' title='bbox 1564 4775 1655 4840; x_wconf 84' lang='lat' dir='ltr'><strong>illo</strong></span> <span class='ocrx_word' id='word_1_435' title='bbox 1694 4777 1972 4847; x_wconf 88' lang='lat' dir='ltr'><strong>procedit,</strong></span> <span class='ocrx_word' id='word_1_436' title='bbox 1999 4779 2069 4854; x_wconf 79' lang='lat' dir='ltr'><strong>de</strong></span> 
     </span>
    </p>
   </div>
   <div class='ocr_carea' id='block_1_50' title="bbox 478 4864 2071 4938">
    <p class='ocr_par' dir='ltr' id='par_1_50' title="bbox 478 4864 2071 4938">
     <span class='ocr_line' id='line_1_50' title="bbox 478 4864 2071 4938; baseline 0.006 -22"><span class='ocrx_word' id='word_1_437' title='bbox 478 4878 586 4933; x_wconf 92' lang='lat' dir='ltr'><strong>quo</strong></span> <span class='ocrx_word' id='word_1_438' title='bbox 626 4871 780 4932; x_wconf 85' lang='lat' dir='ltr'><strong>natus</strong></span> <span class='ocrx_word' id='word_1_439' title='bbox 824 4872 906 4924; x_wconf 88' lang='lat' dir='ltr'><strong>est</strong></span> <span class='ocrx_word' id='word_1_440' title='bbox 945 4864 1145 4938; x_wconf 75' lang='lat' dir='ltr'><strong>Filius,</strong></span> <span class='ocrx_word' id='word_1_441' title='bbox 1175 4874 1228 4932; x_wconf 84' lang='lat' dir='ltr'><strong>et</strong></span> <span class='ocrx_word' id='word_1_442' title='bbox 1265 4880 1384 4920; x_wconf 90' lang='lat' dir='ltr'><strong>cum</strong></span> <span class='ocrx_word' id='word_1_443' title='bbox 1410 4880 1514 4936; x_wconf 91' lang='lat' dir='ltr'><strong>quo</strong></span> <span class='ocrx_word' id='word_1_444' title='bbox 1550 4865 1626 4937; x_wconf 91' lang='lat' dir='ltr'><strong>illi</strong></span> <span class='ocrx_word' id='word_1_445' title='bbox 1665 4870 1962 4925; x_wconf 86' lang='lat' dir='ltr'><strong>communis</strong></span> <span class='ocrx_word' id='word_1_446' title='bbox 1986 4879 2071 4926; x_wconf 86' lang='lat' dir='ltr'><strong>est</strong></span> 
     </span>
    </p>
   </div>
   <div class='ocr_carea' id='block_1_51' title="bbox 480 4953 2070 5033">
    <p class='ocr_par' dir='ltr' id='par_1_51' title="bbox 480 4953 2070 5033">
     <span class='ocr_line' id='line_1_51' title="bbox 480 4953 2070 5033; baseline 0.005 -25"><span class='ocrx_word' id='word_1_447' title='bbox 480 4953 622 5020; x_wconf 72' lang='lat' dir='ltr'><strong>idem</strong></span> <span class='ocrx_word' id='word_1_448' title='bbox 647 4955 876 5028; x_wconf 78' lang='lat' dir='ltr'><strong>Spiritus</strong></span> <span class='ocrx_word' id='word_1_449' title='bbox 917 4974 930 5009; x_wconf 91' lang='lat'><strong>:</strong></span> <span class='ocrx_word' id='word_1_450' title='bbox 975 4965 1028 5022; x_wconf 80' lang='lat' dir='ltr'><strong>et</strong></span> <span class='ocrx_word' id='word_1_451' title='bbox 1058 4956 1185 5020; x_wconf 85' lang='lat' dir='ltr'><strong>illud</strong></span> <span class='ocrx_word' id='word_1_452' title='bbox 1213 4956 1356 5030; x_wconf 87' lang='lat' dir='ltr'><strong>quod</strong></span> <span class='ocrx_word' id='word_1_453' title='bbox 1389 4957 1463 5024; x_wconf 86' lang='lat' dir='ltr'><strong>ait</strong></span> <span class='ocrx_word' id='word_1_454' title='bbox 1493 4957 1781 5028; x_wconf 78' lang='lat' dir='ltr'><strong>Dominus,</strong></span> <span class='ocrx_word' id='word_1_455' title='bbox 1814 4959 1877 5016; x_wconf 86' lang='lat' dir='ltr'><strong>Si</strong></span> <span class='ocrx_word' id='word_1_456' title='bbox 1914 4977 2070 5033; x_wconf 76' lang='lat' dir='ltr'><strong>opera</strong></span> 
     </span>
    </p>
   </div>
   <div class='ocr_carea' id='block_1_52' title="bbox 479 5046 2068 5122">
    <p class='ocr_par' dir='ltr' id='par_1_52' title="bbox 479 5046 2068 5122">
     <span class='ocr_line' id='line_1_52' title="bbox 479 5046 2068 5122; baseline 0.007 -24"><span class='ocrx_word' id='word_1_457' title='bbox 479 5062 581 5112; x_wconf 70' lang='lat' dir='ltr'><strong>non</strong></span> <span class='ocrx_word' id='word_1_458' title='bbox 620 5046 844 5116; x_wconf 77' lang='lat' dir='ltr'><strong>fecissem</strong></span> <span class='ocrx_word' id='word_1_459' title='bbox 876 5048 928 5118; x_wconf 71' lang='lat' dir='ltr'><strong>in</strong></span> <span class='ocrx_word' id='word_1_460' title='bbox 953 5047 1056 5119; x_wconf 62' lang='lat' dir='ltr'><strong>eis,</strong></span> <span class='ocrx_word' id='word_1_461' title='bbox 1079 5063 1193 5122; x_wconf 71' lang='lat' dir='ltr'><strong>qua:</strong></span> <span class='ocrx_word' id='word_1_462' title='bbox 1219 5064 1363 5116; x_wconf 82' lang='lat' dir='ltr'><strong>nemo</strong></span> <span class='ocrx_word' id='word_1_463' title='bbox 1386 5049 1518 5114; x_wconf 75' lang='lat' dir='ltr'><strong>alius</strong></span> <span class='ocrx_word' id='word_1_464' title='bbox 1547 5049 1702 5120; x_wconf 81' lang='lat' dir='ltr'><strong>fecit,</strong></span> <span class='ocrx_word' id='word_1_465' title='bbox 1729 5066 1837 5108; x_wconf 92' lang='lat' dir='ltr'><strong>non</strong></span> <span class='ocrx_word' id='word_1_466' title='bbox 1865 5052 1933 5114; x_wconf 87' lang='lat' dir='ltr'><strong>ad</strong></span> <span class='ocrx_word' id='word_1_467' title='bbox 1963 5053 2068 5108; x_wconf 85' lang='lat' dir='ltr'><strong>Pa-</strong></span> 
     </span>
    </p>
   </div>
   <div class='ocr_carea' id='block_1_53' title="bbox 479 5137 2068 5212">
    <p class='ocr_par' dir='ltr' id='par_1_53' title="bbox 479 5137 2068 5212">
     <span class='ocr_line' id='line_1_53' title="bbox 479 5137 2068 5212; baseline 0.007 -23"><span class='ocrx_word' id='word_1_468' title='bbox 479 5143 617 5207; x_wconf 82' lang='lat' dir='ltr'><strong>tre&#39;m</strong></span> <span class='ocrx_word' id='word_1_469' title='bbox 644 5139 727 5194; x_wconf 89' lang='lat' dir='ltr'><strong>vel</strong></span> <span class='ocrx_word' id='word_1_470' title='bbox 754 5137 1008 5212; x_wconf 74' lang='lat' dir='ltr'><strong>Spiritum</strong></span> <span class='ocrx_word' id='word_1_471' title='bbox 1041 5139 1321 5210; x_wconf 77' lang='lat' dir='ltr'><strong>retulisse,</strong></span> <span class='ocrx_word' id='word_1_472' title='bbox 1353 5140 1494 5212; x_wconf 89' lang='lat' dir='ltr'><strong>quod</strong></span> <span class='ocrx_word' id='word_1_473' title='bbox 1523 5142 1573 5196; x_wconf 91' lang='lat' dir='ltr'><strong>ei</strong></span> <span class='ocrx_word' id='word_1_474' title='bbox 1614 5155 1719 5198; x_wconf 92' lang='lat' dir='ltr'><strong>non</strong></span> <span class='ocrx_word' id='word_1_475' title='bbox 1753 5144 1860 5206; x_wconf 89' lang='lat' dir='ltr'><strong>sint</strong></span> <span class='ocrx_word' id='word_1_476' title='bbox 1883 5145 1936 5200; x_wconf 91' lang='lat' dir='ltr'><strong>in</strong></span> <span class='ocrx_word' id='word_1_477' title='bbox 1963 5144 2068 5206; x_wconf 81' lang='lat' dir='ltr'><strong>illis</strong></span> 
     </span>
    </p>
   </div>
   <div class='ocr_carea' id='block_1_54' title="bbox 477 5231 2069 5306">
    <p class='ocr_par' dir='ltr' id='par_1_54' title="bbox 477 5231 2069 5306">
     <span class='ocr_line' id='line_1_54' title="bbox 477 5231 2069 5306; baseline 0.005 -22"><span class='ocrx_word' id='word_1_478' title='bbox 477 5231 729 5300; x_wconf 87' lang='lat' dir='ltr'><strong>operibus</strong></span> <span class='ocrx_word' id='word_1_479' title='bbox 755 5232 1058 5306; x_wconf 86' lang='lat' dir='ltr'><strong>cooperati;</strong></span> <span class='ocrx_word' id='word_1_480' title='bbox 1088 5232 1184 5290; x_wconf 89' lang='lat' dir='ltr'><strong>sed</strong></span> <span class='ocrx_word' id='word_1_481' title='bbox 1211 5232 1278 5298; x_wconf 83' lang='lat' dir='ltr'><strong>ad</strong></span> <span class='ocrx_word' id='word_1_482' title='bbox 1307 5233 1550 5305; x_wconf 75' lang='lat' dir='ltr'><strong>homines</strong></span> <span class='ocrx_word' id='word_1_483' title='bbox 1571 5276 1584 5304; x_wconf 92' lang='lat'><strong>,</strong></span> <span class='ocrx_word' id='word_1_484' title='bbox 1609 5249 1641 5291; x_wconf 89' lang='lat' dir='ltr'><strong>a</strong></span> <span class='ocrx_word' id='word_1_485' title='bbox 1669 5235 1858 5306; x_wconf 80' lang='lat' dir='ltr'><strong>quibus</strong></span> <span class='ocrx_word' id='word_1_486' title='bbox 1885 5236 2069 5306; x_wconf 81' lang='lat' dir='ltr'><strong>legun-</strong></span> 
     </span>
    </p>
   </div>
   <div class='ocr_carea' id='block_1_55' title="bbox 478 5322 2066 5402">
    <p class='ocr_par' dir='ltr' id='par_1_55' title="bbox 478 5322 2066 5402">
     <span class='ocr_line' id='line_1_55' title="bbox 478 5322 2066 5402; baseline 0.007 -29"><span class='ocrx_word' id='word_1_487' title='bbox 478 5328 565 5373; x_wconf 91' lang='lat' dir='ltr'><strong>tur</strong></span> <span class='ocrx_word' id='word_1_488' title='bbox 590 5323 753 5391; x_wconf 90' lang='lat' dir='ltr'><strong>multa</strong></span> <span class='ocrx_word' id='word_1_489' title='bbox 779 5322 916 5386; x_wconf 81' lang='lat' dir='ltr'><strong>facta</strong></span> <span class='ocrx_word' id='word_1_490' title='bbox 946 5324 1218 5394; x_wconf 81' lang='lat' dir='ltr'><strong>miracula,</strong></span> <span class='ocrx_word' id='word_1_491' title='bbox 1251 5332 1305 5386; x_wconf 86' lang='lat' dir='ltr'><strong>et</strong></span> <span class='ocrx_word' id='word_1_492' title='bbox 1331 5333 1509 5394; x_wconf 84' lang='lat' dir='ltr'><strong>tamen</strong></span> <span class='ocrx_word' id='word_1_493' title='bbox 1533 5340 1563 5380; x_wconf 90' lang='lat' dir='ltr'><strong>a</strong></span> <span class='ocrx_word' id='word_1_494' title='bbox 1592 5326 1736 5394; x_wconf 78' lang='lat' dir='ltr'><strong>nullo</strong></span> <span class='ocrx_word' id='word_1_495' title='bbox 1761 5342 1878 5399; x_wconf 66' lang='lat' dir='ltr'><strong>quae</strong></span> <span class='ocrx_word' id='word_1_496' title='bbox 1899 5325 2066 5402; x_wconf 70' lang='lat' dir='ltr'><strong>Filius</strong></span> 
     </span>
    </p>
   </div>
   <div class='ocr_carea' id='block_1_56' title="bbox 476 5409 2068 5490">
    <p class='ocr_par' dir='ltr' id='par_1_56' title="bbox 476 5409 2068 5490">
     <span class='ocr_line' id='line_1_56' title="bbox 476 5409 2068 5490; baseline 0.009 -25"><span class='ocrx_word' id='word_1_497' title='bbox 476 5409 602 5465; x_wconf 84' lang='lat' dir='ltr'><strong>fecit</strong></span> <span class='ocrx_word' id='word_1_498' title='bbox 632 5427 644 5463; x_wconf 90' lang='lat'><strong>:</strong></span> <span class='ocrx_word' id='word_1_499' title='bbox 674 5423 729 5465; x_wconf 89' lang='lat' dir='ltr'><strong>et</strong></span> <span class='ocrx_word' id='word_1_500' title='bbox 756 5415 897 5484; x_wconf 87' lang='lat' dir='ltr'><strong>quod</strong></span> <span class='ocrx_word' id='word_1_501' title='bbox 923 5416 998 5484; x_wconf 82' lang='lat' dir='ltr'><strong>ait</strong></span> <span class='ocrx_word' id='word_1_502' title='bbox 1021 5415 1308 5488; x_wconf 63' lang='lat' dir='ltr'><strong>Apostolus</strong></span> <span class='ocrx_word' id='word_1_503' title='bbox 1338 5416 1404 5471; x_wconf 90' lang='lat' dir='ltr'><strong>de</strong></span> <span class='ocrx_word' id='word_1_504' title='bbox 1438 5415 1639 5488; x_wconf 83' lang='lat' dir='ltr'><strong>Spiritu</strong></span> <span class='ocrx_word' id='word_1_505' title='bbox 1684 5426 1869 5490; x_wconf 67' lang='lat' dir='ltr'><strong>sancto</strong></span> <span class='ocrx_word' id='word_1_506' title='bbox 1889 5460 1907 5489; x_wconf 85' lang='lat'><strong>,</strong></span> <span class='ocrx_word' id='word_1_507' title='bbox 1943 5418 2068 5488; x_wconf 60' lang='lat' dir='ltr'><strong>0m-</strong></span> 
     </span>
    </p>
   </div>
   <div class='ocr_carea' id='block_1_57' title="bbox 476 5503 2064 5581">
    <p class='ocr_par' dir='ltr' id='par_1_57' title="bbox 476 5503 2064 5581">
     <span class='ocr_line' id='line_1_57' title="bbox 476 5503 2064 5581; baseline 0.008 -25"><span class='ocrx_word' id='word_1_508' title='bbox 476 5503 563 5558; x_wconf 83' lang='lat' dir='ltr'><strong>nia</strong></span> <span class='ocrx_word' id='word_1_509' title='bbox 593 5511 759 5566; x_wconf 88' lang='lat' dir='ltr'><strong>autem</strong></span> <span class='ocrx_word' id='word_1_510' title='bbox 792 5503 897 5558; x_wconf 75' lang='lat' dir='ltr'><strong>haec</strong></span> <span class='ocrx_word' id='word_1_511' title='bbox 923 5516 1158 5576; x_wconf 81' lang='lat' dir='ltr'><strong>operatur</strong></span> <span class='ocrx_word' id='word_1_512' title='bbox 1187 5523 1319 5560; x_wconf 85' lang='lat' dir='ltr'><strong>unus</strong></span> <span class='ocrx_word' id='word_1_513' title='bbox 1346 5517 1493 5578; x_wconf 77' lang='lat' dir='ltr'><strong>atque</strong></span> <span class='ocrx_word' id='word_1_514' title='bbox 1518 5508 1649 5574; x_wconf 81' lang='lat' dir='ltr'><strong>idem</strong></span> <span class='ocrx_word' id='word_1_515' title='bbox 1671 5508 1894 5581; x_wconf 70' lang='lat' dir='ltr'><strong>Spiritus</strong></span> <span class='ocrx_word' id='word_1_516' title='bbox 1913 5552 1928 5579; x_wconf 92' lang='lat'><strong>,</strong></span> <span class='ocrx_word' id='word_1_517' title='bbox 1955 5527 2064 5568; x_wconf 84' lang='lat' dir='ltr'><strong>non</strong></span> 
     </span>
    </p>
   </div>
   <div class='ocr_carea' id='block_1_58' title="bbox 476 5591 2060 5672">
    <p class='ocr_par' dir='ltr' id='par_1_58' title="bbox 476 5591 2060 5672">
     <span class='ocr_line' id='line_1_58' title="bbox 476 5591 2060 5672; baseline 0.003 -20"><span class='ocrx_word' id='word_1_518' title='bbox 476 5593 600 5652; x_wconf 80' lang='lat' dir='ltr'><strong>ideo</strong></span> <span class='ocrx_word' id='word_1_519' title='bbox 627 5595 827 5660; x_wconf 88' lang='lat' dir='ltr'><strong>dictum</strong></span> <span class='ocrx_word' id='word_1_520' title='bbox 849 5638 862 5664; x_wconf 91' lang='lat'><strong>,</strong></span> <span class='ocrx_word' id='word_1_521' title='bbox 891 5591 1010 5670; x_wconf 82' lang='lat' dir='ltr'><strong>quia</strong></span> <span class='ocrx_word' id='word_1_522' title='bbox 1040 5614 1146 5664; x_wconf 83' lang='lat' dir='ltr'><strong>non</strong></span> <span class='ocrx_word' id='word_1_523' title='bbox 1176 5599 1228 5657; x_wconf 91' lang='lat' dir='ltr'><strong>ei</strong></span> <span class='ocrx_word' id='word_1_524' title='bbox 1254 5607 1571 5672; x_wconf 80' lang='lat' dir='ltr'><strong>coeperatur</strong></span> <span class='ocrx_word' id='word_1_525' title='bbox 1591 5597 1748 5670; x_wconf 83' lang='lat' dir='ltr'><strong>Pater</strong></span> <span class='ocrx_word' id='word_1_526' title='bbox 1776 5605 1830 5654; x_wconf 88' lang='lat' dir='ltr'><strong>et</strong></span> <span class='ocrx_word' id='word_1_527' title='bbox 1857 5599 2060 5668; x_wconf 88' lang='lat' dir='ltr'><strong>Filius;</strong></span> 
     </span>
    </p>
   </div>
   <div class='ocr_carea' id='block_1_59' title="bbox 476 5689 2064 5765">
    <p class='ocr_par' dir='ltr' id='par_1_59' title="bbox 476 5689 2064 5765">
     <span class='ocr_line' id='line_1_59' title="bbox 476 5689 2064 5765; baseline 0.004 -21"><span class='ocrx_word' id='word_1_528' title='bbox 476 5689 573 5744; x_wconf 83' lang='lat' dir='ltr'><strong>sed</strong></span> <span class='ocrx_word' id='word_1_529' title='bbox 599 5691 721 5760; x_wconf 90' lang='lat' dir='ltr'><strong>quia</strong></span> <span class='ocrx_word' id='word_1_530' title='bbox 746 5690 800 5745; x_wconf 92' lang='lat' dir='ltr'><strong>in</strong></span> <span class='ocrx_word' id='word_1_531' title='bbox 829 5689 912 5746; x_wconf 90' lang='lat' dir='ltr'><strong>bis</strong></span> <span class='ocrx_word' id='word_1_532' title='bbox 933 5693 1182 5762; x_wconf 89' lang='lat' dir='ltr'><strong>operibus</strong></span> <span class='ocrx_word' id='word_1_533' title='bbox 1205 5708 1312 5748; x_wconf 91' lang='lat' dir='ltr'><strong>non</strong></span> <span class='ocrx_word' id='word_1_534' title='bbox 1337 5693 1446 5748; x_wconf 92' lang='lat' dir='ltr'><strong>sint</strong></span> <span class='ocrx_word' id='word_1_535' title='bbox 1476 5693 1629 5747; x_wconf 90' lang='lat' dir='ltr'><strong>multi</strong></span> <span class='ocrx_word' id='word_1_536' title='bbox 1660 5691 1756 5747; x_wconf 91' lang='lat' dir='ltr'><strong>sed</strong></span> <span class='ocrx_word' id='word_1_537' title='bbox 1782 5709 1918 5749; x_wconf 90' lang='lat' dir='ltr'><strong>unus</strong></span> <span class='ocrx_word' id='word_1_538' title='bbox 1945 5693 2064 5765; x_wconf 84' lang='lat' dir='ltr'><strong>Spi-</strong></span> 
     </span>
    </p>
   </div>
   <div class='ocr_carea' id='block_1_60' title="bbox 475 5779 2062 5861">
    <p class='ocr_par' dir='ltr' id='par_1_60' title="bbox 475 5779 2062 5861">
     <span class='ocr_line' id='line_1_60' title="bbox 475 5779 2062 5861; baseline 0.003 -19"><span class='ocrx_word' id='word_1_539' title='bbox 475 5779 611 5842; x_wconf 78' lang='lat' dir='ltr'><strong>t&#39;ltut</strong></span> <span class='ocrx_word' id='word_1_540' title='bbox 632 5823 650 5854; x_wconf 95' lang='lat'><strong>,</strong></span> <span class='ocrx_word' id='word_1_541' title='bbox 677 5789 735 5839; x_wconf 87' lang='lat' dir='ltr'><strong>et</strong></span> <span class='ocrx_word' id='word_1_542' title='bbox 755 5781 812 5839; x_wconf 88' lang='lat' dir='ltr'><strong>in</strong></span> <span class='ocrx_word' id='word_1_543' title='bbox 840 5781 1065 5842; x_wconf 85' lang='lat' dir='ltr'><strong>diversis</strong></span> <span class='ocrx_word' id='word_1_544' title='bbox 1091 5785 1202 5844; x_wconf 82' lang='lat' dir='ltr'><strong>suis</strong></span> <span class='ocrx_word' id='word_1_545' title='bbox 1227 5784 1623 5861; x_wconf 78' lang='lat' dir='ltr'><strong>operationibus</strong></span> <span class='ocrx_word' id='word_1_546' title='bbox 1661 5799 1770 5844; x_wconf 89' lang='lat' dir='ltr'><strong>non</strong></span> <span class='ocrx_word' id='word_1_547' title='bbox 1810 5795 1893 5846; x_wconf 88' lang='lat' dir='ltr'><strong>est</strong></span> <span class='ocrx_word' id='word_1_548' title='bbox 1934 5801 1966 5844; x_wconf 90' lang='lat' dir='ltr'><strong>a</strong></span> <span class='ocrx_word' id='word_1_549' title='bbox 2002 5803 2062 5846; x_wconf 87' lang='lat' dir='ltr'><strong>se</strong></span> 
     </span>
    </p>
   </div>
   <div class='ocr_carea' id='block_1_61' title="bbox 1754 285 2561 354">
    <p class='ocr_par' dir='ltr' id='par_1_61' title="bbox 1754 285 2561 354">
     <span class='ocr_line' id='line_1_61' title="bbox 1754 285 2561 354; baseline 0.012 -9"><span class='ocrx_word' id='word_1_550' title='bbox 1754 285 1815 346; x_wconf 87' lang='lat' dir='ltr'><strong>S.</strong></span> <span class='ocrx_word' id='word_1_551' title='bbox 1854 285 2218 351; x_wconf 59' lang='lat' dir='ltr'><strong>AUGUSTI!“</strong></span> <span class='ocrx_word' id='word_1_552' title='bbox 2253 291 2561 354; x_wconf 81' lang='lat' dir='ltr'><strong>EPISCOPI</strong></span> 
     </span>
    </p>
   </div>
   <div class='ocr_carea' id='block_1_62' title="bbox 3693 298 3800 365">
    <p class='ocr_par' dir='ltr' id='par_1_62' title="bbox 3693 298 3800 365">
     <span class='ocr_line' id='line_1_62' title="bbox 3693 298 3800 365; baseline 0 0"><span class='ocrx_word' id='word_1_553' title='bbox 3693 298 3800 365; x_wconf 67' lang='grc' dir='ltr'><strong>ιω</strong></span> 
     </span>
    </p>
   </div>
   <div class='ocr_carea' id='block_1_63' title="bbox 2189 411 2666 482">
    <p class='ocr_par' dir='ltr' id='par_1_63' title="bbox 2189 411 2666 482">
     <span class='ocr_line' id='line_1_63' title="bbox 2189 411 2666 482; baseline -0.006 -12"><span class='ocrx_word' id='word_1_554' title='bbox 2189 411 2330 482; x_wconf 75' lang='lat' dir='ltr'><strong>ipse</strong></span> <span class='ocrx_word' id='word_1_555' title='bbox 2356 412 2600 470; x_wconf 78' lang='lat' dir='ltr'><strong>diversus</strong></span> <span class='ocrx_word' id='word_1_556' title='bbox 2625 414 2666 467; x_wconf 77' lang='grc' dir='ltr'><strong>ι.</strong></span> 
     </span>
    </p>
   </div>
   <div class='ocr_carea' id='block_1_64' title="bbox 2281 505 3801 582">
    <p class='ocr_par' dir='ltr' id='par_1_64' title="bbox 2281 505 3801 582">
     <span class='ocr_line' id='line_1_64' title="bbox 2281 505 3801 582; baseline 0.007 -23"><span class='ocrx_word' id='word_1_557' title='bbox 2281 505 2371 561; x_wconf 72' lang='grc'><strong>2⁵1.</strong></span> <span class='ocrx_word' id='word_1_558' title='bbox 2422 507 2568 562; x_wconf 77' lang='lat' dir='ltr'><strong>Idem</strong></span> <span class='ocrx_word' id='word_1_559' title='bbox 2616 516 2860 564; x_wconf 79' lang='lat' dir='ltr'><strong>tractatur</strong></span> <span class='ocrx_word' id='word_1_560' title='bbox 2905 514 3275 582; x_wconf 75' lang='lat' dir='ltr'><strong>argumentum.</strong></span> <span class='ocrx_word' id='word_1_561' title='bbox 3320 507 3430 566; x_wconf 85' lang='lat' dir='ltr'><strong>Nec</strong></span> <span class='ocrx_word' id='word_1_562' title='bbox 3474 519 3651 568; x_wconf 79' lang='lat' dir='ltr'><strong>tamen</strong></span> <span class='ocrx_word' id='word_1_563' title='bbox 3678 513 3801 570; x_wconf 80' lang='lat' dir='ltr'><strong>ina-</strong></span> 
     </span>
    </p>
   </div>
   <div class='ocr_carea' id='block_1_65' title="bbox 2210 598 3799 664">
    <p class='ocr_par' dir='ltr' id='par_1_65' title="bbox 2210 598 3799 664">
     <span class='ocr_line' id='line_1_65' title="bbox 2210 598 3799 664; baseline 0.004 -11"><span class='ocrx_word' id='word_1_564' title='bbox 2210 598 2369 664; x_wconf 87' lang='lat' dir='ltr'><strong>niter,</strong></span> <span class='ocrx_word' id='word_1_565' title='bbox 2411 600 2504 658; x_wconf 83' lang='lat' dir='ltr'><strong>sed</strong></span> <span class='ocrx_word' id='word_1_566' title='bbox 2546 601 2926 658; x_wconf 83' lang='lat' dir='ltr'><strong>rationabiliter</strong></span> <span class='ocrx_word' id='word_1_567' title='bbox 2962 610 3018 658; x_wconf 89' lang='lat' dir='ltr'><strong>et</strong></span> <span class='ocrx_word' id='word_1_568' title='bbox 3043 603 3300 660; x_wconf 76' lang='lat' dir='ltr'><strong>veraciter</strong></span> <span class='ocrx_word' id='word_1_569' title='bbox 3344 601 3540 660; x_wconf 88' lang='lat' dir='ltr'><strong>dicitur</strong></span> <span class='ocrx_word' id='word_1_570' title='bbox 3583 605 3799 660; x_wconf 79' lang='lat' dir='ltr'><strong>Patrem</strong></span> 
     </span>
    </p>
   </div>
   <div class='ocr_carea' id='block_1_66' title="bbox 2210 687 3802 768">
    <p class='ocr_par' dir='ltr' id='par_1_66' title="bbox 2210 687 3802 768">
     <span class='ocr_line' id='line_1_66' title="bbox 2210 687 3802 768; baseline 0.006 -24"><span class='ocrx_word' id='word_1_571' title='bbox 2210 687 2435 760; x_wconf 78' lang='lat' dir='ltr'><strong>dixisse,</strong></span> <span class='ocrx_word' id='word_1_572' title='bbox 2463 707 2571 748; x_wconf 89' lang='lat' dir='ltr'><strong>non</strong></span> <span class='ocrx_word' id='word_1_573' title='bbox 2611 693 2804 750; x_wconf 87' lang='lat' dir='ltr'><strong>Filium</strong></span> <span class='ocrx_word' id='word_1_574' title='bbox 2841 704 2896 750; x_wconf 91' lang='lat' dir='ltr'><strong>et</strong></span> <span class='ocrx_word' id='word_1_575' title='bbox 2943 692 3200 765; x_wconf 85' lang='lat' dir='ltr'><strong>Spiritum</strong></span> <span class='ocrx_word' id='word_1_576' title='bbox 3223 704 3465 753; x_wconf 76' lang='lat' dir='ltr'><strong>sanctum</strong></span> <span class='ocrx_word' id='word_1_577' title='bbox 3496 696 3608 768; x_wconf 82' lang='lat' dir='ltr'><strong>(tt),</strong></span> <span class='ocrx_word' id='word_1_578' title='bbox 3636 695 3718 752; x_wconf 76' lang='lat' dir='ltr'><strong>Tu</strong></span> <span class='ocrx_word' id='word_1_579' title='bbox 3745 713 3802 753; x_wconf 77' lang='lat' dir='ltr'><strong>es</strong></span> 
     </span>
    </p>
   </div>
   <div class='ocr_carea' id='block_1_67' title="bbox 2209 779 3800 863">
    <p class='ocr_par' dir='ltr' id='par_1_67' title="bbox 2209 779 3800 863">
     <span class='ocr_line' id='line_1_67' title="bbox 2209 779 3800 863; baseline 0.005 -25"><span class='ocrx_word' id='word_1_580' title='bbox 2209 779 2378 840; x_wconf 76' lang='lat' dir='ltr'><strong>Filius</strong></span> <span class='ocrx_word' id='word_1_581' title='bbox 2404 801 2544 842; x_wconf 77' lang='lat' dir='ltr'><strong>meus</strong></span> <span class='ocrx_word' id='word_1_582' title='bbox 2571 787 2799 855; x_wconf 77' lang='lat' dir='ltr'><strong>dilectus,</strong></span> <span class='ocrx_word' id='word_1_583' title='bbox 2825 788 2879 843; x_wconf 79' lang='lat' dir='ltr'><strong>in</strong></span> <span class='ocrx_word' id='word_1_584' title='bbox 2905 805 3004 858; x_wconf 81' lang='lat' dir='ltr'><strong>quo</strong></span> <span class='ocrx_word' id='word_1_585' title='bbox 3044 788 3324 860; x_wconf 67' lang='lat' dir='ltr'><strong>complectit</strong></span> <span class='ocrx_word' id='word_1_586' title='bbox 3353 787 3506 863; x_wconf 72' lang='lat' dir='ltr'><strong>(Luc.</strong></span> <span class='ocrx_word' id='word_1_587' title='bbox 3549 805 3647 858; x_wconf 83' lang='lat' dir='ltr'><strong>ut,</strong></span> <span class='ocrx_word' id='word_1_588' title='bbox 3674 791 3800 862; x_wconf 72' lang='grc'><strong>22).</strong></span> 
     </span>
    </p>
   </div>
   <div class='ocr_carea' id='block_1_68' title="bbox 2209 871 3800 952">
    <p class='ocr_par' dir='ltr' id='par_1_68' title="bbox 2209 871 3800 952">
     <span class='ocr_line' id='line_1_68' title="bbox 2209 871 3800 952; baseline 0.006 -24"><span class='ocrx_word' id='word_1_589' title='bbox 2209 871 2317 930; x_wconf 88' lang='lat' dir='ltr'><strong>Sed</strong></span> <span class='ocrx_word' id='word_1_590' title='bbox 2339 874 2443 934; x_wconf 78' lang='lat' dir='ltr'><strong>hoc</strong></span> <span class='ocrx_word' id='word_1_591' title='bbox 2481 877 2792 936; x_wconf 87' lang='lat' dir='ltr'><strong>miraculum</strong></span> <span class='ocrx_word' id='word_1_592' title='bbox 2810 878 2880 935; x_wconf 89' lang='lat' dir='ltr'><strong>de</strong></span> <span class='ocrx_word' id='word_1_593' title='bbox 2905 878 3042 942; x_wconf 66' lang='lat' dir='ltr'><strong>cutio</strong></span> <span class='ocrx_word' id='word_1_594' title='bbox 3067 880 3322 936; x_wconf 86' lang='lat' dir='ltr'><strong>sonabilis</strong></span> <span class='ocrx_word' id='word_1_595' title='bbox 3347 881 3496 938; x_wconf 86' lang='lat' dir='ltr'><strong>verbi</strong></span> <span class='ocrx_word' id='word_1_596' title='bbox 3513 923 3530 947; x_wconf 90' lang='lat'><strong>,</strong></span> <span class='ocrx_word' id='word_1_597' title='bbox 3551 883 3800 952; x_wconf 71' lang='lat' dir='ltr'><strong>quamvis</strong></span> 
     </span>
    </p>
   </div>
   <div class='ocr_carea' id='block_1_69' title="bbox 2208 964 3796 1042">
    <p class='ocr_par' dir='ltr' id='par_1_69' title="bbox 2208 964 3796 1042">
     <span class='ocr_line' id='line_1_69' title="bbox 2208 964 3796 1042; baseline 0.006 -22"><span class='ocrx_word' id='word_1_598' title='bbox 2208 964 2274 1032; x_wconf 83' lang='lat' dir='ltr'><strong>ad</strong></span> <span class='ocrx_word' id='word_1_599' title='bbox 2295 981 2575 1036; x_wconf 84' lang='lat' dir='ltr'><strong>personam</strong></span> <span class='ocrx_word' id='word_1_600' title='bbox 2611 970 2784 1028; x_wconf 87' lang='lat' dir='ltr'><strong>Patris</strong></span> <span class='ocrx_word' id='word_1_601' title='bbox 2812 970 3180 1034; x_wconf 82' lang='lat' dir='ltr'><strong>tantummodo</strong></span> <span class='ocrx_word' id='word_1_602' title='bbox 3201 985 3484 1030; x_wconf 68' lang='lat' dir='ltr'><strong>aesonius</strong></span> <span class='ocrx_word' id='word_1_603' title='bbox 3505 973 3796 1042; x_wconf 79' lang='lat' dir='ltr'><strong>pertinere,</strong></span> 
     </span>
    </p>
   </div>
   <div class='ocr_carea' id='block_1_70' title="bbox 2205 1065 3795 1136">
    <p class='ocr_par' dir='ltr' id='par_1_70' title="bbox 2205 1065 3795 1136">
     <span class='ocr_line' id='line_1_70' title="bbox 2205 1065 3795 1136; baseline 0.001 -16"><span class='ocrx_word' id='word_1_604' title='bbox 2205 1071 2520 1130; x_wconf 77' lang='lat' dir='ltr'><strong>cooperatos</strong></span> <span class='ocrx_word' id='word_1_605' title='bbox 2552 1079 2673 1122; x_wconf 81' lang='lat' dir='ltr'><strong>esse</strong></span> <span class='ocrx_word' id='word_1_606' title='bbox 2697 1073 2875 1122; x_wconf 88' lang='lat' dir='ltr'><strong>tamen</strong></span> <span class='ocrx_word' id='word_1_607' title='bbox 2902 1065 3098 1124; x_wconf 87' lang='lat' dir='ltr'><strong>Filium</strong></span> <span class='ocrx_word' id='word_1_608' title='bbox 3136 1075 3192 1122; x_wconf 91' lang='lat' dir='ltr'><strong>et</strong></span> <span class='ocrx_word' id='word_1_609' title='bbox 3218 1065 3474 1136; x_wconf 84' lang='lat' dir='ltr'><strong>Spiritum</strong></span> <span class='ocrx_word' id='word_1_610' title='bbox 3507 1075 3754 1122; x_wconf 74' lang='lat' dir='ltr'><strong>sanctum</strong></span> <span class='ocrx_word' id='word_1_611' title='bbox 3776 1107 3795 1132; x_wconf 92' lang='lat'><strong>,</strong></span> 
     </span>
    </p>
   </div>
   <div class='ocr_carea' id='block_1_71' title="bbox 2206 1155 3800 1228">
    <p class='ocr_par' dir='ltr' id='par_1_71' title="bbox 2206 1155 3800 1228">
     <span class='ocr_line' id='line_1_71' title="bbox 2206 1155 3800 1228; baseline -0.002 -12"><span class='ocrx_word' id='word_1_612' title='bbox 2206 1165 2313 1216; x_wconf 76' lang='lat' dir='ltr'><strong>non</strong></span> <span class='ocrx_word' id='word_1_613' title='bbox 2357 1168 2632 1224; x_wconf 80' lang='lat' dir='ltr'><strong>negamus.</strong></span> <span class='ocrx_word' id='word_1_614' title='bbox 2672 1155 2856 1227; x_wconf 77' lang='lat' dir='ltr'><strong>Neque</strong></span> <span class='ocrx_word' id='word_1_615' title='bbox 2892 1156 3038 1213; x_wconf 78' lang='lat' dir='ltr'><strong>enim</strong></span> <span class='ocrx_word' id='word_1_616' title='bbox 3070 1157 3194 1228; x_wconf 84' lang='lat' dir='ltr'><strong>quia</strong></span> <span class='ocrx_word' id='word_1_617' title='bbox 3233 1166 3356 1213; x_wconf 87' lang='lat' dir='ltr'><strong>tunc</strong></span> <span class='ocrx_word' id='word_1_618' title='bbox 3379 1157 3547 1213; x_wconf 82' lang='lat' dir='ltr'><strong>Filius</strong></span> <span class='ocrx_word' id='word_1_619' title='bbox 3571 1169 3800 1213; x_wconf 71' lang='lat' dir='ltr'><strong>carnem</strong></span> 
     </span>
    </p>
   </div>
   <div class='ocr_carea' id='block_1_72' title="bbox 2207 1247 3800 1317">
    <p class='ocr_par' dir='ltr' id='par_1_72' title="bbox 2207 1247 3800 1317">
     <span class='ocr_line' id='line_1_72' title="bbox 2207 1247 3800 1317; baseline 0.005 -20"><span class='ocrx_word' id='word_1_620' title='bbox 2207 1251 2425 1311; x_wconf 88' lang='lat' dir='ltr'><strong>portans</strong></span> <span class='ocrx_word' id='word_1_621' title='bbox 2451 1260 2573 1306; x_wconf 88' lang='lat' dir='ltr'><strong>cum</strong></span> <span class='ocrx_word' id='word_1_622' title='bbox 2619 1247 2922 1304; x_wconf 83' lang='lat' dir='ltr'><strong>hominibus</strong></span> <span class='ocrx_word' id='word_1_623' title='bbox 2965 1248 3380 1307; x_wconf 80' lang='lat' dir='ltr'><strong>oonversabatur</strong></span> <span class='ocrx_word' id='word_1_624' title='bbox 3408 1249 3462 1304; x_wconf 89' lang='lat' dir='ltr'><strong>in</strong></span> <span class='ocrx_word' id='word_1_625' title='bbox 3485 1257 3645 1317; x_wconf 86' lang='lat' dir='ltr'><strong>terra,</strong></span> <span class='ocrx_word' id='word_1_626' title='bbox 3669 1250 3800 1305; x_wconf 89' lang='lat' dir='ltr'><strong>ideo</strong></span> 
     </span>
    </p>
   </div>
   <div class='ocr_carea' id='block_1_73' title="bbox 2205 1339 3800 1413">
    <p class='ocr_par' dir='ltr' id='par_1_73' title="bbox 2205 1339 3800 1413">
     <span class='ocr_line' id='line_1_73' title="bbox 2205 1339 3800 1413; baseline 0.004 -21"><span class='ocrx_word' id='word_1_627' title='bbox 2205 1351 2313 1400; x_wconf 78' lang='lat' dir='ltr'><strong>non</strong></span> <span class='ocrx_word' id='word_1_628' title='bbox 2351 1347 2466 1400; x_wconf 70' lang='lat' dir='ltr'><strong>erat</strong></span> <span class='ocrx_word' id='word_1_629' title='bbox 2509 1341 2672 1396; x_wconf 86' lang='lat' dir='ltr'><strong>etiam</strong></span> <span class='ocrx_word' id='word_1_630' title='bbox 2714 1341 2768 1398; x_wconf 87' lang='lat' dir='ltr'><strong>in</strong></span> <span class='ocrx_word' id='word_1_631' title='bbox 2796 1342 2914 1398; x_wconf 88' lang='lat' dir='ltr'><strong>sinu</strong></span> <span class='ocrx_word' id='word_1_632' title='bbox 2950 1339 3123 1398; x_wconf 83' lang='lat' dir='ltr'><strong>Patris</strong></span> <span class='ocrx_word' id='word_1_633' title='bbox 3165 1351 3412 1412; x_wconf 83' lang='lat' dir='ltr'><strong>tanquam</strong></span> <span class='ocrx_word' id='word_1_634' title='bbox 3461 1341 3800 1413; x_wconf 70' lang='lat' dir='ltr'><strong>unigenitum</strong></span> 
     </span>
    </p>
   </div>
   <div class='ocr_carea' id='block_1_74' title="bbox 2205 1426 3798 1502">
    <p class='ocr_par' dir='ltr' id='par_1_74' title="bbox 2205 1426 3798 1502">
     <span class='ocr_line' id='line_1_74' title="bbox 2205 1426 3798 1502; baseline 0.004 -18"><span class='ocrx_word' id='word_1_635' title='bbox 2205 1426 2438 1492; x_wconf 82' lang='lat' dir='ltr'><strong>Verbum</strong></span> <span class='ocrx_word' id='word_1_636' title='bbox 2458 1469 2476 1498; x_wconf 92' lang='lat'><strong>,</strong></span> <span class='ocrx_word' id='word_1_637' title='bbox 2497 1432 2711 1502; x_wconf 87' lang='lat' dir='ltr'><strong>quando</strong></span> <span class='ocrx_word' id='word_1_638' title='bbox 2753 1433 2840 1488; x_wconf 89' lang='lat' dir='ltr'><strong>illa</strong></span> <span class='ocrx_word' id='word_1_639' title='bbox 2879 1434 2946 1489; x_wconf 90' lang='lat' dir='ltr'><strong>de</strong></span> <span class='ocrx_word' id='word_1_640' title='bbox 2980 1434 3124 1492; x_wconf 86' lang='lat' dir='ltr'><strong>nubo</strong></span> <span class='ocrx_word' id='word_1_641' title='bbox 3151 1449 3252 1494; x_wconf 79' lang='lat' dir='ltr'><strong>vox</strong></span> <span class='ocrx_word' id='word_1_642' title='bbox 3280 1433 3416 1494; x_wconf 76' lang='lat' dir='ltr'><strong>facta</strong></span> <span class='ocrx_word' id='word_1_643' title='bbox 3443 1443 3561 1502; x_wconf 85' lang='lat' dir='ltr'><strong>est;</strong></span> <span class='ocrx_word' id='word_1_644' title='bbox 3583 1443 3676 1490; x_wconf 84' lang='lat' dir='ltr'><strong>aut</strong></span> <span class='ocrx_word' id='word_1_645' title='bbox 3698 1448 3798 1490; x_wconf 82' lang='lat' dir='ltr'><strong>sa-</strong></span> 
     </span>
    </p>
   </div>
   <div class='ocr_carea' id='block_1_75' title="bbox 2201 1518 3800 1596">
    <p class='ocr_par' dir='ltr' id='par_1_75' title="bbox 2201 1518 3800 1596">
     <span class='ocr_line' id='line_1_75' title="bbox 2201 1518 3800 1596; baseline 0.004 -21"><span class='ocrx_word' id='word_1_646' title='bbox 2201 1518 2410 1590; x_wconf 82' lang='lat' dir='ltr'><strong>pienter</strong></span> <span class='ocrx_word' id='word_1_647' title='bbox 2460 1524 2878 1594; x_wconf 84' lang='lat' dir='ltr'><strong>ctspiritualiter</strong></span> <span class='ocrx_word' id='word_1_648' title='bbox 2919 1525 3065 1582; x_wconf 86' lang='lat' dir='ltr'><strong>credi</strong></span> <span class='ocrx_word' id='word_1_649' title='bbox 3109 1531 3316 1596; x_wconf 81' lang='lat' dir='ltr'><strong>potest,</strong></span> <span class='ocrx_word' id='word_1_650' title='bbox 3361 1525 3530 1587; x_wconf 73' lang='lat' dir='ltr'><strong>Deum</strong></span> <span class='ocrx_word' id='word_1_651' title='bbox 3575 1525 3800 1585; x_wconf 77' lang='lat' dir='ltr'><strong>Patrem</strong></span> 
     </span>
    </p>
   </div>
   <div class='ocr_carea' id='block_1_76' title="bbox 2201 1613 3801 1688">
    <p class='ocr_par' dir='ltr' id='par_1_76' title="bbox 2201 1613 3801 1688">
     <span class='ocr_line' id='line_1_76' title="bbox 2201 1613 3801 1688; baseline 0.001 -16"><span class='ocrx_word' id='word_1_652' title='bbox 2201 1613 2565 1682; x_wconf 67' lang='lat' dir='ltr'><strong>operationem</strong></span> <span class='ocrx_word' id='word_1_653' title='bbox 2634 1616 2920 1673; x_wconf 87' lang='lat' dir='ltr'><strong>verborum</strong></span> <span class='ocrx_word' id='word_1_654' title='bbox 2985 1632 3205 1673; x_wconf 87' lang='lat' dir='ltr'><strong>suorum</strong></span> <span class='ocrx_word' id='word_1_655' title='bbox 3267 1618 3570 1674; x_wconf 82' lang='lat' dir='ltr'><strong>sonantium</strong></span> <span class='ocrx_word' id='word_1_656' title='bbox 3629 1626 3801 1688; x_wconf 85' lang='lat' dir='ltr'><strong>atque</strong></span> 
     </span>
    </p>
   </div>
   <div class='ocr_carea' id='block_1_77' title="bbox 2203 1707 3796 1780">
    <p class='ocr_par' dir='ltr' id='par_1_77' title="bbox 2203 1707 3796 1780">
     <span class='ocr_line' id='line_1_77' title="bbox 2203 1707 3796 1780; baseline 0.004 -22"><span class='ocrx_word' id='word_1_657' title='bbox 2203 1707 2588 1768; x_wconf 86' lang='lat' dir='ltr'><strong>transeuntium</strong></span> <span class='ocrx_word' id='word_1_658' title='bbox 2618 1722 2650 1762; x_wconf 90' lang='lat' dir='ltr'><strong>a</strong></span> <span class='ocrx_word' id='word_1_659' title='bbox 2681 1722 2793 1764; x_wconf 72' lang='lat' dir='ltr'><strong>sua:</strong></span> <span class='ocrx_word' id='word_1_660' title='bbox 2818 1707 3103 1779; x_wconf 66' lang='lat' dir='ltr'><strong>Sapientiae</strong></span> <span class='ocrx_word' id='word_1_661' title='bbox 3131 1709 3318 1780; x_wconf 86' lang='lat' dir='ltr'><strong>suique</strong></span> <span class='ocrx_word' id='word_1_662' title='bbox 3340 1708 3566 1779; x_wconf 86' lang='lat' dir='ltr'><strong>Spiritus</strong></span> <span class='ocrx_word' id='word_1_663' title='bbox 3591 1723 3796 1780; x_wconf 82' lang='lat' dir='ltr'><strong>coope-</strong></span> 
     </span>
    </p>
   </div>
   <div class='ocr_carea' id='block_1_78' title="bbox 2199 1794 3794 1868">
    <p class='ocr_par' dir='ltr' id='par_1_78' title="bbox 2199 1794 3794 1868">
     <span class='ocr_line' id='line_1_78' title="bbox 2199 1794 3794 1868; baseline 0.005 -21"><span class='ocrx_word' id='word_1_664' title='bbox 2199 1794 2405 1862; x_wconf 83' lang='lat' dir='ltr'><strong>raiione</strong></span> <span class='ocrx_word' id='word_1_665' title='bbox 2433 1811 2728 1868; x_wconf 85' lang='lat' dir='ltr'><strong>separasse.</strong></span> <span class='ocrx_word' id='word_1_666' title='bbox 2762 1799 2964 1858; x_wconf 79' lang='lat' dir='ltr'><strong>Eodem</strong></span> <span class='ocrx_word' id='word_1_667' title='bbox 3010 1799 3170 1858; x_wconf 87' lang='lat' dir='ltr'><strong>modo</strong></span> <span class='ocrx_word' id='word_1_668' title='bbox 3212 1816 3334 1857; x_wconf 91' lang='lat' dir='ltr'><strong>cum</strong></span> <span class='ocrx_word' id='word_1_669' title='bbox 3382 1800 3678 1858; x_wconf 84' lang='lat' dir='ltr'><strong>rectissime</strong></span> <span class='ocrx_word' id='word_1_670' title='bbox 3702 1801 3794 1856; x_wconf 81' lang='lat' dir='ltr'><strong>di-</strong></span> 
     </span>
    </p>
   </div>
   <div class='ocr_carea' id='block_1_79' title="bbox 2197 1888 3796 1963">
    <p class='ocr_par' dir='ltr' id='par_1_79' title="bbox 2197 1888 3796 1963">
     <span class='ocr_line' id='line_1_79' title="bbox 2197 1888 3796 1963; baseline 0.004 -21"><span class='ocrx_word' id='word_1_671' title='bbox 2197 1901 2400 1956; x_wconf 90' lang='lat' dir='ltr'><strong>camus,</strong></span> <span class='ocrx_word' id='word_1_672' title='bbox 2433 1903 2538 1946; x_wconf 89' lang='lat' dir='ltr'><strong>non</strong></span> <span class='ocrx_word' id='word_1_673' title='bbox 2568 1888 2802 1960; x_wconf 86' lang='lat' dir='ltr'><strong>Patrem,</strong></span> <span class='ocrx_word' id='word_1_674' title='bbox 2837 1907 2938 1947; x_wconf 89' lang='lat' dir='ltr'><strong>nec</strong></span> <span class='ocrx_word' id='word_1_675' title='bbox 2975 1891 3230 1963; x_wconf 80' lang='lat' dir='ltr'><strong>Spiritum</strong></span> <span class='ocrx_word' id='word_1_676' title='bbox 3277 1900 3516 1948; x_wconf 88' lang='lat' dir='ltr'><strong>sanctum</strong></span> <span class='ocrx_word' id='word_1_677' title='bbox 3536 1932 3552 1960; x_wconf 93' lang='lat'><strong>,</strong></span> <span class='ocrx_word' id='word_1_678' title='bbox 3579 1891 3674 1950; x_wconf 84' lang='lat' dir='ltr'><strong>sed</strong></span> <span class='ocrx_word' id='word_1_679' title='bbox 3698 1892 3796 1948; x_wconf 72' lang='grc' dir='ltr'><strong>Εἰ-</strong></span> 
     </span>
    </p>
   </div>
   <div class='ocr_carea' id='block_1_80' title="bbox 2196 1976 3793 2055">
    <p class='ocr_par' dir='ltr' id='par_1_80' title="bbox 2196 1976 3793 2055">
     <span class='ocr_line' id='line_1_80' title="bbox 2196 1976 3793 2055; baseline 0.006 -24"><span class='ocrx_word' id='word_1_680' title='bbox 2196 1976 2328 2032; x_wconf 91' lang='lat' dir='ltr'><strong>lium</strong></span> <span class='ocrx_word' id='word_1_681' title='bbox 2354 1993 2514 2052; x_wconf 90' lang='lat' dir='ltr'><strong>super</strong></span> <span class='ocrx_word' id='word_1_682' title='bbox 2551 1997 2699 2037; x_wconf 91' lang='lat' dir='ltr'><strong>mare</strong></span> <span class='ocrx_word' id='word_1_683' title='bbox 2745 1983 3044 2040; x_wconf 82' lang='lat' dir='ltr'><strong>ambulasse</strong></span> <span class='ocrx_word' id='word_1_684' title='bbox 3076 1982 3291 2055; x_wconf 70' lang='lat' dir='ltr'><strong>(Matth.</strong></span> <span class='ocrx_word' id='word_1_685' title='bbox 3322 1999 3446 2052; x_wconf 72' lang='lat' dir='ltr'><strong>xw,</strong></span> <span class='ocrx_word' id='word_1_686' title='bbox 3471 1982 3564 2055; x_wconf 64' lang='grc' dir='ltr'><strong>εδ)</strong></span> <span class='ocrx_word' id='word_1_687' title='bbox 3587 2023 3604 2050; x_wconf 85' lang='grc'><strong><em>,</em></strong></span> <span class='ocrx_word' id='word_1_688' title='bbox 3632 1984 3793 2054; x_wconf 84' lang='lat' dir='ltr'><strong>cujus</strong></span> 
     </span>
    </p>
   </div>
   <div class='ocr_carea' id='block_1_81' title="bbox 2196 2071 3792 2147">
    <p class='ocr_par' dir='ltr' id='par_1_81' title="bbox 2196 2071 3792 2147">
     <span class='ocr_line' id='line_1_81' title="bbox 2196 2071 3792 2147; baseline 0.004 -19"><span class='ocrx_word' id='word_1_689' title='bbox 2196 2071 2352 2128; x_wconf 89' lang='lat' dir='ltr'><strong>unius</strong></span> <span class='ocrx_word' id='word_1_690' title='bbox 2367 2087 2490 2134; x_wconf 90' lang='lat' dir='ltr'><strong>caro</strong></span> <span class='ocrx_word' id='word_1_691' title='bbox 2514 2085 2626 2139; x_wconf 86' lang='lat' dir='ltr'><strong>erat</strong></span> <span class='ocrx_word' id='word_1_692' title='bbox 2650 2075 2740 2132; x_wconf 86' lang='lat' dir='ltr'><strong>illa</strong></span> <span class='ocrx_word' id='word_1_693' title='bbox 2752 2084 2806 2130; x_wconf 87' lang='lat' dir='ltr'><strong>et</strong></span> <span class='ocrx_word' id='word_1_694' title='bbox 2828 2077 3020 2147; x_wconf 85' lang='lat' dir='ltr'><strong>plantae</strong></span> <span class='ocrx_word' id='word_1_695' title='bbox 3039 2077 3284 2134; x_wconf 84' lang='lat' dir='ltr'><strong>ﬂuctibus</strong></span> <span class='ocrx_word' id='word_1_696' title='bbox 3332 2077 3637 2145; x_wconf 85' lang='lat' dir='ltr'><strong>innitentes;</strong></span> <span class='ocrx_word' id='word_1_697' title='bbox 3656 2077 3792 2135; x_wconf 81' lang='lat' dir='ltr'><strong>illud</strong></span> 
     </span>
    </p>
   </div>
   <div class='ocr_carea' id='block_1_82' title="bbox 2194 2167 3791 2242">
    <p class='ocr_par' dir='ltr' id='par_1_82' title="bbox 2194 2167 3791 2242">
     <span class='ocr_line' id='line_1_82' title="bbox 2194 2167 3791 2242; baseline 0.005 -24"><span class='ocrx_word' id='word_1_698' title='bbox 2194 2171 2373 2220; x_wconf 86' lang='lat' dir='ltr'><strong>tamen</strong></span> <span class='ocrx_word' id='word_1_699' title='bbox 2398 2182 2532 2236; x_wconf 90' lang='lat' dir='ltr'><strong>opus</strong></span> <span class='ocrx_word' id='word_1_700' title='bbox 2573 2169 2702 2223; x_wconf 87' lang='lat' dir='ltr'><strong>tanti</strong></span> <span class='ocrx_word' id='word_1_701' title='bbox 2745 2167 2986 2224; x_wconf 88' lang='lat' dir='ltr'><strong>miraculi</strong></span> <span class='ocrx_word' id='word_1_702' title='bbox 3021 2171 3232 2236; x_wconf 87' lang='lat' dir='ltr'><strong>Patrem</strong></span> <span class='ocrx_word' id='word_1_703' title='bbox 3260 2179 3316 2227; x_wconf 89' lang='lat' dir='ltr'><strong>et</strong></span> <span class='ocrx_word' id='word_1_704' title='bbox 3356 2170 3611 2242; x_wconf 88' lang='lat' dir='ltr'><strong>Spiritum</strong></span> <span class='ocrx_word' id='word_1_705' title='bbox 3655 2186 3791 2226; x_wconf 86' lang='lat' dir='ltr'><strong>san-</strong></span> 
     </span>
    </p>
   </div>
   <div class='ocr_carea' id='block_1_83' title="bbox 2193 2263 3788 2333">
    <p class='ocr_par' dir='ltr' id='par_1_83' title="bbox 2193 2263 3788 2333">
     <span class='ocr_line' id='line_1_83' title="bbox 2193 2263 3788 2333; baseline 0.006 -21"><span class='ocrx_word' id='word_1_706' title='bbox 2193 2265 2338 2316; x_wconf 90' lang='lat' dir='ltr'><strong>ctum</strong></span> <span class='ocrx_word' id='word_1_707' title='bbox 2364 2271 2677 2331; x_wconf 81' lang='lat' dir='ltr'><strong>cooperatos</strong></span> <span class='ocrx_word' id='word_1_708' title='bbox 2699 2277 2816 2318; x_wconf 86' lang='lat' dir='ltr'><strong>esse</strong></span> <span class='ocrx_word' id='word_1_709' title='bbox 2842 2263 2961 2333; x_wconf 86' lang='lat' dir='ltr'><strong>quis</strong></span> <span class='ocrx_word' id='word_1_710' title='bbox 2980 2264 3220 2321; x_wconf 78' lang='lat' dir='ltr'><strong>abnuat?</strong></span> <span class='ocrx_word' id='word_1_711' title='bbox 3245 2265 3335 2321; x_wconf 88' lang='lat' dir='ltr'><strong>Sic</strong></span> <span class='ocrx_word' id='word_1_712' title='bbox 3359 2265 3502 2322; x_wconf 87' lang='lat' dir='ltr'><strong>enim</strong></span> <span class='ocrx_word' id='word_1_713' title='bbox 3529 2275 3584 2321; x_wconf 90' lang='lat' dir='ltr'><strong>et</strong></span> <span class='ocrx_word' id='word_1_714' title='bbox 3608 2266 3788 2322; x_wconf 89' lang='lat' dir='ltr'><strong>solum</strong></span> 
     </span>
    </p>
   </div>
   <div class='ocr_carea' id='block_1_84' title="bbox 2192 2349 3788 2428">
    <p class='ocr_par' dir='ltr' id='par_1_84' title="bbox 2192 2349 3788 2428">
     <span class='ocr_line' id='line_1_84' title="bbox 2192 2349 3788 2428; baseline 0.006 -24"><span class='ocrx_word' id='word_1_715' title='bbox 2192 2349 2385 2416; x_wconf 81' lang='lat' dir='ltr'><strong>Filium</strong></span> <span class='ocrx_word' id='word_1_716' title='bbox 2414 2354 2691 2418; x_wconf 83' lang='lat' dir='ltr'><strong>verissime</strong></span> <span class='ocrx_word' id='word_1_717' title='bbox 2739 2354 2968 2416; x_wconf 81' lang='lat' dir='ltr'><strong>dicimus</strong></span> <span class='ocrx_word' id='word_1_718' title='bbox 3011 2355 3180 2426; x_wconf 84' lang='lat' dir='ltr'><strong>ipsam</strong></span> <span class='ocrx_word' id='word_1_719' title='bbox 3210 2359 3506 2428; x_wconf 85' lang='lat' dir='ltr'><strong>suscepisse</strong></span> <span class='ocrx_word' id='word_1_720' title='bbox 3540 2372 3788 2425; x_wconf 83' lang='lat' dir='ltr'><strong>carnem,</strong></span> 
     </span>
    </p>
   </div>
   <div class='ocr_carea' id='block_1_85' title="bbox 2193 2429 3790 2517">
    <p class='ocr_par' dir='ltr' id='par_1_85' title="bbox 2193 2429 3790 2517">
     <span class='ocr_line' id='line_1_85' title="bbox 2193 2429 3790 2517; baseline 0.008 -21"><span class='ocrx_word' id='word_1_721' title='bbox 2193 2457 2300 2500; x_wconf 93' lang='lat' dir='ltr'><strong>non</strong></span> <span class='ocrx_word' id='word_1_722' title='bbox 2327 2443 2538 2508; x_wconf 86' lang='lat' dir='ltr'><strong>Patrem</strong></span> <span class='ocrx_word' id='word_1_723' title='bbox 2567 2456 2656 2508; x_wconf 85' lang='lat' dir='ltr'><strong>aut</strong></span> <span class='ocrx_word' id='word_1_724' title='bbox 2701 2429 2959 2517; x_wconf 76' lang='lat' dir='ltr'><strong>spiritum</strong></span> <span class='ocrx_word' id='word_1_725' title='bbox 3005 2457 3283 2516; x_wconf 87' lang='lat' dir='ltr'><strong>sanctum;</strong></span> <span class='ocrx_word' id='word_1_726' title='bbox 3325 2458 3380 2505; x_wconf 89' lang='lat' dir='ltr'><strong>et</strong></span> <span class='ocrx_word' id='word_1_727' title='bbox 3421 2459 3596 2510; x_wconf 88' lang='lat' dir='ltr'><strong>tamen</strong></span> <span class='ocrx_word' id='word_1_728' title='bbox 3643 2449 3790 2508; x_wconf 74' lang='lat' dir='ltr'><strong>hanc</strong></span> 
     </span>
    </p>
   </div>
   <div class='ocr_carea' id='block_1_86' title="bbox 2193 2534 3788 2615">
    <p class='ocr_par' dir='ltr' id='par_1_86' title="bbox 2193 2534 3788 2615">
     <span class='ocr_line' id='line_1_86' title="bbox 2193 2534 3788 2615; baseline 0.006 -25"><span class='ocrx_word' id='word_1_729' title='bbox 2193 2534 2612 2594; x_wconf 85' lang='lat' dir='ltr'><strong>incarnationem</strong></span> <span class='ocrx_word' id='word_1_730' title='bbox 2641 2540 2708 2596; x_wconf 91' lang='lat' dir='ltr'><strong>ad</strong></span> <span class='ocrx_word' id='word_1_731' title='bbox 2757 2541 2929 2596; x_wconf 90' lang='lat' dir='ltr'><strong>solum</strong></span> <span class='ocrx_word' id='word_1_732' title='bbox 2978 2541 3171 2600; x_wconf 88' lang='lat' dir='ltr'><strong>Filium</strong></span> <span class='ocrx_word' id='word_1_733' title='bbox 3213 2544 3566 2613; x_wconf 74' lang='lat' dir='ltr'><strong>pertinentem</strong></span> <span class='ocrx_word' id='word_1_734' title='bbox 3589 2586 3606 2612; x_wconf 90' lang='lat'><strong>,</strong></span> <span class='ocrx_word' id='word_1_735' title='bbox 3635 2546 3788 2615; x_wconf 79' lang='lat' dir='ltr'><strong>quis-</strong></span> 
     </span>
    </p>
   </div>
   <div class='ocr_carea' id='block_1_87' title="bbox 2189 2629 3784 2708">
    <p class='ocr_par' dir='ltr' id='par_1_87' title="bbox 2189 2629 3784 2708">
     <span class='ocr_line' id='line_1_87' title="bbox 2189 2629 3784 2708; baseline 0.006 -24"><span class='ocrx_word' id='word_1_736' title='bbox 2189 2629 2310 2701; x_wconf 84' lang='lat' dir='ltr'><strong>quis</strong></span> <span class='ocrx_word' id='word_1_737' title='bbox 2339 2642 2493 2702; x_wconf 80' lang='lat' dir='ltr'><strong>negat</strong></span> <span class='ocrx_word' id='word_1_738' title='bbox 2520 2642 2861 2703; x_wconf 84' lang='lat' dir='ltr'><strong>coeperatum</strong></span> <span class='ocrx_word' id='word_1_739' title='bbox 2878 2635 3087 2692; x_wconf 83' lang='lat' dir='ltr'><strong>Patrem</strong></span> <span class='ocrx_word' id='word_1_740' title='bbox 3112 2646 3204 2692; x_wconf 90' lang='lat' dir='ltr'><strong>aut</strong></span> <span class='ocrx_word' id='word_1_741' title='bbox 3234 2636 3489 2708; x_wconf 82' lang='lat' dir='ltr'><strong>Spiritum</strong></span> <span class='ocrx_word' id='word_1_742' title='bbox 3514 2646 3784 2705; x_wconf 86' lang='lat' dir='ltr'><strong>sanetum,</strong></span> 
     </span>
    </p>
   </div>
   <div class='ocr_carea' id='block_1_88' title="bbox 2191 2727 3789 2797">
    <p class='ocr_par' dir='ltr' id='par_1_88' title="bbox 2191 2727 3789 2797">
     <span class='ocr_line' id='line_1_88' title="bbox 2191 2727 3789 2797; baseline 0.004 -17"><span class='ocrx_word' id='word_1_743' title='bbox 2191 2739 2297 2788; x_wconf 88' lang='lat' dir='ltr'><strong>non</strong></span> <span class='ocrx_word' id='word_1_744' title='bbox 2336 2733 2480 2782; x_wconf 85' lang='lat' dir='ltr'><strong>recte</strong></span> <span class='ocrx_word' id='word_1_745' title='bbox 2512 2727 2667 2797; x_wconf 80' lang='lat' dir='ltr'><strong>sapit.</strong></span> <span class='ocrx_word' id='word_1_746' title='bbox 2698 2728 2829 2790; x_wconf 81' lang='lat' dir='ltr'><strong>Item</strong></span> <span class='ocrx_word' id='word_1_747' title='bbox 2857 2728 3084 2786; x_wconf 88' lang='lat' dir='ltr'><strong>dicimus</strong></span> <span class='ocrx_word' id='word_1_748' title='bbox 3106 2769 3122 2796; x_wconf 90' lang='lat'><strong>,</strong></span> <span class='ocrx_word' id='word_1_749' title='bbox 3150 2745 3251 2792; x_wconf 83' lang='lat' dir='ltr'><strong>nec</strong></span> <span class='ocrx_word' id='word_1_750' title='bbox 3298 2731 3539 2797; x_wconf 85' lang='lat' dir='ltr'><strong>Patrem,</strong></span> <span class='ocrx_word' id='word_1_751' title='bbox 3569 2747 3668 2787; x_wconf 81' lang='lat' dir='ltr'><strong>nec</strong></span> <span class='ocrx_word' id='word_1_752' title='bbox 3694 2729 3789 2787; x_wconf 78' lang='lat' dir='ltr'><strong>Fi-</strong></span> 
     </span>
    </p>
   </div>
   <div class='ocr_carea' id='block_1_89' title="bbox 2188 2812 3784 2890">
    <p class='ocr_par' dir='ltr' id='par_1_89' title="bbox 2188 2812 3784 2890">
     <span class='ocr_line' id='line_1_89' title="bbox 2188 2812 3784 2890; baseline 0.008 -22"><span class='ocrx_word' id='word_1_753' title='bbox 2188 2812 2352 2884; x_wconf 90' lang='lat' dir='ltr'><strong>lium,</strong></span> <span class='ocrx_word' id='word_1_754' title='bbox 2382 2815 2476 2871; x_wconf 90' lang='lat' dir='ltr'><strong>sed</strong></span> <span class='ocrx_word' id='word_1_755' title='bbox 2521 2819 2692 2873; x_wconf 84' lang='lat' dir='ltr'><strong>solum</strong></span> <span class='ocrx_word' id='word_1_756' title='bbox 2738 2819 2992 2890; x_wconf 89' lang='lat' dir='ltr'><strong>Spiritum</strong></span> <span class='ocrx_word' id='word_1_757' title='bbox 3038 2829 3313 2890; x_wconf 84' lang='lat' dir='ltr'><strong>sanctum,</strong></span> <span class='ocrx_word' id='word_1_758' title='bbox 3340 2829 3396 2880; x_wconf 85' lang='lat' dir='ltr'><strong>et</strong></span> <span class='ocrx_word' id='word_1_759' title='bbox 3422 2823 3476 2878; x_wconf 92' lang='lat' dir='ltr'><strong>in</strong></span> <span class='ocrx_word' id='word_1_760' title='bbox 3514 2821 3784 2880; x_wconf 67' lang='lat' dir='ltr'><strong>columba</strong></span> 
     </span>
    </p>
   </div>
   <div class='ocr_carea' id='block_1_90' title="bbox 2189 2908 3783 2987">
    <p class='ocr_par' dir='ltr' id='par_1_90' title="bbox 2189 2908 3783 2987">
     <span class='ocr_line' id='line_1_90' title="bbox 2189 2908 3783 2987; baseline 0.006 -25"><span class='ocrx_word' id='word_1_761' title='bbox 2189 2908 2399 2979; x_wconf 89' lang='lat' dir='ltr'><strong>specie,</strong></span> <span class='ocrx_word' id='word_1_762' title='bbox 2423 2918 2477 2966; x_wconf 88' lang='lat' dir='ltr'><strong>et</strong></span> <span class='ocrx_word' id='word_1_763' title='bbox 2518 2909 2569 2963; x_wconf 90' lang='lat' dir='ltr'><strong>in</strong></span> <span class='ocrx_word' id='word_1_764' title='bbox 2598 2912 2789 2981; x_wconf 82' lang='lat' dir='ltr'><strong>linguis</strong></span> <span class='ocrx_word' id='word_1_765' title='bbox 2817 2913 2962 2978; x_wconf 82' lang='lat' dir='ltr'><strong>velut</strong></span> <span class='ocrx_word' id='word_1_766' title='bbox 3007 2913 3177 2984; x_wconf 86' lang='lat' dir='ltr'><strong>igneis</strong></span> <span class='ocrx_word' id='word_1_767' title='bbox 3217 2914 3556 2987; x_wconf 84' lang='lat' dir='ltr'><strong>apparuisse,</strong></span> <span class='ocrx_word' id='word_1_768' title='bbox 3583 2923 3638 2978; x_wconf 84' lang='lat' dir='ltr'><strong>et</strong></span> <span class='ocrx_word' id='word_1_769' title='bbox 3681 2914 3783 2971; x_wconf 87' lang='lat' dir='ltr'><strong>de-</strong></span> 
     </span>
    </p>
   </div>
   <div class='ocr_carea' id='block_1_91' title="bbox 2187 2997 3784 3077">
    <p class='ocr_par' dir='ltr' id='par_1_91' title="bbox 2187 2997 3784 3077">
     <span class='ocr_line' id='line_1_91' title="bbox 2187 2997 3784 3077; baseline 0.006 -24"><span class='ocrx_word' id='word_1_770' title='bbox 2187 2997 2330 3064; x_wconf 83' lang='lat' dir='ltr'><strong>disse</strong></span> <span class='ocrx_word' id='word_1_771' title='bbox 2359 3002 2702 3072; x_wconf 86' lang='lat' dir='ltr'><strong>pronuntiare</strong></span> <span class='ocrx_word' id='word_1_772' title='bbox 2746 3005 2848 3061; x_wconf 87' lang='lat' dir='ltr'><strong>illis</strong></span> <span class='ocrx_word' id='word_1_773' title='bbox 2873 3005 2927 3060; x_wconf 87' lang='lat' dir='ltr'><strong>in</strong></span> <span class='ocrx_word' id='word_1_774' title='bbox 2951 3020 3086 3077; x_wconf 81' lang='lat' dir='ltr'><strong>quos</strong></span> <span class='ocrx_word' id='word_1_775' title='bbox 3105 3013 3358 3074; x_wconf 81' lang='lat' dir='ltr'><strong>venerat,</strong></span> <span class='ocrx_word' id='word_1_776' title='bbox 3389 3007 3570 3064; x_wconf 91' lang='lat' dir='ltr'><strong>multis</strong></span> <span class='ocrx_word' id='word_1_777' title='bbox 3603 3015 3660 3064; x_wconf 89' lang='lat' dir='ltr'><strong>et</strong></span> <span class='ocrx_word' id='word_1_778' title='bbox 3686 3021 3784 3063; x_wconf 82' lang='lat' dir='ltr'><strong>va-</strong></span> 
     </span>
    </p>
   </div>
   <div class='ocr_carea' id='block_1_92' title="bbox 2185 3083 3780 3169">
    <p class='ocr_par' dir='ltr' id='par_1_92' title="bbox 2185 3083 3780 3169">
     <span class='ocr_line' id='line_1_92' title="bbox 2185 3083 3780 3169; baseline 0.006 -25"><span class='ocrx_word' id='word_1_779' title='bbox 2185 3085 2279 3145; x_wconf 89' lang='lat' dir='ltr'><strong>riis</strong></span> <span class='ocrx_word' id='word_1_780' title='bbox 2304 3083 2495 3164; x_wconf 75' lang='lat' dir='ltr'><strong>linguis</strong></span> <span class='ocrx_word' id='word_1_781' title='bbox 2520 3095 2782 3167; x_wconf 83' lang='lat' dir='ltr'><strong>magnalia</strong></span> <span class='ocrx_word' id='word_1_782' title='bbox 2804 3096 2898 3150; x_wconf 87' lang='lat' dir='ltr'><strong>Dei</strong></span> <span class='ocrx_word' id='word_1_783' title='bbox 2923 3095 3032 3169; x_wconf 87' lang='lat' dir='ltr'><strong>(Id.</strong></span> <span class='ocrx_word' id='word_1_784' title='bbox 3059 3112 3113 3154; x_wconf 86' lang='lat' dir='ltr'><strong>ut</strong></span> <span class='ocrx_word' id='word_1_785' title='bbox 3131 3139 3146 3165; x_wconf 94' lang='lat'><strong>,</strong></span> <span class='ocrx_word' id='word_1_786' title='bbox 3177 3097 3265 3166; x_wconf 86' lang='grc'><strong>16,</strong></span> <span class='ocrx_word' id='word_1_787' title='bbox 3288 3107 3335 3154; x_wconf 83' lang='lat' dir='ltr'><strong>et</strong></span> <span class='ocrx_word' id='word_1_788' title='bbox 3355 3098 3473 3162; x_wconf 75' lang='lat' dir='ltr'><strong>Act.</strong></span> <span class='ocrx_word' id='word_1_789' title='bbox 3493 3115 3532 3154; x_wconf 85' lang='grc' dir='ltr'><strong><em>ιι</em></strong></span> <span class='ocrx_word' id='word_1_790' title='bbox 3549 3140 3564 3166; x_wconf 89' lang='grc'>,</span> <span class='ocrx_word' id='word_1_791' title='bbox 3595 3099 3651 3168; x_wconf 81' lang='lat'><strong>&#39;5,</strong></span> <span class='ocrx_word' id='word_1_792' title='bbox 3679 3098 3736 3169; x_wconf 74' lang='grc'><strong>4)</strong></span> <span class='ocrx_word' id='word_1_793' title='bbox 3760 3116 3780 3153; x_wconf 92' lang='lat'><strong>:</strong></span> 
     </span>
    </p>
   </div>
   <div class='ocr_carea' id='block_1_93' title="bbox 2185 3185 3780 3262">
    <p class='ocr_par' dir='ltr' id='par_1_93' title="bbox 2185 3185 3780 3262">
     <span class='ocr_line' id='line_1_93' title="bbox 2185 3185 3780 3262; baseline 0.008 -26"><span class='ocrx_word' id='word_1_794' title='bbox 2185 3196 2215 3236; x_wconf 94' lang='lat' dir='ltr'><strong>a</strong></span> <span class='ocrx_word' id='word_1_795' title='bbox 2255 3199 2361 3258; x_wconf 90' lang='lat' dir='ltr'><strong>quo</strong></span> <span class='ocrx_word' id='word_1_796' title='bbox 2404 3194 2581 3242; x_wconf 88' lang='lat' dir='ltr'><strong>tamen</strong></span> <span class='ocrx_word' id='word_1_797' title='bbox 2618 3187 2873 3252; x_wconf 84' lang='lat' dir='ltr'><strong>miraculo</strong></span> <span class='ocrx_word' id='word_1_798' title='bbox 2915 3185 2982 3245; x_wconf 91' lang='lat' dir='ltr'><strong>ad</strong></span> <span class='ocrx_word' id='word_1_799' title='bbox 3011 3190 3184 3258; x_wconf 83' lang='lat' dir='ltr'><strong>solum</strong></span> <span class='ocrx_word' id='word_1_800' title='bbox 3236 3191 3492 3262; x_wconf 86' lang='lat' dir='ltr'><strong>Spiritum</strong></span> <span class='ocrx_word' id='word_1_801' title='bbox 3533 3199 3780 3248; x_wconf 88' lang='lat' dir='ltr'><strong>sanctum</strong></span> 
     </span>
    </p>
   </div>
   <div class='ocr_carea' id='block_1_94' title="bbox 2185 3276 3781 3356">
    <p class='ocr_par' dir='ltr' id='par_1_94' title="bbox 2185 3276 3781 3356">
     <span class='ocr_line' id='line_1_94' title="bbox 2185 3276 3781 3356; baseline 0.008 -27"><span class='ocrx_word' id='word_1_802' title='bbox 2185 3276 2518 3345; x_wconf 83' lang='lat' dir='ltr'><strong>pertinente,</strong></span> <span class='ocrx_word' id='word_1_803' title='bbox 2551 3281 2982 3350; x_wconf 85' lang='lat' dir='ltr'><strong>cooperationem</strong></span> <span class='ocrx_word' id='word_1_804' title='bbox 3021 3282 3194 3350; x_wconf 84' lang='lat' dir='ltr'><strong>Patris</strong></span> <span class='ocrx_word' id='word_1_805' title='bbox 3227 3293 3282 3340; x_wconf 90' lang='lat' dir='ltr'><strong>et</strong></span> <span class='ocrx_word' id='word_1_806' title='bbox 3319 3283 3480 3340; x_wconf 81' lang='lat' dir='ltr'><strong>Verbi</strong></span> <span class='ocrx_word' id='word_1_807' title='bbox 3522 3284 3781 3356; x_wconf 86' lang='lat' dir='ltr'><strong>unigeniti</strong></span> 
     </span>
    </p>
   </div>
   <div class='ocr_carea' id='block_1_95' title="bbox 2183 3369 3780 3450">
    <p class='ocr_par' dir='ltr' id='par_1_95' title="bbox 2183 3369 3780 3450">
     <span class='ocr_line' id='line_1_95' title="bbox 2183 3369 3780 3450; baseline 0.006 -25"><span class='ocrx_word' id='word_1_808' title='bbox 2183 3383 2434 3442; x_wconf 89' lang='lat' dir='ltr'><strong>separare</strong></span> <span class='ocrx_word' id='word_1_809' title='bbox 2462 3389 2571 3430; x_wconf 92' lang='lat' dir='ltr'><strong>non</strong></span> <span class='ocrx_word' id='word_1_810' title='bbox 2623 3389 2925 3446; x_wconf 85' lang='lat' dir='ltr'><strong>possumus.</strong></span> <span class='ocrx_word' id='word_1_811' title='bbox 2973 3369 3050 3433; x_wconf 86' lang='lat' dir='ltr'><strong>ita</strong></span> <span class='ocrx_word' id='word_1_812' title='bbox 3095 3378 3426 3450; x_wconf 83' lang='lat' dir='ltr'><strong>singulorum</strong></span> <span class='ocrx_word' id='word_1_813' title='bbox 3455 3394 3668 3450; x_wconf 89' lang='lat' dir='ltr'><strong>quoque</strong></span> <span class='ocrx_word' id='word_1_814' title='bbox 3719 3379 3780 3435; x_wconf 86' lang='lat' dir='ltr'><strong>in</strong></span> 
     </span>
    </p>
   </div>
   <div class='ocr_carea' id='block_1_96' title="bbox 2183 3463 3781 3543">
    <p class='ocr_par' dir='ltr' id='par_1_96' title="bbox 2183 3463 3781 3543">
     <span class='ocr_line' id='line_1_96' title="bbox 2183 3463 3781 3543; baseline 0.005 -23"><span class='ocrx_word' id='word_1_815' title='bbox 2183 3463 2442 3522; x_wconf 87' lang='lat' dir='ltr'><strong>Trinitate</strong></span> <span class='ocrx_word' id='word_1_816' title='bbox 2468 3483 2630 3540; x_wconf 89' lang='lat' dir='ltr'><strong>opera</strong></span> <span class='ocrx_word' id='word_1_817' title='bbox 2661 3469 2893 3526; x_wconf 87' lang='lat' dir='ltr'><strong>Trinitas</strong></span> <span class='ocrx_word' id='word_1_818' title='bbox 2927 3480 3197 3542; x_wconf 88' lang='lat' dir='ltr'><strong>operatur,</strong></span> <span class='ocrx_word' id='word_1_819' title='bbox 3227 3473 3510 3543; x_wconf 87' lang='lat' dir='ltr'><strong>unicuique</strong></span> <span class='ocrx_word' id='word_1_820' title='bbox 3533 3471 3781 3543; x_wconf 83' lang='lat' dir='ltr'><strong>aperanti</strong></span> 
     </span>
    </p>
   </div>
   <div class='ocr_carea' id='block_1_97' title="bbox 2183 3561 3778 3634">
    <p class='ocr_par' dir='ltr' id='par_1_97' title="bbox 2183 3561 3778 3634">
     <span class='ocr_line' id='line_1_97' title="bbox 2183 3561 3778 3634; baseline 0.003 -19"><span class='ocrx_word' id='word_1_821' title='bbox 2183 3562 2594 3632; x_wconf 82' lang='lat' dir='ltr'><strong>oooperantibus</strong></span> <span class='ocrx_word' id='word_1_822' title='bbox 2631 3561 2856 3632; x_wconf 91' lang='lat' dir='ltr'><strong>duobus,</strong></span> <span class='ocrx_word' id='word_1_823' title='bbox 2884 3564 3234 3620; x_wconf 89' lang='lat' dir='ltr'><strong>conveniente</strong></span> <span class='ocrx_word' id='word_1_824' title='bbox 3273 3565 3326 3620; x_wconf 93' lang='lat' dir='ltr'><strong>in</strong></span> <span class='ocrx_word' id='word_1_825' title='bbox 3375 3564 3544 3620; x_wconf 83' lang='lat' dir='ltr'><strong>tribus</strong></span> <span class='ocrx_word' id='word_1_826' title='bbox 3578 3563 3778 3634; x_wconf 84' lang='lat' dir='ltr'><strong>agendi</strong></span> 
     </span>
    </p>
   </div>
   <div class='ocr_carea' id='block_1_98' title="bbox 2181 3652 3774 3726">
    <p class='ocr_par' dir='ltr' id='par_1_98' title="bbox 2181 3652 3774 3726">
     <span class='ocr_line' id='line_1_98' title="bbox 2181 3652 3774 3726; baseline 0.002 -19"><span class='ocrx_word' id='word_1_827' title='bbox 2181 3652 2485 3719; x_wconf 88' lang='lat' dir='ltr'><strong>concordia,</strong></span> <span class='ocrx_word' id='word_1_828' title='bbox 2513 3669 2619 3709; x_wconf 91' lang='lat' dir='ltr'><strong>non</strong></span> <span class='ocrx_word' id='word_1_829' title='bbox 2651 3655 2704 3718; x_wconf 89' lang='lat' dir='ltr'><strong>in</strong></span> <span class='ocrx_word' id='word_1_830' title='bbox 2734 3669 2840 3710; x_wconf 90' lang='lat' dir='ltr'><strong>uno</strong></span> <span class='ocrx_word' id='word_1_831' title='bbox 2879 3653 3161 3712; x_wconf 86' lang='lat' dir='ltr'><strong>deﬁciente</strong></span> <span class='ocrx_word' id='word_1_832' title='bbox 3189 3654 3426 3724; x_wconf 78' lang='lat' dir='ltr'><strong>efﬁcacia</strong></span> <span class='ocrx_word' id='word_1_833' title='bbox 3457 3653 3774 3726; x_wconf 75' lang='lat' dir='ltr'><strong>peragendi.</strong></span> 
     </span>
    </p>
   </div>
   <div class='ocr_carea' id='block_1_99' title="bbox 2181 3744 3776 3818">
    <p class='ocr_par' dir='ltr' id='par_1_99' title="bbox 2181 3744 3776 3818">
     <span class='ocr_line' id='line_1_99' title="bbox 2181 3744 3776 3818; baseline 0.001 -18"><span class='ocrx_word' id='word_1_834' title='bbox 2181 3744 2309 3812; x_wconf 71' lang='lat' dir='ltr'><strong>Qua:</strong></span> <span class='ocrx_word' id='word_1_835' title='bbox 2337 3760 2458 3801; x_wconf 85' lang='lat' dir='ltr'><strong>cum</strong></span> <span class='ocrx_word' id='word_1_836' title='bbox 2511 3745 2583 3801; x_wconf 90' lang='lat' dir='ltr'><strong>ita</strong></span> <span class='ocrx_word' id='word_1_837' title='bbox 2612 3746 2750 3811; x_wconf 90' lang='lat' dir='ltr'><strong>sint,</strong></span> <span class='ocrx_word' id='word_1_838' title='bbox 2779 3745 2902 3802; x_wconf 85' lang='lat' dir='ltr'><strong>hinc</strong></span> <span class='ocrx_word' id='word_1_839' title='bbox 2943 3756 3026 3810; x_wconf 87' lang='lat' dir='ltr'><strong>est</strong></span> <span class='ocrx_word' id='word_1_840' title='bbox 3064 3746 3205 3818; x_wconf 83' lang='lat' dir='ltr'><strong>quod</strong></span> <span class='ocrx_word' id='word_1_841' title='bbox 3235 3747 3494 3806; x_wconf 83' lang='lat' dir='ltr'><strong>Dominus</strong></span> <span class='ocrx_word' id='word_1_842' title='bbox 3532 3745 3686 3801; x_wconf 85' lang='lat' dir='ltr'><strong>Jesus</strong></span> <span class='ocrx_word' id='word_1_843' title='bbox 3716 3745 3776 3802; x_wconf 89' lang='lat' dir='ltr'><strong>in</strong></span> 
     </span>
    </p>
   </div>
   <div class='ocr_carea' id='block_1_100' title="bbox 2179 3837 3775 3913">
    <p class='ocr_par' dir='ltr' id='par_1_100' title="bbox 2179 3837 3775 3913">
     <span class='ocr_line' id='line_1_100' title="bbox 2179 3837 3775 3913; baseline 0.001 -19"><span class='ocrx_word' id='word_1_844' title='bbox 2179 3837 2380 3909; x_wconf 87' lang='lat' dir='ltr'><strong>Spiritu</strong></span> <span class='ocrx_word' id='word_1_845' title='bbox 2423 3846 2608 3896; x_wconf 88' lang='lat' dir='ltr'><strong>sancto</strong></span> <span class='ocrx_word' id='word_1_846' title='bbox 2635 3839 2907 3897; x_wconf 59' lang='lat' dir='ltr'><strong>daemones</strong></span> <span class='ocrx_word' id='word_1_847' title='bbox 2926 3840 3089 3913; x_wconf 82' lang='lat' dir='ltr'><strong>ejicit.</strong></span> <span class='ocrx_word' id='word_1_848' title='bbox 3116 3840 3300 3911; x_wconf 88' lang='lat' dir='ltr'><strong>Neque</strong></span> <span class='ocrx_word' id='word_1_849' title='bbox 3347 3841 3489 3896; x_wconf 89' lang='lat' dir='ltr'><strong>enim</strong></span> <span class='ocrx_word' id='word_1_850' title='bbox 3527 3848 3582 3896; x_wconf 89' lang='lat' dir='ltr'><strong>et</strong></span> <span class='ocrx_word' id='word_1_851' title='bbox 3624 3839 3775 3895; x_wconf 89' lang='lat' dir='ltr'><strong>solus</strong></span> 
     </span>
    </p>
   </div>
   <div class='ocr_carea' id='block_1_101' title="bbox 2180 3931 3773 4004">
    <p class='ocr_par' dir='ltr' id='par_1_101' title="bbox 2180 3931 3773 4004">
     <span class='ocr_line' id='line_1_101' title="bbox 2180 3931 3773 4004; baseline 0.001 -19"><span class='ocrx_word' id='word_1_852' title='bbox 2180 3931 2284 3987; x_wconf 84' lang='lat' dir='ltr'><strong>hoc</strong></span> <span class='ocrx_word' id='word_1_853' title='bbox 2337 3933 2563 4003; x_wconf 88' lang='lat' dir='ltr'><strong>implere</strong></span> <span class='ocrx_word' id='word_1_854' title='bbox 2607 3947 2714 3988; x_wconf 93' lang='lat' dir='ltr'><strong>non</strong></span> <span class='ocrx_word' id='word_1_855' title='bbox 2772 3941 3010 4004; x_wconf 86' lang='lat' dir='ltr'><strong>poterat,</strong></span> <span class='ocrx_word' id='word_1_856' title='bbox 3046 3943 3206 4004; x_wconf 87' lang='lat' dir='ltr'><strong>atque</strong></span> <span class='ocrx_word' id='word_1_857' title='bbox 3261 3933 3393 3992; x_wconf 85' lang='lat' dir='ltr'><strong>illud</strong></span> <span class='ocrx_word' id='word_1_858' title='bbox 3441 3932 3773 4004; x_wconf 79' lang='lat' dir='ltr'><strong>adjutorium</strong></span> 
     </span>
    </p>
   </div>
   <div class='ocr_carea' id='block_1_102' title="bbox 2179 4025 3772 4098">
    <p class='ocr_par' dir='ltr' id='par_1_102' title="bbox 2179 4025 3772 4098">
     <span class='ocr_line' id='line_1_102' title="bbox 2179 4025 3772 4098; baseline 0.003 -19"><span class='ocrx_word' id='word_1_859' title='bbox 2179 4031 2431 4096; x_wconf 83' lang='lat' dir='ltr'><strong>tanquam</strong></span> <span class='ocrx_word' id='word_1_860' title='bbox 2475 4025 2599 4081; x_wconf 89' lang='lat' dir='ltr'><strong>huic</strong></span> <span class='ocrx_word' id='word_1_861' title='bbox 2640 4027 2790 4098; x_wconf 83' lang='lat' dir='ltr'><strong>operi</strong></span> <span class='ocrx_word' id='word_1_862' title='bbox 2829 4043 2933 4092; x_wconf 88' lang='lat' dir='ltr'><strong>non</strong></span> <span class='ocrx_word' id='word_1_863' title='bbox 2987 4027 3258 4094; x_wconf 79' lang='lat' dir='ltr'><strong>sufﬁciens</strong></span> <span class='ocrx_word' id='word_1_864' title='bbox 3299 4027 3630 4093; x_wconf 85' lang='lat' dir='ltr'><strong>assumebat;</strong></span> <span class='ocrx_word' id='word_1_865' title='bbox 3673 4025 3772 4084; x_wconf 87' lang='lat' dir='ltr'><strong>sed</strong></span> 
     </span>
    </p>
   </div>
   <div class='ocr_carea' id='block_1_103' title="bbox 2178 4116 3773 4196">
    <p class='ocr_par' dir='ltr' id='par_1_103' title="bbox 2178 4116 3773 4196">
     <span class='ocr_line' id='line_1_103' title="bbox 2178 4116 3773 4196; baseline 0.004 -26"><span class='ocrx_word' id='word_1_866' title='bbox 2178 4116 2422 4196; x_wconf 86' lang='lat' dir='ltr'><strong>spiritum</strong></span> <span class='ocrx_word' id='word_1_867' title='bbox 2451 4116 2680 4190; x_wconf 80' lang='lat' dir='ltr'><strong>divisum</strong></span> <span class='ocrx_word' id='word_1_868' title='bbox 2698 4120 2749 4174; x_wconf 90' lang='lat' dir='ltr'><strong>in</strong></span> <span class='ocrx_word' id='word_1_869' title='bbox 2775 4119 3120 4190; x_wconf 71' lang='lat' dir='ltr'><strong>sanetipsum</strong></span> <span class='ocrx_word' id='word_1_870' title='bbox 3139 4161 3156 4189; x_wconf 91' lang='lat'><strong>,</strong></span> <span class='ocrx_word' id='word_1_871' title='bbox 3189 4135 3255 4178; x_wconf 86' lang='lat' dir='ltr'><strong>eo</strong></span> <span class='ocrx_word' id='word_1_872' title='bbox 3279 4120 3482 4192; x_wconf 84' lang='lat' dir='ltr'><strong>Spiritu</strong></span> <span class='ocrx_word' id='word_1_873' title='bbox 3505 4135 3773 4193; x_wconf 82' lang='lat' dir='ltr'><strong>congrue-</strong></span> 
     </span>
    </p>
   </div>
   <div class='ocr_carea' id='block_1_104' title="bbox 2176 4205 3772 4282">
    <p class='ocr_par' dir='ltr' id='par_1_104' title="bbox 2176 4205 3772 4282">
     <span class='ocr_line' id='line_1_104' title="bbox 2176 4205 3772 4282; baseline 0.003 -20"><span class='ocrx_word' id='word_1_874' title='bbox 2176 4205 2268 4264; x_wconf 90' lang='lat' dir='ltr'><strong>bat</strong></span> <span class='ocrx_word' id='word_1_875' title='bbox 2293 4207 2485 4279; x_wconf 80' lang='lat' dir='ltr'><strong>expelli</strong></span> <span class='ocrx_word' id='word_1_876' title='bbox 2505 4250 2520 4273; x_wconf 85' lang='lat'><strong>,</strong></span> <span class='ocrx_word' id='word_1_877' title='bbox 2540 4224 2698 4282; x_wconf 85' lang='lat' dir='ltr'><strong>quem</strong></span> <span class='ocrx_word' id='word_1_878' title='bbox 2723 4209 2883 4267; x_wconf 88' lang='lat' dir='ltr'><strong>Pater</strong></span> <span class='ocrx_word' id='word_1_879' title='bbox 2910 4219 2964 4267; x_wconf 82' lang='lat' dir='ltr'><strong>et</strong></span> <span class='ocrx_word' id='word_1_880' title='bbox 2985 4211 3154 4268; x_wconf 88' lang='lat' dir='ltr'><strong>Filius</strong></span> <span class='ocrx_word' id='word_1_881' title='bbox 3177 4227 3282 4278; x_wconf 84' lang='lat' dir='ltr'><strong>non</strong></span> <span class='ocrx_word' id='word_1_882' title='bbox 3306 4211 3460 4269; x_wconf 89' lang='lat' dir='ltr'><strong>divisi</strong></span> <span class='ocrx_word' id='word_1_883' title='bbox 3487 4213 3541 4268; x_wconf 89' lang='lat' dir='ltr'><strong>in</strong></span> <span class='ocrx_word' id='word_1_884' title='bbox 3569 4220 3772 4271; x_wconf 76' lang='lat' dir='ltr'><strong>semet~</strong></span> 
     </span>
    </p>
   </div>
   <div class='ocr_carea' id='block_1_105' title="bbox 2176 4298 2932 4370">
    <p class='ocr_par' dir='ltr' id='par_1_105' title="bbox 2176 4298 2932 4370">
     <span class='ocr_line' id='line_1_105' title="bbox 2176 4298 2932 4370; baseline 0.005 -16"><span class='ocrx_word' id='word_1_885' title='bbox 2176 4298 2306 4370; x_wconf 89' lang='lat' dir='ltr'><strong>ipsis</strong></span> <span class='ocrx_word' id='word_1_886' title='bbox 2335 4302 2692 4362; x_wconf 88' lang='lat' dir='ltr'><strong>communiter</strong></span> <span class='ocrx_word' id='word_1_887' title='bbox 2716 4303 2932 4366; x_wconf 88' lang='lat' dir='ltr'><strong>habent.</strong></span> 
     </span>
    </p>
   </div>
   <div class='ocr_carea' id='block_1_106' title="bbox 2246 4392 3762 4462">
    <p class='ocr_par' dir='ltr' id='par_1_106' title="bbox 2246 4392 3762 4462">
     <span class='ocr_line' id='line_1_106' title="bbox 2246 4392 3762 4462; baseline -0.001 -12"><span class='ocrx_word' id='word_1_888' title='bbox 2246 4392 2472 4462; x_wconf 82' lang='lat' dir='ltr'><strong>CAPUT</strong></span> <span class='ocrx_word' id='word_1_889' title='bbox 2510 4394 2672 4452; x_wconf 81' lang='lat' dir='ltr'><strong>XVII.</strong></span> <span class='ocrx_word' id='word_1_890' title='bbox 2703 4426 2775 4438; x_wconf 89' lang='lat'><strong>-—</strong></span> <span class='ocrx_word' id='word_1_891' title='bbox 2797 4397 2887 4462; x_wconf 75' lang='lat'><strong>28.</strong></span> <span class='ocrx_word' id='word_1_892' title='bbox 2921 4397 3140 4454; x_wconf 85' lang='lat' dir='ltr'><strong>Peccata</strong></span> <span class='ocrx_word' id='word_1_893' title='bbox 3165 4414 3268 4454; x_wconf 82' lang='lat' dir='ltr'><strong>non</strong></span> <span class='ocrx_word' id='word_1_894' title='bbox 3315 4398 3634 4454; x_wconf 59' lang='lat' dir='ltr'><strong>renuntietur</strong></span> <span class='ocrx_word' id='word_1_895' title='bbox 3667 4406 3762 4448; x_wconf 65' lang='lat' dir='ltr'><strong>es-</strong></span> 
     </span>
    </p>
   </div>
   <div class='ocr_carea' id='block_1_107' title="bbox 2176 4481 3765 4560">
    <p class='ocr_par' dir='ltr' id='par_1_107' title="bbox 2176 4481 3765 4560">
     <span class='ocr_line' id='line_1_107' title="bbox 2176 4481 3765 4560; baseline 0.006 -22"><span class='ocrx_word' id='word_1_896' title='bbox 2176 4492 2255 4540; x_wconf 89' lang='lat' dir='ltr'><strong>tra</strong></span> <span class='ocrx_word' id='word_1_897' title='bbox 2300 4483 2601 4544; x_wconf 77' lang='lat' dir='ltr'><strong>Ecclesium.</strong></span> <span class='ocrx_word' id='word_1_898' title='bbox 2657 4487 2747 4544; x_wconf 90' lang='lat' dir='ltr'><strong>Sic</strong></span> <span class='ocrx_word' id='word_1_899' title='bbox 2787 4498 2842 4544; x_wconf 89' lang='lat' dir='ltr'><strong>et</strong></span> <span class='ocrx_word' id='word_1_900' title='bbox 2887 4499 3098 4560; x_wconf 86' lang='lat' dir='ltr'><strong>peccata</strong></span> <span class='ocrx_word' id='word_1_901' title='bbox 3121 4529 3134 4547; x_wconf 84' lang='lat'>,</span> <span class='ocrx_word' id='word_1_902' title='bbox 3167 4490 3287 4552; x_wconf 72' lang='lat' dir='ltr'><strong>quia</strong></span> <span class='ocrx_word' id='word_1_903' title='bbox 3332 4490 3526 4553; x_wconf 62' lang='lat' dir='ltr'><strong>praeter</strong></span> <span class='ocrx_word' id='word_1_904' title='bbox 3569 4481 3765 4539; x_wconf 72' lang='lat' dir='ltr'><strong>E0616-</strong></span> 
     </span>
    </p>
   </div>
   <div class='ocr_carea' id='block_1_108' title="bbox 2174 4577 3762 4648">
    <p class='ocr_par' dir='ltr' id='par_1_108' title="bbox 2174 4577 3762 4648">
     <span class='ocr_line' id='line_1_108' title="bbox 2174 4577 3762 4648; baseline 0 -14"><span class='ocrx_word' id='word_1_905' title='bbox 2174 4579 2308 4636; x_wconf 86' lang='lat' dir='ltr'><strong>siam</strong></span> <span class='ocrx_word' id='word_1_906' title='bbox 2339 4595 2444 4642; x_wconf 86' lang='lat' dir='ltr'><strong>non</strong></span> <span class='ocrx_word' id='word_1_907' title='bbox 2467 4580 2823 4645; x_wconf 90' lang='lat' dir='ltr'><strong>dimittuntur,</strong></span> <span class='ocrx_word' id='word_1_908' title='bbox 2852 4581 2906 4640; x_wconf 87' lang='lat' dir='ltr'><strong>in</strong></span> <span class='ocrx_word' id='word_1_909' title='bbox 2933 4593 2997 4639; x_wconf 87' lang='lat' dir='ltr'><strong>eo</strong></span> <span class='ocrx_word' id='word_1_910' title='bbox 3016 4577 3214 4646; x_wconf 87' lang='lat' dir='ltr'><strong>Spiritu</strong></span> <span class='ocrx_word' id='word_1_911' title='bbox 3238 4577 3430 4642; x_wconf 83' lang='lat' dir='ltr'><strong>dimitti</strong></span> <span class='ocrx_word' id='word_1_912' title='bbox 3458 4577 3762 4648; x_wconf 75' lang='lat' dir='ltr'><strong>oportebat,</strong></span> 
     </span>
    </p>
   </div>
   <div class='ocr_carea' id='block_1_109' title="bbox 2174 4670 3764 4743">
    <p class='ocr_par' dir='ltr' id='par_1_109' title="bbox 2174 4670 3764 4743">
     <span class='ocr_line' id='line_1_109' title="bbox 2174 4670 3764 4743; baseline -0.002 -15"><span class='ocrx_word' id='word_1_913' title='bbox 2174 4687 2281 4743; x_wconf 90' lang='lat' dir='ltr'><strong>quo</strong></span> <span class='ocrx_word' id='word_1_914' title='bbox 2310 4673 2362 4730; x_wconf 92' lang='lat' dir='ltr'><strong>in</strong></span> <span class='ocrx_word' id='word_1_915' title='bbox 2388 4687 2552 4728; x_wconf 91' lang='lat' dir='ltr'><strong>unum</strong></span> <span class='ocrx_word' id='word_1_916' title='bbox 2582 4671 2821 4728; x_wconf 83' lang='lat' dir='ltr'><strong>Ecclesia</strong></span> <span class='ocrx_word' id='word_1_917' title='bbox 2845 4681 3212 4741; x_wconf 81' lang='lat' dir='ltr'><strong>congregatur.</strong></span> <span class='ocrx_word' id='word_1_918' title='bbox 3243 4670 3478 4740; x_wconf 81' lang='lat' dir='ltr'><strong>Denique</strong></span> <span class='ocrx_word' id='word_1_919' title='bbox 3506 4670 3553 4728; x_wconf 88' lang='lat' dir='ltr'><strong>si</strong></span> <span class='ocrx_word' id='word_1_920' title='bbox 3575 4685 3764 4741; x_wconf 86' lang='lat' dir='ltr'><strong>quem-</strong></span> 
     </span>
    </p>
   </div>
   <div class='ocr_carea' id='block_1_110' title="bbox 2173 4761 3800 4834">
    <p class='ocr_par' dir='ltr' id='par_1_110' title="bbox 2173 4761 3800 4834">
     <span class='ocr_line' id='line_1_110' title="bbox 2173 4761 3800 4834; baseline 0.001 -17"><span class='ocrx_word' id='word_1_921' title='bbox 2173 4777 2332 4834; x_wconf 82' lang='lat' dir='ltr'><strong>quam</strong></span> <span class='ocrx_word' id='word_1_922' title='bbox 2363 4772 2510 4820; x_wconf 83' lang='lat' dir='ltr'><strong>extra</strong></span> <span class='ocrx_word' id='word_1_923' title='bbox 2539 4762 2830 4818; x_wconf 79' lang='lat' dir='ltr'><strong>Ecclesiain</strong></span> <span class='ocrx_word' id='word_1_924' title='bbox 2861 4776 3076 4818; x_wconf 88' lang='lat' dir='ltr'><strong>suorum</strong></span> <span class='ocrx_word' id='word_1_925' title='bbox 3107 4761 3359 4830; x_wconf 86' lang='lat' dir='ltr'><strong>poeniteat</strong></span> <span class='ocrx_word' id='word_1_926' title='bbox 3387 4770 3764 4830; x_wconf 77' lang='lat' dir='ltr'><strong>peccator-um,</strong></span> <span class='ocrx_word' id='word_1_927' title='bbox 3797 4793 3800 4797; x_wconf 93' lang='lat'><strong><em>-</em></strong></span> 
     </span>
    </p>
   </div>
   <div class='ocr_carea' id='block_1_111' title="bbox 2174 4852 3766 4926">
    <p class='ocr_par' dir='ltr' id='par_1_111' title="bbox 2174 4852 3766 4926">
     <span class='ocr_line' id='line_1_111' title="bbox 2174 4852 3766 4926; baseline 0.001 -18"><span class='ocrx_word' id='word_1_928' title='bbox 2174 4861 2229 4910; x_wconf 89' lang='lat' dir='ltr'><strong>et</strong></span> <span class='ocrx_word' id='word_1_929' title='bbox 2256 4853 2412 4923; x_wconf 82' lang='lat' dir='ltr'><strong>hujus</strong></span> <span class='ocrx_word' id='word_1_930' title='bbox 2438 4856 2566 4908; x_wconf 90' lang='lat' dir='ltr'><strong>tanti</strong></span> <span class='ocrx_word' id='word_1_931' title='bbox 2597 4853 2801 4926; x_wconf 80' lang='lat' dir='ltr'><strong>peccati</strong></span> <span class='ocrx_word' id='word_1_932' title='bbox 2831 4867 2934 4923; x_wconf 75' lang='lat' dir='ltr'><strong>quo</strong></span> <span class='ocrx_word' id='word_1_933' title='bbox 2961 4852 3168 4912; x_wconf 82' lang='lat' dir='ltr'><strong>alienus</strong></span> <span class='ocrx_word' id='word_1_934' title='bbox 3195 4860 3278 4910; x_wconf 86' lang='lat' dir='ltr'><strong>est</strong></span> <span class='ocrx_word' id='word_1_935' title='bbox 3301 4852 3369 4918; x_wconf 75' lang='lat' dir='ltr'><strong>ab</strong></span> <span class='ocrx_word' id='word_1_936' title='bbox 3405 4852 3641 4915; x_wconf 83' lang='lat' dir='ltr'><strong>Ecclesia</strong></span> <span class='ocrx_word' id='word_1_937' title='bbox 3665 4853 3766 4910; x_wconf 85' lang='lat' dir='ltr'><strong>Dei</strong></span> 
     </span>
    </p>
   </div>
   <div class='ocr_carea' id='block_1_112' title="bbox 2174 4945 3763 5017">
    <p class='ocr_par' dir='ltr' id='par_1_112' title="bbox 2174 4945 3763 5017">
     <span class='ocr_line' id='line_1_112' title="bbox 2174 4945 3763 5017; baseline 0.003 -17"><span class='ocrx_word' id='word_1_938' title='bbox 2174 4959 2268 5010; x_wconf 89' lang='lat' dir='ltr'><strong>cor</strong></span> <span class='ocrx_word' id='word_1_939' title='bbox 2290 4946 2628 5017; x_wconf 73' lang='lat' dir='ltr'><strong>impmnitens</strong></span> <span class='ocrx_word' id='word_1_940' title='bbox 2655 4945 2849 5010; x_wconf 86' lang='lat' dir='ltr'><strong>haheat</strong></span> <span class='ocrx_word' id='word_1_941' title='bbox 2867 4988 2883 5014; x_wconf 91' lang='lat'><strong>,</strong></span> <span class='ocrx_word' id='word_1_942' title='bbox 2915 4945 3040 5016; x_wconf 88' lang='lat' dir='ltr'><strong>quid</strong></span> <span class='ocrx_word' id='word_1_943' title='bbox 3065 4947 3113 5002; x_wconf 89' lang='lat' dir='ltr'><strong>ei</strong></span> <span class='ocrx_word' id='word_1_944' title='bbox 3137 4945 3354 5017; x_wconf 81' lang='lat' dir='ltr'><strong>prodest</strong></span> <span class='ocrx_word' id='word_1_945' title='bbox 3383 4945 3472 5012; x_wconf 86' lang='lat' dir='ltr'><strong>illa</strong></span> <span class='ocrx_word' id='word_1_946' title='bbox 3498 4947 3763 5016; x_wconf 73' lang='lat' dir='ltr'><strong>pmniten-</strong></span> 
     </span>
    </p>
   </div>
   <div class='ocr_carea' id='block_1_113' title="bbox 2174 5035 3766 5108">
    <p class='ocr_par' dir='ltr' id='par_1_113' title="bbox 2174 5035 3766 5108">
     <span class='ocr_line' id='line_1_113' title="bbox 2174 5035 3766 5108; baseline 0.003 -18"><span class='ocrx_word' id='word_1_947' title='bbox 2174 5035 2284 5103; x_wconf 88' lang='lat' dir='ltr'><strong>tia;</strong></span> <span class='ocrx_word' id='word_1_948' title='bbox 2311 5051 2432 5094; x_wconf 91' lang='lat' dir='ltr'><strong>cum</strong></span> <span class='ocrx_word' id='word_1_949' title='bbox 2482 5036 2586 5093; x_wconf 92' lang='lat' dir='ltr'><strong>isto</strong></span> <span class='ocrx_word' id='word_1_950' title='bbox 2646 5037 2762 5096; x_wconf 91' lang='lat' dir='ltr'><strong>solo</strong></span> <span class='ocrx_word' id='word_1_951' title='bbox 2803 5037 3026 5098; x_wconf 84' lang='lat' dir='ltr'><strong>verbum</strong></span> <span class='ocrx_word' id='word_1_952' title='bbox 3069 5036 3210 5104; x_wconf 83' lang='lat' dir='ltr'><strong>dicat</strong></span> <span class='ocrx_word' id='word_1_953' title='bbox 3247 5045 3434 5100; x_wconf 77' lang='lat' dir='ltr'><strong>contra</strong></span> <span class='ocrx_word' id='word_1_954' title='bbox 3499 5036 3766 5108; x_wconf 85' lang='lat' dir='ltr'><strong>Spiritum</strong></span> 
     </span>
    </p>
   </div>
   <div class='ocr_carea' id='block_1_114' title="bbox 2174 5129 3798 5203">
    <p class='ocr_par' dir='ltr' id='par_1_114' title="bbox 2174 5129 3798 5203">
     <span class='ocr_line' id='line_1_114' title="bbox 2174 5129 3798 5203; baseline 0.012 -19"><span class='ocrx_word' id='word_1_955' title='bbox 2174 5139 2440 5200; x_wconf 87' lang='lat' dir='ltr'><strong>sanctum,</strong></span> <span class='ocrx_word' id='word_1_956' title='bbox 2464 5145 2570 5202; x_wconf 84' lang='lat' dir='ltr'><strong>quo</strong></span> <span class='ocrx_word' id='word_1_957' title='bbox 2597 5139 2881 5198; x_wconf 72' lang='lat' dir='ltr'><strong>extraneus</strong></span> <span class='ocrx_word' id='word_1_958' title='bbox 2909 5140 2992 5194; x_wconf 76' lang='lat' dir='ltr'><strong>est</strong></span> <span class='ocrx_word' id='word_1_959' title='bbox 3035 5131 3102 5188; x_wconf 75' lang='lat' dir='ltr'><strong>ab</strong></span> <span class='ocrx_word' id='word_1_960' title='bbox 3122 5129 3381 5200; x_wconf 62' lang='grc' dir='ltr'><strong>Εεϐὶθδίῆ.</strong></span> <span class='ocrx_word' id='word_1_961' title='bbox 3411 5147 3530 5202; x_wconf 67' lang='grc' dir='ltr'><strong>(1υέ</strong></span> <span class='ocrx_word' id='word_1_962' title='bbox 3555 5131 3767 5203; x_wconf 56' lang='lat' dir='ltr'><strong><em>3W</em></strong></span> <span class='ocrx_word' id='word_1_963' title='bbox 3796 5159 3798 5162; x_wconf 76' lang='lat'><strong><em>&#39;</em></strong></span> 
     </span>
    </p>
   </div>
   <div class='ocr_carea' id='block_1_115' title="bbox 2173 5221 3802 5298">
    <p class='ocr_par' dir='ltr' id='par_1_115' title="bbox 2173 5221 3802 5298">
     <span class='ocr_line' id='line_1_115' title="bbox 2173 5221 3802 5298; baseline 0.004 -22"><span class='ocrx_word' id='word_1_964' title='bbox 2173 5221 2278 5282; x_wconf 82' lang='lat' dir='ltr'><strong>hoc</strong></span> <span class='ocrx_word' id='word_1_965' title='bbox 2300 5221 2522 5291; x_wconf 91' lang='lat' dir='ltr'><strong>donum,</strong></span> <span class='ocrx_word' id='word_1_966' title='bbox 2555 5230 2615 5292; x_wconf 85' lang='lat' dir='ltr'><strong>ut</strong></span> <span class='ocrx_word' id='word_1_967' title='bbox 2639 5221 2695 5276; x_wconf 90' lang='lat' dir='ltr'><strong>in</strong></span> <span class='ocrx_word' id='word_1_968' title='bbox 2740 5236 2804 5282; x_wconf 84' lang='lat' dir='ltr'><strong>ea</strong></span> <span class='ocrx_word' id='word_1_969' title='bbox 2839 5222 2891 5290; x_wconf 83' lang='lat' dir='ltr'><strong>in</strong></span> <span class='ocrx_word' id='word_1_970' title='bbox 2918 5221 3116 5294; x_wconf 84' lang='lat' dir='ltr'><strong>Spiritu</strong></span> <span class='ocrx_word' id='word_1_971' title='bbox 3151 5234 3336 5298; x_wconf 77' lang='lat' dir='ltr'><strong>sancto</strong></span> <span class='ocrx_word' id='word_1_972' title='bbox 3376 5223 3472 5290; x_wconf 81' lang='lat' dir='ltr'><strong>ﬁat</strong></span> <span class='ocrx_word' id='word_1_973' title='bbox 3511 5223 3766 5286; x_wconf 68' lang='lat' dir='ltr'><strong>remissio</strong></span> <span class='ocrx_word' id='word_1_974' title='bbox 3799 5257 3802 5260; x_wconf 84' lang='lat'><strong><em>~</em></strong></span> 
     </span>
    </p>
   </div>
   <div class='ocr_carea' id='block_1_116' title="bbox 2174 5314 3762 5391">
    <p class='ocr_par' dir='ltr' id='par_1_116' title="bbox 2174 5314 3762 5391">
     <span class='ocr_line' id='line_1_116' title="bbox 2174 5314 3762 5391; baseline -0.001 -22"><span class='ocrx_word' id='word_1_975' title='bbox 2174 5314 2551 5384; x_wconf 83' lang='lat' dir='ltr'><strong>peccatorum?</strong></span> <span class='ocrx_word' id='word_1_976' title='bbox 2576 5314 2744 5382; x_wconf 84' lang='lat' dir='ltr'><strong>Quam</strong></span> <span class='ocrx_word' id='word_1_977' title='bbox 2766 5314 3134 5370; x_wconf 88' lang='lat' dir='ltr'><strong>remissionem</strong></span> <span class='ocrx_word' id='word_1_978' title='bbox 3175 5330 3294 5370; x_wconf 92' lang='lat' dir='ltr'><strong>cum</strong></span> <span class='ocrx_word' id='word_1_979' title='bbox 3315 5315 3548 5374; x_wconf 81' lang='lat' dir='ltr'><strong>Trinitas</strong></span> <span class='ocrx_word' id='word_1_980' title='bbox 3571 5315 3762 5391; x_wconf 65' lang='lat' dir='ltr'><strong>faciet,</strong></span> 
     </span>
    </p>
   </div>
   <div class='ocr_carea' id='block_1_117' title="bbox 2175 5405 3762 5481">
    <p class='ocr_par' dir='ltr' id='par_1_117' title="bbox 2175 5405 3762 5481">
     <span class='ocr_line' id='line_1_117' title="bbox 2175 5405 3762 5481; baseline -0.003 -21"><span class='ocrx_word' id='word_1_981' title='bbox 2175 5406 2389 5481; x_wconf 80' lang='lat' dir='ltr'><strong>proprie</strong></span> <span class='ocrx_word' id='word_1_982' title='bbox 2415 5414 2591 5478; x_wconf 72' lang='lat' dir='ltr'><strong>tamen</strong></span> <span class='ocrx_word' id='word_1_983' title='bbox 2621 5405 2688 5480; x_wconf 85' lang='lat' dir='ltr'><strong>ad</strong></span> <span class='ocrx_word' id='word_1_984' title='bbox 2716 5406 2971 5478; x_wconf 86' lang='lat' dir='ltr'><strong>Spiritum</strong></span> <span class='ocrx_word' id='word_1_985' title='bbox 3009 5414 3254 5475; x_wconf 75' lang='lat' dir='ltr'><strong>sanctum</strong></span> <span class='ocrx_word' id='word_1_986' title='bbox 3278 5406 3587 5471; x_wconf 73' lang='lat' dir='ltr'><strong>intelligitur</strong></span> <span class='ocrx_word' id='word_1_987' title='bbox 3625 5415 3762 5471; x_wconf 76' lang='lat' dir='ltr'><strong>per-</strong></span> 
     </span>
    </p>
   </div>
   <div class='ocr_carea' id='block_1_118' title="bbox 2173 5489 3767 5572">
    <p class='ocr_par' dir='ltr' id='par_1_118' title="bbox 2173 5489 3767 5572">
     <span class='ocr_line' id='line_1_118' title="bbox 2173 5489 3767 5572; baseline 0.003 -19"><span class='ocrx_word' id='word_1_988' title='bbox 2173 5497 2368 5568; x_wconf 88' lang='lat' dir='ltr'><strong>tinere.</strong></span> <span class='ocrx_word' id='word_1_989' title='bbox 2395 5499 2514 5572; x_wconf 82' lang='lat' dir='ltr'><strong>Ipse</strong></span> <span class='ocrx_word' id='word_1_990' title='bbox 2553 5498 2697 5558; x_wconf 87' lang='lat' dir='ltr'><strong>enim</strong></span> <span class='ocrx_word' id='word_1_991' title='bbox 2721 5506 2804 5554; x_wconf 86' lang='lat' dir='ltr'><strong>est</strong></span> <span class='ocrx_word' id='word_1_992' title='bbox 2826 5495 3056 5563; x_wconf 76' lang='lat' dir='ltr'><strong>Spiritus</strong></span> <span class='ocrx_word' id='word_1_993' title='bbox 3081 5489 3381 5565; x_wconf 78' lang='lat' dir='ltr'><strong>adoptionis</strong></span> <span class='ocrx_word' id='word_1_994' title='bbox 3405 5491 3678 5568; x_wconf 65' lang='lat' dir='ltr'><strong>ﬁliorum.</strong></span> <span class='ocrx_word' id='word_1_995' title='bbox 3702 5491 3767 5557; x_wconf 75' lang='lat' dir='ltr'><strong>il</strong></span> 
     </span>
    </p>
   </div>
   <div class='ocr_carea' id='block_1_119' title="bbox 2235 5679 2834 5752">
    <p class='ocr_par' dir='ltr' id='par_1_119' title="bbox 2235 5679 2834 5752">
     <span class='ocr_line' id='line_1_119' title="bbox 2235 5679 2834 5752; baseline -0.003 -13"><span class='ocrx_word' id='word_1_996' title='bbox 2235 5691 2254 5724; x_wconf 84' lang='grc' dir='ltr'>ι</span> <span class='ocrx_word' id='word_1_997' title='bbox 2277 5679 2466 5752; x_wconf 69' lang='lat' dir='ltr'><strong>Aliquot</strong></span> <span class='ocrx_word' id='word_1_998' title='bbox 2485 5695 2612 5750; x_wconf 67' lang='lat' dir='ltr'><strong>Mss,</strong></span> <span class='ocrx_word' id='word_1_999' title='bbox 2637 5684 2834 5739; x_wconf 76' lang='lat' dir='ltr'><strong>divisus.</strong></span> 
     </span>
    </p>
   </div>
   <div class='ocr_carea' id='block_1_120' title="bbox 2229 5787 2920 5857">
    <p class='ocr_par' dir='ltr' id='par_1_120' title="bbox 2229 5787 2920 5857">
     <span class='ocr_line' id='line_1_120' title="bbox 2229 5787 2920 5857; baseline 0.004 -15"><span class='ocrx_word' id='word_1_1000' title='bbox 2229 5793 2307 5856; x_wconf 80' lang='grc' dir='ltr'><strong>(α)</strong></span> <span class='ocrx_word' id='word_1_1001' title='bbox 2329 5791 2446 5843; x_wconf 76' lang='lat' dir='ltr'><strong>Vide</strong></span> <span class='ocrx_word' id='word_1_1002' title='bbox 2470 5803 2631 5857; x_wconf 82' lang='lat' dir='ltr'><strong>supra,</strong></span> <span class='ocrx_word' id='word_1_1003' title='bbox 2665 5803 2816 5846; x_wconf 72' lang='grc' dir='ltr'><strong>εει-ω.</strong></span> <span class='ocrx_word' id='word_1_1004' title='bbox 2839 5787 2920 5845; x_wconf 70' lang='grc'><strong>32..</strong></span> 
     </span>
    </p>
   </div>
  </div>
