4032 6332
249 322 344 392 Μ

251 455 345 511 quo
368 438 665 503 clamamus,
684 432 844 503 Abba,
869 434 1022 492 Pater
1043 428 1215 505 (Rom.
1239 446 1333 494 vut
1354 476 1368 503 ,
1393 432 1480 506 i5)
1505 451 1517 487 :
1551 444 1606 492 ut
1635 439 1683 494 ei
1703 451 1829 506 pos-

251 532 414 587 simus
441 529 652 598 dicere,
681 527 893 588 Dimitte
938 528 1078 582 nobis
1115 528 1280 584 debita
1307 539 1477 584 nostra
1502 528 1714 600 (Matth.
1746 546 1797 584 Vl
1817 569 1837 596 ,

253 625 357 696 12).
391 623 462 678 Ει
488 624 542 679 in
567 624 661 680 hoc
677 624 1040 694 cognoscimus,
1062 623 1198 678 sicut
1225 623 1352 678 dicit
1372 624 1653 694 Apostolus
1677 625 1839 681 Joan-

254 731 347 771 nes
367 757 382 781 ,
412 716 652 785 quoniam
679 713 906 772 Christus
931 725 1094 769 ntanet
1123 715 1174 768 in
1213 714 1382 780 nobis,
1415 715 1477 768 de
1505 716 1702 784 Spiritu
1726 732 1838 782 suo,

250 823 395 878 quem
424 807 562 864 dedit
607 806 749 862 nobis
779 807 798 876 (
829 805 1024 861 IJoan.
1052 823 1142 872 ιιι,
1164 805 1276 878 24).
1312 806 1431 876 Ipse
1459 807 1681 878 Spiritus
1708 808 1844 862 testi-

253 898 478 973 monium
519 899 684 952 reddit
732 899 933 968 spiritui
979 908 1185 962 nostro,
1232 898 1366 969 quod
1411 915 1581 952 sumus
1624 900 1718 968 ﬁlii
1748 897 1842 954 Dei

253 989 426 1064 (Rom.
453 1006 546 1046 vm
569 1032 583 1056 ,
617 990 728 1061 16).
771 989 851 1048 Ad
893 989 1064 1060 ipsum
1119 990 1260 1046 enim
1317 989 1542 1058 pertinet
1576 989 1804 1042 societas
1825 1029 1840 1054 ,

252 1096 353 1152 qua
399 1081 661 1140 efﬁcimur
707 1097 869 1152 unum
924 1096 1118 1152 corpus
1169 1081 1308 1136 unici
1357 1080 1474 1136 Filii
1529 1081 1640 1136 υυι.
1691 1079 1844 1134 Unde

254 1173 509 1244 scriptum
565 1181 646 1230 est
689 1172 799 1245 :Si
845 1189 944 1244 qua
989 1172 1144 1244 igitur
1192 1173 1472 1227 exhortatio
1517 1174 1567 1225 in
1607 1170 1840 1238 Christo,

262 1263 295 1320 si
348 1262 485 1332 quod
539 1262 775 1328 solatium
827 1263 1083 1324 charitatis
1122 1304 1136 1328 ,
1182 1263 1226 1322 si
1289 1279 1388 1333 qua
1436 1263 1644 1318 societas
1672 1260 1844 1331 Spiri-

255 1351 624 1426 tus(Philipp.
661 1370 730 1428 tt,
757 1355 782 1412 ί
809 1353 850 1426 ).
879 1353 1100 1428 Propter
1130 1352 1264 1407 hanc
1308 1353 1614 1410 societatem
1657 1352 1733 1407 illi
1790 1352 1843 1408 in

253 1460 386 1520 quos
435 1447 681 1520 primitus
727 1447 902 1511 venit,
935 1446 1125 1521 linguis
1165 1445 1398 1500 ninnium
1445 1444 1678 1519 gentium
1724 1451 1846 1498 sunt

251 1536 435 1614 locuti.
464 1537 596 1606 Quia
626 1539 761 1594 sicut
779 1553 874 1612 per
899 1536 1102 1612 linguas
1125 1537 1480 1592 consociatior
1501 1545 1583 1591 cst
1617 1535 1844 1591 societas

249 1630 471 1705 generis
498 1629 712 1690 humani
744 1632 760 1662 ¹
781 1647 796 1696 ;
821 1630 898 1702 sic
927 1630 1206 1700 oportebat
1235 1644 1331 1700 per
1371 1629 1576 1700 linguas
1606 1627 1842 1682 omnium

250 1725 490 1797 gentium
529 1723 814 1798 signiﬁcari
863 1725 1018 1788 istam
1048 1723 1353 1788 societatem
1407 1722 1634 1796 ﬁliorum
1676 1720 1769 1774 Dei
1791 1728 1845 1774 et

255 1815 620 1884 membrorum
666 1815 860 1870 Christi
891 1814 1119 1882 futuram
1164 1815 1216 1868 in
1267 1813 1511 1868 omnibus
1556 1811 1840 1882 gentibus:

258 1917 311 1964 ut
329 1908 778 1980 quemadmodum
823 1917 946 1966 tunc
973 1908 1060 1964 ille
1085 1906 1374 1980 apparebat
1411 1906 1679 1976 accepisse
1725 1903 1843 1975 Spi-

259 1985 418 2056 ritum
444 2010 706 2076 sanctum,
737 2001 826 2074 qui
857 1999 1174 2074 loquebatur
1215 2000 1406 2074 linguis
1451 1999 1844 2068 omniumgen-

263 2098 422 2160 tium;
449 2097 521 2152 ita
568 2110 627 2152 se
676 2110 816 2150 nunc
846 2096 934 2152 ille
985 2102 1238 2166 agnoscat
1276 2094 1547 2164 accepisse
1591 2092 1842 2163 Spiritum

258 2196 531 2250 sanctum,
574 2186 665 2258 qui
711 2194 921 2252 tenetur
950 2185 1161 2242 vinculo
1211 2184 1357 2254 pacis
1391 2184 1679 2249 Ecclesiae,
1726 2196 1843 2252 qum

257 2276 569 2334 diilunditur
612 2280 664 2332 in
703 2278 950 2348 erunibus
978 2277 1242 2348 gentibus.
1274 2276 1424 2332 Unde
1453 2276 1582 2330 dicit
1610 2276 1841 2346 Aposto-

257 2369 337 2426 lus
371 2390 385 2426 :
426 2371 699 2428 Studentes
741 2387 939 2428 servare
979 2370 1218 2438 unitatem
1258 2367 1482 2437 Spiritus
1547 2368 1598 2422 in
1641 2365 1840 2422 vinculo

256 2464 395 2534 pacis
425 2463 640 2534 (Ephes.
672 2479 748 2529 tv,
778 2462 856 2534 '5).

325 2555 555 2615 CAPUT
595 2553 780 2610 XVIII.
809 2584 880 2594 —
906 2553 1000 2608 29.
1033 2552 1256 2625 Spiritus
1294 2562 1493 2608 sanctus
1534 2562 1580 2606 et
1609 2551 1778 2614 Patris
1798 2560 1844 2606 et

252 2641 384 2701 Filii
450 2647 674 2717 Spiritus
737 2655 827 2702 est.
880 2645 1030 2712 Quod
1071 2655 1245 2700 autem
1316 2645 1385 2700 sit
1441 2644 1556 2716 ipse
1617 2643 1845 2714 Spiritus

251 2741 463 2809 Patris,
497 2741 611 2814 ipse
654 2740 820 2818 Filius
863 2741 1023 2808 dicit,
1071 2738 1150 2794 De
1192 2739 1349 2794 Patre
1378 2739 1600 2809 procedit
1649 2737 1838 2809 (Joan.

250 2858 344 2908 xv,
374 2843 467 2915 26)
502 2861 518 2898 :
551 2852 604 2900 et
627 2843 732 2900 alio
763 2843 880 2900 loco
900 2883 916 2909 ,
964 2840 1086 2895 Non
1130 2842 1262 2898 enim
1303 2857 1388 2894 vos
1419 2840 1532 2894 estis
1571 2839 1657 2910 qui
1686 2839 1845 2908 loqui-

252 2936 413 3002 mini,
444 2935 535 3000 sed
575 2934 800 3004 Spiritus
830 2932 1006 2988 Patris
1053 2933 1200 2990 vestri
1227 2933 1312 3002 qui
1361 2932 1577 3001 loquitur
1614 2932 1665 2986 in
1710 2930 1844 2986 vobis

255 3025 472 3096 (Matth.
502 3043 559 3092 ι,
590 3025 706 3097 20).
739 3023 890 3092 Quod
923 3039 1051 3080 vero
1100 3023 1212 3092 ipse
1239 3024 1307 3077 sit
1349 3031 1401 3082 et
1433 3022 1662 3093 Spiritus
1688 3022 1841 3087 Filii,

251 3119 542 3188 Apostolus
567 3119 724 3186 dicit,
750 3115 890 3180 Misit
917 3115 1053 3172 Deus
1076 3115 1326 3185 Spiritum
1350 3114 1474 3170 Filii
1505 3115 1584 3168 sui
1610 3115 1662 3168 in
1690 3113 1846 3167 corda

255 3220 428 3264 nostra
448 3251 464 3276 ,
491 3211 823 3275 clamantem,
853 3208 991 3264 Abba
1011 3248 1025 3271 ,
1090 3207 1245 3262 Pater
1271 3206 1467 3276 (Colat.
1497 3222 1549 3260 tv
1569 3247 1584 3274 ,
1615 3204 1669 3277 6)
1701 3223 1713 3261 :
1747 3204 1846 3260 hoc

254 3312 334 3360 est
358 3345 376 3370 ,
407 3303 642 3360 clamare
678 3302 980 3360 facientem.
1009 3300 1116 3356 Nos
1141 3302 1284 3356 enim
1316 3300 1645 3363 clamamus;
1675 3299 1765 3354 sed
1792 3299 1845 3352 in

255 3394 349 3452 illo
373 3395 474 3467 ,_id
515 3404 626 3462 est,
652 3397 767 3468 ipso
795 3394 1123 3452 ditTundente
1157 3393 1472 3448 charitatem
1519 3393 1572 3448 in
1597 3391 1846 3448 cordibus

251 3490 483 3555 nostris,
515 3489 632 3546 sine
656 3505 760 3560 qua
787 3490 1015 3548 inaniter
1057 3488 1249 3546 clamat
1280 3486 1597 3556 quicumque
1631 3485 1844 3542 clamat.

257 3579 413 3637 Unde
433 3584 560 3637 item
599 3581 728 3636 dicit
759 3600 774 3637 :
809 3580 1046 3651 Quisquis
1068 3589 1236 3640 autem
1262 3579 1514 3648 Spiritum
1540 3576 1724 3632 Christi
1747 3594 1848 3631 non

253 3674 403 3730 habet
421 3718 435 3743 ,
470 3676 552 3729 hic
577 3693 680 3731 non
701 3685 770 3731 est
791 3677 900 3747 ejus
931 3675 949 3745 (
973 3675 1120 3729 Rom.
1153 3690 1278 3740 VIII,
1303 3673 1390 3746 9).
1426 3673 1506 3726 Ad
1534 3687 1692 3742 quem
1721 3686 1848 3743 ergo

254 3766 306 3824 in
330 3767 596 3822 Trinitate
643 3767 855 3839 proprie
896 3767 1188 3836 pertineret
1233 3763 1388 3835 hujus
1416 3763 1722 3818 communio
1762 3777 1850 3818 so-

254 3859 462 3914 cietatis
480 3901 500 3928 ,
545 3859 651 3916 nisi
677 3859 745 3914 ad
765 3876 884 3918 eum
908 3859 1162 3930 Spiritum
1206 3859 1296 3930 qui
1325 3867 1407 3914 est
1437 3857 1580 3912 Patri
1609 3856 1849 3927 Filioque

258 3951 561 4024 communis
583 3951 606 4003 ?

322 4045 418 4100 50.-
477 4043 639 4098 Extra
701 4043 978 4098 Ecclesium
1023 4060 1124 4098 non
1167 4042 1375 4098 habetur
1428 4042 1652 4112 Spiritus
1723 4058 1847 4097 san-

257 4147 381 4193 ctus.
429 4138 583 4194 Hunc
643 4137 900 4208 Spiritum
943 4137 1084 4208 quod
1154 4137 1226 4192 illi
1274 4151 1380 4190 non
1442 4135 1714 4202 habeant,
1760 4133 1852 4204 qui

258 4240 377 4284 sunt
403 4230 472 4284 ab
498 4229 738 4286 Ecclesia
767 4229 1061 4299 segregati,
1089 4223 1564 4296 Judas'apostolus
1615 4227 1846 4297 apertis-

262 4322 390 4376 sime
429 4321 749 4391 declaravit,
781 4320 1000 4376 dicens:
1029 4320 1127 4384 Qui
1164 4336 1218 4374 se
1244 4320 1381 4389 ipsos
1421 4328 1714 4388 segregant,
1741 4319 1852 4372 ani-

262 4409 415 4462 males
435 4451 449 4476 ,
483 4413 736 4479 Spiritum
763 4430 863 4466 non
889 4411 1122 4465 habentes
1146 4410 1317 4480 (Judw
1340 4411 1450 4478 19).
1480 4408 1633 4463 Unde
1659 4409 1712 4462 in
1737 4408 1850 4479 ipsa

264 4499 497 4558 Ecclesia
527 4501 686 4556 etiam
707 4501 825 4556 illos
847 4504 940 4571 qui
969 4519 1063 4572 per
1093 4503 1304 4556 nomina
1333 4501 1631 4565 hominum,
1655 4515 1846 4570 quam-

266 4592 341 4648 vis
359 4595 414 4650 in
444 4593 649 4650 unitate
675 4593 790 4663 ejus
821 4595 1260 4660 constitutorum,
1292 4593 1535 4664 quaedam
1563 4593 1850 4648 schismata

267 4686 650 4762 moliebantur,
676 4687 868 4754 Paulus
906 4687 1194 4756 Apostolus
1223 4701 1471 4762 arguens,
1496 4687 1634 4740 inter
1659 4694 1850 4741 cietera

269 4778 338 4832 ait
362 4795 376 4832 :
400 4777 654 4852 Animalis
683 4789 849 4832 autem
900 4779 1048 4834 homo
1088 4794 1188 4832 non
1214 4778 1423 4848 percipit
1453 4792 1564 4848 qute
1589 4786 1705 4832 sunt
1731 4777 1852 4846 Spi—

271 4872 390 4928 ritus
423 4871 554 4938 Dei;
579 4872 794 4926 stultitia
820 4872 952 4932 enim
991 4880 1064 4925 est
1110 4871 1217 4934 illi,
1244 4879 1290 4923 ct
1335 4886 1436 4923 non
1483 4879 1642 4940 potest
1684 4869 1848 4935 scire,

271 4965 496 5033 quoniam
533 4962 862 5032 spiritualiter
911 4963 1220 5033 dijudicatur
1248 4961 1306 5033 (Ι
1332 4959 1449 5016 Cor.
1497 4977 1572 5027 ιι,
1600 4960 1708 5030 I4).
1757 4960 1854 5015 Os-

274 5054 432 5116 tendit
479 5054 607 5128 quid
654 5054 876 5120 dixerit,
910 5072 1010 5109 non
1062 5054 1304 5126 percipit,
1351 5052 1404 5110 id
1449 5063 1561 5120 est,
1613 5052 1852 5108 scientiae

271 5161 370 5210 non
394 5149 538 5220 capit
575 5148 797 5210 verbum
829 5149 870 5201 ³.
899 5148 1006 5210 Hos
1043 5149 1094 5202 in
1117 5147 1354 5202 Ecclesia
1380 5146 1698 5204 constitutos
1723 5160 1848 5216 par-

273 5241 434 5307 vulos,
462 5241 593 5298 dicit
618 5241 853 5298 nondum
887 5239 1188 5312 spirituales
1207 5281 1222 5306 ,
1251 5239 1348 5294 sed
1372 5238 1545 5298 adhuc
1569 5237 1813 5294 carnales
1833 5276 1848 5302 ,

275 5337 324 5390 et
355 5332 491 5384 lacte
516 5332 770 5398 alendos,
813 5347 921 5388 non
965 5346 1108 5388 esca.
1141 5331 1300 5396 Quasi
1349 5330 1573 5400 parvulis
1597 5370 1612 5396 ,
1635 5328 1808 5398 inquit
1833 5373 1850 5401 ,

275 5424 322 5482 in
365 5421 566 5478 Christo
590 5421 670 5474 lac
698 5425 834 5476 vobis
856 5435 1030 5492 potum
1076 5425 1223 5491 dedi,
1254 5441 1354 5494 non
1396 5439 1559 5480 escam
1577 5439 1596 5477 :
1624 5422 1850 5476 nondum

328 5535 347 5568 ι
369 5542 471 5585 nuo
493 5541 623 5593 ms,
645 5529 904 5594 malatia
923 5534 1108 5594 constat
1135 5531 1323 5594 generis
1347 5533 1560 5594 (tumqui.
1599 5533 1672 5578 sic
1708 5532 1855 5580 etiam

274 5592 384 5648 ﬂori
405 5590 631 5646 collectio
648 5595 706 5657 ad
721 5593 891 5657 Ephes.
916 5607 988 5653 tv;
1011 5592 1101 5657 sed
1119 5590 1178 5657 a'd
1201 5590 1398 5657 Philipp.
1423 5609 1457 5642 ιι
1477 5592 1750 5641 habetcum
1770 5598 1855 5641 Eu.-

275 5607 384 5648 παι
405 5607 631 5664 oouectto
648 5607 706 5662 δᾳ
722 5607 891 5657 Epnes.
916 5607 988 5653 ιγς
1011 5607 1100 5641 SCG
1119 5607 1178 5641 au
1201 5607 1313 5664 I’lllll
1333 5607 1398 5664 Α).
1423 5609 1457 5642 II
1477 5607 1626 5641 naues
1639 5607 1750 5640 cum
1770 5607 1790 5641 li

275 5657 426 5754 apto,
442 5655 727 5709 consociatio
748 5659 927 5707 mm
940 5654 1126 5719 generis
1147 5607 1360 5705 nummi.
1583 5717 1592 5726 _
1781 5717 1790 5727 .

369 5723 665 5754 umntnndc
687 5720 840 5754 nmiov
866 5727 914 5754 nt
936 5719 1075 5754 Reuda:
1095 5718 1322 5754 r‘nllanhn
1357 5723 1678 5754 manucnrmm
1699 5728 1756 5754 an
1779 5731 1790 5754 I

369 5718 667 5772 Fossatensis
687 5720 840 5770 codex
866 5727 918 5769 et
936 5718 1075 5768 Beda:
1095 5718 1322 5779 Collectio
1357 5718 1680 5779 manuscripta
1699 5728 1756 5766 ac
1779 5718 1853 5765 in-

917 5791 1090 5853 ιίαζιᾳιι
1109 5778 1499 5843 summa,
1533 5778 1628 5830 etc.
1665 5788 1765 5829 Am.
1803 5785 1855 5831 et

275 5846 365 5910 an,
380 5841 630 5900 scientiam
649 5857 744 5898 non
763 5841 892 5909 capit
911 5841 1059 5896 verbi.

1685 320 1916 380 SERMO
1953 319 2142 380 LXXI.

1948 437 2077 492 enim
2108 443 2383 506 poteratis;
2410 436 2496 492 sed
2531 453 2620 494 nec
2645 437 2811 496 adhuc
2840 440 3042 511 quidem
3065 446 3288 513 potestis.
3318 446 3416 508 Ubi
3439 453 3525 510 di.

1947 528 2104 595 citur,
2134 528 2356 584 nondum
2375 571 2389 593 ,
2417 529 2499 584 vel
2518 571 2533 596 ,
2563 547 2662 586 non
2699 531 2895 600 adhuc,
2920 533 3162 604 proiecto
3207 555 3314 596 non
3333 542 3525 614 dispe-

1946 629 2112 685 ratur;
2144 621 2188 675 si
2215 635 2279 675 eo
2307 620 2536 680 tenditur
2561 625 2607 690 ³,
2633 633 2690 679 ιιι
2714 625 2782 680 sit
2813 626 3094 697 aliquando
3114 631 3256 701 quod
3285 637 3524 696 nondum

1947 720 2046 766 est.
2080 711 2260 764 Adhuc
2297 713 2426 767 enim
2447 715 2592 779 estis,
2623 715 2827 785 inquit,
2849 721 3098 788 carnales.
3128 723 3193 777 Et
3234 728 3526 794 ostendens

1949 802 2087 858 unde
2128 804 2235 858 sint
2281 804 2557 860 carnales:
2587 804 2712 861 Cum
2759 810 2890 864 enim
2930 812 3028 878 sit,
3062 813 3259 883 inquit,
3287 817 3419 873 inter
3435 836 3525 880 uas

1947 894 2227 960 aemulatio,
2255 905 2299 948 et
2339 897 2587 951 contentio
2606 938 2622 963 ,
2656 915 2820 952 nonne
2845 903 3072 957 carnales
3093 906 3243 973 estis,
3274 918 3322 962 et
3347 926 3527 969 secuss-

1948 984 2068 1037 dum
2103 985 2352 1039 hominem
2380 989 2691 1044 ambulatis?
2721 993 2891 1061 Atque
2920 993 3143 1062 idipsum
3166 998 3373 1067 planius
3399 1017 3527 1073 apes

1946 1076 2093 1131 riens
2121 1095 2136 1132 :
2171 1079 2294 1132 Cum
2322 1084 2456 1135 enim
2479 1082 2588 1149 quis
2616 1082 2779 1149 dicat,
2810 1083 2920 1155 Ego
2941 1087 3161 1154 quidem,
3189 1090 3356 1160 inquit
3374 1135 3388 1158 ,
3407 1112 3526 1154 sum

1949 1166 2106 1226 Pauli
2123 1185 2158 1236 ;'
2172 1172 2304 1234 alius
2344 1182 2528 1241 autem,
2560 1191 2648 1245 ego
2663 1174 2881 1244 Apollo;
2907 1192 3071 1240 nonne
3102 1180 3324 1237 homines
3364 1187 3529 1244 estis!

1952 1259 2086 1326 Quid
2132 1279 2246 1333 ergo
2285 1264 2510 1332 Apollo?
2536 1266 2656 1334 quid
2692 1277 2860 1322 autem
2889 1265 3125 1326 Paulus?
3155 1270 3376 1328 Ministri
3393 1316 3408 1339 ,
3436 1292 3529 1345 per

1947 1365 2068 1417 quos
2094 1353 2371 1408 credidistis
2387 1356 2418 1385 ἰ
2433 1354 2471 1426 (l
2487 1354 2602 1410 Cor.
2623 1371 2698 1426 tu,
2724 1354 2856 1428 I-5).
2877 1357 2938 1414 Hi
2957 1374 3103 1432 ergo,
3129 1360 3178 1414 id
3199 1371 3280 1420 est
3295 1405 3311 1430 ,
3334 1364 3528 1428 Paulus

1949 1452 2003 1500 et
2031 1445 2238 1513 Apollo,
2261 1447 2552 1508 concordes
2578 1459 2730 1510 erant
2767 1449 2820 1504 in
2848 1450 3050 1508 unitate
3071 1451 3300 1522 Spiritus
3323 1466 3379 1512 et
3408 1458 3526 1518 viu-

1949 1535 2070 1592 culo
2100 1538 2275 1606 pacis;
2309 1547 2362 1594 et
2394 1548 2566 1604 tamen
2614 1540 2737 1609 quia
2775 1555 2871 1598 eos
2895 1542 2984 1604 isti
3013 1543 3150 1600 inter
3169 1560 3228 1602 se
3247 1546 3486 1608 dividere
3507 1590 3526 1617 .

1949 1639 2002 1684 et
2028 1645 2125 1704 pro
2151 1631 2319 1688 altero
2360 1632 2530 1690 inﬂari
2573 1632 2826 1692 adversus
2855 1635 3082 1696 alterum
3111 1650 3384 1708 coeperant
3405 1683 3420 1708 .
3447 1643 3531 1712 at.

1949 1734 2139 1777 emitur
2167 1723 2408 1778 hemines
2427 1735 2478 1782 et
2504 1726 2743 1782 carnales
2769 1735 2823 1782 et
2840 1727 3128 1797 animales,
3160 1747 3268 1790 non
3295 1735 3529 1798 valentes

1948 1816 2221 1888 percipere
2259 1834 2374 1888 qua)
2396 1827 2521 1876 sunt
2546 1818 2774 1887 Spiritus
2799 1820 2894 1875 Dei
2920 1838 2933 1874 :
2957 1830 3011 1876 et
3053 1831 3231 1882 tamen
3271 1827 3391 1896 quia
3417 1845 3527 1886 non

1949 1919 2072 1964 sunt
2115 1911 2180 1964 ab
2223 1911 2456 1966 Ecclesia
2502 1912 2796 1982 segregati,
2837 1916 3041 1982 parvuli
3087 1918 3422 1988 appellantur
3469 1924 3529 1981 in

1947 1999 2189 2066 Christo;
2215 2019 2347 2071 quos
2371 2004 2550 2074 utique
2580 2005 2661 2058 vel
2681 2006 2897 2074 angelos
2925 2009 3007 2066 vel
3033 2007 3166 2066 deos
3194 2027 3315 2069 esse
3337 2016 3531 2085 cupio-

1947 2093 2069 2160 bat,
2102 2112 2232 2164 quos
2278 2095 2532 2166 arguebat
2570 2096 2689 2166 quia
2729 2096 2971 2156 homines
3009 2109 3196 2167 erant,
3231 2105 3282 2160 id
3311 2114 3429 2174 cst,
3471 2109 3528 2165 in

1949 2184 2032 2244 bis
2075 2187 2500 2244 contentionibus
2543 2201 2648 2246 non
2691 2203 2809 2258 qua:
2847 2191 2938 2248 Dei
2963 2203 3124 2259 sunt,
3155 2195 3248 2253 sed
3286 2199 3526 2267 quam.

1946 2279 2147 2334 minum
2191 2280 2482 2351 sapiebant.
2517 2281 2591 2336 De
2630 2281 2730 2342 illis
2759 2299 2889 2342 vero
2925 2287 3014 2356 qui
3050 2298 3173 2346 sunt
3192 2289 3260 2343 ab
3287 2292 3529 2356 Etxztesia

1947 2372 2238 2442 segregati,
2269 2389 2372 2432 non
2411 2373 2610 2432 dictum
2638 2385 2741 2442 est,
2770 2376 2843 2432 Ea
2873 2394 2990 2447 qua:
3015 2389 3135 2436 sunt
3165 2381 3394 2452 Spiritus
3416 2402 3528 2443 non

1945 2464 2320 2532 percipientes;
2345 2481 2411 2522 ne
2429 2465 2493 2520 ad
2521 2467 2757 2523 scientiae
2785 2469 3178 2538 perceptionem
3203 2475 3526 2531 referretur:

1950 2555 2043 2609 sed
2073 2554 2268 2612 dictum
2315 2566 2395 2612 est
2419 2599 2432 2622 ,
2466 2558 2715 2628 Spiritum
2760 2577 2857 2616 non
2888 2561 3140 2618 habentes.
3166 2564 3284 2620 Non
3312 2577 3394 2622 est
3423 2585 3527 2625 au-

1951 2655 2055 2701 tem
2083 2659 2414 2718 consequens
2442 2659 2500 2710 ut
2525 2651 2612 2720 qui
2629 2652 2785 2708 habet
2808 2693 2822 2718 ,
2846 2653 3004 2712 etiam
3031 2657 3245 2713 sciendo
3270 2662 3528 2732 percipiat

1947 2740 2087 2810 quod
2116 2740 2290 2796 habet.

2017 2835 2104 2888 5i.
2156 2833 2398 2890 Homines
2441 2846 2486 2892 et
2530 2837 2793 2904 carnales,
2819 2848 2865 2893 et
2907 2840 3168 2907 animales,
3224 2849 3422 2914 paruuli
3471 2850 3530 2906 in

1941 2923 2163 2981 Christo.
2238 2926 2442 2986 Habent
2500 2943 2626 2997 ergo
2677 2928 2834 2986 istum
2878 2929 3127 3000 Spiritum
3190 2937 3244 2991 in
3291 2937 3533 2998 Ecclesia

1947 3019 2219 3074 constituti
2272 3020 2472 3089 parvuli
2503 3021 2552 3078 in
2592 3019 2834 3086 Christo,
2861 3023 3036 3080 adhuc
3077 3027 3332 3090 animales
3369 3039 3532 3100 atque

1949 3111 2229 3176 carnales,
2261 3111 2384 3181 quid
2433 3111 2662 3170 habeant
2705 3114 2977 3183 percipere
3021 3131 3125 3173 non
3175 3120 3438 3189 valentes,
3474 3123 3532 3179 id

1948 3212 2062 3265 est,
2090 3205 2386 3274 intelligere
2413 3213 2468 3260 et
2502 3219 2678 3260 nosse.
2731 3205 2862 3262 Nam
2889 3211 3158 3280 quomodo
3195 3224 3375 3278 essent
3399 3230 3531 3285 par-

1947 3294 2058 3348 vuli
2093 3294 2144 3348 in
2177 3292 2416 3358 Christo,
2468 3295 2570 3352 nisi
2611 3299 2785 3356 renati
2824 3313 2890 3354 ex
2931 3299 3129 3370 Spiritu
3169 3306 3535 3364 mudoililee

1949 3386 2140 3442 mirum
2171 3388 2339 3446 videri
2376 3388 2562 3455 debet,
2587 3389 2728 3458 quod
2767 3391 2992 3462 quisque
3017 3395 3215 3463 aliquid
3247 3397 3410 3456 habet
3431 3440 3448 3468 ,
3475 3409 3535 3460 et

1949 3478 2090 3548 quod
2118 3477 2516 3566 habetignorat.
2551 3479 2620 3538 Ut
2648 3481 2788 3540 enim
2815 3491 3016 3540 taceam
3059 3485 3129 3540 de
3151 3488 3545 3558 omnipotentis.

1950 3559 2224 3632 divinitate
2266 3559 2423 3638 atque
2473 3571 2926 3635 incommutabilis
2972 3574 3243 3635 Trinitatis
3287 3582 3531 3650 unitate;

1951 3662 2070 3736 quis
2114 3661 2267 3716 facile
2300 3661 2520 3716 scientia
2557 3663 2813 3732 percipiat
2836 3665 2962 3735 quid
2990 3666 3060 3722 sit
3103 3669 3391 3728 anima?et
3413 3674 3536 3742 quis

1951 3769 2056 3810 non
2097 3754 2253 3810 habet
2289 3755 2556 3810 animam?
2586 3755 2862 3818 Postremo
2904 3765 2964 3828 ut
3001 3760 3298 3830 certissime
3318 3765 3538 3825 noveri-

1953 3863 2070 3904 mus
2115 3847 2253 3920 quod
2282 3848 2487 3917 parvuli
2533 3848 2585 3902 in
2628 3847 2842 3904 Christo
2885 3865 2993 3910 non
3021 3853 3377 3922 percipiean
3409 3872 3537 3927 qua

1954 3949 2077 3997 sunt
2100 3941 2324 4016 Spiritus
2344 3940 2439 3996 Dei
2457 3983 2470 4006 ,
2496 3941 2696 3999 habent
2725 3949 2899 4000 tamen
2932 3941 3191 4013 Spiritum
3213 3945 3344 4012 Dei;
3375 3949 3536 4016 paulo

1954 4041 2075 4106 post
2116 4034 2336 4089 Paulum
2375 4033 2668 4103 apostolum
2711 4034 3046 4103 intueamur,
3085 4038 3540 4107 quemadmodum

1955 4142 2048 4184 eos
2075 4127 2222 4197 ipsos
2253 4127 2532 4195 increpans
2569 4126 2643 4180 ait
2689 4145 2702 4180 :
2737 4124 2958 4190 Nescitis
2999 4128 3118 4198 quia
3159 4130 3399 4199 templum
3441 4130 3541 4186 Dei

1956 4221 2101 4288 estis,
2133 4229 2178 4274 et
2207 4219 2433 4289 Spiritus
2471 4218 2567 4274 Dei
2585 4219 2776 4274 habitat
2795 4221 2848 4274 in
2876 4219 3010 4280 vobis
3032 4220 3202 4291 (Ibid,
3235 4223 3389 4295 16)?
3429 4225 3541 4281 Hoc

1956 4312 2137 4382 utique
2192 4311 2338 4368 nullo
2386 4311 2545 4366 modo
2573 4311 2774 4368 diceret
2815 4312 2882 4370 ab
2918 4313 3178 4372 Ecclesia'
3212 4317 3539 4386 segregatis,

1957 4404 2044 4476 qui
2070 4404 2193 4457 dicti
2219 4412 2340 4457 sunt
2367 4403 2620 4472 Spiritum
2649 4418 2753 4458 non
2785 4402 3064 4460 habentes.

2028 4493 2252 4550 CAPUT
2292 4493 2433 4552 XIX.
2453 4524 2526 4534 —
2543 4493 2632 4547 32.
2656 4493 2788 4548 Ficti
2805 4494 3065 4562 catholici,
3093 4495 3310 4554 hteretiei
3329 4505 3377 4550 et
3400 4496 3541 4550 schi-

1957 4587 2150 4641 smatici
2197 4586 2446 4656 Spiritum
2493 4597 2720 4640 sanctum
2765 4603 2866 4642 non
2909 4587 3110 4644 habent.
3155 4587 3261 4644 Sed
3301 4602 3404 4646 nec
3451 4587 3544 4650 ille

1957 4677 2211 4734 dicendus
2231 4687 2312 4738 est
2340 4692 2458 4734 esse
2483 4678 2539 4732 in
2566 4677 2801 4736 Ecclesia
2819 4719 2840 4744 ,
2871 4687 2923 4734 et
2950 4678 3014 4734 ad
3044 4679 3200 4740 istam
3229 4678 3540 4744 societatem

1958 4769 2188 4840 Spiritus
2219 4769 2485 4840 pertinere
2504 4810 2518 4833 ,
2553 4768 2644 4838 qui
2685 4769 2871 4832 ovibus
2893 4768 3092 4824 Christi
3133 4769 3391 4836 corporali
3421 4777 3540 4825 tan-

1959 4869 2068 4920 tum
2092 4861 2468 4920 commixtione
2504 4860 2626 4916 ficto
2651 4860 2810 4915 corde
2843 4861 3113 4920 miscetur.
3155 4860 3385 4916 Sanctus
3406 4862 3545 4919 enim

1958 4955 2178 5025 Spiritus
2197 4954 2478 5023 disciplina:
2503 4955 2658 5024 fugiet
2682 4954 2852 5022 ﬁctum
2869 4952 3023 5025 (Sep.
3046 4968 3084 5018 ι,
3107 4951 3184 5023 5).
3208 4952 3546 5023 Quapropter

1959 5047 2275 5120 quicumque
2301 5045 2354 5102 in
2383 5045 2734 5106 schistnaticis
2773 5045 2857 5116 vel
2885 5045 3148 5106 haereticis
3176 5046 3544 5117 congregatio-

1958 5139 2143 5205 nibus,
2165 5138 2246 5192 vcl
2273 5137 2449 5208 potius
2474 5135 2926 5207 segregationibus
2961 5135 3330 5204 baptizantur,
3351 5149 3546 5204 quam-

1958 5231 2039 5286 vis
2062 5244 2167 5286 non
2191 5230 2299 5284 sint
2324 5228 2494 5284 renati
2519 5227 2720 5299 Spiritu
2739 5269 2754 5294 ,
2784 5236 3034 5296 tanquam
3062 5224 3271 5289 lsmaeli
3297 5224 3541 5291 similes,

1959 5323 2049 5393 qui
2091 5320 2384 5380 secundum
2421 5335 2636 5380 carnem
2671 5319 2828 5374 natus
2867 5325 2950 5379 est
2973 5316 3235 5383 Abrahaz,
3267 5332 3377 5372 non
3403 5316 3543 5381 sitast

1959 5417 2126 5476 Isaac.
2148 5415 2238 5484 qui
2265 5413 2556 5492 semiudum
2600 5411 2862 5482 spiritum,
2888 5408 3013 5480 quia
3044 5424 3139 5480 per
3159 5407 3540 5478 repromissio-

1959 5526 2081 5567 nem
2111 5506 2306 5580 (Gatat.
2351 5523 2427 5576 tv,
2456 5505 2551 5570 28,
2578 5504 2693 5573 29);
2728 5513 2900 5562 tamen
2951 5516 3071 5558 cum
3093 5499 3166 5566 ad
3211 5499 3542 5566 Catholicam

1958 5601 2205 5667 veniunt,
2235 5607 2289 5656 et
2307 5597 2546 5658 societati
2573 5596 2802 5666 Spiritus
2828 5602 3198 5665 aggregantur,
3228 5607 3385 5664 quem
3407 5590 3543 5658 (Oris

2023 5717 2040 5747 ¹
2067 5721 2166 5762 Am.
2192 5718 2266 5762 Er.
2294 5719 2346 5762 et
2365 5709 2658 5760 Fossatensis
2681 5707 2824 5768 liber,
2858 5707 2943 5758 sed
2965 5719 3021 5768 eo
3041 5704 3268 5768 tenditur,

2019 5778 2043 5810 ’
2065 5761 2184 5825 editi
2199 5789 2211 5824 :
2226 5761 2430 5825 initiari
2451 5769 2649 5832 Christi,
2663 5783 2749 5835 per
2765 5761 3193 5835 quos'credidisti8.
3217 5766 3384 5828 Abest,
3403 5761 3543 5818 Citrio

1959 5831 2938 5901 sti,aMss.etagrteootexuupostoIi.
