4032 6332
499 343 605 402 463

501 459 689 533 procul
730 453 892 514 dubio
935 467 1040 510 non
1067 450 1334 507 habebant
1355 491 1372 518 ,
1402 461 1508 503 non
1537 447 1615 502 eis
1654 445 1912 517 repetitur
1939 446 2083 500 lava-

501 573 654 613 crum
691 553 886 612 carnis.
914 549 1028 605 Non
1057 547 1198 603 enim
1224 543 1391 600 defuit
1423 543 1580 599 etiam
1608 541 1736 596 foris
1771 541 1957 612 positis
1985 541 2085 594 ista

501 650 674 704 forma
700 644 906 716 pictatis
936 660 948 695 :
981 639 1076 696 sed
1101 636 1306 694 accedit
1343 635 1454 703 eis,
1500 649 1620 704 quae
1648 631 1751 688 nisi
1798 633 1942 687 intus
1980 645 2086 685 non

502 746 683 811 potest
724 735 872 799 dari,
906 732 1077 787 unitas
1119 729 1347 801 Spiritus
1376 728 1431 782 in
1478 725 1690 780 vinculo
1734 724 1900 795 pacis.
1933 721 2088 776 Tales

504 832 702 903 quippe
723 835 877 883 erant
897 869 912 893 ,
943 833 1224 894 antequam
1246 819 1496 877 catholici
1521 826 1729 883 essent,
1756 816 1824 872 de
1848 814 2089 886 qualibus

502 922 634 978 dicit
673 918 1002 989 Apostolus:
1042 914 1292 968 Habentes
1333 914 1548 982 formam
1589 910 1818 980 pietatis,
1863 909 2092 962 virtutem

501 1024 672 1070 autem
708 1013 816 1082 eius
859 1012 1163 1081 abnegantes
1192 1005 1262 1077 (ll
1303 1005 1441 1060 Tim.
1471 1020 1562 1070 ιιι,
1597 1004 1678 1074 5).
1722 1003 1904 1058 Potest
1947 1001 2089 1056 enim

498 1121 623 1166 esse
652 1105 873 1161 visibilis
898 1101 1068 1159 forma
1095 1100 1330 1172 palmitis
1357 1100 1516 1154 etiam
1555 1106 1748 1168 przcter
1775 1097 1968 1161 vitem;
1998 1093 2092 1149 sed

501 1197 785 1254 invisibilis
804 1195 912 1249 vita
937 1194 1133 1250 radicis
1161 1193 1343 1248 haberi
1368 1207 1474 1246 non
1508 1198 1717 1262 potest,
1747 1190 1850 1245 nisi
1884 1189 1938 1243 in
1960 1187 2092 1243 vite.

503 1288 736 1345 Proinde
765 1287 1060 1357 corporalia
1100 1285 1442 1341 Sacramenta
1463 1325 1478 1350 ,
1510 1299 1627 1353 qua:
1646 1290 1861 1354 portant
1885 1290 1935 1338 et
1957 1283 2095 1337 cele-

502 1383 661 1438 brant
695 1381 854 1436 etiam
906 1379 1166 1450 segregati
1220 1377 1288 1431 ab
1332 1377 1533 1432 unitate
1579 1375 1820 1445 corporis
1864 1373 2090 1440 Christi,

503 1473 728 1529 formam
774 1479 996 1541 possunt
1022 1469 1275 1524 exhibere
1312 1467 1556 1537 pietatis;
1603 1467 1772 1520 virtus
1813 1480 1943 1520 vero
1985 1466 2098 1535 pie-

505 1565 631 1619 tatis
650 1563 925 1618 invisibilis
950 1569 1004 1616 et
1023 1558 1312 1630 spiritualis
1331 1559 1404 1613 ita
1425 1557 1479 1612 in
1501 1558 1579 1612 eis
1609 1572 1715 1612 non
1743 1565 1919 1627 potest
1942 1571 2094 1620 esse,

503 1654 954 1727 quemadmodum
983 1666 1173 1707 sensus
1217 1666 1325 1706 non
1363 1649 1602 1720 sequitur
1653 1650 1885 1705 hominis
1929 1665 2099 1705 mem-

505 1748 662 1804 brum
679 1788 694 1814 ,
743 1745 957 1816 quando
984 1751 1288 1814 amputatur
1310 1758 1339 1797 a
1367 1757 1612 1813 corpore.

580 1838 808 1896 CAPUT
847 1837 967 1892 ΧΧ.
995 1867 1068 1878 -
1092 1838 1180 1893 3'5.
1215 1837 1464 1892 Remissio
1491 1846 1811 1908 peccatorum
1833 1853 1934 1892 non
1956 1846 2100 1892 extra

507 1931 810 1987 Ecclesium.
849 1930 980 1998 Quze
1017 1944 1140 1984 cum
1185 1928 1258 1983 ita
1313 1929 1440 1996 sint,
1473 1929 1720 1984 remissio
1737 1938 2095 2000 peccatorum,

508 2022 759 2094 quoniam
787 2036 895 2076 non
923 2021 1079 2076 datur
1116 2019 1218 2074 nisi
1245 2020 1296 2074 in
1328 2019 1530 2090 Spiritu
1555 2029 1769 2087 sancto,
1799 2020 1852 2075 in
1883 2020 1970 2075 illa
2001 2021 2101 2076 Ec-

509 2115 672 2170 clesia
707 2112 1078 2169 tantummodo
1116 2112 1232 2168 dari
1262 2121 1465 2182 potest,
1499 2128 1618 2183 quae
1657 2112 1820 2168 habet
1844 2112 2101 2183 Spiritum

506 2213 770 2262 sanctum.
802 2205 914 2260 Hoc
941 2205 1085 2260 enim
1129 2204 1190 2258 ﬁt
1233 2203 1548 2259 remissione
1597 2205 1615 2236 ³
1640 2213 2001 2275 peccatorum,
2035 2220 2102 2261 ne

511 2297 761 2368 princeps
804 2296 1042 2366 peccati,
1090 2295 1309 2366 spiritus
1338 2295 1428 2366 qui
1477 2295 1529 2350 in
1574 2309 1633 2351 se
1680 2297 1858 2366 ipsum
1899 2295 2101 2351 divisus

509 2394 625 2454 est,
667 2394 854 2458 regnet
907 2387 958 2440 in
1007 2385 1189 2453 nobis,
1236 2395 1293 2441 ut
1340 2386 1476 2442 eruti
1505 2402 1535 2441 a
1575 2396 1840 2457 potestate
1883 2387 2103 2458 spiritus

511 2478 801 2546 immundi,
832 2477 1091 2548 templum
1113 2477 1367 2548 deinceps
1391 2476 1686 2534 efficiamur
1713 2479 1944 2551 Spiritus
1971 2495 2100 2535 san-

510 2571 618 2638 cti;
667 2580 721 2626 et
758 2585 786 2624 a
821 2586 927 2641 quo
970 2569 1290 2625 inundamur
1314 2571 1627 2642 accipiendo
1674 2572 2056 2644 indulgentiam
2081 2615 2097 2641 ,

509 2663 684 2733 ipsum
715 2661 1040 2731 accipiamus
1065 2660 1422 2716 habitatorem
1445 2660 1513 2716 ad
1543 2661 1840 2718 faciendam
1860 2705 1875 2732 ,
1903 2679 2104 2735 augen-

509 2752 670 2819 dam,
713 2751 1201 2824 pcrficiendamque
1248 2752 1530 2821 justitiam.
1577 2753 1711 2808 Nam
1765 2762 1819 2810 et
1846 2755 1900 2810 in
1929 2756 2105 2825 primo

507 2844 626 2914 ejus
678 2844 946 2910 adventu,
989 2860 1110 2900 cum
1151 2845 1206 2899 hi
1253 2845 1488 2915 quicum
1517 2855 1872 2917 acceperant,
1909 2848 2104 2919 linguis

506 2938 747 2994 omnium
784 2940 1024 3009 gentium
1072 2938 1450 3009 loquerentur,
1493 2947 1548 2995 et
1575 2949 1852 3011 stupentes
1891 2955 1984 2996 eos
2012 2938 2107 3013 qui

507 3031 761 3099 aderant,
803 3031 1168 3101 alloqueretur
1211 3032 1484 3101 apostolus
1523 3031 1750 3100 Petrus;
1812 3036 2106 3105 compuncti

506 3133 623 3180 sunt
669 3124 843 3190 corde,
875 3133 919 3179 et
957 3125 1194 3179 dixerunt
1233 3125 1301 3178 ad
1342 3125 1553 3180 Petrum
1596 3136 1644 3181 et
1691 3127 1759 3181 ad
1785 3128 2054 3200 Apostolos
2084 3146 2103 3184 :

510 3215 647 3283 Quid
673 3234 791 3288 ergo
819 3218 1060 3289 facimus
1079 3258 1094 3282 ,
1125 3217 1308 3286 fratres
1325 3218 1351 3270 ?
1388 3228 1664 3273 monstrate
1690 3221 1852 3274 nobis.
1886 3220 1948 3274 Et
1975 3222 2104 3276 dixit

505 3307 694 3365 Petrus
720 3311 788 3363 ad
825 3325 909 3364 eos
936 3324 955 3362 :
991 3308 1136 3380 Agite
1164 3310 1504 3381 paenitentiam
1521 3353 1534 3375 ,
1565 3320 1611 3365 et
1634 3311 1914 3383 baptizetur
1936 3330 2099 3368 unus-

503 3401 714 3472 quisque
737 3409 960 3456 uestrum
1008 3401 1060 3454 in
1097 3401 1299 3454 nomine
1341 3399 1467 3454 Jesu
1492 3399 1707 3468 Christi,
1758 3404 1812 3457 in
1841 3404 2098 3459 remissio-

503 3510 623 3548 nem
662 3502 1019 3565 peccatorum;
1069 3503 1117 3548 et
1145 3493 1402 3564 accipietis
1439 3493 1628 3547 donum
1669 3493 1896 3564 Spiritus
1937 3495 2099 3550 sancti

503 3585 640 3656 (Act.
689 3601 748 3652 ιι,
779 3587 876 3654 '57,
919 3585 1028 3660 58).
1079 3585 1274 3656 Utique
1324 3587 1378 3641 in
1416 3585 1657 3643 Ecclesia
1695 3595 1979 3659 utrumque
2018 3588 2098 3642 fa-

504 3687 648 3736 ctum
687 3689 808 3746 est;
863 3679 915 3734 id
955 3688 1072 3745 est,
1104 3688 1160 3734 et
1185 3689 1528 3749 peccatorum
1567 3680 1848 3746 remissio,
1890 3691 1943 3736 et
1971 3681 2097 3737 doni

503 3773 662 3844 hujus
687 3773 929 3843 acceptio
952 3814 966 3840 ,
1015 3772 1068 3826 in
1108 3786 1214 3842 qua
1265 3781 1381 3827 erat
1409 3772 1641 3842 Spiritus
1681 3783 1916 3830 sanctus.
1970 3774 2098 3831 Ideo

505 3875 684 3921 autem
723 3865 776 3920 in
829 3865 1046 3928 nomine
1081 3864 1208 3921 Jesu
1245 3863 1483 3934 Christi,
1525 3866 1648 3937 quia
1689 3881 1811 3921 cum
1849 3867 2098 3924 eumdem

504 3955 762 4025 Spiritum
796 3964 1041 4012 sanetum
1082 3956 1420 4026 promitteret
1450 3974 1461 4009 :
1497 3957 1657 4023 Quem
1681 3958 1872 4024 mittet,
1899 3959 2096 4029 inquit,

505 4046 666 4103 Pater
692 4065 746 4103 in
784 4049 983 4102 nomine
1013 4065 1122 4102 meo
1156 4047 1331 4118 (Joan.
1381 4065 1509 4115 xw,
1551 4049 1620 4104 26
1643 4046 1684 4120 ).
1727 4048 1911 4120 Neque
1954 4052 2098 4106 enim

504 4135 710 4192 habitat
747 4139 800 4192 in
841 4152 1106 4209 quoquam
1159 4135 1389 4207 Spiritus
1428 4147 1644 4193 sanctus
1697 4139 1813 4194 sine
1850 4139 2010 4196 Patre
2046 4150 2102 4197 et

507 4228 644 4285 Filio
673 4246 687 4283 :
721 4231 858 4285 sicut
896 4244 994 4285 nec
1032 4229 1200 4283 Filius
1238 4229 1354 4284 sine
1382 4228 1539 4284 Patre
1562 4238 1618 4284 et
1654 4229 1854 4300 Spiritu
1891 4241 2095 4299 sancto,

506 4338 610 4379 nec
646 4324 760 4378 sine
789 4323 889 4377 illis
927 4323 1102 4378 Pater.
1141 4321 1514 4392 lnseparabilis
1538 4323 1733 4393 quippe
1769 4333 1853 4379 est
1888 4327 2098 4382 habita-

506 4415 615 4481 tio,
659 4430 884 4486 quorum
932 4423 1012 4470 est
1051 4415 1418 4485 inseparabilis
1459 4417 1697 4486 operatio
1730 4434 1744 4470 :
1785 4415 1879 4472 sed
1917 4417 2100 4490 singil-

506 4503 656 4560 latim
697 4506 1011 4576 plerumque
1055 4521 1154 4576 per
1191 4516 1450 4562 creaturae
1497 4506 1952 4578 significationes,
1993 4525 2097 4565 non

504 4614 603 4669 per
631 4613 780 4654 suam
810 4599 1160 4654 substantiam
1189 4597 1659 4665 demonstrantur;
1690 4600 1829 4656 sicut
1841 4616 1937 4656 sua
1965 4610 2102 4657 tem-

505 4703 694 4761 porum
737 4691 906 4761 spatia
953 4690 1589 4762 syllabis-occupantibus
1635 4693 1923 4762 separatim
1963 4709 2100 4749 voce

505 4783 920 4852 pronuntiantur
950 4799 962 4834 :
1009 4796 1107 4836 nec
1135 4790 1313 4837 tamen
1342 4797 1371 4835 a
1400 4796 1460 4837 se
1497 4783 1628 4852 ipsis
1652 4783 1773 4838 ullis
1803 4784 2101 4840 intervallis

506 4874 902 4944 momentisque
943 4882 1241 4944 temporum
1280 4884 1618 4944 separantur.
1660 4875 1778 4930 Non
1817 4876 1962 4932 enim
2002 4893 2102 4932 un-

506 4982 666 5036 quam
697 4967 802 5023 dici
833 4975 1055 5038 possunt
1098 4965 1289 5034 simul,
1319 4981 1441 5021 cum
1472 4983 1593 5023 esse
1619 4983 1725 5024 non
1754 4970 1960 5039 possint
1997 4970 2100 5025 nisi

507 5075 721 5133 semper
744 5062 923 5117 simul.
963 5060 1069 5118 Sed
1100 5069 1158 5116 ut
1190 5061 1302 5132 jam
1333 5076 1440 5116 non
1489 5062 1657 5118 semel
1685 5062 1950 5130 diximus,
1978 5063 2101 5120 ideo

504 5153 752 5208 remissio
780 5161 1116 5224 peccatorum
1133 5194 1149 5219 ,
1180 5167 1285 5223 qua
1314 5151 1368 5207 in
1392 5167 1450 5208 se
1479 5152 1635 5209 divisi
1663 5153 1880 5224 spiritus
1906 5156 2103 5210 everti-

506 5249 597 5297 tur
623 5252 678 5299 et
714 5244 994 5314 expellitur
1019 5259 1274 5315 regnum,
1317 5243 1440 5300 ideo
1483 5246 1715 5301 societas
1737 5246 1952 5300 unitatis
1993 5247 2099 5303 Ec-

506 5333 686 5389 clesiae
725 5335 854 5402 Dei,
883 5345 1031 5391 extra
1057 5351 1214 5406 quam
1257 5351 1363 5391 non
1404 5337 1463 5390 fit
1492 5337 1604 5406 ipsa
1635 5338 1882 5394 remissio
1907 5353 2099 5407 pecca-

509 5436 684 5481 torum
706 5468 722 5492 ,
757 5435 1004 5498 tanquam
1043 5432 1314 5499 proprium
1342 5437 1423 5485 est
1467 5443 1602 5501 opus
1640 5426 1869 5499 Spiritus
1898 5431 2095 5500 sancti,

509 5515 667 5573 Patre
696 5531 824 5572 sane
848 5527 900 5573 et
930 5517 1064 5574 Filio
1107 5520 1553 5591 cooperantibus,
1586 5519 1707 5590 quia
1750 5520 1979 5576 societas
2015 5529 2099 5576 est

511 5610 742 5682 quodam
777 5611 935 5666 modo
973 5612 1144 5668 Patris
1188 5620 1242 5668 et
1269 5612 1388 5668 Filii
1441 5611 1555 5682 ipse
1601 5610 1830 5681 Spiritus
1859 5621 2093 5668 sanctus.

577 5763 592 5792 ι
619 5763 691 5811 sic
714 5768 812 5810 Am.
838 5768 910 5810 Er.
937 5767 991 5811 et
1010 5759 1232 5824 plerique
1244 5765 1350 5824 Mss.
1366 5763 1434 5824 _At
1449 5755 1697 5824 mv.:_Hic
1714 5757 1843 5812 enim
1865 5758 2098 5824 ﬁtrem's-

511 5822 600 5875 sio.
623 5826 916 5874 Fossateusis
927 5816 1028 5886 Ms,
1042 5830 1099 5872 In
1114 5816 1204 5873 hbe
1215 5819 1342 5874 enim
1351 5816 1634 5886 βινεῖνιίεώ

1739 326 1797 383 S.
1839 318 2209 384 AUGUSTINI
2247 322 2555 382 EPISCOPI

3678 319 3778 381 464

2189 443 2323 500 Nam
2368 445 2526 500 Pater
2551 455 2662 497 non
2689 439 3048 497 communiter
3070 437 3300 496 habetur
3321 438 3485 496 Pater
3508 454 3541 495 a
3565 439 3701 497 Filio
3727 450 3781 498 et

2193 537 2398 608 Spiritu
2427 544 2614 592 sancto
2643 553 2657 590 :
2688 535 2810 607 quia
2832 550 2940 590 non
2965 543 3049 591 est
3087 533 3246 591 Pater
3267 533 3564 590 amborum.
3593 534 3661 590 Et
3696 533 3785 590 Fi-

2191 627 2295 685 lius
2323 645 2431 684 non
2475 629 2836 686 communiter
2862 628 3089 685 habetur
3113 626 3282 683 Filius
3317 643 3349 683 a
3387 627 3547 686 Patre
3582 635 3638 682 et
3661 626 3784 697 Spi-

2193 721 2301 776 ritu
2327 729 2514 778 sancto
2540 736 2558 801 ἡ
2585 721 2712 778 auia
2739 735 2846 776 non
2891 728 2975 776 est
3001 719 3164 775 Filius
3207 720 3509 776 amborum.
3559 717 3786 789 Spiritus

2194 827 2371 870 autem
2399 825 2612 872 sanctus
2638 814 3000 870 communiter
3027 813 3252 869 habetur
3281 827 3311 866 a
3337 811 3497 868 Patre
3533 820 3588 867 et
3612 809 3747 867 Filio
3773 828 3786 864 :

2195 911 2320 981 quia
2345 911 2574 981 Spiritus
2601 917 2684 966 cst
2710 925 2848 965 unus
2884 907 3185 964 amborum.

2268 1001 2495 1057 CAPUT
2532 1001 2676 1056 XXI.
2713 1031 2784 1041 —-—
2819 1000 2907 1058 54.
2967 997 3396 1070 lmpoenitentiam
3435 994 3792 1052 irremissibilis

2201 1097 2524 1168 blasphemiae
2558 1097 2760 1150 nomine
2787 1093 3167 1166 intelligendam
3214 1109 3318 1148 esse
3343 1091 3582 1147 suadetur
3603 1107 3662 1146 at
3688 1089 3794 1142 Lu-

2199 1207 2279 1244 ca.
2317 1188 2570 1259 Quisquis
2598 1189 2756 1258 igitur
2796 1203 2920 1244 reus
2971 1186 3130 1242 fuerit
3169 1184 3571 1257 impaenitendae
3607 1190 3794 1238 contra

2199 1281 2491 1354 Spiritum,
2541 1283 2594 1336 in
2641 1296 2749 1352 quo
2792 1281 2971 1336 unitas
3021 1288 3076 1334 et
3131 1279 3360 1335 societas
3403 1274 3797 1332 communionis

2200 1383 2553 1445 congregatur
2572 1373 2826 1428 Ecclesia:
2845 1415 2860 1440 ,
2900 1386 3170 1442 nunquam
3200 1370 3276 1425 illi
3301 1369 3641 1433 remittetur;
3673 1366 3800 1437 quia

2201 1467 2304 1523 hoc
2328 1467 2429 1522 sibi
2464 1466 2687 1532 clausit,
2717 1465 2805 1521 ubi
2836 1464 3166 1521 remittitur:
3193 1471 3250 1519 et
3287 1462 3480 1518 merito
3521 1457 3800 1515 damnabi-

2203 1567 2290 1615 tur
2317 1575 2438 1614 cum
2461 1559 2651 1628 spiritu
2678 1557 2768 1628 qui
2799 1557 2851 1611 in
2895 1571 2954 1611 se
2992 1556 3168 1626 ipsum
3208 1553 3413 1609 divisus
3441 1559 3556 1619 est,
3597 1550 3803 1606 divisus

2201 1661 2256 1708 et
2287 1653 2402 1722 ipse
2438 1660 2625 1706 contra
2652 1649 2908 1719 Spiritum
2937 1657 3181 1704 sanctum
3207 1647 3298 1718 qui
3337 1647 3390 1701 in
3422 1660 3481 1701 se
3506 1644 3683 1715 ipsum
3725 1641 3805 1697 di-

2202 1744 2348 1799 visus
2366 1757 2487 1797 .non
2514 1751 2616 1798 est.
2651 1741 2764 1797 Hoc
2788 1749 2844 1796 et
2867 1742 2980 1811 ipsa
3008 1739 3313 1810 evangelica
3352 1737 3655 1794 testimonia
3704 1750 3804 1792 nos

2205 1836 2531 1900 admonent,
2562 1835 2608 1890 si
2638 1849 2698 1891 ea
2730 1841 3130 1904 perscrutemur
3149 1831 3427 1887 attentius.
3456 1829 3588 1885 Nam
3610 1843 3806 1884 secun-

2204 1927 2332 1982 dum
2363 1926 2559 1981 Lucam
2588 1925 2802 1996 quidem
2843 1940 2951 1980 non
2983 1924 3057 1980 ibi
3097 1923 3201 1979 hoc
3237 1922 3368 1978 dicit
3395 1921 3652 1977 Dominus
3672 1962 3689 1987 ,
3716 1919 3807 1976 ubi

2203 2018 2497 2089 respondet
2542 2017 2622 2072 eis
2653 2016 2744 2088 qui
2783 2016 3031 2072 dixerunt
3075 2013 3215 2085 quod
3243 2017 3294 2068 in
3321 2013 3560 2084 principe
3601 2011 3807 2067 daemo-

2205 2112 2415 2167 niorum
2444 2111 2588 2182 ejicit
2617 2111 2922 2178 daemones,
2972 2125 3078 2164 non
3121 2109 3173 2164 ei
3198 2107 3397 2164 remitti
3423 2107 3512 2178 qui
3543 2106 3805 2176 blasphe-

2205 2205 2431 2260 maverit
2461 2205 2512 2258 in
2539 2204 2796 2274 Spiritum
2822 2210 3088 2258 sanctum.
3114 2201 3266 2258 Unde
3291 2210 3539 2271 apparet,
3575 2213 3684 2254 non
3717 2213 3806 2254 se-

2204 2296 2312 2351 mel
2358 2296 2460 2351 hoc
2504 2311 2533 2350 a
2588 2295 2813 2350 Domino
2862 2293 3062 2349 dictum
3105 2310 3118 2346 :
3163 2292 3257 2348 sed
3309 2291 3380 2346 ibi
3437 2306 3649 2362 quoque
3701 2305 3809 2346 non

2206 2390 2540 2460 negligenter
2594 2387 3024 2458 prmtereundum
3096 2400 3202 2457 quo
3263 2386 3384 2440 loco
3437 2384 3637 2440 dictum
3716 2384 3806 2440 sit.

2207 2482 2547 2552 Loquebatur
2579 2480 2722 2537 enim
2757 2481 2825 2536 de
2864 2479 2951 2534 his
3001 2479 3092 2550 qui
3140 2494 3262 2534 eum
3307 2477 3535 2533 confessi
3585 2485 3807 2544 essent,

2207 2573 2292 2628 vel
2337 2579 2622 2644 negassent
2682 2586 2864 2627 coram
2931 2570 3238 2625 hominibus
3273 2611 3290 2638 ,
3351 2569 3439 2625 ubi
3499 2570 3608 2633 ait,
3675 2568 3810 2624 Dico

2209 2674 2378 2720 autem
2441 2665 2578 2720 vobis
2602 2707 2617 2732 ,
2683 2663 2995 2735 Quicumque
3060 2662 3321 2731 confessus
3375 2662 3525 2734 fuerit
3575 2678 3656 2716 me
3719 2679 3809 2717 co-

2209 2777 2321 2814 ram
2359 2759 2640 2814 hominibus
2663 2799 2679 2826 ,
2722 2767 2770 2811 et
2795 2756 2962 2812 Filius
2989 2757 3205 2810 hominis
3233 2756 3547 2825 conﬁtebitur
3578 2756 3633 2809 in
3672 2755 3770 2810 illo
3793 2757 3812 2788 ⁸

2209 2869 2383 2907 coram
2421 2853 2626 2924 Angelis
2668 2851 2766 2905 Dei
2792 2867 2812 2905 :
2851 2853 2936 2922 qui
2990 2860 3159 2904 autent
3211 2850 3463 2920 negaverit
3500 2865 3580 2903 me
3633 2864 3814 2904 coram

2210 2943 2531 3010 hominibus,
2583 2941 2912 3015 denegabitur
2968 2958 3140 2996 coram
3189 2940 3397 3012 Angelis
3453 2939 3552 2994 Dei
3628 2940 3706 2996 Et
3749 2955 3816 2996 ne

2209 3053 2277 3093 ex
2319 3037 2423 3093 hoc
2453 3037 2679 3106 apostoli
2725 3035 2871 3091 Petri
2912 3035 3294 3107 desperaretur
3341 3024 3522 3104 salus,
3567 3035 3659 3106 qui
3689 3050 3814 3091 eum

2207 3145 2389 3185 coram
2417 3129 2724 3185 hominibus
2761 3137 2846 3185 ter
2868 3127 3111 3198 negavit,
3142 3127 3396 3182 continuo
3436 3125 3667 3197 subjecit
3699 3143 3722 3180 :
3749 3125 3816 3180 Et

2206 3226 2369 3279 omnis
2394 3224 2479 3294 qui
2518 3223 2639 3277 dicit
2665 3223 2868 3277 verbum
2904 3223 2957 3275 in
2996 3220 3046 3274 F
3047 3221 3193 3276 ilium
3239 3221 3492 3287 hominis,
3533 3220 3816 3274 remittetur

2204 3316 2284 3370 illi
2307 3333 2325 3370 :
2351 3317 2395 3370 ei
2419 3324 2589 3369 autent
2616 3315 2702 3384 qui
2727 3315 2781 3368 in
2821 3313 3074 3384 Spiritum
3099 3321 3331 3367 sanctum
3367 3311 3814 3382 blasphemaverit,

2204 3425 2306 3464 non
2326 3408 2606 3462 remittetur
2636 3406 2784 3478 (Luc.
2812 3422 2907 3473 xu,
2950 3403 3100 3475 8-10)
3133 3423 3145 3459 :
3178 3404 3264 3459 illa
3313 3404 3519 3459 scilicet
3557 3401 3818 3472 blasphe-

2203 3502 2311 3556 mia
2348 3499 2527 3555 cordis
2573 3499 2993 3569 impoenitentis,
3043 3513 3147 3568 qua
3191 3497 3460 3553 resistitur
3503 3496 3820 3552 remissioni

2202 3600 2540 3664 peccatorum
2562 3632 2576 3657 ,
2605 3607 2724 3661 qum
2778 3589 2837 3644 fit
2876 3590 2932 3645 in
2979 3589 3220 3645 Ecclesia
3265 3604 3363 3660 per
3389 3588 3648 3659 Spiritum
3683 3603 3817 3644 san-

2202 3695 2367 3741 ctum.
2401 3685 2569 3752 Quam
2601 3683 2987 3754 blasphemiam
3019 3682 3210 3737 Petrus
3239 3697 3345 3736 non
3390 3681 3613 3748 habuit,
3641 3693 3814 3751 quem

2201 3792 2324 3832 mox
2354 3775 2602 3846 paenituit
2639 3774 2853 3846 quando
2877 3789 3060 3829 amare
3083 3772 3233 3830 flevit
3261 3772 3477 3844 (Matth.
3525 3788 3690 3838 xxvr,
3720 3771 3819 3827 69-

2203 3869 2319 3939 75);
2350 3869 2597 3938 victoque
2642 3866 2832 3936 spiritu
2877 3867 2967 3937 qui
3004 3867 3056 3921 in
3093 3881 3155 3921 se
3179 3866 3352 3936 ipsum
3375 3864 3578 3920 divisus
3602 3872 3692 3919 est
3717 3906 3732 3931 ,
3764 3871 3819 3919 et

2204 3961 2296 4032 qui
2317 3976 2438 4016 eum
2467 3959 2770 4016 vexandum
2811 3966 3157 4030 poposcerat,
3201 3967 3383 4013 contra
3404 3972 3561 4028 quem
3590 3971 3697 4028 pro
3725 3955 3821 4011 illo

2203 4052 2461 4109 Dominus
2488 4051 2699 4123 rogavit
2740 4066 2808 4106 ne
2833 4050 3088 4106 deficeret
3127 4048 3260 4105 fides
3303 4049 3419 4119 ejus
3464 4047 3614 4120 (Luc.
3661 4063 3816 4115 xxn,

2203 4145 2293 4212 3i,
2323 4145 2441 4214 32);
2466 4143 2674 4214 accepit
2713 4143 2873 4198 etiam
2904 4143 3078 4213 ipsum
3106 4142 3192 4197 cui
3223 4156 3331 4197 non
3359 4141 3587 4207 restitit,
3628 4139 3817 4211 Spiri-

2203 4245 2316 4292 tum
2339 4246 2582 4292 sanctum
2605 4277 2619 4304 ,
2646 4243 2706 4290 ut
2731 4251 2840 4291 non
2866 4235 3039 4290 solum
3057 4235 3107 4290 ei
3125 4234 3486 4290 remitteretur
3504 4240 3817 4304 peccatum,

2205 4330 2300 4386 scd
2352 4342 2448 4401 per
2477 4344 2599 4385 eum
2629 4327 3013 4400 prmdicaretur
3037 4335 3095 4383 et
3139 4327 3357 4383 daretur
3397 4324 3644 4382 remissio
3682 4335 3821 4390 pec-

2172 4429 2184 4477 “.
2203 4429 2464 4477 calorum.

2276 4514 2363 4569 55.
2411 4512 2492 4567 Ea:
2529 4513 2644 4566 aliis
2693 4511 2887 4566 duobus
2939 4507 3254 4579 cvangelistis
3305 4504 3439 4559 idem
3485 4502 3816 4558 insinuatur.

2205 4604 2359 4674 Apud
2389 4604 2524 4660 duos
2562 4612 2738 4659 autem
2781 4603 2913 4658 alios
2949 4600 3302 4672 evangelistas
3342 4597 3484 4670 quod
3524 4606 3815 4665 narratur,

2205 4705 2264 4750 ut
2291 4695 2358 4751 de
2407 4695 2739 4765 blasphemia
2769 4694 3002 4765 Spiritus
3033 4692 3150 4747 haec
3192 4691 3458 4748 sententia
3498 4689 3819 4758 diceretur,

2205 4802 2364 4842 causa
2393 4787 2595 4842 exstitit
2621 4801 2685 4842 ex
2717 4784 3227 4841 commemoratione
3269 4782 3488 4853 spiritus
3510 4779 3821 4844 immundi,

2206 4878 2295 4948 qui
2321 4878 2374 4932 in
2405 4892 2462 4932 se
2488 4878 2662 4948 ipsum
2690 4877 2891 4931 divisus
2915 4884 3017 4931 est.
3050 4875 3257 4930 Dictum
3288 4875 3432 4930 enim
3463 4880 3581 4928 erat
3603 4871 3675 4927 de
3708 4871 3826 4926 Do-

2205 4971 2373 5039 mino,
2405 4969 2546 5041 quod
2573 4971 2624 5024 iu
2657 4969 2897 5041 principe
2921 4968 3223 5024 daemonum
3247 4969 3462 5038 ejiceret
3489 4966 3779 5022 dicmones
3805 4990 3823 5029 ε

2207 5063 2281 5118 ibi
2306 5079 2364 5119 se
2393 5064 2650 5120 Dominus
2676 5064 2751 5119 ait
2775 5064 2829 5117 iu
2855 5062 3057 5133 Spiritu
3085 5071 3269 5118 sancto
3290 5061 3484 5132 ejicere
3507 5059 3823 5123 daemones,

2205 5165 2266 5212 ut
2284 5156 2514 5228 Spiritus
2542 5157 2634 5228 qui
2679 5171 2786 5212 non
2813 5165 2897 5211 est
2935 5155 2990 5210 in
3017 5170 3075 5210 se
3101 5155 3304 5210 divisus
3323 5195 3339 5223 ,
3395 5169 3517 5210 cum
3545 5152 3636 5224 qui
3665 5152 3731 5207 in
3759 5165 3826 5206 se

2207 5249 2407 5305 divisus
2437 5258 2519 5305 est
2546 5249 2725 5304 vincat
2768 5257 2927 5318 atque
2965 5248 3179 5318 cjiciat;
3226 5247 3319 5302 ille
3347 5255 3526 5302 autem
3557 5245 3734 5300 homo
3764 5244 3827 5299 in

2207 5344 2322 5413 ejus
2351 5343 2652 5414 perditione
2678 5351 2972 5407 remaneat,
2998 5342 3087 5411 qui
3113 5343 3164 5396 in
3196 5341 3355 5411 hujus
3379 5339 3472 5411 qui
3498 5339 3551 5388 in
3581 5349 3641 5390 se
3670 5332 3829 5390 divi-

2207 5451 2296 5492 sus
2325 5452 2433 5492 non
2461 5445 2579 5505 est,
2625 5451 2809 5508 pacem
2837 5451 2931 5506 per
2967 5422 3408 5500 impaenitentiam
3437 5427 3668 5482 transire
3711 5426 3826 5484 de-

2206 5536 2415 5582 trectat.
2445 5529 2559 5580 Hoc
2587 5529 2729 5579 enim
2757 5521 2967 5578 Marcus
2992 5522 3063 5576 ita
3090 5530 3272 5576 narrat
3292 5539 3304 5575 :
3323 5521 3482 5575 Amen
3501 5520 3614 5574 dico
3639 5520 3823 5589 vobis,

2204 5621 2324 5691 quia
2364 5619 2534 5674 omnia
2557 5619 2870 5672 dimittentur
2899 5615 3186 5671 hominibus
3215 5623 3448 5687 peccata,
3479 5622 3528 5668 et
3566 5611 3829 5682 blasphe-

2271 5765 2287 5795 ¹
2312 5765 2451 5834 βᾲξιὶ,
2469 5761 2770 5830 conﬁtebitur
2789 5759 2948 5814 illum
2971 5768 3029 5814 At
3050 5767 3179 5827 Mss,
3204 5760 3257 5815 in
3277 5760 3542 5826 itte;juxta
3562 5772 3826 5825 gramm,

2195 5835 2265 5877 ραι
