4032 6332
277 374 386 431 465

278 488 399 542 ntite
422 486 601 556 quibus
626 486 1073 557 blasphemaverint
1101 502 1120 540 :
1146 487 1231 559 qui
1246 494 1414 542 autem
1447 484 1864 556 blasphemaverit

278 580 332 632 in
363 578 617 650 Spiritum
646 588 875 633 sanctum
897 620 911 644 ,
957 595 1057 633 non
1085 578 1229 633 habet
1257 579 1599 633 remissionem
1626 578 1678 631 in
1713 586 1861 631 teter-

279 686 406 723 num
428 711 443 736 ,
470 669 559 724 sed
584 686 700 725 reus
723 671 817 724 erit
847 671 1018 725 reterni
1042 671 1230 725 delicti.
1282 670 1406 725 Haec
1448 670 1611 726 verba
1655 669 1863 724 Domini

281 778 407 818 cum
437 762 693 829 dixisset,
718 778 812 817 sua
842 763 1034 829 deinde
1059 764 1334 833 conjunxit
1350 762 1532 818 dicens
1550 805 1566 830 ,
1616 762 1863 828 Quoniam

278 855 541 919 dicebant,
596 854 848 924 Spiritum
909 855 1227 910 immundum
1266 856 1409 909 habet
1439 854 1626 925 (Marc.
1656 870 1732 921 ιιι,
1763 854 1863 909 28-

282 946 372 1017 30)
401 965 415 1001 :
440 956 498 1001 ut
520 947 858 1014 ostenderet,
901 948 1025 1003 hinc
1064 948 1226 1003 fuisse
1262 956 1497 1002 exortam
1524 962 1735 1001 causam
1761 988 1776 1012 ,
1809 954 1867 1001 ut

279 1037 383 1093 hoc
427 1038 658 1102 diceret,
711 1053 778 1093 eo
820 1038 961 1107 quod
1013 1038 1253 1093 dixerant
1292 1054 1416 1094 eum
1462 1037 1517 1091 in
1570 1037 1866 1092 Beelzebub

279 1130 521 1198 principe
559 1129 943 1183 dmmoniorum
994 1129 1265 1184 daemones
1310 1129 1530 1200 pellere.
1574 1128 1688 1182 Non
1743 1130 1865 1199 quia

279 1233 426 1277 esset
446 1222 773 1292 blasphemia
800 1238 916 1292 qua:
937 1237 1042 1277 non
1071 1222 1355 1278 remittitur
1372 1262 1387 1287 ,
1411 1236 1530 1276 cum
1563 1230 1616 1275 et
1639 1220 1753 1275 haec
1784 1236 1867 1275 re-

280 1315 555 1381 mittatur,
597 1316 639 1368 si
672 1324 816 1369 recta
848 1314 1154 1384 poenitentia
1184 1322 1534 1383 consequatur
1562 1331 1574 1365 :
1607 1313 1700 1369 sed
1726 1313 1867 1383 quod

281 1405 435 1471 hinc,
464 1414 523 1460 ut
550 1406 688 1471 dixi,
718 1422 874 1461 causa
901 1406 1103 1460 exstitit
1135 1414 1191 1460 ut
1217 1420 1247 1459 a
1288 1405 1515 1460 Domino
1538 1406 1626 1459 illa
1654 1415 1868 1460 senten-

281 1497 351 1550 tia
395 1497 756 1567 proferretur,
801 1497 936 1552 facta
990 1497 1261 1552 mentione
1311 1496 1528 1565 spiritus
1580 1496 1863 1564 immundi,

279 1603 441 1657 quem
465 1588 749 1643 adversum
773 1603 831 1643 se
857 1590 1031 1658 ipsum
1063 1586 1289 1641 divisum
1321 1586 1574 1640 Dominus
1601 1586 1831 1641 ostendit
1849 1628 1864 1651 ,

282 1688 501 1748 propter
539 1680 793 1748 Spiritum
822 1689 1063 1734 sanctum
1082 1720 1095 1743 ,
1138 1678 1223 1747 qui
1252 1692 1358 1732 non
1388 1678 1558 1731 solum
1587 1677 1866 1730 adversum

283 1788 342 1825 se
366 1771 569 1827 divisus
598 1787 703 1826 non
734 1780 845 1837 est,
873 1771 968 1827 sed
993 1772 1153 1827 etiam
1174 1785 1307 1840 quos
1331 1771 1529 1840 colligit
1551 1770 1711 1824 efﬁcit
1737 1770 1867 1824 indi-

283 1863 430 1918 visos
450 1904 465 1929 ,
515 1872 729 1933 peccata
779 1879 896 1933 quae
923 1862 1204 1917 adversum
1248 1877 1304 1917 se
1328 1862 1496 1916 divisa
1526 1870 1650 1916 sunt
1686 1862 1866 1916 dimit-

284 1955 476 2019 tendo,
503 1969 699 2023 eosque
725 1954 1008 2008 mandatos
1053 1952 1429 2017 inhabitando;
1476 1961 1532 2007 ut
1558 1954 1654 2019 sit,
1677 1968 1866 2023 quem-

284 2047 570 2102 admodum
640 2048 894 2117 scriptnm
949 2055 1033 2101 est
1082 2046 1133 2099 in
1190 2046 1406 2100 Actibus
1456 2046 1864 2114 Apostolorum,

286 2141 631 2194 Multitudinis
675 2133 978 2194 credentium
1007 2148 1115 2194 erat
1143 2156 1228 2193 cor
1273 2156 1430 2192 unum
1464 2147 1511 2192 et
1553 2140 1723 2193 anima
1767 2156 1870 2193 una

284 2232 421 2300 (Act.
454 2248 527 2299 iv,
557 2233 668 2303 52).
700 2232 795 2287 Cui
832 2231 973 2285 dono
995 2231 1323 2286 remissionis
1350 2246 1454 2285 non
1492 2232 1721 2299 resistit,
1768 2232 1867 2286 nisi

284 2324 376 2390 qui
408 2322 652 2377 duritiam
684 2322 859 2377 cordis
905 2321 1289 2391 impmnitentis
1343 2321 1605 2377 habuerit.
1656 2322 1787 2377 Nam
1816 2332 1871 2379 et

283 2414 389 2468 alio
415 2415 532 2469 loco
571 2414 818 2469 dixerunt
862 2414 1030 2470 Judaei
1070 2414 1135 2469 de
1186 2414 1442 2483 Domino,
1487 2415 1626 2484 quod
1665 2416 1869 2470 daemo-

282 2508 428 2561 nium
467 2508 687 2562 haberet
709 2508 889 2577 (Joan.
921 2524 1014 2571 vu,
1045 2509 1135 2573 20,
1160 2517 1208 2561 et
1238 2524 1351 2574 vni,
1388 2507 1498 2579 48),
1550 2524 1649 2562 nec
1693 2518 1868 2563 tamen

283 2600 352 2654 ibi
396 2601 595 2670 aliquid
623 2602 756 2656 dixit
786 2601 852 2655 de
877 2600 1205 2670 blasphemia
1237 2601 1465 2670 Spiritus
1494 2602 1663 2655 sancti
1689 2619 1702 2655 :
1734 2618 1870 2672 quo-

282 2694 424 2748 niam
463 2710 569 2749 non
595 2695 664 2749 ita
692 2696 1002 2767 objecerunt
1039 2695 1287 2765 spiritum
1315 2692 1675 2762 immundum,
1718 2706 1777 2751 ut
1815 2698 1869 2753 in

281 2799 340 2839 se
368 2784 571 2840 divisus
601 2801 666 2841 ex
696 2800 791 2841 ore
820 2787 1056 2856 ipsorum
1091 2786 1256 2855 possit
1276 2785 1481 2840 ostendi
1502 2828 1517 2853 ,
1550 2786 1686 2841 sicut
1715 2786 1869 2843 Beel-

283 2877 451 2931 zebub
473 2892 505 2931 a
528 2893 634 2947 quo
652 2878 772 2946 ejici
801 2878 1072 2933 daemones
1101 2892 1258 2947 posse
1282 2878 1550 2933 dixerunt.

350 2966 575 3021 CAPUT
615 2966 781 3022 XXII.
805 2998 877 3007 —-—
905 2968 993 3023 '56.
1028 2968 1223 3022 Unitati
1250 2967 1491 3022 Ecclesia:
1513 2969 1662 3022 corde
1689 2970 1870 3039 impae-

282 3059 455 3112 nitenti
489 3060 747 3125 resistere,
778 3059 1090 3130 blasphemia
1129 3068 1200 3114 est
1238 3060 1615 3115 irremissibilis.
1664 3061 1723 3116 ln
1774 3062 1873 3118 hac

280 3163 411 3204 vero
448 3150 677 3205 lectione
704 3151 996 3206 secundum
1043 3150 1380 3217 Matthaeum,
1435 3154 1604 3207 multo
1650 3154 1873 3210 manife-

280 3241 416 3295 stius
434 3242 645 3311 aperuit
674 3243 933 3296 Dominus
956 3241 1081 3311 quid
1113 3241 1197 3297 hic
1224 3242 1385 3297 vellet
1406 3243 1630 3313 intelligi
1654 3261 1667 3297 :
1692 3244 1743 3299 id
1770 3253 1870 3312 est,

282 3333 423 3403 quod
459 3334 575 3402 ipse
624 3333 766 3388 dicat
809 3334 1030 3388 verbum
1059 3341 1243 3389 contra
1293 3334 1549 3403 Spiritum
1595 3344 1870 3403 sanctum,

280 3426 369 3494 qui
405 3426 593 3479 unitati
638 3425 893 3480 Ecclesia:
933 3424 1097 3480 corde
1124 3425 1477 3496 impcenitenti
1517 3426 1752 3492 resistit,
1781 3428 1869 3481 ubi

282 3519 331 3572 in
355 3518 559 3587 Spiritu
584 3526 767 3573 sancto
790 3517 847 3571 fit
875 3517 1121 3573 remissio
1153 3526 1512 3587 peccatorum.
1556 3518 1709 3573 Hunc
1728 3520 1873 3574 enim

282 3610 537 3679 Spiritum
563 3626 669 3664 non
700 3609 930 3676 habent,
961 3618 1020 3664 ut
1052 3609 1161 3679 jam
1193 3609 1394 3664 dictum
1438 3619 1553 3677 est,
1603 3612 1690 3681 qui
1715 3612 1875 3666 etiam

282 3702 479 3756 Christi
524 3710 854 3757 sacramenta
896 3709 1171 3772 portantes
1218 3709 1379 3770 atque
1423 3709 1757 3769 tractantes,
1808 3702 1875 3756 ab

283 3792 396 3862 ejus
424 3793 835 3863 congregatione
877 3792 1103 3860 sejuncti
1145 3799 1289 3846 sunt.
1322 3790 1454 3845 Nam
1486 3791 1577 3848 ubi
1628 3791 1763 3846 dixit
1808 3792 1877 3848 de

284 3885 545 3940 divisione
570 3894 771 3940 satana:
817 3884 1069 3939 adversus
1096 3892 1367 3951 satanam,
1422 3892 1475 3939 et
1499 3883 1640 3954 quod
1671 3884 1784 3954 ipse
1822 3884 1875 3939 in

284 3979 482 4048 Spiritu
539 3986 723 4032 sancto
764 3977 985 4047 ejiceret
1026 3976 1337 4043 daemones,
1385 3975 1565 4045 utique
1606 3976 1658 4029 in
1687 3975 1875 4044 spiritu

283 4072 370 4140 qui
407 4085 515 4123 non
558 4079 640 4124 est
666 4068 921 4123 adversus
948 4084 1004 4123 se
1033 4068 1205 4138 ipsum
1230 4108 1245 4133 ,
1296 4067 1434 4121 sicut
1471 4066 1591 4133 ille,
1632 4065 1871 4133 divisus;

286 4162 353 4216 ibi
375 4163 654 4228 continuo,
682 4177 749 4217 ne
776 4177 872 4231 per
892 4162 1011 4216 illos
1026 4162 1115 4231 qui
1137 4160 1236 4216 sub
1263 4160 1480 4215 nomine
1504 4158 1702 4215 Christi
1725 4166 1875 4214 extra

287 4254 401 4323 ejus
443 4254 591 4309 ovile
620 4253 989 4308 conventicula
1034 4268 1127 4307 sua
1179 4260 1536 4323 congregant,
1595 4252 1876 4321 quisquam

288 4352 495 4411 putaret
524 4345 684 4398 etiam
712 4359 932 4414 regnum
956 4342 1155 4398 Christi
1180 4344 1461 4398 adversum
1505 4358 1563 4397 se
1593 4358 1711 4397 esse
1736 4343 1874 4397 divi-

288 4448 433 4497 sum,
470 4436 569 4501 Qui
596 4452 697 4489 non
726 4446 797 4490 est
817 4453 1031 4502 mecum,
1056 4436 1244 4505 inquit,
1271 4445 1447 4489 contra
1476 4452 1554 4489 me
1579 4444 1686 4501 est;
1718 4445 1764 4489 et
1792 4436 1876 4505 qui

292 4542 389 4579 non
414 4535 687 4597 congregat
715 4542 904 4579 mecum
923 4568 936 4590 ,
982 4526 1173 4597 spargit
1202 4542 1220 4579 :
1249 4534 1308 4579 ut
1332 4526 1449 4580 illos
1470 4525 1774 4579 ostenderet
1810 4526 1877 4580 ad

293 4633 345 4672 se
373 4634 480 4672 non
510 4618 778 4689 pertinere
797 4659 810 4683 ,
843 4619 934 4688 qui
957 4629 1104 4673 extra
1128 4618 1497 4687 congregaudo
1522 4618 1725 4672 nollent
1752 4633 1879 4673 con-

236 4748 245 4757 -
294 4727 538 4783 gregare,
582 4711 679 4767 sed
722 4726 990 4782 spargere.
1032 4710 1232 4765 Deinde
1276 4711 1581 4780 subjunxit,
1618 4709 1742 4764 Ideo
1766 4712 1878 4764 dico

295 4806 425 4861 vobis
446 4824 464 4860 :
498 4805 661 4860 Omne
682 4815 940 4875 peccatum
955 4814 1001 4857 et
1027 4803 1337 4874 blasphemia
1360 4803 1637 4856 remittetur
1662 4803 1879 4856 homini-

298 4897 421 4964 bus;
447 4898 675 4967 Spiritus
714 4905 880 4949 autem
916 4895 1227 4963 blasphemia
1275 4910 1375 4947 non
1422 4894 1711 4947 remittetur.
1742 4892 1881 4961 Quid

298 4996 375 5041 est
404 4986 544 5041 hoc?
570 4985 696 5041 Ideo
726 4986 837 5041 sola
866 4984 1098 5055 Spiritus
1136 4983 1465 5053 blasphemia
1502 5000 1606 5037 non
1645 4984 1881 5037 remitte-

302 5090 408 5146 tur,
440 5080 693 5150 quoniam
711 5079 800 5149 qui
831 5094 938 5133 non
965 5086 1048 5132 est
1078 5092 1199 5131 cum
1221 5075 1436 5130 Christo
1457 5118 1472 5143 ,
1494 5085 1675 5130 contra
1708 5077 1878 5145 ipsum

302 5182 405 5236 est;
438 5181 492 5227 et
540 5171 631 5242 qui
674 5184 779 5223 non
827 5185 947 5223 cum
980 5171 1071 5222 illo
1097 5176 1415 5237 congregat,
1470 5167 1710 5236 spargit?
1762 5167 1881 5221 Ideo

303 5266 499 5334 utique.
528 5263 633 5331 Qui
657 5263 798 5317 enim
827 5278 931 5316 non
961 5276 1081 5315 cum
1110 5260 1200 5314 illo
1228 5267 1542 5329 congregat,
1584 5257 1881 5327 quomodo-

304 5356 427 5411 libet
450 5358 549 5411 sub
576 5356 693 5426 ejus
719 5356 934 5411 nomine
953 5361 1241 5425 congreget
1260 5394 1273 5418 ,
1304 5367 1409 5407 non
1444 5351 1603 5405 habet
1625 5350 1881 5421 Spiritum

303 5456 560 5501 sanctum.

371 5535 597 5591 CAPUT
637 5532 1015 5589 ΧΧ111.-¹57.
1058 5536 1477 5604 Congregationes
1505 5546 1685 5603 printer
1704 5532 1883 5588 Eccle-

305 5628 429 5682 sium
450 5644 551 5681 non
578 5626 759 5679 habent
790 5624 1039 5694 Spiritum
1058 5635 1287 5678 sanctum
1312 5642 1410 5691 quo
1432 5624 1490 5694 ﬁt
1516 5625 1743 5678 remissio
1768 5641 1886 5695 pec—

309 5728 544 5773 catorum.
582 5716 854 5771 Peccatum
889 5715 1252 5770 irremissibile.
1284 5716 1577 5787 Sulfugium
1607 5726 1783 5771 contra
1812 5716 1886 5769 ir—

310 5812 649 5866 remissibilem
686 5810 1069 5880 blasphemiam.
1116 5808 1213 5867 Hic
1250 5809 1483 5877 omnino,
1517 5809 1603 5866 hic
1640 5824 1739 5866 nos
1768 5823 1888 5865 com

1906 260 1956 267 ς...

1656 367 1899 427 ’SERMO
1934 366 2127 425 LXXI.

3440 371 3545 429 466

1968 482 2099 553 pulit
2115 496 2217 537 non
2238 482 2362 539 alibi
2378 482 2667 554 intelligere
2684 484 2797 539 fieri
2812 498 2969 557 posse
2985 487 3355 543 remissionem
3372 491 3547 548 omnis

1967 574 2166 644 peccati
2195 576 2470 645 omnisque
2499 576 2859 646 blasphemiae,
2888 579 2988 634 nisi
3020 580 3071 633 in
3097 581 3289 634 Christi
3318 597 3545 653 congre-

1966 667 2195 737 gatione,
2228 682 2345 737 qua:
2375 682 2478 721 non
2507 669 2721 738 spargit.
2746 669 3109 741 Congregatur
3128 673 3321 742 quippe
3341 675 3392 729 in
3420 674 3545 744 Spi-

1967 759 2075 814 ritu
2103 768 2307 825 sancto,
2334 761 2422 830 qui
2448 776 2554 815 non
2582 770 2665 817 est
2692 771 2875 817 contra
2896 778 2955 818 se
2974 764 3145 833 ipsum
3168 765 3390 832 divisus,
3410 768 3548 823 sicut

1970 849 2057 905 ille
2084 850 2386 907 immundus
2430 853 2665 921 spiritus.
2698 853 2767 907 Et
2794 864 3073 925 propterea
3103 872 3289 912 omnes
3317 872 3548 929 congre-

1970 944 2229 1013 gationes,
2268 944 2352 999 vel
2382 945 2559 1014 potius
2585 945 2962 1014 dispersiones,
2992 963 3113 1017 quae.
3139 964 3197 1004 se
3219 948 3415 1004 Christi
3444 952 3547 1004 Ee-

1970 1034 2161 1089 clesias
2183 1036 2466 1105 appellant,
2492 1044 2545 1091 et
2563 1045 2685 1090 sunt
2711 1038 2848 1092 inter
2873 1054 2931 1093 se
2951 1039 3129 1093 divisae
3155 1048 3315 1109 atque
3339 1050 3551 1096 contra~

1971 1127 2085 1192 rite,
2118 1138 2172 1183 et
2202 1128 2415 1183 unitatis
2444 1132 2857 1200 congregationi,
2888 1148 3006 1202 quae
3035 1148 3157 1187 vera
3186 1143 3268 1188 est
3311 1135 3550 1193 Ecclesia

1971 1219 2105 1288 ejus,
2140 1221 2394 1285 inimica};
2420 1236 2521 1275 non
2549 1224 2669 1291 quia
2691 1222 2936 1277 videntur
2959 1224 3077 1293 ejus
3106 1224 3302 1280 habere
3326 1243 3546 1296 nomen,

1971 1308 2169 1365 idcirco
2192 1312 2452 1380 pertinent
2476 1312 2543 1365 ad
2569 1312 2684 1381 ejus
2707 1314 3189 1383 congregationem.
3216 1317 3552 1373 Pertinerent

1971 1411 2168 1468 autem,
2205 1404 2247 1456 si
2277 1402 2501 1472 Spiritus
2530 1416 2760 1465 sanctus,
2803 1406 2855 1458 in
2897 1421 3002 1474 quo
3041 1407 3374 1461 consociatur
3436 1408 3550 1464 haec

1972 1494 2326 1563 congregatio,
2350 1494 2629 1547 adversum
2652 1510 2708 1549 se
2736 1496 2905 1564 ipsum
2926 1494 3125 1550 divisus
3150 1506 3308 1550 esset.
3332 1498 3443 1553 Hoc
3457 1515 3552 1553 au-

1974 1593 2079 1639 tem
2109 1585 2230 1655 quia
2258 1602 2362 1639 non
2388 1597 2469 1641 est
2490 1587 2600 1657 (qui
2629 1588 2768 1642 enim
2791 1603 2895 1642 non
2920 1598 3003 1643 est
3026 1603 3145 1643 cum
3166 1590 3398 1655 Christo,
3419 1606 3550 1646 con-

1974 1686 2051 1730 tra
2082 1679 2255 1745 ipsum
2274 1685 2381 1741 est;
2408 1687 2462 1732 et
2485 1679 2574 1747 qui
2603 1693 2723 1732 cum
2742 1678 2833 1733 illo
2860 1695 2967 1733 non
2984 1689 3290 1750 congregat,
3310 1681 3550 1754 spargit),

1973 1770 2092 1824 ideo
2114 1779 2385 1839 peccatum
2414 1786 2571 1825 omne
2592 1781 2749 1841 atque
2769 1772 2943 1825 omnis
2971 1772 3295 1842 blasphemia
3316 1772 3553 1828 dimitte-

1974 1872 2060 1918 tur
2087 1863 2386 1918 hominibus
2420 1864 2473 1917 in
2514 1864 2612 1918 hac
2639 1866 3067 1935 congregatione,
3095 1881 3252 1936 quam
3281 1866 3333 1920 in
3354 1866 3555 1936 Spiritu

1972 1964 2175 2019 sancto,
2213 1965 2264 2011 et
2294 1972 2399 2010 non
2426 1956 2679 2011 adversus
2718 1972 2776 2012 se
2817 1958 2990 2027 ipsum
3033 1958 3220 2025 diviso,
3270 1971 3557 2031 congregat

1973 2046 2235 2102 Christus.
2263 2047 2427 2116 Ipsius
2446 2058 2621 2103 autem
2644 2049 2871 2117 Spiritus
2892 2049 3215 2121 blasphemia
3236 2050 3345 2119 illa,
3368 2066 3470 2122 qua
3496 2052 3558 2107 fit

1973 2146 2032 2192 ut
2054 2138 2214 2192 corde
2243 2138 2591 2207 impmnitenti
2617 2140 2739 2195 huic
2759 2148 2904 2195 tanto
2925 2141 3017 2195 Dei
3040 2141 3183 2197 dono
3208 2158 3373 2213 usque
3402 2146 3453 2197 in
3490 2144 3558 2197 ﬁ-

1975 2247 2095 2286 nem
2123 2231 2241 2285 viue
2268 2232 2419 2286 istius
2456 2233 2750 2298 resistatur,
2791 2250 2895 2288 non
2930 2236 3247 2290 remittetur.
3290 2235 3422 2290 Nam
3455 2239 3557 2293 etsi

1974 2325 2251 2393 quisquam
2287 2324 2355 2376 ita
2378 2324 2447 2378 sit
2472 2326 2771 2379 contrarius
2800 2326 3029 2393 veritati,
3064 2337 3119 2381 ut
3159 2328 3269 2382 Deo
3298 2328 3555 2397 loquenti,

1975 2430 2082 2468 non
2113 2415 2164 2468 in
2197 2414 2498 2483 Pr0phetis,
2524 2416 2615 2470 sed
2642 2417 2693 2470 in
2723 2418 2881 2471 unico
2908 2418 3063 2484 Filio,
3087 2433 3206 2472 cum
3229 2426 3445 2487 propter
3460 2435 3559 2476 nos

1975 2522 2117 2569 eum,
2155 2517 2211 2560 ut
2238 2508 2389 2561 nobis
2417 2509 2470 2562 in
2499 2524 2563 2563 eo
2600 2509 2924 2578 loqueretur,
2956 2510 3149 2564 Filium
3178 2512 3409 2565 hominis
3439 2527 3559 2568 esse

1974 2599 2161 2663 voluit,
2190 2601 2512 2666 reluctetur;
2542 2601 2839 2656 remittetur
2862 2602 2932 2669 ei,
2964 2617 3084 2656 cum
3109 2603 3414 2671 paenitendo
3434 2618 3560 2658 eon-

1977 2707 2165 2747 versus
2195 2692 2351 2747 fuerit
2374 2692 2441 2746 ad
2465 2692 2558 2746 Dei
2584 2692 2997 2763 benignitatem;
3026 2696 3118 2762 qui
3154 2708 3276 2748 cum
3328 2701 3557 2748 mortem

1976 2784 2125 2853 impii
2151 2784 2336 2847 nollet,
2376 2793 2630 2853 quantum
2669 2793 2727 2837 ut
2764 2792 3060 2839 revertatur
3084 2794 3139 2839 et
3165 2786 3308 2839 vivat
3336 2785 3559 2855 (Ezeeh.

1975 2888 2170 2940 xum,
2205 2874 2315 2947 il),
2352 2874 2500 2929 dedit
2525 2875 2776 2930 Ecclesiae
2796 2890 2906 2930 suae
2936 2876 3185 2945 Spiritum
3212 2885 3473 2943 sanctum,
3505 2882 3564 2929 ut

1975 2966 2293 3036 quicumque
2317 2966 2371 3020 in
2392 2981 2458 3021 eo
2483 2975 2697 3035 peccata
2736 2967 3044 3033 dimitteret,
3069 2967 3459 3022 dimitterentur
3487 2968 3559 3023 ei.

1976 3056 2079 3124 Qui
2104 3073 2231 3112 vero
2267 3058 2388 3112 huic
2422 3057 2564 3113 dono
2601 3059 2863 3113 exstiterit
2906 3058 3171 3123 inimicus,
3208 3067 3266 3113 ut
3292 3075 3396 3113 non
3432 3058 3562 3113 illud

1977 3164 2074 3221 per
2100 3150 2465 3219 paenitentiam
2488 3159 2652 3219 petat,
2685 3149 2776 3204 sed
2795 3150 2844 3204 ei
2862 3165 2957 3219 per
2977 3149 3417 3219 impaenitentiam
3435 3166 3562 3206 eon-

1980 3240 2221 3306 tradicat,
2248 3240 2305 3293 fit
2324 3240 2719 3304 irremissibile;
2746 3256 2850 3293 non
2872 3240 3242 3309 quodcumque
3264 3249 3560 3310 peccatum,

1980 3332 2073 3387 sed
2099 3342 2400 3401 contempta
2431 3334 2512 3387 vel
2534 3334 2690 3386 etiam
2723 3344 3020 3402 oppugnata
3042 3333 3155 3402 ipsa
3178 3334 3420 3389 remissio
3440 3349 3563 3404 pec-

1979 3434 2238 3488 catorum.
2272 3426 2443 3493 Atque
2479 3425 2549 3477 ita
2588 3424 2781 3478 dicitur
2823 3424 3041 3477 verbum
3084 3434 3267 3478 contra
3307 3424 3563 3494 Spiritum

1981 3529 2244 3582 sanctum,
2270 3534 2388 3571 eum
2415 3532 2479 3571 ex
2506 3518 2835 3586 dispersione
2859 3516 2923 3571 ad
2952 3520 3412 3588 congregationem
3431 3536 3567 3573 nun-

1980 3624 2137 3678 quam
2171 3610 2396 3673 venitur,
2428 3624 2544 3677 qure
2563 3608 2627 3662 ad
2651 3607 2966 3662 remittenda
2990 3618 3203 3677 peccata
3224 3612 3427 3680 accepit
3446 3610 3565 3681 Spi-

1981 3701 2137 3755 ritum
2170 3710 2430 3753 sanctuni.
2462 3699 2540 3753 Ad
2566 3714 2724 3769 quam
2752 3700 3211 3769 congregationem
3233 3702 3443 3755 etiamsi
3469 3717 3566 3771 per

1980 3791 2176 3844 malum
2215 3790 2486 3856 clericum,
2520 3790 2612 3844 sed
2657 3798 2833 3843 tamen
2874 3789 3191 3843 catholicum
3236 3791 3561 3859 ministrum,

1980 3883 2262 3952 reprobum
2289 3891 2343 3936 et
2373 3882 2552 3936 ﬁctum
2581 3882 2770 3952 aliquis
2796 3872 3083 3936 accesserit
3107 3882 3265 3937 corde
3286 3899 3389 3937 non
3408 3884 3560 3951 ficto;

1982 3976 2032 4029 in
2064 3976 2178 4044 ipso
2206 3984 2389 4030 sancto
2416 3976 2611 4044 Spiritu
2657 3975 3027 4030 remissionem
3076 3977 3266 4045 accipit
3312 3986 3559 4046 peccato-

1980 4084 2119 4123 rum.
2148 4067 2245 4134 Qui
2285 4068 2500 4137 spiritus
2531 4068 2581 4121 in
2615 4078 2797 4123 sancta
2832 4068 3087 4134 Ecclesia,
3116 4070 3276 4124 etiam
3303 4070 3405 4125 isto
3434 4080 3565 4125 tem-

1984 4176 2132 4230 pore,
2156 4174 2263 4229 quo
2284 4160 2433 4214 velut
2453 4174 2575 4214 area
2609 4174 2728 4214 cum
2754 4161 2901 4230 palea
2936 4161 3231 4225 trituratur,
3262 4162 3339 4215 sic
3371 4176 3566 4230 Opera-

1983 4261 2087 4319 tur,
2112 4261 2168 4305 ut
2193 4252 2387 4306 nullius
2411 4266 2591 4306 veram
2610 4252 2997 4307 confessionem
3018 4262 3349 4322 aspernetur,
3371 4255 3569 4310 nullius

1982 4342 2319 4395 simulatione
2338 4342 2567 4406 fallatur,
2592 4350 2751 4412 atque
2773 4342 2845 4396 ita
2860 4342 3117 4412 reprohos
3131 4344 3311 4413 fugiat,
3336 4345 3566 4399 utetiam

1983 4450 2078 4505 per
2107 4451 2291 4490 eorum
2339 4435 2689 4489 ministerium
2721 4435 2915 4505 probos
2958 4436 3189 4505 colligat.
3234 4435 3408 4491 Unum
3439 4451 3569 4507 ergo

1982 4526 2265 4596 suffugium
2293 4535 2394 4590 est,
2430 4541 2495 4580 ne
2528 4526 2595 4579 sit
2616 4526 2997 4580 irremissibilis
3025 4526 3372 4596 blasphemia,
3400 4535 3457 4580 ut
3476 4542 3570 4581 cor

1983 4618 2322 4687 impmnitens
2350 4628 2626 4683 caveatur;
2659 4634 2759 4671 nec
2799 4619 2951 4673 aliter
2982 4620 3287 4688 paenitentia
3316 4618 3573 4688 prodesse

1984 4711 2251 4775 credatur,
2284 4710 2385 4763 nisi
2416 4718 2473 4763 ut
2500 4718 2743 4763 teneatur
2766 4708 3027 4775 Ecclesia,
3060 4710 3150 4764 ubi
3179 4710 3424 4764 remissio
3448 4724 3571 4780 pec-

1983 4812 2223 4857 catorum
2248 4801 2425 4867 datur,
2469 4810 2523 4855 et
2559 4802 2786 4855 societas
2825 4800 3054 4870 Spiritus
3097 4801 3149 4854 in
3188 4800 3334 4869 pacis
3359 4801 3571 4856 vinculo

2322 4976 2512 5032 XXIV.
2528 4977 2700 5032 —38.
2745 4975 3052 5031 Tractatoris
3076 4976 3354 5030 humilitas.
3376 4975 3449 5032 Ut
3473 4990 3572 5046 po-

1989 5072 2085 5133 tui,
2134 5070 2497 5124 diflicillimam
2530 5068 2898 5135 qumstionem,
2938 5068 2979 5122 si
3025 5077 3200 5121 tamen
3236 5067 3574 5137 aliquatenus

1987 5165 2155 5235 potui,
2190 5164 2416 5217 Domino
2454 5163 2741 5217 miserante
2790 5170 2951 5230 atque
2996 5160 3300 5229 adjuvante,
3329 5160 3571 5215 tractavi.

1986 5253 2252 5324 Quidquid
2284 5264 2455 5307 tamen
2480 5253 2534 5306 in
2564 5252 2678 5323 ejus
2697 5250 3007 5306 difficultate
3035 5250 3437 5319 apprehendere
3462 5266 3573 5306 non

1988 5347 2144 5410 valui,
2171 5362 2275 5400 non
2304 5346 2591 5415 imputetur
2609 5343 2707 5413 ipsi
2727 5343 2955 5407 veritati,
2984 5358 3102 5412 quae
3122 5343 3409 5399 salubriter
3434 5344 3571 5414 pios,

1988 5440 2146 5493 etiam
2180 5455 2297 5493 cum
2328 5439 2641 5501 occultatur,
2673 5445 2917 5499 exercet;
2962 5435 3058 5491 sed
3090 5437 3382 5491 infirmitati
3414 5452 3569 5504 meae,

1988 5531 2077 5600 qui
2106 5530 2186 5584 vel
2212 5527 2546 5599 intelligenda
2573 5528 2901 5597 conspicere,
2922 5526 3003 5581 vel
3019 5527 3281 5583 intellecta
3304 5528 3572 5597 explicare

1988 5637 2095 5676 non
2123 5623 2287 5691 potui.
2318 5622 2393 5675 De
2424 5620 2505 5674 his
2535 5627 2711 5673 autem
2737 5632 2855 5687 qua:
2884 5616 3022 5673 forte
3048 5619 3313 5688 potuimus
3344 5626 3397 5673 et
3425 5617 3574 5687 cogi-

1989 5714 2151 5769 tando
2175 5714 2455 5784 vestigare,
2479 5721 2532 5767 et
2553 5710 2780 5767 dicendo
2806 5709 3075 5781 expedire,
3107 5711 3182 5765 illi
3206 5720 3330 5766 sunt
3353 5707 3571 5779 agenda

1981 5808 2197 5879 gratim,
2224 5823 2254 5863 a
2278 5822 2383 5877 quo
2413 5805 2775 5878 quaesivimus,
2798 5819 2829 5860 a
2856 5818 2962 5875 quo
2989 5805 3290 5875 petivimus,
3318 5802 3385 5858 ad
3415 5816 3573 5873 quem
