4032 6332
1673 380 1730 438 S.
1771 376 2141 439 AUGUSTI!“
2178 377 2488 437 EPlSCOPl

3625 386 3731 447 468

453 498 794 573 μανίαι.
825 507 888 556 ut
929 499 1253 556 Mus
1290 496 1437 554 unde
1481 496 1539 553 et
1579 510 1681 554 nos
1719 497 2017 556 meditandc
2139 495 2258 554 bus.
2309 494 2543 551 Primum
2581 504 2821 569 tempus,
2860 504 2983 553 ante
3023 497 3255 571 Legem;
3299 503 3624 575 secundum,
3672 508 3731 566 lu

451 591 739 661 amur,
774 600 833 649 et
853 591 1004 649 vobis
1028 590 1296 662 habendo
1311 590 1756 649 ministrat-emus.

911 680 1145 739 SBBMO
1176 681 1367 738 LXXII
1385 686 1407 705 ί
1432 681 1533 752 (a).

368 752 382 786 Ἴ
452 770 1275 845 DemisWMatttci,
1303 790 1419 843 cap.
1456 788 1553 838 xu,
1587 773 1677 838 53,
1720 771 1827 826 Aut
1872 772 2030 827 facite

362 866 373 918 ξ
505 866 759 925 arborea
778 865 997 934 bulam,
1019 874 1079 922 et
1103 866 1329 922 fructum
1359 866 1477 936 eius
1500 866 1719 933 bonum,
1750 874 1844 919 etc.
1877 864 1973 934 (ὁ).

520 957 751 1016 CAPUT
783 959 1069 1021 PRIMUM.
1098 990 1169 1005 —-
1195 961 1247 1015 i.
1275 959 1421 1014 Bona
1453 975 1607 1031 opera
1652 960 1833 1015 habere
1868 960 2030 1013 malus

450 1049 609 1106 homo
651 1066 761 1106 non
807 1060 987 1122 potnt.-
1057 1052 1348 1109 Admonuit
1407 1066 1506 1107 nos
1563 1053 1819 1107 Dominus
1874 1051 2028 1107 Iesus

448 1138 714 1211 Mus,
769 1150 831 1198 ut
870 1143 1026 1199 tum
1071 1133 1310 1200 arbores.
1337 1144 1533 1211 sitnus,
1577 1152 1633 1200 et
1678 1143 1881 1199 fructus
1929 1144 2028 1197 bo-

449 1244 555 1307 n“
580 1231 1085 1304 Mammosam.
1115 1235 1205 1290 Ait
1238 1237 1382 1290 enim
1427 1254 1440 1290 :
1469 1236 1572 1289 Aut
1604 1236 1757 1307 facite
1800 1235 2030 1290 arborem

450 1304 657 1391 bona,
684 1334 733 1381 et
752 1326 977 1395 fruetus
996 1328 1107 1397 ejus
1125 1327 1351 1394 bonum;
1379 1337 1467 1383 aut
1486 1304 1638 1403 facite
1665 1329 1894 1383 arborem
1922 1345 2031 1382 ma-

450 1415 575 1484 lm,
603 1426 651 1473 et
677 1418 903 1488 fruentur
918 1422 1029 1493 ejus
1055 1423 1269 1477 malum.
1299 1422 1381 1478 De
1399 1429 1565 1496 fructu
1585 1427 1717 1479 enim
1756 1425 1908 1480 arbor
1940 1440 2029 1479 co-

450 1509 730 1579 gnoscitur.
754 1509 854 1565 Ubi
879 1511 969 1575 ait,
1000 1510 1179 1568 Facite
1203 1514 1433 1569 arborem
1452 1516 1633 1568 bonam
1654 1558 1668 1582 ,
1719 1524 1765 1569 et
1809 1521 2031 1588 fructum

449 1598 565 1668 eius
583 1597 767 1655 bum
789 1615 807 1654 :
830 1602 1135 1674 hocutiquo
1150 1619 1259 1660 non
1285 1614 1371 1660 est
1397 1606 1705 1672 admonitio,
1753 1608 1846 1662 sed
1892 1624 2030 1678 prte-

453 1696 674 1759 ceptutu
702 1691 934 1759 salubre,
961 1694 1049 1747 eui
1075 1694 1378 1750 obedientia
1416 1699 1715 1753 necessaria
1744 1708 1846 1754 est.
1877 1697 2030 1767 Quod

451 1786 630 1837 autem
654 1781 803 1847 dicit,
835 1782 1012 1839 Facite
1049 1786 1281 1841 arborem
1311 1789 1520 1853 nudam,
1561 1800 1606 1843 et
1659 1795 1877 1862 fructum
1923 1795 2031 1864 ejus

447 1871 643 1929 ubi:
668 1890 689 1929 :
712 1889 821 1930 non
844 1886 1165 1949 pauculum
1192 1890 1293 1948 est,
1316 1891 1376 1937 ut
1400 1882 1591 1949 iacias;
1644 1885 1737 1940 sed
1788 1887 2025 1952 monitio,

448 1971 509 2019 ut
532 1979 740 2025 caveas.
767 1968 967 2025 Contra
991 1971 1089 2027 hos
1109 1974 1253 2029 enim
1292 1975 1443 2043 dixit,
1489 1978 1579 2048 qui
1624 1979 1879 2048 putabant
1932 1993 1992 2034 se
2012 2022 2027 2048 ,

446 2068 575 2113 eum
598 2059 723 2115 mali
746 2072 946 2128 essent,
969 2064 1112 2135 loqui
1141 2067 1277 2122 bona
1314 2083 1506 2138 posse,
1559 2072 1643 2126 vel
1689 2073 1827 2126 bona
1870 2088 2029 2142 opera

448 2147 666 2207 lubere.
690 2152 806 2209 Hoc
831 2155 1085 2213 Dominus
1109 2158 1265 2216 Iesus
1288 2161 1414 2217 dicit
1441 2178 1545 2217 non
1569 2179 1743 2233 posse.
1769 2165 1920 2220 Prius
1948 2171 2031 2220 est

449 2238 898 2301 minumandus
926 2246 1123 2314 homo,
1167 2259 1397 2322 utopera
1446 2264 1731 2310 mutentur.
1782 2257 1841 2310 Si
1888 2257 2030 2311 enim

448 2342 632 2391 manet
653 2336 816 2395 homo
845 2340 899 2394 in
933 2356 1005 2397 eo
1025 2344 1172 2413 quod
1210 2345 1380 2401 maius
1411 2355 1493 2402 est
1511 2349 1549 2414 ί,
1578 2349 1712 2403 bona
1743 2364 1903 2419 opera
1934 2350 2031 2404 ha-

449 2424 584 2485 bere
603 2445 711 2487 non
735 2441 910 2503 potest
934 2453 948 2491 :
971 2436 1016 2491 si
1036 2447 1217 2495 manet
1234 2454 1287 2494 tn
1306 2454 1370 2497 eo
1399 2441 1540 2511 quod
1568 2442 1737 2498 bonus
1762 2451 1861 2510 est,
1895 2444 2030 2499 mala

450 2534 616 2593 opera
643 2523 838 2583 habere
861 2542 971 2584 non
997 2539 1193 2601 potest.

521 2615 577 2671 Ω.
610 2616 745 2673 lati
765 2636 1049 2679 mannos
1067 2626 1274 2680 inventi.
1304 2626 1434 2695 Quis
1448 2636 1624 2685 autem
1652 2644 1681 2684 a
1702 2629 1929 2686 Domino
1946 2630 2033 2688 bo-

449 2721 555 2763 nus
575 2709 822 2767 inventus
844 2724 945 2781 est,
967 2730 1089 2771 eum
1103 2716 1347 2775 Christus
1370 2733 1466 2790 pro
1490 2720 1663 2792 impiis
1701 2732 1940 2779 mortuus
1966 2726 2035 2780 sit

453 2796 631 2870 (Rana.
644 2817 700 2870 v,
718 2803 802 2877 0)?
813 2805 1013 2865 Omnes
1032 2822 1160 2880 ergo
1176 2812 1340 2867 malas
1355 2812 1575 2868 arbores
1591 2814 1812 2881 invenit,
1832 2817 1925 2872 sed
1941 2817 2034 2873 de-

450 2889 535 2946 dit
556 2902 871 2961 potestatem
896 2897 1035 2955 lillos
1066 2901 1161 2957 Dei
1191 2902 1327 2970 fieri,
1370 2904 1711 2961 credentibus
1737 2907 1789 2961 in
1820 2909 2033 2965 nomine

451 2981 571 3053 eius
585 2982 761 3056 (1m.
780 3003 818 3054 ι,
836 2988 946 3061 ﬂ).
965 2989 1215 3062 Quisquis
1229 2994 1557 3064 igiturhomo
1572 2996 1731 3052 hodie
1741 2998 1910 3055 bonus
1927 3008 2029 3070 est,

451 3071 511 3128 id
536 3082 641 3141 est,
667 3076 833 3132 arbor
859 3078 1019 3149 bona,
1050 3084 1187 3138 mala
1206 3085 1417 3140 inventa
1439 3094 1589 3142 estet
1606 3089 1743 3143 bona
1772 3088 1906 3145 facta
1929 3098 2028 3145 est.

451 3164 523 3220 Et
546 3166 823 3238 siquando
845 3174 1020 3241 venit,
1051 3176 1217 3232 maias
1256 3177 1474 3235 arbores
1513 3181 1785 3237 eradicare
1838 3184 2028 3250 vellet;

450 3273 902 3328 quremaneret,
924 3281 1042 3338 quae
1055 3284 1158 3324 non
1181 3270 1334 3341 digna
1349 3283 1490 3329 esset
1507 3275 1760 3330 eradicari
1778 3277 1801 3329 ?
1824 3276 1929 3332 Sed
1946 3294 2033 3333 ve-

451 3351 533 3407 ait
547 3368 846 3426 praerogare
860 3360 1300 3430 misericordiam,
1323 3374 1382 3420 ut
1401 3375 1583 3437 postea
1606 3379 1880 3425 exerceret
1892 3370 2033 3441 judi-

450 3442 615 3512 cium,
646 3448 730 3503 cui
757 3448 950 3506 dicitur
976 3467 990 3505 :
1021 3452 1423 3511 Misericordiam
1452 3468 1501 3512 et
1525 3461 1780 3530 judicium
1821 3462 2031 3518 cantabo

449 3534 558 3603 tibi,
590 3537 811 3595 Domine
833 3541 1003 3611 (Paul.
1031 3560 1083 3612 c,
1112 3544 1187 3618 l).
1220 3547 1375 3603 Dedit
1404 3562 1531 3620 ergo
1579 3552 1917 3608 credentibus
1947 3570 2033 3611 re-

451 3630 761 3688 missionem
782 3644 1140 3704 peccatorum,
1169 3640 1338 3695 noluit
1365 3656 1484 3696 eum
1517 3644 1594 3699 eis
1623 3651 1675 3699 et
1702 3645 1768 3701 de
1794 3655 2025 3716 praeter-

449 3719 542 3778 itis
569 3723 771 3780 obortis
800 3727 996 3784 habere
1012 3731 1293 3788 rationem.
1325 3734 1479 3791 Dedit
1498 3739 1865 3797 remissionem
1907 3758 2031 3813 pec-

451 3822 712 3884 ceterum,
748 3817 872 3873 fecit
897 3821 1116 3877 arbores
1142 3823 1367 3881 bonas’.
1396 3826 1610 3883 Distulit
1630 3832 1858 3885 securim
1878 3872 1895 3900 ,
1937 3832 2030 3888 de-

450 3904 531 3960 dit
555 3910 918 3966 securitatem.
1684 3934 1687 3939 ‘

521 3999 746 4058 CAPUT
771 4003 833 4058 ll.
860 4036 931 4048 -—
960 4008 1014 4063 5.
1046 4005 1306 4065 Patientia
1327 4010 1423 4067 Del
1447 4031 1565 4085 erga
1587 4030 1695 4070 nos.
1728 4017 1801 4073 De
1825 4019 1921 4074 hac
1946 4036 2030 4075 se-

445 4091 561 4145 curi
587 4092 818 4149 Joannes
839 4094 1091 4168 loquitur,
1112 4100 1297 4157 dicens
1325 4121 1338 4157 :
1369 4102 1489 4159 1am
1507 4108 1695 4161 securis
1715 4109 1783 4162 ad
1809 4112 2029 4165 radicem

446 4181 683 4239 arborum
710 4188 872 4256 positu
894 4196 985 4244 est.
1019 4190 1197 4246 Omnis
1224 4179 1373 4248 arbor
1406 4206 1517 4264 qua:
1544 4214 1642 4253 non
1664 4201 1784 4271 facit
1808 4202 2029 4271 fructum

446 4271 650 4341 bonum,
680 4278 956 4347 occidetur,
985 4281 1107 4336 etin
1132 4283 1299 4355 ignem
1320 4285 1541 4341 mittetur
1570 4288 1782 4358 (Matth.
1809 4309 1887 4359 nt,
1911 4295 2023 4367 10).

443 4361 527 4420 nu
552 4363 655 4422 tae
678 4370 850 4424 securi
876 4373 1232 4430 comminatur
1250 4376 1623 4447 paterl’amilias
1643 4381 1693 4436 in
1715 4361 2023 4458 Evangelio,

442 4455 631 4514 dicens
653 4474 669 4513 ε
692 4458 824 4515 Ecce
843 4462 1112 4520 triennium
1127 4473 1200 4521 est
1217 4468 1356 4540 quod
1372 4470 1513 4524 uenio
1537 4471 1606 4525 ad
1627 4472 1757 4529 hanc
1777 4455 2022 4549 arborem,

440 4557 492 4604 σε
528 4550 749 4621 fructm»
781 4554 837 4609 in
873 4568 935 4610 ea
958 4572 1057 4612 non
1090 4559 1305 4615 invenio.
1338 4560 1490 4617 Nunc
1529 4565 1680 4621 debeo
1720 4567 1884 4625 locum
1913 4588 2027 4626 eva-

440 4652 597 4697 sura
614 4642 639 4677 ³
659 4660 680 4699 :
703 4647 916 4716 proinde
940 4659 1242 4720 anputetar.
1275 4652 1343 4707 Et
1366 4654 1648 4712 intercedit
1678 4660 1921 4728 colonus,
1945 4663 2024 4719 di-

439 4748 571 4794 cens
594 4753 610 4793 :
635 4737 883 4809 Domine,
920 4742 1110 4799 dimitte
1135 4745 1276 4800 illam
1299 4746 1321 4778 ⁸
1343 4755 1391 4801 et
1427 4749 1520 4804 hoc
1557 4766 1692 4806 anno
1704 4770 1724 4819 ;
1749 4755 2022 4830 circumfo-

439 4827 582 4885 ὅσαι
620 4832 789 4901 illam,
831 4842 881 4890 et
909 4835 1153 4893 adhibebo
1180 4840 1452 4910 cophinttm
1491 4846 1723 4901 stercoris
1744 4864 1762 4901 :
1783 4849 1828 4902 si
1851 4827 2024 4920 fecerit

440 4923 680 4994 fructum,
707 4925 864 4993 bene;
887 4929 965 4983 sin
986 4930 1173 4997 minus,
1197 4931 1357 4988 venies
1374 4942 1422 4988 et
1440 4937 1720 5004 amputabis
1743 4955 1852 4995 eam
1873 4940 2017 5012 (Luc.

437 5022 570 5085 xm,
592 5016 647 5085 7,
666 5017 742 5089 9).
772 5012 1042 5091 Tanquam
1072 5026 1170 5093 per
1194 5023 1477 5080 triennium
1510 5028 1765 5086 Dominus
1790 5032 2022 5089 visitavit
2068 5026 2071 5041 ’

439 5110 609 5174 genus
632 5106 941 5177 humanum,
971 5109 1074 5167 hoc
1099 5112 1182 5168 est
1198 5156 1212 5179 ,
1242 5115 1411 5171 tribus
1434 5117 1748 5187 quibusdam
1771 5126 2021 5193 tempori-

504 5206 524 5288 ξ
547 5216 798 5288 ξριιρξοιιθξ
809 5224 937 5288 gss,
949 5218 1077 5286 quod
1086 5219 1364 5288 malttmest.
1384 5231 1438 5288 Et
1452 5224 1589 5288 infra,
1606 5227 1733 5288 quod
1751 5228 1921 5283 bonum
1930 5241 2016 5285 est.

501 5278 745 5354 15.1299:
769 5282 886 5332 Βάκι
908 5278 1057 5333 θεῖοί
1081 5282 1310 5335 mm
1327 5284 1454 5336 enim
1475 5278 1775 5351 ρεεέαῖονωὴ
1784 5278 2021 5354 Er:

439 5335 853 5473 φίῗίᾙᾲυυί
871 5409 978 5456 Mss.
1003 5404 1092 5455 Alii
1106 5412 1270 5473 autem
1297 5421 1406 5473 eum
1428 5416 1558 5464 tam:
1579 5421 1681 5465 Non
1702 5412 1848 5469 debeo
1865 5415 2021 5473 (omn

436 5472 685 5532 2W8.
710 5468 767 5532 tit
786 5472 886 5532 4m.
910 5472 1079 5532 etus,
1093 5479 1208 5518 nam
1228 5468 1389 5532 debeo,
1416 5477 1513 5524 etc.

501 5524 524 5552 ⁸
544 5528 673 5586 im”
697 5523 881 5577 dimitte
901 5526 994 5581 ξω.

436 5606 1218 5735 ω’ςὲἳὲοθῄυδϐϐθὲὲδίἒῇθοῷιέηθδ
1259 5616 1455 5673 codices
1474 5620 1678 5684 scriptos
1716 5628 1770 5674 et
1812 5636 2025 5679 θιοωοι

384 5808 386 5812 _
496 5739 575 5877 ξε)
594 5748 734 5813 sitas,
756 5751 822 5804 de
844 5744 1013 5807 Verbis
1033 5759 1214 5809 Domini
1232 5756 1308 5810 t2.

390 5830 397 5837 -
582 5816 745 5877 rudus
762 5819 1009 5871 mustis
1021 5821 1243 5877 momina
1263 5831 1308 5874 PI

390 5830 397 5837 -
496 5816 745 5880 ωας-ε
762 5819 1009 5871 ιιι-ιώ
1021 5821 1243 5879 meminit
1263 5824 1503 5876 Possidius
1520 5827 1572 5877 in
1591 5828 1815 5881 indicato.
1839 5843 1945 5896 cap.
1964 5834 2014 5885 9.

2136 588 2313 659 Lege;
2347 589 2559 644 tertium
2605 591 2764 647 modo
2813 579 2926 657 est:
2957 593 3099 663 quod
3146 602 3353 669 tempus
3397 607 3480 654 est
3520 602 3726 672 gratim.

2134 679 2269 735 Nam
2316 682 2359 734 si
2380 740 2381 743 η
2402 696 2508 735 non
2551 682 2785 738 visitavit
2820 686 3305 754 genushumanum
3335 699 3459 746 ante
3496 692 3725 765 Legem,

2136 769 2279 826 unde
2333 771 2515 826 Abel?
2558 773 2700 828 unde
2747 774 2973 831 Enoeb?
3005 778 3147 834 unde
3184 779 3335 837 Nec?
3378 783 3515 840 unde
3560 784 3736 841 Abra-

2138 860 2465 917 ham‘iumie
2512 863 2698 919 lanae?
2740 866 2883 921 unde
2926 867 3130 924 Jacob?
3164 887 3388 942 quorum
3434 890 3493 931 se
3543 875 3733 932 Domi:

2136 966 2263 1007 num
2292 954 2396 1009 dici
2423 956 2612 1021 voluit;
2642 966 2696 1011 et
2722 958 2873 1027 cujus
2908 973 3093 1015 omnes
3127 972 3312 1031 gentes
3354 976 3532 1028 erant.
3571 971 3727 1033 quasi

2135 1045 2298 1100 trium
2334 1046 2611 1102 hominum
2650 1049 2790 1104 Deus
2825 1058 3005 1105 esset:
3034 1050 3144 1121 Ego
3181 1069 3327 1121 sum,
3356 1057 3557 1127 inquit,
3593 1058 3731 1114 Deus

2136 1137 2411 1206 Abraham,
2434 1149 2480 1193 ct
2508 1139 2659 1195 Isaac
2680 1184 2696 1208 ,
2739 1151 2789 1195 et
2825 1142 2985 1197 Iacob
3028 1144 3220 1218 (Exod.
3243 1160 3321 1215 tu,
3351 1148 3462 1218 Η).
3506 1149 3561 1205 in
3586 1150 3733 1223 Lege

2136 1241 2313 1287 autem
2345 1234 2387 1287 si
2417 1249 2520 1288 non
2550 1236 2819 1303 visitaret,
2848 1238 3017 1306 ipsam
3047 1238 3242 1311 Legem
3271 1255 3377 1297 non
3407 1242 3575 1299 daret.
3601 1244 3736 1300 Post

2136 1322 2333 1394 Legem
2358 1326 2501 1379 venit
2528 1335 2585 1381 et
2609 1327 2724 1396 ipse
2750 1328 3129 1397 paterfamilias
3156 1348 3171 1386 :
3205 1344 3393 1402 passus
3422 1341 3505 1389 est
3526 1377 3541 1402 ,
3576 1350 3733 1390 mor-

2136 1411 2260 1469 tuus
2281 1428 2363 1470 est
2385 1458 2400 1481 ,
2431 1419 2751 1485 resurrexit,
2780 1419 3032 1488 Spiritum
3062 1431 3303 1477 sanctum
3336 1423 3522 1493 dedit,
3546 1425 3735 1481 Evan-

2135 1509 2332 1579 gelium
2355 1524 2449 1579 per
2470 1519 2636 1565 totum
2667 1514 2851 1568 orbem
2874 1514 3147 1582 praedicari
3170 1515 3313 1585 lbeit,
3333 1526 3385 1573 et
3400 1519 3572 1575 adhuc
3590 1537 3736 1591 qum—

2135 1601 2259 1656 dam
2284 1604 2445 1658 arbor
2472 1604 2798 1660 infructuosa
2831 1610 3140 1676 permansit.
3172 1609 3266 1665 Est
3289 1612 3528 1681 quaedam
3556 1614 3738 1671 adhuc

2136 1709 2258 1765 pars
2283 1698 2491 1767 generis
2518 1697 2768 1764 humani,
2798 1714 2917 1769 quae
2942 1700 3117 1756 adhuc
3142 1717 3200 1758 se
3231 1710 3334 1758 non
3367 1707 3604 1778 corrigit.
3643 1706 3737 1763 ln-

2135 1778 2360 1841 tcreedit
2378 1788 2624 1852 colonus;
2644 1803 2740 1857 pro
2766 1790 2920 1859 plebe
2944 1799 3060 1845 orat
3083 1794 3367 1863 Apostolus
3392 1811 3407 1845 ε
3429 1794 3625 1864 Flecto,
3656 1799 3737 1854 in-

2136 1878 2250 1947 quit
2273 1898 2298 1942 ,·
2316 1895 2477 1948 genua
2523 1897 2632 1933 men
2660 1896 2751 1950 pro
2778 1882 2915 1937 vobis
2950 1884 3017 1937 ad
3045 1882 3253 1940 Patrem
3278 1931 3294 1954 ,
3324 1889 3458 1943 utin
3483 1891 3737 1949 citat-itote

2135 1968 2349 2023 radicati
2376 1978 2423 2023 et
2452 1970 2654 2040 fundati
2676 2014 2689 2035 ,
2720 1973 2926 2027 valeatis
2960 1976 3336 2045 apprehendere
3362 1996 3475 2034 cum
3499 1983 3740 2040 omnibus

2136 2061 2324 2115 sanctis
2360 2076 2472 2130 qua
2508 2061 2571 2113 sit
2606 2061 2821 2116 latitudo
2864 2073 2912 2118 et
2954 2064 3215 2136 longitudo
3239 2110 3255 2136 ,
3283 2070 3496 2127 altitudo
3527 2080 3576 2127 et
3607 2091 3736 2146 pro-

2137 2151 2391 2221 fundam;
2434 2167 2732 2219 cognoscere
2781 2155 2932 2209 etiam
2974 2159 3420 2228 superennnentem
3470 2165 3738 2219 scientiam

2137 2240 2397 2295 charitatis
2423 2241 2647 2309 Christi,
2680 2252 2737 2298 ut
2778 2246 3095 2316 impleantini
3135 2251 3188 2303 in
3226 2267 3421 2307 omnem
3450 2255 3737 2326 plenitudi-

2137 2348 2251 2387 nem
2267 2333 2361 2388 Dei
2378 2334 2589 2405 (Epltes.
2609 2350 2685 2401 tn,
2713 2337 2831 2391 M—i
2840 2336 2918 2409 9).
2940 2338 3228 2395 Flectendo
3248 2356 3439 2412 genua,
3461 2354 3556 2416 pro
3576 2348 3737 2405 nobis

2137 2424 2418 2480 intercedit
2444 2426 2581 2496 apud
2612 2427 3046 2496 patremfamilias
3066 2472 3080 2496 ,
3119 2447 3189 2488 ne
3213 2434 3563 2493 eradicemnr.
3592 2440 3739 2512 Ergo

2137 2518 2259 2587 quia
2288 2532 2506 2575 necesse
2531 2527 2615 2573 est
2644 2527 2703 2573 ut
2726 2521 2900 2574 veniat
2929 2561 2944 2586 ,
2977 2535 3194 2592 agamus
3225 2534 3283 2579 ut
3311 2524 3606 2585 fructuosos
3634 2546 3738 2587 nos

2137 2611 2390 2666 inveniat.
2416 2611 2795 2666 Circumfossio
2821 2612 3047 2680 arboris,
3075 2624 3157 2670 est
3176 2614 3448 2674 humilitas
3471 2621 3741 2690 poeniten-

2138 2706 2226 2760 tis.
2264 2706 2449 2761 Omnis
2484 2707 2627 2760 enim
2667 2704 2809 2762 fossa
2859 2706 3094 2763 humilis.
3137 2708 3408 2780 Cophinus
3453 2715 3737 2782 stercoris,

2138 2797 2329 2853 sordes
2353 2798 2697 2867 paenitentiae.
2728 2797 2866 2864 Quid
2899 2800 3042 2854 enim
3077 2808 3315 2858 stercore
3344 2803 3657 2861 sordidius?
3682 2812 3742 2863 et

2141 2897 2341 2952 tamen,
2372 2889 2415 2942 si
2446 2888 2580 2943 bene
2606 2889 2795 2956 utaris,
2823 2889 2950 2960 quid
2976 2889 3341 2949 fructuosius?

2208 2979 2433 3036 CAPUT
2470 2979 2554 3033 Ill.
2583 2981 2719 3035 -4.
2746 2980 2879 3035 Duce
2901 2982 3099 3038 radices
3116 2984 3341 3063 charitas
3364 2994 3414 3043 et
3448 2986 3731 3058 cupiditas.

2143 3072 2279 3140 Quid
2294 3083 2368 3127 est
2394 3075 2594 3127 bonum.
2614 3074 2698 3129 Sit
2722 3088 2851 3145 ergo
2872 3078 3230 3149 unusquisque
3239 3079 3401 3136 arbor
3418 3080 3558 3137 bona
3580 3100 3594 3139 :
3613 3096 3725 3139 non

2138 3179 2199 3219 se
2239 3166 2533 3220 arbitretur
2574 3166 2773 3223 habere
2816 3167 3016 3223 fruetus
3044 3168 3215 3225 bonos
3238 3212 3254 3237 ,
3293 3171 3338 3228 si
3367 3178 3549 3230 manet
3572 3175 3740 3231 arbor

2138 3258 2296 3312 maia.
2345 3258 2459 3314 Non
2505 3259 2607 3314 erit
2655 3259 2862 3316 fructus
2906 3262 3076 3318 bonus
3102 3306 3117 3330 ,
3151 3264 3255 3319 nisi
3302 3265 3510 3323 arboris
3553 3267 3736 3324 boum.

2137 3347 2277 3402 Muta
2298 3364 2411 3417 eor,
2443 3358 2497 3404 et
2525 3352 2819 3406 mutabitur
2858 3367 3011 3422 opus.
3050 3353 3305 3431 Exstirpa
3334 3357 3683 3428 cupiditatem
3710 3402 3728 3428 ,

2137 3439 2317 3509 planta
2343 3441 2677 3497 cltaritatem.
2709 3442 2855 3497 Sicut
2883 3445 3023 3498 enim
3052 3444 3206 3501 radix
3231 3454 3315 3503 est
3343 3448 3589 3506 omnium
3613 3465 3737 3507 ma-

2137 3530 2309 3585 lorum
2337 3533 2598 3602 estpiditas
2627 3533 2669 3604 (l
2695 3533 2830 3588 Tim.
2863 3550 2914 3588 vt
2935 3577 2949 3599 ,
2976 3536 3066 3607 10)
3091 3554 3104 3603 ;
3138 3538 3217 3593 sic
3239 3548 3294 3594 et
3314 3539 3466 3596 radix
3490 3544 3737 3600 omnium

2136 3621 2396 3677 bonorum
2422 3624 2673 3679 Charitas.
2700 3626 2837 3691 Quid
2867 3642 2993 3697 ergo
3034 3630 3322 3685 mussitant
3361 3630 3607 3690 homines
3647 3635 3735 3691 in-

2138 3720 2221 3767 ter
2250 3728 2310 3769 se
2328 3754 2341 3780 ,
2374 3714 2457 3767 vel
2486 3716 2814 3769 contendunt
2836 3758 2850 3780 ,
2900 3716 3137 3774 dicentes
3166 3737 3179 3774 :
3208 3719 3346 3787 Quid
3376 3731 3459 3778 est
3483 3723 3687 3781 bonum
3709 3724 3737 3780 ἲ

2136 3802 2183 3858 0
2201 3805 2245 3858 si
2267 3803 2432 3859 scires
2458 3805 2583 3875 quid
2607 3815 2687 3861 est
2708 3808 2905 3861 bonum
2933 3810 2948 3863 ἓ
2980 3809 3132 3877 Quod
3165 3812 3361 3870 habere
3380 3815 3486 3883 vis,
3514 3832 3623 3873 non
3650 3826 3737 3875 est

2136 3897 2289 3952 valde
2313 3898 2509 3952 bonum
2538 3916 2551 3950 :
2578 3899 2720 3968 quod
2744 3915 2865 3955 esse
2894 3916 3000 3955 non
3032 3904 3134 3969 vis,
3161 3904 3263 3961 hoc
3293 3915 3375 3962 est
3400 3907 3732 3968 bonum.Vis

2136 3989 2279 4043 enim
2325 3988 2523 4044 habere
2568 3992 2849 4047 sanitatem
2904 3996 3189 4064 corporis;
3223 3996 3326 4054 hoc
3367 4008 3449 4057 est
3475 4002 3677 4059 bonum
3714 4022 3729 4061 :

2135 4094 2235 4133 nec
2263 4090 2438 4135 tamen
2462 4089 2617 4150 putes
2651 4097 2898 4153 magnum
2924 4084 3125 4141 bonum
3151 4102 3300 4155 esse,
3330 4092 3470 4162 quod
3494 4093 3656 4150 habet
3676 4100 3732 4152 et

2134 4171 2327 4225 malus.
2358 4173 2559 4226 Aurum
2593 4180 2648 4227 et
2694 4182 2972 4243 argentum
3008 4176 3208 4235 habere
3235 4180 3357 4247 vis;
3391 4194 3517 4239 ecce
3543 4183 3732 4241 ethoc

2135 4261 2257 4316 dico
2279 4302 2294 4328 ,
2318 4261 2516 4318 bonum
2542 4271 2664 4331 est;
2694 4265 2791 4320 sed
2820 4264 2865 4321 si
2888 4267 3026 4323 bene
3061 4284 3189 4326 usus
3218 4262 3433 4329 fueris:
3464 4273 3601 4331 bene
3628 4290 3731 4331 au-

2135 4359 2242 4406 tem
2271 4367 2376 4407 non
2399 4354 2587 4421 uteris,
2614 4355 2659 4410 si
2686 4355 2858 4411 malus
2880 4357 3064 4414 fueris.
3094 4358 3174 4415 Ac
3201 4374 3297 4431 per
3325 4362 3429 4419 hoc
3457 4379 3647 4422 aurum
3671 4374 3729 4422 et

2129 4452 2413 4513 argentum
2457 4446 2610 4501 malis
2652 4447 2850 4502 malum
2880 4455 3000 4515 est,
3031 4449 3186 4507 bonis
3214 4452 3412 4509 bonum
3438 4461 3521 4511 est
3560 4475 3575 4511 :
3612 4472 3724 4514 non

2132 4534 2253 4604 quia
2280 4550 2374 4592 eos
2398 4536 2568 4592 bonos
2607 4552 2794 4592 aurum
2837 4548 2892 4593 et
2932 4552 3209 4612 argentum
3258 4544 3423 4613 facit;
3454 4547 3548 4604 sed
3596 4550 3725 4620 quia

2131 4624 2303 4681 bonos
2328 4628 2546 4696 invenit,
2572 4629 2625 4683 in
2655 4644 2808 4686 usum
2836 4632 3034 4688 bonum
3060 4639 3415 4694 convertitur.
3442 4641 3721 4699 Honorem

2131 4714 2330 4771 habere
2354 4719 2433 4772 vis
2454 4760 2469 4784 ,
2515 4718 2712 4774 bonum
2735 4730 2815 4776 est
2846 4739 2859 4774 :
2886 4724 2979 4779 sed
3025 4733 3079 4781 et
3118 4727 3219 4783 hoc
3261 4732 3308 4784 sl
3344 4728 3491 4806 bene.
3526 4734 3720 4790 utaris.

2129 4808 2300 4877 Quam
2336 4812 2516 4865 multis
2540 4810 2715 4868 honor
2741 4816 2953 4870 occasio
2981 4817 3129 4872 exitii
3161 4818 3302 4876 fuit?
3330 4821 3500 4891 Quam
3534 4824 3723 4881 multis

2129 4897 2301 4955 honor
2324 4902 2677 4958 ministerium
2704 4905 2828 4961 boni
2856 4909 3033 4977 operis
3054 4909 3193 4966 funt

2198 4992 2424 5049 CAPUT
2469 4994 2652 5050 lV.-—-
2678 4998 2731 5052 5.
2791 4996 2959 5054 Homo
3004 5000 3137 5057 bona
3185 5007 3357 5061 omnia
3387 5008 3497 5061 vult
3535 5008 3726 5066 habere

2127 5092 2311 5154 preter
2363 5086 2601 5157 seipsum.
2638 5086 3011 5148 Diseernamus
3040 5108 3167 5163 ergo
3195 5095 3295 5151 ista
3328 5097 3486 5168 bona,
3513 5099 3559 5154 si
3588 5116 3720 5171 pos-

2127 5188 2331 5244 sumus,
2367 5178 2490 5247 quia
2546 5177 2615 5234 dc
2656 5179 2812 5237 bonis
2852 5183 3130 5241 arboribus
3183 5187 3464 5258 loquimur.
3515 5192 3582 5248 Et
3628 5191 3721 5252 hic

2126 5266 2261 5323 nihil
2284 5277 2386 5338 est,
2425 5270 2567 5341 quod
2587 5272 2666 5327 sic
2691 5274 2915 5345 quisque
2942 5277 3176 5348 cogitare
3209 5281 3420 5349 debeat,
3447 5282 3549 5339 nisi
3576 5292 3633 5339 ut
3660 5287 3720 5341 in

2126 5361 2471 5431 semetipsum
2501 5363 2684 5419 oculos
2708 5374 3004 5436 convertat,
3046 5371 3097 5425 in
3119 5383 3178 5427 se
3205 5371 3373 5429 discat
3398 5373 3492 5448 (a),
3518 5389 3577 5430 se
3604 5376 3720 5432 dis-

2124 5451 2307 5519 cutiat,
2340 5467 2398 5508 se
2451 5454 2713 5525 inspiciat,
2745 5469 2804 5512 se
2853 5468 3091 5527 quaerat,
3148 5470 3203 5514 et
3255 5475 3315 5516 se
3355 5463 3589 5520 inveniat
3619 5485 3632 5522 :
3661 5479 3717 5524 et

2125 5542 2268 5611 quod
2296 5542 2560 5614 displicet,
2591 5552 2776 5611 necet;
2804 5547 2943 5615 quod
2974 5548 3166 5618 placet,
3195 5556 3343 5621 optet
3363 5552 3382 5587 ¹
3407 5562 3462 5609 et
3482 5556 3708 5627 plantet.

2189 5654 2424 5733 ξέιξςιιιοε
2591 5662 2736 5733 ante:

2168 5716 2832 5795 :(H)Jttorel,__aieml‘c‘rhitic.,
2854 5735 2903 5785 p.
2937 5722 3023 5774 9M
3051 5758 3066 5786 ,
3108 5727 3201 5795 hic

2121 5779 2425 5901 (iniciat.
2451 5791 2597 5835 Nemo
2617 5779 2898 5837 difﬁtehittir
2927 5779 3128 5842 sensum
3155 5792 3227 5847 sic

3325 5735 3376 5802 t,
3417 5733 3710 5802 descatdas,

3429 5809 3713 5855 enim
