4032 6332
290 380 402 441 ιεσ

291 495 427 552 σιω
457 493 604 557 enisi)
637 504 699 546 se
725 488 889 546 homo
916 488 1126 544 inanem
1164 482 1427 541 invenerit
1463 480 1744 539 meliorum
1778 480 1879 536 bo-

292 605 512 655 norum,
541 585 724 657 utquid
769 593 853 640 est
899 582 1089 639 avidus
1129 591 1472 637 externorum
1494 577 1754 633 bonorum
1774 572 1797 625 ?
1821 572 1886 627 Et

293 681 425 753 quid
452 679 672 750 prodest
694 679 851 750 plena
877 676 1029 733 bonis
1053 689 1195 739 arca,
1220 673 1363 729 inani
1385 667 1749 727 conscientia?
1777 666 1883 721 Bo-

294 790 367 829 ne
392 774 479 828 vis
503 772 722 836 habere,
751 777 805 827 et
848 770 1019 825 bonus
1060 784 1165 823 non
1196 767 1274 821 vis
1301 764 1459 821 esse?
1512 762 1629 817 Non
1661 759 1810 815 vides
1836 766 1889 813 te

291 867 619 923 erubescere
640 862 843 919 debere
878 861 947 916 de
968 860 1123 915 bonis
1157 858 1280 923 tuis,
1318 857 1364 912 si
1393 856 1583 913 donius
1626 861 1713 913 tua
1736 850 1889 921 plena

291 970 380 1017 est
402 959 580 1024 bonis,
607 966 665 1013 et
689 966 738 1013 te
763 955 922 1011 liabet
948 952 1181 1009 malum?
1201 950 1334 1019 Quid
1361 952 1502 1007 enim
1529 956 1609 1005 est
1625 944 1766 1016 quod
1796 958 1886 998 ve-

296 1048 835 1109 tasbaberemalutni
867 1047 959 1103 Dic
985 1045 1135 1102 mihi.
1166 1042 1308 1099 Nihil
1335 1040 1586 1103 omnino;
1619 1051 1723 1099 non
1757 1050 1889 1090 uso-

294 1158 441 1209 rem,
462 1157 571 1196 non
594 1140 782 1206 tilium,
825 1154 932 1194 non
974 1138 1154 1202 tiliam,
1187 1150 1293 1191 non
1335 1147 1568 1194 servum,
1593 1126 1701 1185 non
1729 1126 1894 1187 ancil-

294 1236 426 1300 lam,
448 1250 561 1290 non
579 1235 781 1296 villam,
805 1246 911 1287 non
930 1229 1181 1295 tunicam,
1212 1234 1484 1298 postremo
1515 1238 1621 1281 non
1634 1221 1889 1291 caligare:

295 1336 356 1382 et
382 1336 567 1381 tamen
593 1326 675 1381 vis
699 1312 913 1380 habere
936 1323 1131 1381 ntalem
1153 1320 1333 1381 vitam.
1366 1318 1514 1386 Rogo
1544 1324 1614 1381 te,
1642 1326 1894 1383 prmpone

296 1421 463 1475 vitam
490 1430 636 1474 tuam
662 1418 849 1488 caligae
873 1424 997 1471 tuas.
1024 1413 1211 1470 Omnia
1231 1426 1349 1482 quae
1372 1408 1749 1477 circumiacent
1767 1420 1894 1465 ocu-

295 1514 514 1579 listuis,
558 1512 819 1584 cingantia
859 1520 915 1566 et
940 1508 1161 1580 wlchra
1204 1506 1300 1561 tibi
1340 1504 1502 1559 chara
1549 1510 1697 1565 sunt;
1722 1507 1779 1555 et
1802 1498 1896 1557 tibi

297 1608 417 1678 ipse
445 1608 567 1662 vitis
593 1622 655 1663 es
680 1621 743 1662 ac
762 1604 970 1660 foedus?
1000 1603 1057 1657 Si
1088 1602 1181 1657 tibi
1214 1606 1430 1671 possent
1450 1595 1775 1666 respondere
1795 1593 1887 1647 bo-

299 1701 687 1769 naquibusest
730 1698 881 1767 plena
909 1696 1100 1751 domus
1143 1704 1250 1757 tua,
1300 1706 1420 1762 quae
1464 1685 1891 1757 babereoptasti,

299 1793 530 1867 perdere
573 1790 827 1855 timuisti;
864 1802 1043 1844 nonne
1069 1796 1123 1842 et
1174 1785 1271 1840 tibi
1310 1784 1623 1847 clamarent,
1665 1779 1813 1834 Sicut
1842 1787 1897 1831 tu

305 1901 407 1941 nos
436 1886 576 1940 bima
615 1884 696 1937 vis
725 1882 944 1946 habere,
987 1881 1064 1935 sic
1091 1887 1264 1933 etnos
1293 1876 1537 1930 volumus
1568 1873 1764 1927 bonum
1804 1869 1899 1923 iia-

302 1980 435 2035 bere
478 1976 795 2031 Dentium?
852 1973 1032 2029 Tacita
1071 1985 1203 2026 voce
1241 1967 1581 2036 interpellant
1620 1970 1804 2019 contra
1850 1970 1901 2016 te

310 2068 595 2124 Dominum
646 2076 793 2120 tuum
837 2082 850 2118 :
892 2064 1030 2118 Ecce
1065 2062 1201 2116 bona
1249 2067 1392 2115 tanta
1437 2055 1631 2110 dedisti
1675 2054 1818 2116 huic,
1847 2060 1901 2106 et

305 2159 425 2228 ipse
447 2159 619 2213 malus
646 2165 729 2212 est
758 2158 770 2210 l
800 2154 938 2222 Quid
967 2155 1015 2209 ei
1051 2152 1269 2223 prodest
1302 2148 1443 2219 quod
1474 2146 1655 2212 habet,
1691 2143 1904 2215 quando

306 2268 433 2306 eum
459 2252 551 2320 qui
570 2251 747 2311 omnia
767 2248 931 2313 dedit,
960 2262 1064 2301 non
1092 2244 1269 2301 habet.

378 2342 604 2397 CAPUT
639 2341 699 2393 V.
728 2371 800 2380 -—
828 2341 880 2394 6.
936 2338 1120 2392 Verum
1168 2336 1351 2390 bonum
1390 2331 1532 2401 quid.
1561 2328 1907 2398 Quzeritergo

310 2434 502 2504 aliquis
523 2432 824 2488 admonitus
850 2431 931 2485 his
952 2429 1127 2485 verbis
1144 2428 1296 2492 meis,
1314 2433 1365 2479 et
1383 2424 1516 2479 forte
1536 2430 1902 2491 compunctus,

312 2526 501 2603 quarrit
529 2525 653 2597 quid
682 2525 751 2581 sit
788 2524 982 2578 bonum
1004 2562 1018 2588 ,
1051 2519 1208 2591 quale
1239 2518 1434 2572 bonum
1456 2555 1472 2582 ,
1506 2513 1646 2571 unde
1682 2513 1904 2573 bonum,

314 2602 459 2672 Bene
486 2613 797 2679 intellexisti
833 2613 933 2669 hoc
962 2621 1013 2666 te
1041 2624 1282 2681 quaerere
1311 2605 1525 2663 debere.
1556 2601 1907 2672 Respondebo

312 2709 595 2779 qumrenti,
627 2717 679 2763 et
707 2706 879 2761 dicam
914 2724 926 2760 :
960 2703 1070 2759 Hoc
1096 2710 1179 2756 est
1204 2701 1422 2764 bonum,
1443 2692 1585 2779 quod
1615 2711 1719 2749 non
1762 2700 1910 2763 potes

314 2804 511 2868 invitus
532 2803 797 2857 amittere.
819 2800 976 2854 Potes
996 2798 1136 2853 enim
1156 2806 1338 2849 aurum
1359 2770 1600 2863 perdere,
1623 2796 1677 2842 et
1692 2786 1906 2849 nolens;

318 2906 467 2969 potes
493 2898 709 2961 domum
734 2938 746 2964 ,
774 2900 922 2965 potes
947 2892 1179 2947 honores
1197 2931 1211 2952 ,
1245 2894 1394 2956 potes
1434 2885 1601 2954 ipsam
1628 2879 1800 2935 carnis
1828 2892 1912 2932 sa-

315 2990 480 3045 lutem
515 3008 527 3043 :
558 2989 754 3043 bonum
776 3000 903 3042 vero
933 2997 1036 3055 quo
1056 2996 1179 3037 vere
1196 2981 1363 3035 bonus
1380 2992 1459 3043 es,
1481 2990 1579 3031 nec
1606 2974 1799 3028 invitus
1820 2984 1912 3024 ac-

318 3083 469 3161 cipis,
490 3096 589 3137 nec
611 3080 806 3135 invitus
821 3077 1038 3132 amittis.
1067 3074 1259 3141 Quaero
1280 3085 1406 3141 ergo
1427 3068 1580 3139 quale
1602 3064 1787 3120 sithoc
1811 3062 1911 3115 bo-

320 3154 469 3228 num.
490 3172 733 3227 Psalmus
750 3168 963 3242 quidam
983 3165 1231 3221 admonet
1249 3176 1345 3215 nos
1368 3175 1480 3215 rem
1493 3170 1760 3227 magnam,
1781 3154 1916 3206 forte

320 3280 478 3336 quam
509 3264 815 3337 qumritnus.
862 3261 950 3314 Ait
976 3259 1116 3314 enim
1148 3274 1158 3308 :
1193 3253 1314 3308 Filii
1353 3252 1630 3314 hominum,
1662 3256 1917 3319 quousque

320 3376 495 3435 graves
513 3358 702 3412 corde?
722 3358 1006 3424 Quousque
1029 3352 1189 3406 arbor
1211 3350 1296 3403 illa
1323 3349 1373 3402 in
1399 3346 1625 3401 triennio
1642 3344 1665 3396 ?
1684 3342 1807 3397 Filii
1824 3343 1916 3395 ho-

320 3438 536 3517 minum,
569 3464 824 3521 quousque
852 3462 1025 3517 graves
1046 3442 1236 3496 corde?
1254 3439 1389 3508 Quid
1412 3448 1512 3505 est,
1538 3451 1710 3509 graves
1736 3435 1920 3489 corde?

326 3543 519 3615 thuid
544 3541 751 3619 diligitis
774 3541 1037 3594 vanitatem
1053 3577 1067 3600 ,
1093 3546 1135 3589 et
1153 3532 1371 3604 qucrritis
1392 3528 1750 3584 mendacium?
1771 3526 1837 3581 Et
1853 3525 1920 3580 ad

319 3632 437 3689 bzcc
466 3648 596 3704 ergo
620 3634 693 3685 ait
720 3632 735 3661 ¹
759 3629 898 3699 quod
923 3625 1268 3699 quaerendum
1297 3629 1381 3677 est
1406 3640 1416 3673 :
1449 3621 1659 3689 Scitote,
1684 3617 1921 3687 quoniam

323 3709 575 3780 Dominus
613 3720 949 3794 magniﬁcavit
980 3718 1226 3773 Sanctum
1256 3728 1400 3768 suum
1438 3708 1611 3781 (Psal.
1645 3724 1717 3775 ιν,
1753 3708 1805 3770 ὅ,
1841 3706 1917 3778 4).

323 3818 439 3875 Jam
466 3827 523 3873 et
546 3816 789 3873 Christus
814 3814 977 3879 venit,
1002 3812 1112 3882 jam
1150 3806 1515 3877 magnificatus
1542 3810 1641 3866 est,
1670 3801 1778 3871 jam
1807 3814 1922 3853 sur-

323 3911 463 3967 rexit
490 3918 545 3965 et
572 3904 811 3963 ascendit
834 3905 888 3960 in
913 3904 1125 3967 coelum,
1150 3899 1259 3971 jam
1284 3912 1478 3953 nomen
1501 3896 1617 3965 ejus
1642 3907 1735 3963 per
1754 3900 1923 3947 totum

324 4000 583 4065 mundum
598 3998 912 4071 p’rzedicatur
935 4012 948 4049 :
968 4007 1226 4065 quousque
1239 4005 1413 4064 graves
1436 3986 1626 4041 corde?
1646 3983 1925 4040 Sufﬁciam

326 4076 859 4165 przeteritatempora
893 4106 905 4142 :
935 4087 1043 4158 jam
1076 4082 1410 4155 magnificato
1432 4079 1521 4133 illo
1547 4078 1765 4143 Sancto,
1795 4089 1922 4145 quo-

326 4204 483 4260 usque
508 4202 681 4263 graves
692 4182 842 4238 corde
862 4182 885 4237 ἵ)
907 4182 1032 4237 Post
1047 4178 1330 4234 triennium
1353 4172 1479 4249 quid
1506 4179 1692 4237 restat,
1720 4169 1821 4224 nisi
1842 4182 1928 4222 se—

326 4280 471 4336 curis
484 4261 516 4343 ⁸3⁷
538 4278 809 4347 Quousque
834 4289 1007 4345 graves
1037 4270 1228 4326 corde?
1261 4265 1453 4337 thuid
1494 4262 1702 4335 diligitis
1731 4261 1927 4315 vanita-

331 4379 449 4439 tem,
473 4379 518 4429 ct
539 4368 762 4442 quwritis
782 4361 1137 4419 mendacium?
1163 4359 1353 4415 Adhuc
1378 4371 1533 4421 vana,
1561 4353 1735 4409 adhuc
1766 4350 1931 4406 inuti-

330 4463 398 4525 lia
419 4505 433 4528 ,
468 4459 646 4529 adhuc
688 4460 988 4535 pompatica
1023 4464 1077 4511 et
1104 4453 1327 4510 volatica
1348 4491 1364 4517 ,
1393 4452 1464 4506 ita
1490 4448 1705 4505 Christo
1744 4452 1929 4501 sancto

334 4554 693 4626 magniﬁcam,
713 4548 886 4607 adhuc
914 4548 1013 4604 ista
1038 4544 1412 4617 requiruntur?
1431 4541 1548 4597 Jam
1575 4540 1767 4595 clamat
1786 4538 1929 4593 veri-

333 4655 433 4712 tas,
457 4654 513 4701 et
531 4643 706 4699 adhuc
730 4641 983 4717 quaeritur
1004 4637 1241 4694 vanitas?
1266 4634 1535 4703 Quousque
1554 4644 1728 4702 graves
1745 4627 1931 4682 corde?

402 4732 635 4799 CAPUT
666 4736 754 4797 Vl.
778 4766 847 4775 —
865 4734 918 4790 7.
937 4732 1039 4787 Cur
1064 4729 1279 4784 mundus
1301 4738 1402 4781 tam
1423 4726 1605 4779 acriter
1620 4723 1928 4795 ﬂagellatur.

332 4828 524 4893 Merito
587 4826 796 4887 fortiter
861 4823 1158 4897 ﬂagellatur
1216 4820 1301 4874 hic
1363 4815 1640 4873 mundus:
1685 4812 1934 4884 cognovit

335 4925 476 4983 enim
511 4921 622 4999 jam
649 4920 809 4975 verba
840 4917 1049 4973 Domini
1091 4913 1340 4970 mundus.
1390 4910 1456 4965 Et
1497 4924 1699 4975 servus,
1732 4907 1943 4978 inquit,’

336 5020 563 5075 nesciens
589 5017 891 5073 voluntatem
917 5011 1107 5067 domini
1132 5008 1210 5062 sui
1229 5015 1317 5075 ,et
1349 5005 1538 5077 faciens
1564 5003 1719 5074 digna
1747 5000 1931 5072 plagis,

338 5108 598 5181 vapulabit
626 5108 816 5180 paucis.
840 5104 1049 5175 Quare?
1076 5102 1363 5172 thuazrat
1390 5098 1715 5154 voluntatem
1734 5094 1931 5149 domini

341 5204 440 5259 sui.
456 5201 655 5257 Servus
674 5214 799 5271 ergo
815 5197 1058 5252 nesciens
1076 5194 1419 5257 voluntatem,
1434 5189 1535 5244 hoc
1558 5195 1672 5243 erat
1685 5184 1931 5248 mundos,

342 5302 624 5365 antequam
671 5289 1035 5362 magniﬁcaret
1074 5286 1329 5340 Sanctum
1370 5295 1565 5345 suum;
1597 5291 1783 5334 servus
1824 5282 1939 5331 erat

343 5385 589 5441 nesciens
634 5382 962 5436 voluntatem
1010 5374 1208 5431 domini
1253 5373 1354 5440 sui,
1397 5379 1451 5427 et
1494 5368 1614 5425 ideo
1658 5365 1939 5438 vapulabat

346 5474 550 5547 paucis.
578 5472 775 5528 Servus
801 5478 980 5525 autem
1013 5468 1122 5537 jam
1157 5465 1483 5520 voluntatem
1524 5461 1698 5516 sciens
1736 5457 1939 5513 domini

348 5568 452 5637 sui,
474 5567 579 5629 hoc
597 5571 679 5623 est
696 5562 874 5629 modo,
900 5576 968 5621 ex
987 5575 1091 5632 quo
1111 5555 1467 5629 magnificavit
1488 5553 1666 5611 Deitas
1685 5551 1938 5609 Sanctum

348 5675 535 5727 suum;
561 5667 617 5716 et
637 5672 743 5713 non
767 5656 969 5711 faciens
994 5653 1322 5709 voluntatem
1347 5648 1484 5720 ejus,
1508 5644 1779 5718 vapulabit
1804 5642 1940 5699 mul-

351 5753 441 5811 tis.
478 5748 619 5821 Quid
657 5763 784 5823 ergo
813 5748 1030 5814 mirum,
1072 5746 1116 5805 si
1157 5743 1388 5805 mundus
1431 5741 1659 5805 multum
1688 5736 1940 5831 vapulat?

416 5866 438 5898 ⁸
463 5872 567 5920 Am.
598 5875 677 5918 Vr.
697 5869 751 5916 et
767 5866 970 5927 Mss.,Et
991 5875 1021 5913 a
1047 5866 1179 5924 tergo
1206 5856 1291 5910 ait.

1717 361 1949 425 SERMO
1982 358 2217 419 LXXIII.

3468 355 3573 412 ΠΟ

1996 476 2193 533 Servus
2221 480 2301 530 est
2329 474 2503 531 sciens
2529 474 2857 537 voluntatem
2884 471 3084 528 domini
3113 479 3168 529 et
3190 470 3388 529 faciens
3415 470 3573 540 digna

1991 569 2181 640 plagis.
2212 567 2327 629 Non
2366 583 2492 638 ergo
2533 576 2742 625 recuset
2780 567 3029 637 vapulare
3076 565 3254 625 multis
3293 565 3441 635 (Luc.
3476 580 3575 630 xu,

1993 663 2082 727 48,
2114 661 2204 733 i7)
2237 680 2248 716 :
2279 662 2524 732 quoniam
2550 662 2597 716 si
2619 676 2724 717 non
2753 663 2864 716 vult
2888 661 3071 721 audire
3094 668 3475 732 praeceptorem
3496 656 3576 713 in-

1989 755 2153 825 juste,
2181 755 2323 824 justo
2349 754 2573 824 patietur
2601 754 2843 815 ultorem.
2878 755 2974 810 Vel
3000 769 3104 811 non
3133 759 3428 808 murmurat
3449 765 3578 807 con-

1995 855 2075 905 tra
2120 849 2524 919 castigatorem,
2564 864 2684 911 cum
2717 848 2892 903 videat
2927 863 2985 903 se
3029 847 3193 919 plagis
3236 845 3451 919 dignum
3474 882 3489 908 ,
3521 850 3578 901 ut

1996 942 2413 999 misericordiam
2464 950 2729 1001 incusatur.
2777 959 2788 994 :
2832 957 2923 1011 per
2973 916 3239 1009 Christum
3298 916 3578 999 [luminum

1996 1046 2257 1101 nostrum,
2283 1036 2373 1105 qui
2400 1035 2530 1091 vivit
2555 1044 2612 1098 et
2637 1043 2824 1106 regnat
2849 1050 2967 1093 cum
2994 1035 3105 1090 Deo
3126 1034 3279 1090 Patre
3306 1040 3361 1089 et
3380 1016 3577 1101 Spiritu

1998 1140 2181 1185 sancto
2210 1129 2263 1183 in
2291 1129 2481 1187 stecula
2507 1128 2839 1184 saeculorum.
2879 1129 3048 1181 Amen
3078 1124 3131 1197 ’.Α

2482 1218 2710 1277 SERMO
2738 1217 2945 1275 LXXlll
2970 1223 2983 1239 ·
3006 1217 3098 1289 (α).

1998 1310 2077 1366 De
2100 1312 2257 1367 verbis
2282 1311 2539 1381 Evangelii
2562 1311 2810 1375 Matt/imi,
2833 1310 2917 1365 ubi
2936 1308 3181 1369 Dominus
3199 1304 3347 1361 Iesus
3368 1304 3581 1376 ραταὺος

2071 1405 2147 1459 las
2197 1405 2490 1459 seminantis
2554 1405 2775 1474 esponit.
2835 1402 2962 1471 Cap.
3024 1416 3116 1463 xm
3144 1441 3157 1465 ,
3235 1400 3307 1467 ᾗ.
3364 1395 3535 1459 24250
3564 1436 3579 1461 ,

2071 1496 2262 1552 56-45.

2072 1610 2296 1667 CAPUT
2326 1610 2740 1667 PRIMUM.—l.
2770 1609 2895 1663 Mali
2916 1608 3044 1661 inter
3059 1605 3231 1659 bonos.
3256 1602 3585 1659 Ethesterno

2003 1704 2088 1761 die
2126 1715 2178 1761 et
2215 1704 2391 1770 hodie,
2434 1706 2683 1773 loquente
2712 1702 2937 1756 Domino
2975 1707 3160 1753 nostro
3186 1697 3311 1752 lesu
3348 1694 3584 1760 Christo,

2004 1798 2281 1868 parabolas
2326 1795 2633 1850 seminantis
2668 1793 2983 1847 audivimus.
3025 1789 3124 1855 Qui
3165 1787 3406 1841 adfuistis
3449 1782 3585 1848 heri,

2003 1890 2354 1945 recordamini
2386 1887 2560 1941 hodie.
2592 1884 2713 1940 Heri
2748 1886 2942 1939 [cetum
2968 1881 3137 1937 estde
3157 1880 3248 1934 illo
3268 1879 3566 1934 seminante

2006 1986 2232 2056 quicum
2259 1984 2459 2038 semina
2487 1987 2779 2050 spargeret,
2806 1977 2945 2031 aliud
2973 1974 3162 2031 cecidit
3188 1975 3240 2028 in
3265 1973 3425 2036 viam,
3449 1969 3589 2041 quod

2007 2092 2132 2130 aves
2163 2076 2521 2145 collegerunt;
2554 2071 2695 2125 aliud
2724 2071 2774 2124 iu
2827 2067 3053 2137 petrosis
3082 2066 3212 2120 locis
3240 2106 3253 2129 ,
3284 2062 3426 2134 quod
3455 2068 3590 2117 :estu

2009 2170 2243 2232 exaruit;
2276 2166 2415 2220 aliud
2441 2167 2579 2219 inter
2597 2158 3281 2232 spinas,qnodsuﬁ‘ooatum
3310 2162 3411 2220 est,
3434 2160 3489 2208 et
3513 2152 3590 2207 fe-

2010 2263 2228 2318 cundari
2258 2277 2359 2315 non
2391 2259 2594 2330 potuit;
2622 2256 2762 2311 aliud
2793 2256 2843 2308 in
2874 2263 3072 2308 terram
3099 2250 3311 2313 bonam,
3341 2258 3393 2302 et
3422 2246 3594 2301 attulit

2012 2356 2237 2411 fructum
2286 2362 2567 2409 centenum
2598 2392 2610 2413 ,
2666 2361 2986 2417 sexagenum
3018 2385 3033 2411 ,
3074 2343 3333 2397 tricenum
3380 2338 3591 2410 (Matth.

2013 2465 2122 2513 xm,
2155 2447 2328 2517 5-23).
2360 2445 2525 2499 liodie
2552 2452 2727 2496 autem
2759 2440 2914 2493 aliam
2947 2435 3249 2507 parabolam
3279 2446 3464 2487 rursus
3494 2431 3596 2485 Do-

2014 2542 2189 2595 minus
2222 2540 2288 2594 de
2326 2538 2621 2592 seminante
2660 2532 2931 2596 narravit,
2964 2528 3051 2599 qui
3082 2525 3362 2582 seminavit
3399 2524 3597 2578 bonum

2015 2646 2194 2688 semen
2226 2633 2277 2686 in
2304 2645 2430 2701 agro
2450 2642 2565 2682 suo.
2592 2623 2991 2681 Dormientibus
3013 2618 3311 2674 hominibus
3336 2615 3481 2670 venit
3500 2614 3598 2668 ini-

2015 2727 2206 2794 micus,
2236 2734 2287 2780 et
2314 2720 2751 2794 supersemiuavit
2781 2716 3001 2772 zizania.
3027 2711 3247 2780 Quando
3273 2708 3436 2764 herba
3462 2714 3594 2771 erat,

2016 2820 2251 2875 nondum
2294 2816 2581 2888 apparebat
2612 2832 2625 2867 :
2657 2813 2747 2867 ubi
2789 2808 2949 2878 coepit
2987 2806 3189 2861 fructus
3214 2801 3339 2858 boni
3382 2798 3600 2855 seminis

2019 2926 2275 2984 apparere
2298 2952 2313 2978 ,
2342 2910 2411 2965 ibi
2442 2909 2601 2963 etiam
2640 2904 2841 2960 zizania
2868 2902 3194 2956 claruerunt.
3240 2890 3441 2948 Offensi
3477 2897 3602 2945 sunt

2020 2979 2160 3059 servi
2190 2999 2599 3073 patrisfamilias,
2633 2996 2871 3050 videntes
2898 2993 2949 3046 in
2971 2992 3108 3046 bona
3134 2995 3315 3058 segete
3338 2982 3501 3038 multa
3531 2979 3605 3035 si-

2023 3096 2171 3149 zania
2193 3135 2207 3159 ,
2233 3102 2286 3148 et
2309 3092 2591 3146 voluerunt
2615 3086 2885 3142 eradicare
2909 3125 2923 3149 ,
2947 3090 3002 3137 et
3030 3076 3277 3150 permissi
3303 3090 3409 3129 non
3438 3080 3561 3127 sunt
3588 3088 3603 3125 :

2022 3189 2113 3243 sed
2150 3187 2346 3241 dictum
2379 3190 2457 3238 est
2483 3183 2559 3236 eis
2585 3223 2599 3246 ,
2648 3178 2809 3234 Sinite
2847 3183 3059 3241 utraque
3084 3183 3302 3224 crescere
3342 3180 3497 3235 usque
3540 3160 3609 3217 ad

2023 3286 2249 3333 messem.
2284 3276 2542 3345 Exposuit
2570 3280 2744 3325 autem
2784 3267 2944 3322 etiam
2986 3262 3242 3317 Dominus
3268 3257 3421 3313 Jesus
3447 3252 3606 3309 Chri-

2025 3382 2137 3429 stus
2168 3372 2320 3427 istam
2350 3367 2653 3440 parabolam
2688 3382 2698 3415 :
2730 3370 2785 3416 et
2815 3358 2939 3414 boni
2977 3354 3194 3411 seminis
3236 3350 3610 3406 seminatorem

2026 3479 2084 3522 se
2113 3479 2232 3520 esse
2256 3462 2430 3527 dixit,
2459 3459 2833 3515 seminatorem
2864 3449 3185 3505 zizaniorum
3212 3441 3481 3498 inimicum
3512 3437 3611 3492 ho-

2026 3558 2225 3613 minem
2253 3553 2520 3610 diabolum
2551 3548 2816 3609 ostendit;
2845 3535 3054 3611 tempr
3081 3536 3289 3601 messis,
3319 3534 3479 3588 tinem
3508 3544 3613 3585 sm-

2028 3648 2130 3704 culi
2154 3664 2167 3713 ;
2196 3660 2379 3716 agrum
2407 3656 2560 3697 suum
2585 3683 2600 3707 ,
2631 3647 2797 3692 totum
2824 3632 3101 3689 mundum.
3130 3627 3239 3683 Sed
3261 3624 3385 3695 quid
3413 3621 3520 3677 ait?
3545 3618 3616 3674 In

2031 3712 2254 3810 tempore
2279 3738 2451 3791 messis
2478 3734 2643 3788 dicam
2667 3728 2964 3784 messoribus
2990 3740 3009 3778 :
3034 3720 3267 3791 Colligite
3291 3718 3510 3787 primum
3538 3712 3615 3766 si-

2029 3836 2179 3891 zania
2204 3834 2270 3887 ad
2297 3828 2685 3886 comburendum
2707 3841 2784 3889 ea,
2814 3821 3035 3875 triticum
3059 3823 3222 3869 autent
3246 3824 3413 3866 meum
3438 3822 3617 3861 recon-

2031 3927 2133 3981 dite
2157 3927 2209 3980 in
2231 3926 2432 3979 horreo.
2458 3919 2597 3990 Quid
2622 3913 2901 3976 festinatis,
2926 3908 3113 3979 inquit,
3139 3903 3281 3966 servi
3298 3900 3413 3959 salo
3428 3896 3617 3971 pleni?

2031 4017 2238 4073 Videtis
2267 4014 2465 4069 zizania
2486 3989 2632 4067 inter
2660 4007 2983 4062 frumentum
3008 4040 3021 4065 ,
3053 3997 3244 4053 videtis
3269 3993 3440 4051 malos
3468 3989 3615 4046 chri-

2031 4110 2233 4165 stianos
2255 4106 2393 4161 inter
2410 4106 2579 4160 bonos
2600 4118 2613 4167 ;
2635 4098 2907 4156 eradieare
2924 4088 3271 4148 vultismalos
3298 4103 3311 4140 :
3340 4081 3616 4156 quiescito,

2031 4217 2140 4257 non
2165 4207 2246 4257 est
2274 4207 2483 4269 tempus
2511 4192 2719 4249 messis.
2752 4187 3047 4252 Veniat,.et
3069 4182 3391 4235 frumentum
3415 4190 3511 4232 vos
3535 4174 3620 4229 in-

2033 4296 2230 4351 veniat.
2258 4267 2398 4360 Quid
2425 4282 2863 4345 stomachaminii
2887 4277 3017 4349 quid
3032 4289 3173 4347 aegre
3194 4270 3430 4329 toleratis
3450 4267 3621 4325 malos

2033 4356 2324 4460 permixtos
2362 4380 2554 4439 bonis?
2588 4379 2643 4433 in
2674 4388 2815 4446 agro
2829 4371 3100 4426 vobiscum
3128 4378 3249 4423 esse
3276 4366 3503 4434 possunt
3522 4398 3538 4425 ,
3566 4356 3620 4413 in

2034 4464 2230 4535 horreo
2255 4491 2361 4531 non
2391 4478 2565 4529 erunt.
3334 4504 3335 4507 η

2106 4558 2330 4627 CAPUT
2357 4566 2422 4622 n.
2450 4594 2524 4606 --
2549 4562 2605 4617 2.
2641 4559 2756 4615 Una
2796 4572 2876 4612 res
2904 4553 3064 4608 multa
3086 4550 3312 4612 ηοηιίηα,
3329 4556 3381 4603 οι
3405 4544 3522 4599 ἀνω
3543 4557 3624 4597 res

2036 4680 2193 4717 unum
2219 4657 2474 4715 interdum
2511 4668 2691 4709 nomen
2727 4649 3005 4705 sortiuntur
3030 4644 3084 4698 in
3112 4641 3299 4713 figuris
3318 4636 3621 4705 Scriptura.

2037 4757 2216 4814 Nosds
2264 4761 2439 4808 autem
2488 4748 2577 4803 illa
2621 4746 2721 4801 tria
2766 4743 3019 4797 hesterno
3055 4736 3145 4791 die
3169 4735 3628 4795 commemorata,

2039 4852 2127 4909 ubi
2164 4863 2344 4906 semen
2368 4860 2476 4901 non
2507 4840 2766 4914 profecit,
2788 4837 2950 4901 viam,
2976 4834 3093 4888 loca
3133 4839 3338 4889 saxosa,
3369 4823 3486 4877 loca
3515 4820 3626 4889 spl-

2040 4959 2205 5011 nosa;
2237 4943 2349 5012 ipsa
2375 4913 2743 4995 suutzizania.
2764 4928 2923 4987 Aliud
2950 4916 3142 4981 nomen
3168 4922 3221 4974 in
3247 4917 3350 4973 alia
3378 4913 3628 4970 similitu-

2042 5036 2165 5092 dine
2193 5005 2540 5103 acceperunt.
2588 5025 2720 5093 Quia
2758 5018 2972 5093 quando
3009 5009 3383 5071 similitudines
3411 5005 3626 5067 dantur,

2040 5129 2125 5184 vel
2148 5126 2441 5198 proprietas
2466 5136 2569 5175 non
2596 5092 2929 5187 exprimitur,
2954 5122 3048 5179 per
3062 5119 3155 5161 eas
3174 5116 3280 5159 non
3302 5097 3517 5162 veritas,
3534 5092 3629 5149 sed

2043 5189 2339 5277 similitudo
2366 5213 2604 5270 veritatis
2632 5205 2964 5279 exprimitur.
2993 5195 3145 5266 Quod
3172 5193 3291 5249 dico
3312 5231 3327 5257 ,
3354 5189 3471 5279 scio
3494 5200 3628 5257 pau-

2044 5324 2138 5369 cos
2168 5307 2495 5365 intellexisse
2526 5321 2538 5355 :
2569 5300 2661 5357 sed
2687 5277 2905 5369 propter
2931 5301 3119 5346 omnes
3144 5285 3427 5355 loquimur.
3454 5277 3512 5334 ln
3539 5290 3628 5332 re-

2042 5404 2145 5463 bus
2170 5399 2467 5459 visibilibus
2510 5395 2593 5450 via
2625 5393 2709 5447 via
2749 5396 2831 5445 est
2853 5427 2869 5455 ,
2900 5395 3091 5440 saxosa
3125 5379 3244 5436 loca
3284 5376 3403 5431 loca
3440 5380 3631 5428 saxosa

2111 5616 2129 5646 ί
2154 5611 2422 5664 Addititiam
2444 5600 2704 5654 clausulam
2733 5596 2858 5664 hanc
2890 5601 3002 5664 esse
3024 5579 3636 5664 vei_ei_t__e££quectamu8,

2046 5645 2832 5745 quoiiﬁ'i‘rii“giu¥i“aaaamm
2850 5655 3045 5707 codices
3058 5645 3385 5705 ωηωαίῡιὶρ

2111 5763 2128 5782 “
2153 5756 2461 5810 correximus
2480 5749 2538 5803 ad
2560 5762 2637 5812 gr.
2662 5747 2800 5795 Ulim.
2826 5750 2928 5793 Par.
2951 5746 3061 5790 Lov.

2111 5843 2186 5908 (α)
2208 5841 2351 5901 nias,
2372 5836 2437 5888 de
2460 5831 2674 5885 Diversis
2692 5828 2771 5879 46.
