3980 6430
467 379 566 436 471
1687 375 1745 433 S.
1785 375 2156 436 AUGUSTINI
2194 378 2498 439 EPISCOPI

463 504 606 561 sunt,
639 494 852 566 spinosa
876 494 990 550 loca
1019 491 1142 548 loca
1164 492 1378 563 spinosa
1405 499 1531 548 sunt
1561 509 1574 546 :
1605 493 1747 564 quod
1776 503 1919 555 sunt,
1945 493 2048 550 hoc

462 596 621 653 sunt;
652 586 775 657 quia
799 585 1012 656 proprie
1036 584 1394 640 nominantur.
1422 584 1482 640 ln
1506 585 1772 655 parabolis
1796 595 1973 642 autem
1993 597 2048 642 et

458 677 891 738 similitudinibus
915 685 1090 747 potest
1132 692 1236 732 una
1277 691 1365 733 res
1393 676 1576 733 multis
1614 678 1917 734 nominibus
1946 693 2043 748 ap-

457 769 646 840 pellari
676 786 689 821 :
718 767 838 823 ideo
877 783 980 822 non
1011 777 1094 823 est
1120 767 1466 839 incongruum
1494 777 1556 824 ut
1592 767 1825 826 dicerem
1851 769 2037 832 vobis,

458 857 556 913 Via
584 859 670 913 illa
691 900 706 925 ,
738 858 853 912 loca
884 857 971 912 illa
998 872 1185 914 saxosa
1209 900 1225 927 ,
1259 859 1346 913 illa
1372 859 1588 929 spinosa
1610 858 1886 915 christiani
1917 860 2044 916 mali

454 957 600 1014 sunt,
635 949 735 1019 ipsi
779 958 904 1004 sunt
947 959 1000 1004 et
1047 950 1268 1005 zizania.
1312 949 1504 1006 Nonne
1542 965 1709 1020 agnus
1759 950 2041 1006 Christus?

452 1055 633 1096 nonne
652 1048 707 1095 et
721 1041 806 1094 leo
824 1039 1103 1098 Christus?
1123 1041 1265 1096 Inter
1291 1041 1429 1097 feras
1453 1050 1508 1098 et
1530 1055 1740 1112 pecora,
1765 1042 1856 1112 qui
1873 1055 2042 1112 agnus

452 1150 620 1206 agnus
642 1179 656 1204 ,
685 1138 775 1209 qui
815 1137 900 1194 leo
927 1137 1011 1194 leo
1054 1156 1066 1193 :
1095 1147 1380 1209 utrumque
1413 1137 1674 1194 Christus.
1712 1137 1806 1192 Illa
1834 1135 2039 1207 singula

448 1242 548 1297 per
577 1229 952 1300 proprietatem
992 1247 1006 1284 :
1039 1230 1140 1284 ista
1177 1238 1457 1300 utrumque
1487 1245 1584 1300 per
1612 1227 2035 1284 similitudinem.

447 1318 578 1375 Plus
632 1320 790 1375 etiam
839 1330 920 1375 est
963 1319 1107 1391 quod
1151 1321 1361 1387 accidit,
1414 1330 1472 1376 ut
1505 1335 1604 1392 per
1639 1319 2037 1375 similitudinem

446 1412 676 1467 multum
700 1426 731 1466 a
747 1426 805 1467 se
830 1426 919 1466 res
938 1411 1216 1479 distantes,
1239 1420 1491 1468 vocentur
1501 1426 1609 1467 uno
1629 1411 1863 1467 nomine.
1885 1409 2037 1480 Quod

447 1503 590 1558 enim
625 1512 733 1559 tam
770 1503 932 1558 distat
970 1503 1039 1559 ab
1081 1502 1327 1571 invicem,
1356 1519 1517 1575 quam
1554 1501 1800 1558 Christus
1837 1512 1892 1559 et
1918 1502 2035 1558 dia-

443 1593 638 1650 bolus?
666 1594 865 1651 Tamen
904 1595 990 1651 leo
1015 1604 1070 1651 et
1095 1595 1336 1652 Christus
1368 1604 1452 1652 est
1475 1596 1771 1667 appellatus
1795 1637 1810 1663 ,
1843 1604 1897 1652 et
1921 1596 2035 1651 dia-
2094 1597 2098 1607 "

443 1682 622 1740 bolus.
661 1684 903 1742 Christus
943 1687 1030 1742 leo
1063 1704 1077 1741 :
1120 1686 1249 1742 Vicit
1275 1687 1352 1743 leo
1376 1730 1391 1755 ,
1423 1687 1484 1742 de
1511 1688 1641 1742 tribu
1679 1686 1820 1741 Iuda
1850 1687 2030 1761 (Apoc.

444 1790 496 1842 v,
530 1778 608 1846 5).
657 1776 906 1833 Diabolus
945 1777 1030 1832 leo
1069 1796 1081 1832 :
1123 1777 1342 1833 Nescitis
1378 1779 1496 1850 quia
1525 1778 1843 1835 adversarius
1878 1788 2035 1834 vester

444 1865 676 1920 diabolus
696 1878 934 1937 tanquam
960 1868 1035 1922 leo
1054 1870 1254 1940 rugiens
1281 1869 1457 1924 circuit
1480 1911 1494 1935 ,
1523 1885 1754 1940 quaerens
1773 1887 1918 1942 quem
1947 1872 2034 1926 de-

388 2004 393 2008 .
441 1967 580 2011 voret
613 1957 653 2030 (l
686 1957 828 2012 Petr.
859 1975 912 2025 v,
941 1960 1036 2028 8)?
1068 1959 1209 2031 Ergo
1237 1969 1291 2016 et
1320 1960 1406 2015 ille
1437 1961 1523 2016 leo
1547 1971 1602 2016 et
1643 1961 1734 2018 ille
1773 1962 1857 2018 leo
1886 1981 1899 2017 :
1942 1962 2033 2018 ille

442 2048 530 2104 leo
571 2058 787 2120 propter
825 2049 1222 2118 fortitudinem;
1252 2052 1342 2108 ille
1373 2052 1456 2108 leo
1480 2062 1698 2124 propter
1724 2054 1982 2110 feritatem
2015 2072 2028 2108 :

439 2143 531 2198 ille
555 2145 642 2200 leo
663 2144 731 2199 ad
760 2145 1107 2212 vincendum;
1135 2146 1227 2202 ille
1248 2147 1332 2202 leo
1355 2146 1423 2202 ad
1446 2146 1765 2202 nocendum.
1798 2147 1914 2218 Ipse
1941 2163 2028 2204 co-

437 2233 594 2290 luber
617 2234 856 2292 diabolus
893 2246 976 2292 est
997 2279 1011 2303 ,
1043 2251 1265 2308 serpens
1293 2239 1540 2309 antiquus
1565 2239 1748 2311 (Apoc.
1793 2255 1889 2307 xu,
1923 2240 1977 2311 9)
2014 2259 2028 2296 :

439 2326 696 2396 numquid
719 2326 854 2396 jussi
880 2343 1063 2382 sumus
1089 2328 1358 2385 diabolum
1379 2330 1574 2385 imitari
1598 2371 1615 2398 ,
1641 2330 1851 2401 quando
1875 2331 2031 2387 nobis

440 2416 574 2471 dixit
601 2417 789 2472 Pastor
812 2427 1014 2485 noster,
1043 2418 1218 2476 Estote
1243 2421 1494 2492 simplices
1514 2429 1569 2476 ut
1593 2421 1855 2489 columbae,
1877 2423 2030 2476 astuti

437 2519 496 2563 ut
523 2521 774 2580 serpentes
796 2511 1009 2582 (Matth.
1036 2529 1092 2579 ι,
1119 2512 1244 2586 16),ἳ
1475 2553 1499 2575 ι

509 2601 734 2660 CAPUT
763 2604 847 2659 lll.
878 2635 950 2646 —-
969 2606 1024 2661 5.
1049 2606 1126 2662 Ad
1149 2606 1460 2664 Christianos
1484 2609 1666 2676 malos,
1683 2619 1739 2664 ut
1755 2620 2025 2667 mutentur.

434 2696 578 2766 Ergo
613 2697 726 2752 heri
773 2699 1032 2754 allocutus
1072 2713 1192 2755 sum
1234 2700 1409 2768 viam,
1451 2701 1714 2758 allocutus
1751 2718 1869 2758 sum
1909 2703 2028 2760 loca

436 2801 646 2853 saxosa,
672 2789 934 2846 allocutus
954 2806 1072 2846 sum
1093 2791 1208 2848 loca
1230 2794 1445 2863 spinosa
1476 2802 1561 2850 :et
1580 2793 1706 2861 dixi,
1729 2795 2024 2863 Mutamini,

435 2892 558 2931 cum
590 2883 842 2948 potestis;
875 2883 1006 2938 dura
1032 2892 1210 2940 aratro
1239 2895 1448 2941 versate
1479 2887 1496 2918 ³
1521 2929 1536 2954 ,
1565 2887 1632 2941 de
1670 2902 1798 2956 agro
1823 2887 2027 2957 lapides

433 2969 678 3038 projicite
694 3013 708 3037 ,
727 2972 795 3028 de
813 2988 941 3044 agro
963 2976 1143 3046 spinas
1158 2977 1385 3032 evellite.
1409 2977 1584 3033 Nolite
1606 2977 1802 3034 habere
1833 2979 2023 3034 durum

435 3074 550 3126 cor,
589 3062 727 3117 unde
756 3065 862 3119 cito
889 3067 1108 3122 verbum
1138 3068 1234 3123 Dei
1265 3076 1467 3138 pereat.
1500 3068 1671 3125 Nolite
1703 3069 1903 3127 habere
1942 3080 2024 3127 te-

432 3167 594 3209 nuem
639 3163 836 3211 terram
859 3198 874 3224 ,
905 3159 994 3214 ubi
1023 3158 1174 3214 radix
1215 3161 1489 3216 charitatis
1526 3161 1630 3216 alta
1670 3177 1776 3218 non
1819 3163 2021 3220 sedeat.

431 3243 607 3300 Nolite
631 3248 772 3302 curis
801 3253 856 3303 et
877 3250 1252 3319 cupiditatibus
1291 3252 1638 3310 saecularibus
1665 3254 1896 3311 oll‘ocare
1924 3256 2023 3313 bo-

431 3353 563 3392 num
601 3354 787 3394 semen
810 3382 824 3407 ,
866 3341 1008 3410 quod
1038 3342 1188 3398 vobis
1217 3345 1481 3416 spargitur
1508 3346 1776 3402 laboribus
1802 3349 2018 3403 nostris.

430 3430 646 3486 Etenim
675 3433 928 3490 Dominus
965 3435 1193 3491 seminat
1224 3454 1237 3490 :
1269 3437 1365 3494 sed
1402 3453 1503 3494 nos
1527 3441 1752 3510 operarii
1781 3441 1896 3511 ejus
1935 3457 2024 3496 su-

429 3537 572 3577 mus.
613 3523 717 3578 Sed
763 3532 933 3581 estote
961 3534 1102 3581 terra
1127 3527 1287 3582 bona.
1327 3528 1454 3584 Heri
1479 3529 1710 3586 diximus
1733 3573 1750 3599 ,
1781 3539 1836 3586 et
1863 3531 2021 3590 hodie

429 3615 680 3670 omnibus
702 3616 927 3673 dicimus
958 3635 972 3671 :
1001 3618 1161 3673 Ferat
1182 3620 1319 3674 alius
1345 3629 1630 3677 centenum
1651 3663 1667 3688 ,
1697 3623 1834 3678 alius
1861 3638 2018 3678 sexa-

428 3721 625 3777 genum
645 3750 658 3774 ,
688 3711 822 3766 alius
863 3710 1140 3766 tricenum.
1175 3711 1230 3766 ln
1258 3712 1364 3768 alio
1393 3713 1583 3783 major,
1631 3714 1688 3768 in
1715 3715 1819 3768 alio
1845 3715 2021 3770 minor

427 3811 512 3856 est
539 3803 739 3858 fructus
765 3822 778 3856 :
809 3803 901 3859 sed
927 3818 1116 3860 omnes
1139 3804 1206 3860 ad
1231 3804 1482 3860 horreum
1505 3806 1864 3876 pertinebunt.
1894 3807 2018 3863 lleri

426 3893 529 3950 ista
558 3895 788 3951 diximus
812 3937 827 3963 ,
855 3895 1014 3952 hodie
1056 3897 1256 3952 zizania
1294 3897 1537 3968 alloquor
1579 3916 1593 3953 :
1631 3898 1726 3954 sed
1766 3899 1866 3970 ipsi
1896 3910 2020 3956 sunt

429 4001 558 4044 oves
587 3989 806 4044 zizania.
837 3990 882 4044 0
909 3989 1184 4045 christiani
1213 3990 1373 4046 mali!
1407 4005 1441 4046 ο
1470 3990 1558 4061 qui
1590 3991 1861 4062 implendo
1889 4007 2016 4062 pre-

426 4079 573 4134 mitis
599 4080 884 4135 Ecclesiam
906 4080 1045 4136 male
1066 4079 1320 4136 vivendo!
1345 4081 1595 4152 corrigite
1614 4097 1709 4137 vos
1729 4091 2015 4152 antequam

424 4172 620 4225 messis
645 4170 920 4226 adveniat!
949 4171 1065 4226 Non
1091 4171 1301 4241 dicatis,
1331 4173 1582 4238 Peccavi,
1613 4182 1660 4229 et
1687 4174 1809 4244 quid
1831 4175 2016 4229 accidit

424 4261 553 4314 mihi
575 4260 758 4334 (Eccli.
781 4278 834 4326 v,
865 4261 954 4332 lt)?
979 4262 1095 4318 Non
1126 4264 1354 4334 perdidit
1381 4265 1519 4320 Deus
1552 4265 1842 4334 potentiam
1871 4283 1884 4318 :
1918 4266 2014 4321 sed

424 4367 456 4406 a
502 4363 552 4407 te
589 4353 750 4424 exigit
793 4355 1181 4423 paenitentiam.
1211 4355 1340 4410 .lloc
1379 4355 1498 4410 dico
1527 4355 1680 4411 malis
1703 4396 1718 4421 ,
1752 4365 1809 4412 et
1834 4365 2013 4413 tamen

424 4442 759 4510 christianis;
791 4443 894 4499 hoc
931 4444 1052 4500 dico
1078 4445 1312 4500 zizaniis.
1346 4445 1403 4500 ln
1429 4459 1558 4516 agro
1584 4445 1726 4502 enim
1756 4457 1880 4503 sunt
1911 4465 1925 4502 :
1957 4457 2014 4504 et

423 4535 538 4591 ﬁeri
567 4543 742 4605 potest
783 4545 842 4591 ut
867 4537 958 4608 qui
984 4536 1144 4593 hodie
1171 4545 1297 4593 sunt
1333 4537 1534 4592 zizania
1557 4579 1575 4607 ,
1614 4552 1733 4594 cras
1768 4539 1875 4594 sint
1897 4539 2011 4596 fru-

421 4635 684 4682 mentum.
718 4626 842 4683 ldeo
865 4636 919 4682 et
943 4628 1175 4684 triticum
1200 4627 1460 4698 alloquor.

493 4717 718 4775 CAPUT
745 4718 833 4774 IV.
864 4748 933 4760 --
958 4720 1010 4774 Δ.
1040 4719 1120 4773 Ad
1144 4719 1298 4775 bonos
1320 4719 1652 4787 Christianos,
1677 4730 1732 4776 ut
1751 4723 1912 4778 malos
1934 4733 2011 4779 to-

419 4809 596 4872 lerent.
651 4810 696 4867 Ο
743 4827 859 4878 vos,
889 4811 1183 4879 christiani,
1210 4811 1301 4882 qui
1349 4812 1486 4869 bene
1528 4813 1725 4883 vivitis,
1751 4817 1903 4885 pauci
1923 4818 2008 4874 in-

417 4908 504 4956 ter
546 4901 744 4958 multos
772 4902 1050 4972 suspiratis
1072 4943 1087 4968 ,
1129 4903 1284 4973 pauci
1323 4903 1462 4959 inter
1492 4905 1745 4975 plurimos
1772 4908 2004 4979 gemitis.

417 4990 664 5050 Transiet
690 4993 860 5050 hiems
877 5036 893 5061 ,
918 4993 1097 5049 veniet
1123 5001 1302 5061 testas,
1327 5009 1452 5052 ecce
1478 4995 1649 5052 aderit
1667 5000 1876 5055 messis.
1904 5001 2009 5058 Ve-

415 5087 568 5142 nient
583 5089 793 5157 Angeli,
815 5089 904 5158 qui
925 5099 1149 5158 possunt
1167 5103 1436 5159 separare,
1460 5099 1515 5146 et
1539 5091 1786 5149 nesciunt
1804 5110 2002 5154 errare.

412 5179 523 5236 Nos
551 5181 604 5235 in
630 5181 730 5236 hoc
756 5191 995 5252 tempore
1018 5182 1221 5239 similes
1247 5197 1430 5239 sumus
1458 5185 1628 5242 servis
1653 5187 1778 5256 illis,
1801 5189 1868 5244 de
1889 5192 2006 5260 qui-

412 5271 513 5327 bus
538 5272 734 5326 dictum
759 5283 843 5328 est
865 5292 878 5328 :
897 5275 1002 5342 Vis,
1030 5276 1162 5331 imus
1184 5285 1232 5331 et
1250 5277 1530 5350 colligimus
1555 5279 1658 5334 ea?
1681 5279 2005 5339 Volebamus

413 5362 588 5430 enim,
620 5363 665 5418 si
696 5363 810 5418 tieri
842 5368 1044 5436 possit,
1080 5368 1284 5424 nullum
1323 5370 1519 5426 malum
1560 5387 1839 5429 remanere
1867 5374 2004 5430 inter

414 5452 606 5508 bonos.
629 5452 732 5509 Sed
753 5454 950 5511 dictum
981 5465 1063 5514 est
1103 5459 1255 5515 nobis
1288 5478 1300 5514 :
1346 5461 1511 5516 Sinite
1547 5471 1757 5534 utraque
1784 5479 2002 5521 crescere

413 5561 574 5614 usque
631 5545 700 5598 ad
760 5564 984 5604 messem.
1036 5551 1250 5618 Quare?
1305 5551 1461 5608 Tales
1529 5554 1671 5608 enim
1727 5555 1884 5622 estis,
1943 5566 2001 5612 ut

415 5636 526 5693 falli
587 5638 820 5708 possitis.
877 5641 1113 5713 Denique
1156 5644 1277 5700 audi
1311 5663 1324 5700 :
1356 5644 1440 5700 Ne
1468 5647 1638 5717 forte,
1687 5648 1808 5704 dum
1850 5651 1998 5705 vultis

414 5771 596 5886 “:3:
627 5780 771 5826 vetus
809 5776 963 5829 codex
1000 5784 1354 5833 Germanensis.
1399 5789 1457 5834 At
1495 5783 1632 5849 editi,
1673 5783 1802 5836 dura
1849 5785 1998 5838 corda

2101 5665 2202 5726 jam
2225 5668 2447 5717 exstabat
2484 5669 2535 5717 in
2556 5669 2637 5718 vul

3635 403 3747 461 472

2159 496 2416 552 eradicare
2451 499 2650 554 zizania
2663 542 2677 568 ,
2697 503 2959 561 eradicetis
2971 507 3124 565 simul
3136 517 3184 564 et
3203 511 3441 568 triticum.
3455 513 3594 583 Quid
3615 515 3742 575 boni

2155 587 2360 649 facitis?
2382 593 2572 651 Nonne
2597 611 2830 655 messem
2858 616 3030 658 meam
3059 613 3236 662 vestra
3261 606 3530 680 diligentia
3555 621 3745 669 vasta-

2154 680 2316 739 bitis?
2339 685 2566 744 Venient
2592 704 2858 749 messores
2901 715 2915 751 :
2947 706 3002 752 et
3029 701 3276 769 exposuit
3313 703 3405 773 qui
3438 714 3562 762 sunt
3597 722 3747 765 mes-

2153 787 2303 831 sores
2331 793 2346 831 :
2387 777 2635 836 Messores
2661 793 2829 839 autem
2856 787 3034 859 Angeli
3069 801 3206 845 sunt.
3235 792 3345 850 Nos
3369 794 3614 854 homines
3639 813 3740 855 su-

2150 880 2304 936 mus,
2333 870 2518 942 Angeli
2545 888 2812 960 messores
2854 887 2996 935 sunt.
3037 881 3250 940 Erimus
3277 887 3493 957 quidem
3521 899 3579 948 et
3615 907 3740 960 nos,

2149 959 2194 1014 si
2222 976 2434 1019 cursum
2469 958 2850 1036 perfecerimus
2874 1014 2889 1041 ,
2921 976 3153 1044 aequales
3192 978 3411 1052 Angelis
3448 984 3552 1041 Dci'
3590 1003 3603 1040 :

2148 1053 2308 1111 modo
2355 1059 2566 1129 quando
2615 1065 3009 1122 stomachamur
3026 1078 3208 1125 contra
3230 1074 3417 1141 malos,
3439 1076 3617 1134 adhuc
3639 1079 3744 1135 ho-

2147 1145 2318 1202 mines
2356 1163 2560 1206 sumus.
2598 1153 2664 1208 Et
2691 1169 2790 1210 nos
2825 1157 2986 1213 modo
3022 1159 3207 1216 audire
3244 1161 3504 1220 debemus
3535 1185 3549 1222 :
3591 1167 3742 1234 Qua-

2147 1245 2351 1330 propter
2367 1241 2520 1311 quise
2537 1252 2681 1314 putat
2704 1254 2858 1311 stare,
2888 1259 3058 1304 caveat
3077 1266 3141 1306 ne
3163 1253 3311 1307 cadat
3327 1253 3371 1327 (l
3393 1254 3511 1312 Cor.
3539 1273 3594 1324 x,
3619 1258 3738 1330 12).

2144 1326 2348 1388 Putatis
2372 1335 2535 1402 enim,
2559 1335 2750 1394 fratres
2769 1339 2896 1406 mei,
2917 1342 3042 1411 quia
3065 1342 3165 1398 ista
3187 1326 3390 1401 zizania
3413 1362 3522 1404 non
3551 1326 3740 1406 ascen-

2143 1420 2279 1479 dunt
2302 1427 2551 1496 apsidas?
2588 1429 2790 1487 Putatis
2823 1432 2946 1504 quia
2973 1434 3226 1492 deorsum
3255 1448 3409 1510 sunt,
3439 1450 3494 1498 et
3517 1458 3740 1502 sursum

2143 1527 2248 1569 non
2278 1518 2434 1572 sunt?
2463 1517 2674 1575 Utinam
2709 1520 2812 1578 hoc
2837 1538 2943 1578 non
2983 1525 3169 1582 simus.
3199 1528 3330 1584 Mihi
3369 1541 3536 1586 autem
3577 1535 3738 1589 mini-

2142 1621 2282 1662 mum
2301 1617 2374 1664 est
2401 1618 2457 1664 ut
2482 1627 2515 1665 a
2538 1614 2676 1669 vobis
2687 1615 2888 1685 judicer
2913 1615 3110 1688 (Id.-1v
3129 1661 3146 1685 ,
3176 1620 3254 1695 5).
3283 1623 3412 1680 Dico
3439 1639 3570 1683 sane
3595 1627 3740 1684 Cha-

2141 1697 2285 1754 ritati
2308 1711 2521 1772 vestrae,
2536 1713 2592 1760 et
2616 1708 2669 1761 in
2688 1709 2888 1778 apsndis
2912 1721 3036 1766 sunt
3051 1711 3336 1784 frumenta,
3354 1726 3478 1773 sunt
3497 1719 3734 1788 zizania;

2140 1797 2196 1844 et
2223 1790 2277 1845 in
2305 1794 2511 1864 populis
2547 1805 2673 1852 sunt
2695 1797 2958 1856 frumenta
2979 1845 2995 1868 ,
3025 1814 3150 1860 sunt
3174 1807 3394 1862 zizania.
3430 1808 3562 1866 Boni
3593 1813 3736 1870 tole-

2142 1889 2264 1936 rent
2308 1884 2481 1941 malos
2531 1905 2542 1939 :
2595 1890 2719 1944 mali
2773 1901 3064 1960 mutentur,
3116 1905 3170 1952 et
3219 1898 3492 1957 imitentur
3536 1903 3734 1961 bonos.

2139 1971 2358 2045 Omnes,
2380 1980 2424 2034 si
2455 1982 2568 2037 fieri
2597 1992 2792 2052 potest,
2813 1987 2880 2042 ad
2909 1987 3072 2044 Deum
3100 1993 3459 2060 pertineamus
3488 2014 3501 2050 :
3539 2012 3738 2056 omnes

2139 2069 2392 2126 malitiam
2414 2074 2592 2128 smculi
2614 2075 2770 2146 hujus
2792 2078 2845 2133 in
2867 2079 3010 2135 illius
3036 2083 3398 2141 misericordia
3419 2088 3734 2148 evadamus.

2141 2158 2455 2228 Quaeramus
2477 2166 2592 2222 dies
2621 2168 2820 2238 bonos,
2854 2174 2977 2243 quia
3008 2175 3060 2230 in
3091 2176 3279 2234 diebus
3305 2180 3460 2237 malis
3498 2196 3689 2240 sumus
3717 2201 3734 2238 :

2137 2251 2235 2342 sed
2271 2254 2324 2307 in
2349 2253 2538 2312 diebus
2576 2259 2732 2317 malis
2769 2278 2874 2318 non
2899 2264 3350 2342 blasphememus,
3382 2281 3440 2328 ut
3461 2272 3530 2329 ad
3557 2273 3738 2331 bonos

2137 2339 2251 2398 dies
2283 2347 2564 2415 pervenire
2592 2353 2878 2421 possimus.

2598 2459 2832 2520 διεκιιο
2872 2464 3082 2522 LXXIV
3139 2468 3237 2542 (a).

2133 2564 2216 2622 De
2239 2568 2397 2625 verbis
2426 2569 2693 2644 Evangelii
2716 2574 2969 2647 Matthwi,
2999 2597 3112 2651 cap.
3142 2589 3261 2650 xui,
3284 2584 3373 2651 52,
3403 2585 3528 2644 Ideo
3547 2589 3736 2648 omnis

2435 2662 2620 2720 Scriba
2649 2667 2888 2725 eruditus
2913 2671 2965 2726 in
2988 2687 3155 2743 regno
3182 2675 3296 2743 Dei,
3326 2686 3420 2732 etc.

2206 2773 2256 2827 l.
2308 2772 2500 2831 Scriba:
2549 2777 2746 2835 Judwis
2803 2783 3029 2851 quinam.
3074 2785 3389 2858 Evangelica
3433 2790 3590 2846 lectio
3630 2793 3739 2849 ad-

2131 2871 2316 2918 monet
2352 2879 2449 2920 nos
2488 2882 2730 2938 quaerere
2776 2878 2839 2926 ev
2870 2875 3155 2944 explicare,
3183 2889 3440 2949 quantum
3465 2881 3737 2940 Dominus

2131 2952 2344 3010 dederit
2369 2998 2384 3023 ,
2413 2956 2671 3016 Charitati
2698 2972 2910 3028 vestrae.
2939 2968 3059 3037 quis
3082 2978 3165 3026 est
3193 2971 3375 3026 Scriba
3402 2975 3628 3030 eruditus
3675 2978 3736 3034 in

2131 3060 2285 3115 regno
2320 3044 2433 3112 Dei,
2467 3050 2646 3105 similis
2683 3055 3044 3125 patrifamilias
3089 3065 3363 3134 proferenti
3392 3065 3454 3120 de
3485 3068 3735 3125 thesauro

2130 3151 2222 3190 suo
2244 3152 2373 3192 nova
2401 3148 2450 3193 et
2479 3149 2661 3196 vetera.
2689 3143 2748 3199 ln
2775 3145 2877 3200 hoc
2904 3149 3045 3203 enim
3079 3150 3238 3208 lectio
3258 3154 3373 3224 ipsa
3413 3157 3681 3214 conclusit
3716 3178 3732 3216 :

2130 3241 2248 3298 quas
2312 3240 2434 3286 sunt
2476 3247 2611 3287 nova
2661 3243 2714 3290 et
2755 3248 2931 3294 vetera
2962 3241 3153 3297 eruditi
3193 3243 3413 3301 Scribas.
3455 3247 3600 3316 Quos
3622 3264 3733 3306 au-

2130 3326 2239 3374 tem
2264 3329 2472 3378 veteres
2506 3326 2801 3383 secundum
2837 3334 3279 3391 consuetudinem
3323 3336 3732 3410 Scripturarum

2129 3421 2428 3470 nostrarum
2451 3415 2664 3475 Scribas
2683 3423 3084 3494 appellaverint,
3115 3439 3300 3485 notum
3329 3443 3451 3501 est,
3472 3434 3734 3495 videlicet

2127 3505 2218 3574 qui
2247 3505 2405 3578 Legis
2429 3508 2704 3566 scientiam
2740 3514 3136 3582 profiterentur.
3174 3520 3332 3579 Tales
3357 3525 3500 3580 enim
3543 3526 3599 3582 in
3625 3528 3733 3585 illo

2126 3597 2323 3686 populo
2353 3597 2552 3654 Scriba:
2572 3602 3014 3672 appellabantur;
3049 3624 3155 3664 non
3178 3614 3361 3682 quales
3385 3617 3732 3686 appellantur

2126 3685 2180 3741 in
2225 3687 2415 3746 ofﬁciis
2455 3691 2714 3761 judicum,
2757 3697 2840 3751 vel
2893 3698 2948 3753 in
2997 3705 3379 3762 consuetudine
3417 3685 3727 3768 civitatum.

2127 3776 2393 3836 Debemus
2411 3783 2553 3837 enim
2574 3799 2678 3840 non
2702 3786 2896 3843 frustra
2925 3790 3124 3848 intrare
3150 3794 3409 3866 scholam,
3435 3800 3531 3856 sed
3557 3817 3731 3862 nosse

2123 3867 2180 3923 in
2205 3884 2307 3940 qua
2335 3871 2722 3943 significatione
2769 3877 3164 3950 Scripturarum
3206 3887 3366 3943 verba
3392 3896 3680 3951 teneamus
3710 3914 3727 3952 :

2124 3975 2193 4016 ne
2233 3977 2354 4054 cum
2393 3965 2593 4038 aliquid
2633 3968 2700 4025 de
2737 3969 3024 4044 Scripturis
3049 3980 3323 4047 senuerit,
3355 3984 3497 4054 quod
3525 3986 3578 4041 in
3609 3990 3730 4046 alio

2122 4053 2364 4109 saeculari
2393 4071 2492 4111 usu
2528 4058 2746 4131 intelligi
2773 4063 2940 4132 solet,
2971 4066 3184 4125 aberret
3220 4053 3461 4142 auditor,
3483 4085 3539 4132 et
3566 4080 3730 4151 cogi-

2123 4141 2285 4234 tando
2319 4144 2460 4214 quod
2500 4151 2806 4218 consuevit,
2847 4170 2952 4210 non
3000 4155 3259 4231 intelligat
3300 4141 3453 4234 quod
3486 4141 3723 4226 audivit.

2121 4231 2322 4291 Scribas
2349 4252 2476 4310 ergo
2504 4251 2656 4297 erant
2683 4245 2774 4314 qui
2810 4245 2966 4319 Legis
2991 4251 3270 4310 scientiam
3302 4231 3723 4333 proﬁtebantur,

2119 4327 2187 4383 ad
2213 4343 2345 4400 quos
2374 4332 2494 4388 libri
2531 4334 2688 4407 Legis
2734 4341 3072 4408 pertinebant
3097 4347 3181 4402 vel
3223 4350 3595 4419 custodiendi,
3628 4327 3725 4413 vel

2120 4424 2495 4514 pertractandi,
2527 4429 2608 4483 vel
2633 4429 2792 4484 etiam
2819 4431 3089 4490 scribendi
3116 4446 3170 4493 et
3191 4438 3535 4514 intelligendi.

2189 4512 2242 4568 2.
2275 4513 2470 4572 Scriba:
2499 4535 2599 4572 non
2651 4521 2836 4576 eruditi
2888 4523 2941 4578 in
2969 4541 3125 4595 regno
3148 4527 3266 4585 Dei.
3316 4512 3474 4590 Tales
3527 4535 3724 4595 Domi-

2119 4620 2219 4660 nus
2262 4616 2444 4663 noster
2489 4609 2642 4667 Jesus
2686 4612 2929 4670 Christus
2975 4617 3236 4691 increpat,
3278 4623 3422 4694 quod
3475 4624 3724 4686 habeant

2117 4695 2296 4754 claves
2321 4700 2469 4770 regni
2499 4703 2778 4773 malorum,
2801 4723 2972 4778 neque
3001 4709 3100 4780 ipsi
3126 4711 3342 4782 intrent,
3371 4729 3543 4787 neque
3572 4719 3720 4779 alios

2117 4788 2316 4846 intrare
2344 4793 2657 4862 permittant
2685 4812 2699 4860 ;
2729 4800 3128 4867 reprehendens
3165 4805 3369 4863 scilicet
3399 4808 3720 4870 Pharisaaos

2117 4891 2171 4936 et
2197 4881 2432 4952 Scribas,
2457 4885 2706 4943 doctores
2728 4887 2882 4960 Legis
2909 4889 3237 4952 Judzeorum.
3267 4897 3346 4954 De
3373 4899 3567 4970 quibus
3598 4904 3721 4963 alio

2114 4973 2233 5030 loco
2253 4975 2326 5031 ait
2353 4994 2366 5031 :
2413 4977 2540 5044 Quae
2575 4980 2779 5048 dicunt,
2809 4983 2994 5055 facite;
3023 5003 3136 5058 qure
3173 4998 3339 5045 autem
3369 4993 3594 5064 faciunt,
3625 4997 3723 5067 fa-

2115 5083 2224 5124 cere
2251 5069 2406 5126 nolite
2433 5087 2451 5125 :
2474 5072 2648 5128 dicunt
2669 5076 2821 5142 enim,
2854 5087 2901 5132 et
2928 5094 3030 5134 non
3059 5080 3254 5150 faciunt
3280 5083 3493 5155 (Matth.
3520 5104 3672 5148 xxm
3697 5136 3717 5161 ,

2113 5157 2189 5229 5).
2215 5159 2391 5226 Quare
2435 5163 2587 5218 vobis
2615 5163 2814 5221 dictum
2858 5176 2961 5233 est,
2988 5169 3179 5227 Dicunt
3198 5175 3351 5244 enim,
3383 5186 3431 5232 et
3471 5195 3574 5235 non
3621 5157 3723 5252 fa;

2111 5249 2287 5318 ciunt,
2314 5252 2415 5307 nisi
2448 5254 2571 5323 quia
2624 5265 2748 5312 sunt
2796 5258 3011 5328 quidam
3057 5262 3124 5319 de
3169 5265 3359 5336 quibus
3402 5249 3723 5332 ostenditur

2111 5341 2254 5411 quod
2279 5342 2353 5398 ait
2368 5343 2678 5416 Apostolus,
2706 5348 2810 5415 Qui
2829 5351 3076 5420 praedicas
3095 5371 3200 5410 non
3229 5359 3525 5429 furandum,
3550 5368 3720 5434 (ura-

2173 5543 2244 5613 (a)
2266 5549 2394 5592 Nune
2425 5545 2654 5613 primum
2669 5547 2922 5613 proditex
2957 5554 3114 5602 veteri
3150 5553 3276 5604 libro
3305 5557 3592 5610 colhertinaa
3631 5563 3722 5613 bi-

2107 5601 2938 5692 ξὶ¹ἑῖίέἒὲῐὲμῗίὲιίέξοέἓὶᾧ¹ἔῖιιεε¹ξὶη
2961 5601 3138 5692 πέρθε.
3146 5601 3722 5692 seruauistis-(5325133

2106 5673 2202 5726 jam
2225 5673 2447 5717 exstabat
2484 5673 2535 5717 in
2556 5673 2750 5780 vulgata
2781 5673 2947 5734 sedas,
2971 5687 3064 5725 seu
3093 5675 3216 5727 Flori
3235 5679 3526 5732 collectione
3559 5673 3627 5733 'ad
3668 5673 3724 5737 ὗ

2106 5734 2216 5808 (ιοξὲ
2234 5743 2300 5808 ιιι,
2318 5729 2531 5808 subiice
2546 5733 2689 5808 timo
2713 5747 2725 5782 :
2764 5740 2866 5808 ﬁlix
2892 5748 3120 5808 sermone
3135 5739 3215 5808 _de
3242 5743 3709 5808 verbisglsvangem

2113 5789 2284 5862 «17.3
2317 5797 2470 5862 Quem
2507 5795 2670 5857 reipsa
2706 5795 2926 5848 ordinem
2961 5804 3103 5851 tenet
3131 5802 3184 5852 in
3221 5789 3721 5862 0011)ἷὶὧόῄῶτᾶ

2105 5849 2471 5914 supralaudato.
2533 5849 2600 5876 ·“
2722 5907 2750 5916 ,,
