4032 6332
329 316 441 375 ιτδ

327 436 439 500 ris;
463 434 550 505 qui
574 434 700 488 dicis
720 449 822 488 non
852 434 1272 501 adulterandum,
1296 433 1580 500 adulteras;
1600 432 1685 503 qui
1722 428 1917 484 abomi-

328 529 473 584 naris
517 527 676 596 idola,
705 530 1025 601 sacrilegium
1069 531 1231 601 facis;
1277 530 1364 600 qui
1409 529 1463 583 in
1500 527 1631 598 Lege
1660 525 1914 598 gloriaris,

330 640 425 693 per
454 623 918 692 prwvaricationem
960 620 1108 694 Legis
1166 622 1331 677 Deum
1368 622 1660 675 inhonorus.
1718 616 1919 671 Nomen

328 716 464 769 enim
484 715 581 770 Dei
611 734 699 786 per
734 734 818 771 vos
857 717 1227 787 blasphematur
1272 718 1326 771 in
1361 715 1602 771 Gentibus
1642 712 1814 784 (Rom.
1838 726 1914 778 ιιι,

326 807 570 880 2l-23)?
595 808 751 865 Certe
781 810 850 865 de
888 808 971 865 his
1012 810 1346 865 manifestum
1386 816 1468 864 est
1508 807 1685 862 dicere
1733 804 1917 859 Domi-

326 914 455 953 num
480 942 494 963 ,
526 898 714 954 Dicunt
743 902 914 967 enim,
966 910 1013 955 et
1052 917 1152 955 non
1181 902 1389 971 faciunt.
1414 899 1548 954 Sunt
1567 912 1694 968 ergo
1718 894 1917 952 Scriba:

327 992 430 1059 illi,
460 993 553 1047 sed
579 1008 682 1046 non
710 994 902 1048 eruditi
931 994 982 1048 in
1012 1009 1177 1064 regno
1205 994 1319 1058 Dei,

398 1085 448 1137 5.
485 1084 723 1156 Praefecti
744 1086 1130 1157 maliquomodo
1166 1086 1295 1139 bona
1340 1085 1627 1155 loquantur,
1653 1091 1697 1136 et
1736 1099 1767 1135 a
1797 1081 1915 1135 sub-

325 1177 448 1232 ditis
495 1178 752 1232 audiendi.
813 1179 1079 1234 Fortassis
1135 1178 1275 1234 dicat
1313 1178 1501 1248 aliquis
1542 1184 1813 1231 vestrum:
1847 1174 1916 1229 Et

324 1268 596 1339 quomodo
625 1278 801 1339 potest
829 1270 1001 1325 malus
1031 1271 1191 1325 homo
1232 1270 1370 1325 bona
1408 1269 1585 1339 loqui;
1617 1282 1736 1321 cum
1785 1265 1914 1321 scri-

324 1369 477 1430 ptum
500 1361 591 1428 sit,
625 1362 738 1431 ipso
776 1362 1003 1417 Domino
1042 1362 1251 1418 dicente
1274 1404 1288 1428 ,
1316 1361 1488 1415 Bonus
1524 1361 1671 1414 homo
1697 1359 1759 1413 de
1784 1358 1913 1413 bono

325 1452 564 1506 thesauro
585 1453 751 1507 cordis
776 1455 855 1507 sui
871 1459 1062 1525 profert
1089 1455 1236 1521 bona,
1266 1464 1312 1508 et
1340 1454 1503 1507 malus
1524 1454 1672 1506 homo
1698 1452 1759 1504 de
1777 1450 1913 1504 malo

326 1543 568 1597 thesauro
590 1544 756 1597 cordis
781 1546 859 1598 sui
886 1545 1074 1615 profert
1109 1545 1263 1599 mala.
1312 1543 1604 1614 Hypocritaa
1623 1584 1637 1608 ,
1665 1542 1912 1612 quomodo

325 1636 530 1703 potestis
558 1634 687 1688 bona
718 1636 873 1705 loqui,
901 1652 1015 1689 cum
1037 1637 1145 1689 sitis
1166 1636 1288 1689 mali
1313 1634 1505 1707 (Matth
1529 1651 1625 1701 xu,
1651 1634 1719 1690 ’55
1742 1676 1754 1699 ,
1782 1631 1914 1704 54)?

325 1726 436 1781 llac
461 1727 609 1792 dicit,
645 1727 907 1792 Quomodo
926 1729 1132 1799 potestis
1153 1730 1281 1783 bona
1298 1730 1451 1799 loqui,
1486 1746 1597 1782 cum
1620 1730 1729 1783 sitis
1749 1728 1872 1781 mali
1886 1728 1911 1781 ?

322 1818 434 1874 Hac
459 1819 609 1887 dicit,
636 1820 763 1886 Qua:
790 1821 983 1885 dicunt,
1010 1823 1196 1893 facite;
1224 1838 1339 1893 qua:
1370 1831 1547 1876 autem
1586 1821 1800 1891 faciunt,
1833 1820 1911 1883 fa-

323 1926 433 1965 cere
456 1910 612 1963 nolite
635 1927 653 1964 :
676 1912 848 1966 dicunt
875 1914 1027 1979 enim,
1068 1922 1113 1967 et
1135 1929 1231 1967 non
1279 1913 1489 1985 faciunt.
1520 1911 1573 1967 Si
1616 1912 1834 1979 dicunt,
1859 1920 1912 1966 et

323 2017 429 2058 non
458 2003 687 2072 faciunt,
720 2005 842 2058 mali
872 2014 1032 2060 sunt:
1057 2005 1103 2060 si
1134 2005 1260 2060 mali
1290 2017 1413 2060 sunt
1438 2048 1451 2071 ,
1480 2006 1617 2060 bona
1637 2005 1780 2075 loqui
1802 2018 1910 2058 non

322 2108 549 2167 possunt
596 2115 609 2150 :
652 2097 917 2167 quomodo
976 2096 1201 2154 facimus
1270 2097 1412 2169 quod
1466 2097 1532 2152 ab
1586 2097 1715 2167 ipsis
1762 2096 1910 2151 audi-

322 2204 471 2255 mus,
502 2205 623 2245 cum
652 2190 718 2245 ab
756 2190 885 2260 ipsis
919 2191 1056 2245 bona
1097 2191 1283 2246 audire
1322 2206 1427 2246 non
1462 2190 1761 2261 possimus?
1797 2190 1909 2245 Hoc

322 2282 594 2352 quomodo
641 2283 897 2351 solvatur,
928 2284 1168 2339 advertat
1210 2283 1473 2340 Sanctitas
1515 2292 1709 2339 vestra.
1744 2284 1910 2351 Quid-

322 2376 448 2446 quid
481 2377 640 2431 liomo
689 2379 859 2432 malus
888 2393 917 2431 a
946 2393 1005 2433 se
1032 2376 1232 2448 profert
1273 2378 1472 2432 malum
1514 2386 1624 2444 est;
1653 2377 1908 2448 quidquid

324 2466 484 2523 homo
514 2469 687 2524 malus
707 2469 773 2524 de
817 2470 979 2525 corde
1007 2486 1104 2527 suo
1154 2469 1394 2540 profert,
1424 2471 1622 2525 malum
1680 2479 1800 2525 est:
1834 2469 1908 2525 ibi

320 2572 403 2616 est
427 2562 571 2616 enim
601 2561 880 2617 thesaurus
900 2563 1091 2616 malus.
1116 2561 1382 2632 Quidquid
1419 2571 1596 2617 autem
1624 2560 1783 2617 homo
1812 2562 1908 2616 b0-

321 2668 420 2709 nus
457 2653 525 2708 de
568 2654 730 2709 corde
782 2669 880 2710 suo
906 2653 1126 2723 profert,
1159 2655 1356 2710 bonum
1387 2662 1469 2709 est
1501 2673 1513 2708 :
1543 2654 1615 2710 ibi
1656 2654 1796 2709 enim
1825 2663 1907 2709 est

321 2743 604 2799 thesaurus
632 2746 821 2799 bonus.
852 2745 1005 2801 Unde
1048 2761 1177 2817 ergo
1203 2746 1278 2801 illi
1322 2746 1447 2800 mali
1490 2746 1627 2801 bona
1666 2746 1905 2817 profere-

318 2835 483 2891 bant?
534 2836 666 2902 Quia
698 2839 748 2890 in
775 2837 1028 2893 cathedra
1075 2838 1242 2909 Moysi
1266 2838 1541 2894 sedebant.
1570 2839 1683 2894 Nisi
1714 2842 1906 2911 praedi-

318 2927 500 2992 xisset,
532 2927 833 2981 Cathedram
887 2928 1054 3000 Moysi
1100 2929 1270 2983 sedent
1316 2928 1442 3001 (Id.
1470 2947 1621 2997 χχιιι,
1659 2931 1714 3002 2)
1740 2949 1753 2998 ;
1778 2950 1906 2988 nun-

318 3034 475 3088 quam
521 3020 692 3074 malos
733 3019 903 3075 audiri
936 3020 1203 3090 jussisset.
1234 3022 1393 3077 Aliud
1422 3023 1564 3077 enim
1601 3031 1735 3087 erat,
1763 3025 1901 3094 quod

316 3110 383 3166 de
412 3112 554 3166 malo
580 3113 661 3166 sui
688 3113 864 3167 cordis
894 3113 1144 3169 thesauro
1194 3114 1568 3184 proferebant;
1596 3116 1737 3171 aliud
1762 3118 1903 3187 quod

315 3202 380 3257 de
410 3203 661 3258 cathedra
688 3204 877 3276 Moysi,
912 3212 1163 3285 tanquam
1192 3222 1465 3276 prmcones
1488 3207 1683 3277 judicis
1712 3223 1901 3277 perso-

316 3298 532 3351 nabant.
565 3296 717 3364 Quod
744 3298 873 3353 dicit
900 3313 1077 3368 praeco
1102 3341 1118 3367 ,
1142 3315 1409 3371 nunquam
1450 3301 1683 3370 praeconi
1706 3301 1904 3358 tribue-

313 3397 418 3457 tur,
471 3390 516 3443 si
568 3400 691 3445 ante
733 3390 965 3461 judicem
1014 3392 1176 3447 dicat.
1230 3392 1388 3448 Aliud
1421 3381 1681 3465 est'quod
1727 3409 1902 3465 praeco

314 3481 548 3551 loquitur
576 3483 629 3535 in
667 3483 827 3537 domo
861 3498 954 3538 sua
978 3524 993 3550 ,
1017 3484 1163 3539 aliud
1188 3485 1328 3556 quod
1356 3501 1529 3556 praeco
1551 3487 1782 3557 loquitur
1807 3503 1902 3543 au-

311 3572 467 3628 diens
496 3588 526 3627 a
552 3574 751 3643 judice.
774 3574 907 3630 Nam
930 3618 945 3644 ,
971 3577 1097 3631 velit
1134 3578 1301 3645 nolit,
1330 3594 1507 3649 praeco
1533 3588 1689 3636 sonat
1714 3594 1899 3637 vocem

311 3666 603 3736 punitionis
641 3676 696 3722 et
735 3669 891 3723 amici
918 3670 1017 3724 sui.
1067 3668 1231 3737 ltem,
1260 3671 1386 3726 velit
1415 3673 1580 3741 nolit,
1611 3683 1764 3729 sonat
1806 3690 1900 3730 vo-

311 3772 427 3812 cem
451 3758 802 3823 absolutionis
839 3768 894 3813 et
935 3760 1133 3815 inimici
1160 3762 1263 3816 sui.
1312 3762 1386 3816 Da
1416 3777 1601 3818 vocem
1631 3763 1698 3819 de
1737 3765 1898 3822 corde

311 3848 426 3918 ejus
452 3866 465 3902 :
497 3848 725 3904 absolvit
744 3850 992 3916 amicum,
1027 3852 1179 3920 punit
1205 3852 1495 3909 inimicum.
1523 3855 1596 3909 Da
1624 3870 1807 3912 vocem
1829 3858 1897 3914 de

311 3939 441 3995 sella
487 3939 681 4010 judicis
713 3959 725 3994 :
756 3943 907 4010 punit
934 3942 1165 3998 amicum
1186 3984 1200 4010 ,
1229 3944 1455 4000 absolvit
1488 3946 1778 4003 inimicum.
1820 3950 1897 4006 Da

309 4048 495 4088 vocem
524 4033 833 4088 Scribarum
867 4033 937 4090 de
962 4036 1125 4091 corde
1150 4038 1583 4104 eorumzaudies,
1617 4039 1896 4096 Manduce-

309 4140 419 4177 mus
453 4133 500 4177 et
537 4125 802 4191 bibamus;
832 4142 944 4179 cras
978 4128 1110 4180 enim
1154 4129 1426 4183 moriemur
1450 4130 1586 4201 (Isai
1616 4148 1747 4200 xxu,
1780 4134 1892 4205 15).

309 4214 382 4269 Da
412 4230 598 4270 vocem
638 4216 705 4271 de
749 4217 1000 4273 cathedra
1040 4218 1205 4292 Moysi
1234 4239 1249 4276 :
1284 4221 1495 4289 audies,
1522 4223 1641 4278 Non
1663 4227 1893 4282 occides:

310 4306 429 4361 Non
476 4309 784 4364 adulterabis
836 4328 853 4364 :
905 4307 1267 4381 Non‘furtum
1307 4314 1462 4385 facies
1495 4332 1513 4369 :
1543 4316 1663 4371 Non
1705 4318 1894 4388 falsum

308 4401 643 4455 testimonium
683 4402 815 4456 dices
842 4419 859 4455 :
890 4401 1101 4457 Honora
1122 4415 1316 4474 patrem
1350 4416 1396 4459 et
1439 4417 1650 4463 matrem
1692 4408 1888 4481 (Exod.

309 4513 412 4565 xx,
462 4498 683 4569 1246):
721 4499 915 4571 Diliges
955 4502 1242 4570 proximum
1286 4512 1428 4556 tuum
1465 4507 1594 4557 sicut
1636 4514 1684 4561 te
1724 4506 1891 4577 ipsum

306 4590 600 4660 (Leeit.x1x
624 4634 639 4658 ,
674 4592 781 4663 18).
816 4593 928 4647 Hoc
966 4603 1023 4649 tu
1050 4594 1155 4662 fac,
1181 4597 1321 4665 quod
1346 4612 1443 4666 per
1480 4612 1541 4653 os
1581 4597 1889 4657 Scribarum

304 4681 551 4738 cathedra
572 4692 730 4738 sonat
754 4701 767 4736 :
791 4699 897 4739 non
921 4686 1058 4755 quod
1082 4701 1174 4756 per
1194 4702 1287 4741 cor
1304 4686 1626 4744 Scribarum.
1651 4690 1724 4745 Ita
1746 4692 1887 4748 enim

305 4772 512 4828 Domini
542 4776 863 4830 sententiam
907 4785 1187 4848 utramque
1228 4780 1588 4849 complectens
1610 4824 1623 4847 ,
1654 4800 1756 4839 nec
1781 4786 1888 4841 eris

306 4864 356 4919 in
386 4882 489 4922 una
515 4867 772 4923 obediens
797 4910 811 4935 ,
839 4869 889 4923 in
918 4869 1085 4924 altera
1112 4886 1269 4936 reus;
1301 4872 1394 4927 sed
1422 4872 1671 4945 intelligis
1703 4877 1887 4933 ambas

304 4960 651 5025 concordare,
682 4970 735 5016 et
761 4962 889 5016 illud
914 4977 1098 5017 verum
1128 4964 1370 5034 respicis,
1402 4967 1522 5035 quia
1552 4967 1711 5023 bonus
1735 4970 1885 5025 homo

305 5050 365 5103 de
384 5052 513 5105 bono
545 5053 782 5106 thesauro
821 5054 987 5107 cordis
1019 5055 1096 5108 sui
1115 5058 1309 5126 profert
1337 5055 1465 5110 bona
1489 5100 1503 5125 ,
1533 5067 1581 5111 et
1604 5060 1767 5114 malus
1793 5062 1885 5115 ho-

304 5157 381 5196 mo
422 5144 486 5196 de
525 5145 661 5198 malo
697 5147 888 5217 profert
921 5145 1059 5199 mala
1078 5162 1099 5200 :
1128 5156 1181 5201 et
1211 5147 1339 5202 illud
1364 5189 1378 5215 ,
1408 5150 1532 5219 quia
1578 5151 1654 5205 illi
1683 5153 1884 5211 Scribze

304 5230 436 5287 bona
472 5251 584 5289 non
623 5235 969 5306 loquerentur
1002 5238 1069 5293 de
1106 5238 1357 5294 thesauro
1391 5242 1531 5296 malo
1573 5243 1749 5299 cordis
1778 5246 1880 5314 sui,

305 5324 393 5379 sed
418 5325 559 5381 bona
580 5326 727 5398 loqui
758 5340 976 5398 possent
1014 5330 1082 5385 de
1112 5332 1362 5388 thesauro
1391 5334 1656 5391 cathedrae
1692 5338 1879 5411 Moysi.

370 5418 423 5471 4.
452 5416 640 5473 Botrus
664 5420 716 5473 in
744 5421 924 5490 spinis.
977 5422 1093 5477 Non
1146 5431 1197 5478 te
1242 5440 1370 5495 ergo
1415 5436 1468 5481 et
1490 5427 1574 5481 illa
1597 5429 1884 5487 turbabunt

308 5507 468 5564 verba
510 5509 719 5564 Domini
768 5511 993 5567 dicentis
1018 5554 1032 5580 ,
1066 5512 1387 5584 Unaquceque
1433 5517 1583 5571 arbor
1624 5532 1688 5573 ex
1714 5525 1881 5591 fructu

305 5602 638 5669 cognoscitur.
687 5603 954 5675 Numquid
993 5605 1234 5676 colligunt
1279 5607 1341 5660 de
1374 5609 1531 5678 spinis
1558 5626 1677 5667 uvas
1698 5655 1714 5681 ,
1746 5625 1790 5668 et
1818 5617 1883 5671 de

307 5691 495 5746 tribulis
511 5695 637 5763 ﬁcus
666 5695 810 5766 (Luc.
839 5714 909 5762 γι,
935 5697 1053 5769 Ηγῖ
1069 5699 1208 5770 Ergo
1223 5698 1422 5756 Scriba)
1442 5711 1496 5757 et
1520 5702 1769 5761 Pharisaei
1790 5709 1883 5766 Ju-

306 5781 538 5841 dazorum
552 5788 717 5859 Spinaa
729 5800 783 5847 et
812 5791 990 5848 tribuli
1006 5811 1017 5849 :
1034 5801 1088 5853 et
1098 5801 1295 5861 tamen,
1330 5793 1456 5860 Quae
1480 5797 1681 5867 dicunt,
1707 5803 1881 5872 facite;

1712 309 1939 369 SERMO
1964 308 2175 366 LXXV.

1976 426 1987 431 ’
2027 442 2140 498 qua:
2172 434 2337 483 autem
2384 431 2605 505 faciunt,
2643 435 2806 505 facere
2846 433 3020 488 nolite.
3063 431 3340 504 Colligitur
3378 445 3507 503 ergo
3530 432 3600 490 de

3494 320 3599 376 674

2024 519 2193 589 spinis
2218 536 2338 589 uva,
2367 531 2422 577 et
2445 523 2513 578 de
2540 524 2744 580 tribulis
2771 525 2923 593 ﬁcus,
2952 526 3090 581 sicut
3111 525 3259 581 dedit
3277 525 3373 582 tibi
3404 540 3597 582 secun-

2023 612 2149 668 dum
2184 617 2513 686 superiorem
2544 626 2823 675 tractatum
2856 620 3201 676 intellectum.
3246 619 3377 674 Nam
3409 628 3464 674 et
3497 620 3599 675 ali-

2021 706 2235 777 quando
2268 708 2321 762 in
2360 710 2572 780 spinosa
2612 726 2737 780 sepe
2775 712 2943 767 vineae
2985 712 3255 781 implicant
3273 726 3333 767 se
3352 711 3516 779 vites,
3544 719 3600 768 et

2022 798 2089 856 de
2112 802 2243 857 rubo
2290 804 2520 873 pendent
2545 804 2702 861 botri.
2727 804 2918 862 Audito
2938 806 3152 862 nomine
3170 806 3444 875 spinarum
3465 819 3596 861 con-

2020 902 2318 964 tempturus
2351 911 2410 951 es
2442 913 2616 953 uvam.
2650 897 2882 967 Require
2918 899 3148 955 radicem
3190 900 3460 969 spinarum
3484 938 3500 964 ,
3540 906 3597 955 et

2018 985 2139 1041 vide
2169 987 2256 1041 ubi
2287 988 2542 1043 invenias.
2572 989 2807 1061 Sequere
2841 990 3073 1046 radicem
3115 991 3255 1047 botri
3284 990 3591 1061 pendentis,

2019 1088 2073 1136 et
2097 1080 2216 1137 vide
2252 1082 2342 1138 ubi
2376 1083 2633 1138 invenias.
2677 1082 2767 1139 Sic
2789 1084 3021 1155 intellige
3046 1084 3189 1139 aliud
3233 1085 3500 1154 pertinere
3524 1083 3592 1138 ad

2019 1187 2112 1229 cor
2137 1173 2413 1243 Pharisai,
2437 1187 2490 1231 et
2518 1176 2661 1231 aliud
2689 1177 2757 1232 ad
2783 1177 3088 1233 cathedram
3112 1176 3298 1249 Moysi.

2088 1266 2141 1320 5.
2178 1266 2373 1322 Veteres
2403 1268 2581 1340 ﬁgurat
2609 1285 2698 1340 per
2715 1268 2971 1326 Christum
2990 1280 3264 1326 evacuatur.
3291 1270 3396 1326 Sed
3426 1286 3593 1342 quare

2017 1355 2090 1410 illi
2117 1358 2287 1414 tales?
2305 1358 2438 1425 Quia
2452 1362 2695 1428 velamen,
2716 1361 2903 1432 inquit,
2921 1363 3139 1433 positum
3153 1372 3225 1417 est
3244 1379 3392 1433 super
3406 1380 3494 1418 cor
3514 1380 3597 1418 eo-

2016 1463 2148 1504 rum.
2176 1450 2367 1508 Etnon
2388 1453 2571 1508 vident
2594 1455 2715 1525 quia
2749 1465 2912 1509 vetera
2935 1457 3241 1510 transierunt
3257 1464 3303 1510 et
3315 1460 3449 1527 facta
3478 1467 3595 1511 sunt

2016 1542 2184 1596 omnia
2208 1559 2335 1598 nova
2350 1544 2415 1616 (ll
2432 1544 2550 1600 Cor.
2575 1562 2630 1613 v,
2654 1546 2765 1617 17).
2785 1546 2918 1601 llinc
2941 1546 3016 1601 illi
3032 1548 3181 1613 tales,
3199 1555 3255 1602 et
3276 1547 3598 1617 quicumque

2015 1634 2174 1690 etiam
2217 1652 2357 1691 nunc
2389 1638 2539 1693 tales.
2575 1637 2727 1694 Unde
2756 1640 2966 1693 vetera?
2995 1639 3128 1706 Quia
3154 1637 3355 1709 jamdiu
3400 1638 3594 1708 praedi-

2015 1734 2221 1781 cantur.
2254 1727 2406 1784 Unde
2436 1729 2756 1797 nova?Quia
2795 1729 2862 1785 ad
2904 1745 3124 1800 regnum
3164 1730 3259 1785 Dei
3302 1730 3593 1800 pertinent.

2013 1817 2290 1884 Quomodo
2311 1835 2438 1890 ergo
2461 1822 2659 1877 tollitur
2686 1823 2951 1891 velamen,
2973 1822 3102 1878 dicit
3119 1824 3233 1892 ipse
3264 1820 3553 1891 Apostolus
3577 1840 3593 1878 :

2015 1907 2140 1963 Cum
2164 1920 2329 1964 autem
2359 1913 2615 1968 transieris
2636 1913 2702 1967 ad
2724 1912 3017 1979 Dominum,
3048 1913 3307 1983 auferetur
3344 1915 3591 1968 velamen.

2012 2000 2226 2057 Judzeus
2263 2018 2389 2073 ergo
2428 2020 2532 2059 non
2584 2006 2846 2062 transiens
2882 2006 2951 2061 ad
2983 2006 3293 2071 Dominum,
3324 2020 3431 2061 non
3473 2021 3597 2076 per-

2012 2093 2183 2150 tendit
2207 2096 2375 2151 aciem
2396 2098 2591 2153 mentis
2620 2098 2671 2152 in
2712 2099 2890 2154 linem.
2921 2099 3197 2168 Quomodo
3236 2099 3328 2155 illo
3353 2108 3595 2171 tempore

2012 2185 2066 2242 in
2095 2185 2193 2242 hac
2214 2187 2378 2258 ﬁgura
2410 2188 2501 2244 ﬁlii
2531 2189 2689 2246 Israel
2730 2206 2833 2245 non
2861 2191 3245 2262 pertendebant
3271 2192 3440 2247 aciem
3465 2207 3595 2248 ocu-

2010 2276 2183 2333 lorum
2207 2294 2423 2335 suorum
2445 2282 2499 2335 iu
2518 2282 2698 2348 linem,
2718 2281 2768 2336 id
2789 2290 2889 2349 est,
2912 2283 2967 2337 in
2991 2283 3179 2340 faciem
3200 2283 3387 2356 Moysi.
3407 2284 3595 2340 Facies

2010 2372 2154 2427 enim
2198 2371 2364 2444 Moysi
2410 2374 2683 2444 splendida
2726 2374 2948 2446 ﬁguram
3004 2374 3234 2432 habebat
3285 2378 3526 2433 veritatis
3575 2394 3589 2431 :

2010 2462 2380 2533 interpositum
2408 2475 2491 2521 est
2523 2466 2760 2522 velamen
2787 2510 2800 2535 ,
2831 2469 2952 2541 quia
2991 2484 3098 2525 non
3137 2478 3378 2540 poterant
3421 2471 3593 2527 inten-‘

2010 2555 2140 2610 dere
2180 2555 2355 2611 adhuc
2396 2557 2734 2627 splendorem
2782 2560 2954 2614 vultus
2978 2560 3093 2631 ejus
3109 2561 3203 2617 filii
3246 2561 3429 2617 Israel.
3461 2562 3592 2629 Qua:

2010 2645 2176 2716 figura
2202 2658 2505 2702 evacuatur.
2530 2648 2618 2704 Sic
2642 2651 2784 2705 enim
2807 2649 2941 2706 dixit
2966 2652 3252 2722 Apostolus
3277 2672 3289 2707 :
3326 2654 3454 2720 Quae
3472 2668 3591 2707 eva-

2011 2748 2225 2793 cuantur
2250 2739 2358 2811 (Id.
2390 2756 2480 2807 ιιι,
2506 2741 2716 2812 15-16).
2755 2742 2929 2811 Quare
2961 2743 3317 2799 evacuantur?
3342 2744 3473 2811 Quia
3496 2760 3590 2799 ve-

2010 2831 2191 2886 niente
2232 2832 2554 2903 imperatore
2596 2832 2852 2904 imagines
2894 2834 3151 2890 tolluntur
3187 2834 3255 2891 de
3291 2834 3488 2890 medio.
3516 2835 3593 2889 lbi

2009 2932 2280 2993 spectatur
2309 2926 2506 2996 imago,
2536 2926 2624 2981 ubi
2651 2927 2938 2997 imperator
2962 2943 3197 2998 przesens
3225 2944 3333 2985 non
3352 2937 3434 2984 est
3464 2928 3592 2983 :ubi

2008 3024 2093 3071 est
2119 3024 2296 3071 autem
2319 3015 2408 3072 ille
2427 3018 2578 3088 cujus
2597 3027 2680 3074 est
2695 3019 2889 3091 imago,
2914 3021 3087 3092 imago
3106 3031 3431 3077 removetur.
3457 3020 3594 3075 Ima-

2007 3108 2161 3179 gines
2185 3124 2312 3180 ergo
2339 3111 2774 3179 praeferebantur,
2804 3123 3085 3184 antequam
3114 3115 3322 3171 veniret
3358 3115 3591 3185 impera-

2009 3207 2093 3255 tor
2164 3208 2347 3257 nostcr
2408 3203 2665 3259 Dominus
2725 3204 2882 3259 Jesus
2944 3204 3207 3261 Christus.
3271 3206 3593 3276 Imaginibus

2008 3292 2231 3348 sublatis
2298 3293 2464 3365 fulget
2519 3298 2799 3367 praesentia
2864 3298 3220 3368 imperatoris.
3275 3300 3414 3368 Ergo
3469 3315 3591 3355 cum

2006 3385 2280 3440 transierit
2339 3387 2563 3457 quisque
2623 3389 2690 3443 ad
2731 3390 3053 3459 Dominum,
3110 3390 3382 3448 auferetur
3446 3395 3590 3448 vela-

2005 3492 2150 3533 men.
2204 3476 2440 3534 Sonabat
2487 3480 2629 3535 enim
2674 3497 2773 3535 vox
2825 3481 2996 3554 Moysi
3038 3497 3135 3553 per
3174 3484 3383 3551 velum,
3415 3494 3470 3539 et
3509 3484 3590 3539 fa-

2004 3570 2115 3626 cies
2183 3571 2349 3643 Moysi
2416 3587 2522 3627 non
2587 3575 2894 3644 apparebat.
2949 3572 3037 3631 Sic
3091 3586 3145 3631 et
3180 3576 3340 3632 modo
3392 3578 3590 3634 Judacis

2004 3671 2158 3718 sonat
2202 3679 2305 3720 vox
2347 3663 2544 3720 Christi
2599 3681 2695 3736 per
2745 3682 2927 3722 vocem
2994 3667 3386 3737 Scripturarum
3440 3680 3590 3726 vete-

2002 3772 2159 3811 rum:
2201 3772 2388 3813 vocem
2434 3773 2617 3813 earum
2658 3758 2898 3825 audiunt,
2956 3758 3145 3815 faciem
3193 3761 3429 3815 sonantis
3480 3777 3585 3817 non

2004 3848 2203 3905 vident.
2225 3850 2421 3905 Volunt
2438 3865 2564 3921 ergo
2575 3861 2632 3907 ut
2643 3850 2912 3907 auferatur
2926 3852 3191 3908 velamen?
3210 3852 3503 3909 Transeant
3520 3855 3585 3909 ad

2002 3941 2306 3997 Dominum.
2329 3941 2478 3997 Tune
2501 3942 2643 3997 enim
2663 3956 2769 3997 non
2792 3941 3105 3999 auferuntur
3123 3952 3322 4011 vetera,
3350 3945 3445 4000 sed
3460 3960 3588 4000 con-

2000 4031 2198 4087 duntur
2224 4033 2278 4087 in
2294 4033 2567 4101 thesauro,
2600 4043 2657 4088 ut
2670 4034 2780 4104 jam
2797 4035 2865 4090 sit
2885 4034 3068 4091 Scriba
3092 4035 3330 4091 eruditus
3346 4037 3398 4091 in
3422 4052 3586 4107 regno

2002 4124 2116 4192 Dei,
2147 4127 2423 4196 proferens
2465 4127 2531 4182 de
2556 4190 2559 4193 δ
2582 4128 2833 4183 thesauro
2870 4142 2988 4196 suo,
3028 4144 3127 4185 nec
3155 4145 3286 4185 nova
3317 4131 3451 4198 sola,
3482 4147 3585 4188 nec

1999 4226 2179 4273 vetera
2201 4218 2333 4272 sola.
2362 4216 2496 4273 Nam
2523 4219 2566 4273 si
2589 4210 2724 4274 nova
2748 4220 2884 4287 sola,
2907 4228 2997 4275 aut
3016 4230 3195 4276 vetera
3216 4222 3327 4277 sola
3349 4223 3584 4292 protule-
3612 4296 3619 4303 _

1997 4308 2097 4375 rit;
2117 4324 2224 4365 non
2244 4319 2326 4365 est
2345 4309 2527 4365 Scriba
2556 4311 2793 4368 eruditus
2830 4312 2883 4367 in
2906 4328 3072 4384 regno
3097 4314 3191 4370 Dei
3221 4314 3496 4386 proferens
3515 4317 3584 4373 de

1944 4386 1964 4402 ⁸
1998 4400 2249 4457 thesauro
2284 4416 2381 4457 suo
2408 4417 2542 4457 nova
2562 4410 2617 4458 et
2641 4412 2839 4459 vetera.
2864 4404 2919 4459 Si
2945 4405 3074 4461 dicit
3109 4421 3193 4472 ea,
3239 4416 3294 4462 et
3320 4423 3428 4463 non
3458 4408 3584 4465 facit

1996 4508 2093 4561 ea;
2122 4495 2189 4551 de
2209 4495 2460 4551 cathedra
2503 4496 2737 4569 profert,
2758 4513 2863 4554 non
2904 4499 2972 4556 de
2998 4500 3249 4557 thesauro
3272 4502 3447 4558 cordis
3474 4505 3578 4558 sui.

1996 4585 2061 4640 Et
2095 4601 2275 4641 verum
2291 4587 2517 4643 dicimus
2529 4588 2808 4645 Sanctitati
2826 4599 3037 4659 vestrae;
3060 4608 3178 4662 quae
3196 4593 3264 4648 de
3280 4595 3442 4650 veteri
3466 4611 3582 4666 pro-

1993 4676 2255 4743 feruntur,
2288 4694 2384 4750 per
2436 4696 2634 4736 novum
2674 4681 3025 4739 illustrantur.
3072 4684 3198 4741 Ideo
3226 4685 3477 4741 transitur
3513 4687 3579 4742 ad

1993 4769 2297 4840 Dominum,
2318 4782 2377 4827 ut
2405 4772 2675 4828 auferatur
2702 4776 2961 4832 velamen.

2486 4863 2717 4921 SERMO
2752 4866 2941 4922 LXXV
2958 4868 3077 4940 ‘(a).

1990 4972 2071 5029 De
2099 4974 2258 5028 verbis
2302 4973 2564 5047 Evangelii
2614 4975 2869 5059 Mvatthwi,
2912 4996 3025 5050 cap.
3074 4996 3187 5047 xw,
3232 4980 3417 5051 24-53,
3474 4982 3577 5038 Na-

2062 5066 2235 5121 vicula
2284 5075 2462 5123 autem
2520 5069 2574 5122 in
2630 5069 2807 5125 medio
2856 5071 2990 5126 mari
3036 5071 3336 5143 jactabatur
3398 5073 3573 5130 ﬂucti-

2062 5157 2181 5224 bus,
2211 5167 2306 5212 etc.
2340 5157 2434 5231 (b).

2059 5272 2285 5330 CAPUT
2348 5275 2633 5332 PRIMUM.
2659 5307 2731 5317 -—
2784 5280 2836 5332 1.
2882 5278 3046 5333 Altior
3094 5281 3397 5353 signiﬁcatio
3453 5285 3573 5340 latet

2051 5445 2071 5507 ’ξ
2104 5442 2406 5507 Ἑωβιιάδςιιδ
2432 5444 2491 5493 ad
2511 5458 2586 5507 gr.
2616 5444 2749 5507 υιιω.
2776 5452 2876 5495 Par.
2895 5452 3005 5495 Lov.

2072 5518 2101 5554 a
2148 5504 2287 5565 Alias,
2311 5505 2375 5553 de
2398 5504 2608 5555 Diversis
2640 5506 2719 5555 22.

2050 5504 2123 5629 ξὺζ
2154 5574 2285 5618 Hunc
2306 5568 2421 5629 citat
2442 5567 2604 5617 Florus
2626 5568 2683 5616 ad
2714 5577 2719 5615 J

2075 5565 2123 5628 b)
2154 5574 2285 5637 Hunc
2306 5568 2421 5637 citat
2442 5567 2604 5637 Florus
2620 5568 2683 5637 ad
2714 5569 2887 5637 Ephes.
2905 5586 2969 5630 xv,
2987 5572 3313 5637 eumdemque
3329 5574 3453 5625 forte
3472 5588 3576 5627 ser-

1987 5640 2183 5678 monem
2206 5628 2446 5696 Possidius
2460 5635 2602 5696 notat
2616 5628 2909 5696 inmdiculo,
2937 5628 3041 5696 eap.
3067 5634 3115 5695 9,
3139 5635 3214 5685 his
3232 5628 3402 5690 verbis
3425 5652 3438 5688 :
3472 5647 3575 5689 «Do

1994 5707 2017 5737 ι
2042 5689 2603 5765 evangeligra‘leetione,-
2630 5693 2713 5741 ubi
2750 5689 2944 5765 Domino
2977 5689 3183 5765 iubente
3222 5689 3392 5765 Petrus
3422 5714 3573 5765 super

1995 5769 2018 5799 ε(
2038 5750 2509 5827 ιηαιιςειῳιέιιξιινιι.)
2530 5750 2919 5827 subsequentem
2934 5750 3050 5813 vero
3072 5760 3123 5809 in
3145 5773 3248 5824 cap.
3268 5762 3316 5824 8,
3335 5766 3405 5814 sic
3423 5778 3435 5813 :
3458 5750 3571 5817 ait:

1994 5831 2018 5861 «
2042 5826 2102 5864 eo
2123 5814 2253 5877 (mod
2275 5820 2444 5865 Petrus
2465 5814 2515 5864 in
2537 5817 2655 5868 mari
2678 5814 2915 5871 titubavit.
2937 5837 2958 5865 »
