4032 6332
481 369 591 429 475

479 489 536 544 in
558 501 615 541 re
652 490 807 557 gesta.
837 477 1108 550 Evangelii
1131 476 1289 533 lectio
1334 487 1498 546 quam
1553 471 1712 532 modo
1739 471 2060 541 audivimus,

481 577 732 635 adlnonet
805 570 1151 628 humilitatem
1213 567 1450 623 omnium
1521 572 1805 630 nostrum,
1881 562 2064 618 videre

483 676 539 725 et
562 679 882 739 cognoscere
919 663 1014 718 ubi
1048 662 1234 728 simus,
1265 668 1320 715 et
1343 673 1449 729 quo
1482 657 1636 712 nobis
1657 656 1977 712 tendendum
2009 662 2070 711 et

479 758 830 816 lbstinandum
862 755 949 810 sit.
981 751 1096 809 Non
1137 752 1280 808 enim
1307 751 1438 805 nihil
1479 749 1741 820 signiﬁcat
1779 748 1927 804 navis
1973 748 2065 806 illa

478 861 696 924 portans
723 846 1029 918 discipulos,
1060 861 1180 917 qua:
1207 844 1476 900 contrario
1502 853 1662 898 vento
1691 841 1964 898 laborabat
2008 841 2066 896 in

475 945 742 1001 ﬂuctibus.
775 942 957 1013 Neque
999 942 1112 996 sine
1150 955 1310 994 causa
1353 936 1611 992 Dominus
1652 936 1850 992 relictis
1893 934 2064 991 turbis

474 1036 715 1092 ascendit
743 1034 798 1090 in
825 1039 1080 1099 montem,
1110 1039 1169 1086 ut
1196 1032 1341 1086 solus
1368 1039 1580 1096 oraret;
1627 1028 1815 1084 deinde
1841 1027 2062 1083 veniens

474 1131 542 1186 ad
586 1130 877 1200 discipuios
913 1141 1060 1193 suos,
1105 1125 1468 1198 periclitantes
1508 1124 1738 1191 invenit,
1784 1120 2060 1179 ambulans

475 1237 639 1292 super
664 1236 828 1286 mare,
861 1227 916 1276 et
958 1217 1298 1285 conﬁrmavit
1325 1230 1420 1270 eos
1444 1214 1737 1272 ascendens
1763 1213 1818 1268 in
1848 1225 2058 1280 navem,

473 1315 769 1384 ﬂuctusque
796 1312 1040 1382 placavit.
1074 1309 1210 1376 Quid
1237 1318 1413 1363 autem
1434 1307 1647 1381 mirum,
1675 1308 1720 1362 si
1749 1307 1922 1361 omnia
1946 1306 2060 1376 pla-

473 1421 598 1461 care
626 1414 822 1480 potest,
856 1405 944 1474 qui
983 1402 1218 1458 condidit
1242 1401 1459 1456 omnia?
1482 1399 1683 1455 Tamen
1712 1407 2059 1471 posteaquam

472 1499 713 1555 ascendit
739 1499 792 1557 in
825 1511 1034 1562 navem,
1063 1503 1324 1550 venerunt
1354 1495 1443 1563 qui
1473 1494 1840 1564 portabantur,
1872 1493 2060 1547 dicen-

473 1602 589 1648 tes:
623 1590 749 1644 Vere
778 1588 944 1643 Filius
985 1587 1076 1641 Bai
1121 1602 1174 1640 es
1220 1595 1294 1638 tu.
1326 1583 1432 1640 Sed
1472 1593 1597 1639 ante
1638 1585 1792 1639 istam
1836 1583 2057 1638 eviden-

475 1685 601 1739 tiam
628 1682 821 1736 turbati
849 1687 992 1746 sunt,
1021 1677 1262 1736 videntes
1283 1691 1404 1731 eum
1426 1691 1588 1746 super
1607 1691 1770 1730 mare.
1800 1675 2060 1730 Dixerunt

471 1778 644 1833 enim:
673 1775 989 1830 Phantasma
1027 1781 1118 1827 est.
1167 1772 1256 1826 Illo
1300 1780 1476 1826 autem
1521 1769 1815 1824 ascendens
1868 1770 1920 1822 in
1965 1784 2060 1823 na-

470 1885 608 1934 vem,
638 1865 852 1924 abstulit
880 1865 1276 1922 ﬂuctuationem
1316 1864 1508 1918 mentis
1532 1862 1602 1917 de
1631 1862 1880 1916 cordibus
1909 1861 2058 1930 ipso-

469 1979 618 2027 rum,
674 1962 763 2014 ubi
821 1961 930 2030 jam
979 1959 1206 2028 amplius
1251 1957 1581 2011 dubitatione
1627 1954 2060 2026 periclitabantur

470 2060 668 2120 mente,
692 2066 848 2122 quam
875 2064 1098 2120 corpore
1120 2049 1172 2102 in
1200 2049 1468 2103 ﬂuctibus.

538 2146 765 2202 CAPU'I‘
803 2143 865 2198 Il.
902 2144 1042 2197 -2.
1080 2142 1216 2207 Quid
1257 2142 1508 2213 signiﬁcet
1544 2140 1784 2194 tramitus
1817 2139 1971 2193 maris
2003 2139 2059 2194 in

469 2239 605 2293 naui.
660 2236 714 2290 In
757 2235 1004 2290 omnibus
1070 2242 1244 2287 tamen
1314 2247 1432 2301 quze
1492 2230 1617 2285 fecit
1664 2230 1937 2293 Dominus,
1964 2230 2060 2284 ad-

469 2337 652 2386 monet
678 2345 774 2384 nos
800 2325 1247 2399 quemadmodum
1277 2324 1361 2378 hic
1386 2324 1646 2377 vivamus.
1671 2323 1837 2377 Nemo
1861 2323 2059 2393 quippe

469 2423 522 2478 in
543 2423 643 2478 hoc
666 2422 862 2477 sarculo
883 2435 986 2475 non
1016 2419 1324 2489 peregrinus
1341 2425 1422 2472 est
1441 2433 1454 2469 :
1483 2417 1722 2486 quamvis
1743 2431 1849 2470 non
1870 2429 2062 2470 onntos

467 2517 534 2573 ad
567 2518 786 2588 patriam
819 2515 995 2570 redire
1024 2512 1349 2568 desiderent.
1375 2511 1454 2565 Ex
1481 2510 1597 2579 ipso
1641 2518 1819 2564 autem
1867 2508 2060 2564 itinere

468 2611 660 2666 ﬂuctus
702 2615 1150 2679 tempestatesque
1190 2606 1454 2676 patimur:
1483 2603 1578 2659 sed
1613 2618 1746 2673 opus
1783 2612 1865 2658 est
1889 2603 1972 2657 vel
2003 2603 2058 2656 in

467 2702 592 2757 navi
634 2701 822 2756 simus.
861 2698 992 2754 Nam
1012 2700 1056 2754 si
1104 2699 1154 2752 in
1199 2697 1320 2751 navi
1360 2695 1595 2766 pericula
1625 2703 1768 2760 sunt,
1797 2695 1912 2749 sine
1936 2694 2059 2752 navi

467 2800 645 2846 certus
677 2791 940 2846 interitus.
966 2787 1286 2857 Quantasvis
1321 2787 1462 2840 enim
1495 2786 1634 2839 vires
1664 2784 1856 2838 habeat
1881 2785 2059 2838 13(3qu

467 2890 642 2937 torum
689 2883 780 2952 qui
824 2890 970 2935 natat
1013 2880 1064 2933 in
1120 2878 1324 2948 pelago,
1367 2874 1651 2945 aliquando
1693 2873 2058 2943 magnitudine

468 2975 632 3029 maris
659 2974 827 3029 victus
847 2972 1161 3028 absorbetur
1187 2979 1242 3025 et
1270 2970 1544 3038 mergitur,
1573 2966 1718 3036 Opus
1737 2975 1820 3021 est
1849 2981 1978 3036 ergo
1999 2974 2059 3028 ut

468 3067 522 3122 in
552 3066 671 3121 navi
697 3066 883 3131 simus,
910 3064 1012 3117 hoc
1037 3072 1137 3127 est,
1169 3069 1224 3114 ut
1254 3061 1306 3114 in
1328 3060 1472 3130 ligno
1499 3067 1792 3128 portemur,
1823 3065 1881 3112 ut
1906 3071 2058 3112 mare

469 3159 574 3214 hoc
605 3159 831 3213 transire
853 3156 1142 3210 valeamus.
1178 3153 1289 3208 Hoc
1325 3161 1502 3206 autem
1529 3152 1747 3222 lignum,
1771 3165 1878 3221 quo
1905 3150 2056 3206 inbra-

469 3255 630 3309 mitas
657 3261 832 3306 nostra
858 3257 1116 3320 portatur,
1146 3262 1275 3302 crux
1301 3255 1383 3301 est
1409 3246 1638 3310 Domini,
1669 3245 1720 3300 in
1749 3261 1851 3315 qua
1875 3245 2057 3316 signa-

469 3359 609 3410 mur,
642 3352 697 3398 et
728 3341 794 3395 ab
820 3340 979 3410 hujus
1020 3338 1203 3395 mundi
1231 3335 1684 3392 submersionibus
1707 3336 2055 3390 vindicantur.

468 3435 707 3491 Patimur
751 3432 984 3487 ﬂuctus:
1025 3429 1121 3484 sed
1173 3429 1262 3484 ille
1307 3429 1450 3484 Deus
1500 3437 1602 3496 est,
1646 3428 1737 3498 qui
1771 3428 2059 3498 opituletur

467 3524 642 3580 nobis.

539 3617 591 3671 5.
624 3613 811 3669 Christi
851 3615 904 3667 in
940 3621 1111 3666 monte
1165 3612 1348 3666 oratio.
1403 3605 1556 3678 Quod
1607 3612 1750 3666 enim
1816 3612 2059 3668 ascendit

466 3707 669 3764 relictis
699 3706 868 3760 turbis
887 3705 1035 3760 solus
1065 3705 1318 3758 Dominus
1344 3718 1499 3760 orare
1527 3703 1581 3758 in
1607 3713 1864 3771 montem,
1901 3720 2058 3761 mons

465 3799 558 3856 ille
587 3799 690 3854 alta
715 3799 978 3854 cmlorum
1007 3796 1290 3866 signiﬁcat.
1323 3796 1542 3851 Relictis
1572 3797 1713 3852 enim
1747 3798 1934 3864 turbis,
1963 3814 2055 3854 so-

464 3888 550 3945 lus
581 3891 838 3944 Dominus
861 3897 980 3958 post
1005 3887 1456 3943 resurrectionem
1485 3888 1726 3944 ascendit
1748 3889 1802 3944 in
1833 3891 2053 3958 malum,

465 3989 523 4035 et
567 3979 638 4036 ibi
685 3979 987 4049 interpellat
1030 3993 1128 4047 pro
1175 3979 1362 4043 nobis,
1419 3978 1557 4034 sicut
1602 3981 1888 4050 Apostolus
1928 3981 2060 4037 dicit

467 4071 645 4145 (Rom.
673 4087 786 4135 vni,
810 4072 922 4142 3t).
952 4072 1046 4125 Est
1061 4077 1190 4142 ergo
1227 4070 1371 4140 quod
1410 4071 1691 4142 signiﬁcat,
1721 4075 1920 4130 relictis
1945 4086 2059 4130 tur-

464 4163 571 4229 bis,
600 4163 839 4219 ascendit
867 4163 916 4217 in
953 4173 1189 4218 montem
1227 4172 1284 4218 ut
1317 4165 1466 4219 solus
1495 4175 1690 4220 oraret.
1725 4165 1882 4222 Solus
1909 4169 2054 4224 enim

466 4263 551 4312 est
578 4255 754 4312 adhuc
798 4256 1234 4326 primogenitusa
1260 4258 1508 4325 mortuis,
1551 4267 1670 4329 post
1711 4262 2056 4316 resurrectio-

467 4363 593 4403 nem
615 4348 856 4418 corporis
878 4347 948 4402 ad
975 4348 1248 4404 dexteram
1271 4349 1465 4418 Patris,
1489 4352 1724 4422 pontifex
1751 4361 1806 4408 et
1829 4353 2056 4409 advoca-

465 4446 553 4494 tus
577 4452 794 4509 precum
815 4446 1138 4494 nostrarum.
1167 4438 1341 4510 Caput
1364 4441 1616 4498 Ecclesia;
1641 4457 1857 4498 sursum
1877 4452 1976 4510 est,
1998 4453 2082 4500 ut.

462 4538 662 4586 cetera
689 4530 934 4587 membra
982 4540 1274 4602 sequantur
1311 4532 1368 4588 in
1412 4532 1592 4592 tinem.
1625 4535 1684 4591 Si
1712 4551 1843 4606 ergo
1883 4537 2058 4594 intera

463 4625 627 4696 pellat
650 4639 750 4695 pro
775 4624 950 4692 nobis,
982 4627 1134 4695 quasi
1164 4626 1216 4680 in
1242 4627 1439 4682 montis
1459 4628 1738 4696 verticem,
1764 4645 1926 4700 super
1947 4631 2056 4687 cel-

461 4719 747 4776 situdinom
768 4720 1008 4775 omnium
1037 4729 1420 4789 creaturarum,
1449 4722 1596 4778 solus
1619 4731 1756 4778 orat.

533 4811 758 4869 CAPUT
795 4811 884 4867 111.
931 4842 1007 4854 -
1052 4813 1106 4868 4.
1164 4812 1328 4867 Navis
1364 4815 1561 4886 jactata
1606 4825 1914 4885 tempestate.
1970 4815 2056 4871 ln-

462 4911 611 4960 terea
639 4904 786 4958 navis
834 4913 1056 4974 portans
1099 4904 1412 4975 discipulos,
1441 4906 1496 4960 ld
1533 4915 1636 4974 est,
1665 4907 1924 4975 Ecclesia,
1951 4909 2075 4988 llu-j

459 5004 606 5052 ctuat
648 5005 704 5056 et
739 4997 972 5067 quatitur
1009 4999 1413 5068 tempestatibus
1461 4999 1921 5056 tentationumzet
1944 5016 2052 5064 non

459 5089 688 5159 quiescit
711 5098 902 5154 ventus
926 5090 1250 5156 contrarius,
1284 5090 1339 5146 id
1360 5095 1462 5157 est,
1491 5089 1779 5150 adversans
1801 5091 1849 5146 ei
1869 5082 2073 5148 diabo-A

456 5181 566 5249 lus,
597 5189 653 5238 et
675 5182 932 5252 impedire
954 5183 1136 5237 nititur
1165 5198 1232 5237 ne
1259 5182 1530 5251 perveniat
1552 5182 1621 5237 ad
1649 5184 1907 5254 quietem.
1942 5160 2068 5240 Sed

458 5275 634 5346 major
661 5283 743 5329 est
779 5277 868 5346 qui
909 5275 1212 5358 interpellat
1249 5291 1348 5345 pro
1375 5275 1545 5332 nobis.
1573 5275 1707 5338 Nam
1737 5277 1791 5334 in
1818 5278 1918 5334 ista
1948 5283 2070 5334 no-'

1707 357 1768 414 5.
1810 353 2174 414 Αυαυετικι
2209 353 2523 414 ΕΡΙδϐΟΡΙ⁴

2113 485 2131 498 δ
2172 471 2350 541 itaque
2389 471 2446 529 in
2488 471 2629 538 navi,
2677 479 2732 528 et
2774 485 2900 545 roga
2947 473 3134 532 Deum.
3180 473 3563 541 Deficientibus
3604 482 3752 542 enim

3645 365 3759 426 HI

2169 563 2416 622 omnibus
2442 565 2698 632 consiliis,
2727 580 2846 622 cum
2893 581 3066 637 neque
3112 567 3471 638 gubernacula
3522 570 3753 637 introce-

2167 657 2296 723 riut,
2329 666 2382 716 et
2411 658 2526 729 ipsa
2552 659 2792 716 velorum
2821 660 3069 725 ostensio
3107 659 3296 732 majori
3325 663 3564 732 periculo
3587 680 3754 735 quam

2167 752 2376 810 utilitati
2422 752 2613 821 luerit;
2640 753 2875 810 dimissis
2912 755 3158 821 humanis,
3186 757 3434 820 omnibus
3471 759 3758 830 adiutoriis

2166 850 2220 899 et
2243 843 2467 910 viribus,
2489 845 2601 900 sola
2653 853 2820 902 restat
2857 847 3032 912 nautis
3076 847 3302 916 intentio
3343 849 3666 920 deprecandi
3694 864 3756 919 es

2165 949 2322 992 voces
2347 935 2413 992 ad
2436 922 2606 993 Deum
2633 936 2910 998 fundendi.
2928 938 3032 1005 Qui
3057 954 3184 1008 ergo
3213 949 3430 1010 praestat
3453 943 3744 1014 navigantie

2163 1028 2283 1095 bus,
2315 1038 2372 1084 ut
2410 1031 2721 1102 perveniant
2757 1031 2826 1096 ad
2876 1042 3110 1101 portum,
3150 1035 3404 1104 numquid
3448 1035 3757 1102 Ecclesium

2111 1141 2121 1152 -
2163 1135 2314 1177 suam
2354 1121 2672 1182 dimissurus
2709 1131 2813 1192 est,
2855 1132 2911 1182 ut
2949 1139 3068 1188 eam
3113 1140 3218 1184 non
3265 1126 3522 1197 perducat
3557 1128 3625 1184 ad
3663 1144 3752 1184 rc-

2161 1215 2339 1285 quiem
2355 1215 2380 1269 ‘3

2232 1307 2456 1364 CAPUT
2497 1307 2738 1364 lV.--5.
2783 1309 3074 1382 Tempestas
3111 1311 3314 1368 obtenta
3357 1311 3595 1370 Domino.
3645 1314 3761 1374 Ta-

2161 1413 2306 1463 men,
2331 1399 2540 1466 fratres,
2564 1401 2794 1457 masima
2821 1403 3153 1473 perturbatio
3176 1404 3228 1460 in
3251 1405 3348 1460 ista
3373 1406 3492 1460 navi
3521 1421 3625 1462 non
3642 1417 3759 1475 est,

2161 1491 2262 1548 nisi
2293 1491 2346 1546 in
2373 1492 2610 1548 absentia
2632 1495 2862 1560 Domini,
2893 1495 2949 1550 In
2981 1495 3224 1550 Ecclesia
3252 1497 3594 1562 constitutus,
3618 1499 3757 1554 abs-

2162 1592 2338 1640 entem
2388 1583 2545 1639 habet
2573 1584 2855 1647 Dominum
2873 1587 2895 1640 l
2916 1586 3139 1653 Quando
3164 1587 3322 1644 habet
3340 1589 3616 1646 absentem
3640 1591 3760 1646 Do-

2161 1675 2402 1732 minum?
2425 1677 2648 1744 Quando
2673 1679 2902 1734 vincitur
2926 1679 3100 1749 aliqua
3127 1679 3438 1750 cupiditate.
3468 1681 3762 1748 Quomodo

2159 1770 2302 1825 enim
2329 1771 2558 1840 quodam
2585 1771 2704 1828 loco
2747 1773 2799 1828 in
2841 1783 3175 1830 sacramento
3219 1774 3419 1830 dictum
3465 1776 3753 1846 accipitur,

2163 1859 2258 1915 Sol
2285 1879 2384 1918 non
2411 1862 2607 1916 accidat
2628 1880 2780 1933 super
2808 1864 3124 1926 iracundiam
3157 1873 3408 1932 uestram;
3439 1883 3598 1938 neque
3622 1868 3762 1930 detis

2161 1954 2327 2009 locum
2354 1955 2556 2010 diabolo
2587 1956 2797 2028 (Epiros.
2832 1973 2907 2023 IV,
2943 1957 3033 2025 26,
3060 1959 3151 2029 27)
3176 1977 3188 2013 t
3213 1959 3521 2029 intelligitur
3544 1970 3758 2026 autem.

2161 2062 2266 2102 non
2304 2046 2370 2102 de
2415 2048 2518 2102 isto
2555 2048 2669 2102 sole
2698 2049 2787 2118 qui
2833 2049 2993 2104 habet
3020 2050 3303 2120 quamdam
3332 2051 3762 2114 sublimitatcmi

2162 2139 2301 2194 inter
2338 2141 2577 2195 cretosus
2609 2142 2853 2206 visibilis,
2884 2144 2973 2212 qui
3001 2145 3355 2205 communiter
3378 2144 3546 2201 uideri
3575 2154 3764 2216 potest

2162 2240 2216 2286 et
2241 2246 2270 2284 a
2293 2231 2445 2286 nobis
2473 2241 2525 2286 et
2545 2248 2577 2286 a
2600 2232 2820 2298 bestiis;
2845 2233 2940 2290 sed
2966 2233 3032 2288 de
3065 2234 3149 2288 illa
3182 2234 3320 2302 luce,
3353 2251 3512 2306 quam
3533 2251 3640 2301 non
3671 2235 3764 2293 νίς

2161 2323 2291 2380 dent
2316 2324 2418 2382 nisi
2446 2340 2573 2394 pura
2604 2325 2763 2380 corda
2802 2326 3032 2388 ﬁdelium
3085 2327 3224 2382 sicut
3261 2327 3462 2386 dictum
3489 2337 3592 2394 est,
3621 2329 3765 2386 Erat

2164 2415 2332 2472 lumen
2366 2432 2556 2482 verum,
2589 2417 2723 2486 quod
2763 2417 3018 2473 illimtinat
3057 2434 3255 2478 onmem
3275 2420 3529 2478 hominem
3552 2423 3767 2478 vertim-

2163 2515 2258 2562 tem
2285 2507 2336 2560 in
2360 2507 2492 2561 hunc
2514 2508 2753 2562 mundum
2783 2507 2960 2580 (Joan.
2990 2526 3026 2576 ι,
3051 2509 3133 2579 9).
3161 2509 3272 2564 Hoc
3297 2511 3438 2566 enim
3469 2511 3652 2567 lumen
3683 2512 3768 2568 vi-

2161 2599 2335 2655 sibilis
2369 2600 2507 2655 ‘solis
2546 2599 2705 2656 etiam
2751 2616 2946 2670 Pecora
2977 2601 3334 2657 minutissima
3360 2611 3414 2657 et
3437 2603 3767 2662 brevissima

2163 2690 2443 2748 illuminat.
2474 2691 2570 2748 Est
2614 2707 2740 2762 ergo
2775 2693 2950 2748 lumen
2996 2709 3182 2748 verum
3217 2693 3421 2762 justitia
3465 2703 3626 2766 atque
3673 2710 3768 2752 sae

2162 2781 2381 2853 pientis,
2410 2783 2551 2852 quod
2575 2783 2772 2840 desinit
2791 2799 2944 2842 mens
2969 2784 3172 2852 videre,
3201 2800 3322 2850 cum
3353 2787 3766 2856 perturbatione

2161 2875 2450 2932 iracundia:
2493 2875 2653 2937 fuerit
2688 2887 2938 2947 tanquam
2983 2877 3164 2938 nubilo
3203 2887 3453 2948 superata
3491 2876 3595 2935 :'et
3627 2889 3767 2938 tunc

2160 2968 2312 3037 quasi
2341 2967 2537 3022 occidit
2562 2969 2642 3028 sol
2677 2983 2836 3038 super
2875 2968 3200 3034 iracundiam
3230 2969 3481 3032 hominis.
3501 2969 3595 3045 ~Sic
3620 2981 3682 3028 et
3708 2972 3767 3028 in

2161 3057 2265 3116 ista
2291 3059 2434 3127 navi,
2463 3073 2582 3114 cum
2613 3059 2807 3122 absens
2836 3069 2920 3123 est
2943 3061 3209 3129 Christus,
3236 3062 3350 3119 suis
3368 3063 3593 3134 quisque
3619 3073 3767 3122 tctu-

2162 3153 2460 3222 pestatibus
2500 3154 2734 3223 quatitur
2779 3163 2834 3209 et
2882 3155 3245 3226 iniquitatibus
3285 3166 3341 3213 et
3376 3157 3767 3226 cupiditatibus

2164 3243 2296 3298 suis.
2327 3243 2467 3298 Dicit
2490 3245 2636 3300 enim
2667 3245 2760 3300 tibi
2786 3245 2918 3312 Lex,
2948 3247 3097 3302 verbi
3126 3247 3316 3317 gratia,
3342 3246 3426 3302 Ne
3450 3248 3639 3318 falsum
3683 3260 3765 3306 teb

2163 3333 2455 3392 stimonium
2485 3335 2625 3392 dicas
2650 3336 2847 3408 (Exod.
2880 3355 2970 3407 xx,
3006 3338 3120 3409 16).
3151 3338 3208 3394 Si
3229 3339 3496 3412 intelligas
3515 3343 3767 3400 testimo-

2163 3425 2238 3480 nii
2266 3427 2570 3492 veritatem,
2601 3429 2776 3484 lucem
2805 3429 2972 3488 babes
2997 3431 3050 3486 in
3077 3439 3255 3488 mente
3276 3450 3288 3488 :
3313 3433 3359 3488 si
3385 3442 3563 3492 autem
3585 3437 3766 3507 turpis

2163 3517 2300 3574 lucri
2327 3520 2617 3590 cupiditate
2644 3530 2948 3591 superatus,
2975 3523 3228 3580 statueris
3249 3525 3430 3582 animo
3456 3524 3648 3582 falsum
3678 3527 3766 3582 di-

2163 3623 2287 3664 cere
2317 3611 2704 3678 testimonium,
2729 3612 2838 3682 jam
2867 3613 3088 3682 incipies
3117 3613 3339 3674 absente
3366 3615 3586 3672 Christo
3615 3625 3768 3673 temo

2163 3708 2370 3769 pestate
2402 3701 2635 3770 turbari;
2666 3701 2949 3768 ﬂuctuabis
2973 3702 3223 3762 ﬂuctibus
3251 3698 3488 3762 avaritia:
3509 3714 3637 3775 tum,
3669 3723 3768 3779 pev

2163 3792 2491 3852 riclitaberis
2520 3802 2843 3864 tempestate
2868 3795 3420 3866 concupiscmitiarutn
3445 3805 3682 3867 tuarum,
3711 3809 3768 3858 et

2163 3885 2315 3955 quasi
2337 3885 2557 3940 absente
2586 3885 2802 3946 Christo
2827 3901 2965 3957 pene
2989 3887 3372 3958 submergoris.

2231 3977 2461 4036 CAPUT
2499 3977 2654 4036 V.—
2676 3978 2730 4034 6.
2757 3977 2912 4034 Retro
2952 3979 3218 4050 respicere,
3242 3980 3384 4050 quid.
3422 3979 3592 4050 Quam
3637 3997 3764 4040 mc-

2161 4073 2419 4129 tuendum
2450 4081 2551 4138 est,
2581 4088 2649 4128 ne
2686 4081 2959 4129 avertatur
2997 4073 3170 4141 navis,
3199 4082 3254 4132 et
3295 4083 3441 4132 retro
3469 4075 3765 4147 respiciat?

2163 4164 2304 4236 quod
2332 4165 2409 4232 ﬁt,
2441 4180 2561 4220 cum
2597 4164 2783 4224 relicta
2827 4180 2923 4234 spe
2960 4164 3256 4222 caelestium
3297 4167 3663 4236 praemiorum,
3691 4169 3764 4228 ad

2163 4271 2224 4324 ea
2255 4272 2375 4328 quas
2403 4256 2651 4314 videntur
2678 4265 2736 4314 et
2757 4265 3058 4324 transeunt,
3084 4257 3438 4330 detorqueute
3465 4261 3763 4330 cupiditate

2161 4349 2386 4422 quisque
2413 4351 2761 4415 convertitur.
2791 4351 2925 4408 Nam
2967 4359 3023 4407 et
3065 4353 3448 4416 mutationibus
3472 4353 3762 4418 libidinum

2161 4442 2253 4512 qui
2275 4441 2638 4512 perturbatur,
2668 4450 2724 4496 et
2759 4450 2936 4502 tamen
2964 4441 3022 4498 in
3048 4456 3111 4506 ea
3137 4457 3258 4513 quze
3290 4442 3437 4500 intus
3465 4453 3592 4500 sunt
3619 4459 3760 4502 con-

2161 4534 2340 4606 spicit,
2371 4549 2477 4600 non
2503 4542 2588 4596 est
2608 4548 2777 4606 usque
2806 4533 2942 4590 adeo
2966 4533 3300 4604 desperatus,
3311 4536 3520 4599 veniam
3544 4535 3761 4596 delictis

2159 4627 2272 4682 suis
2297 4625 2609 4696 deprecans,
2630 4635 2686 4680 et
2707 4626 2942 4682 intentus
2965 4625 3212 4684 evincere
3235 4635 3395 4698 atque
3419 4635 3759 4688 transmeare

2159 4718 2365 4780 rabiem
2393 4717 2666 4774 srcvicntis
2691 4717 2874 4774 maris.
2907 4717 3007 4784 Qui
3033 4732 3161 4773 vero
3200 4719 3272 4776 ita
3311 4717 3661 4789 detorquctur
3689 4719 3759 4784 ab

2160 4823 2241 4878 se,
2275 4817 2333 4874 ut
2359 4807 2506 4874 dicat
2534 4807 2589 4872 in
2618 4806 2782 4864 c‘orde
2812 4823 2932 4878 suo,
2961 4808 3080 4868 Non
3105 4809 3247 4868 videt
3266 4809 3444 4876 Deus;
3473 4825 3584 4866 non
3608 4811 3755 4866 enim

2161 4900 2230 4958 de
2264 4916 2350 4958 me
2379 4901 2594 4972 cogitat,
2622 4908 2716 4964 aut
2752 4909 2906 4963 curat
2942 4915 3012 4956 an
3047 4916 3264 4970 peccem
3297 4902 3494 4960 :vertit
3512 4918 3753 4974 proram,

2159 4991 2328 5058 fertur
2377 4992 2631 5063 procella,
2685 5001 2741 5049 et
2785 4992 2925 5050 unde
2966 4993 3213 5052 veniebat
3252 4994 3558 5064 impellitur.
3616 4994 3757 5058 Sunt

2161 5083 2304 5141 enim
2353 5084 2535 5146 multa:
2583 5084 2933 5154 cogitationes
2969 5085 3023 5140 in
3062 5084 3314 5148 cordibus
3353 5086 3629 5148 hominum
3661 5096 3755 5148 :ct

2161 5175 2409 5234 ﬂuetibus
2441 5176 2602 5247 hujus
2639 5178 2843 5240 saeculi.
2873 5188 2928 5238 et
2956 5179 3138 5236 multis
3165 5182 3569 5252 tempestatibus
3597 5183 3753 5242 navis

2160 5269 2372 5326 Christo
2392 5270 2610 5326 absente
2630 5271 2893 5328 turbatur.

459 5333 572 5422 stra
623 5333 965 5423 ﬂuctuatione
1005 5333 1066 5422 in!
1105 5381 1208 5436 qua
1240 5333 1565 5436 laboramus,
1593 5333 1684 5423 dat
1720 5369 1874 5424 nobis
1912 5333 2051 5424 lidu-
2130 5333 2154 5445 ξ
2230 5359 2457 5418 CAPUT
2495 5359 2585 5416 Vl.
2614 5390 2685 5401 -—
2723 5363 2778 5416 7.
2815 5360 3002 5442 Yigilia
3031 5366 3190 5420 noctis
3214 5373 3412 5435 quarta.
3441 5364 3599 5426 Fides
3624 5382 3748 5422 cru-

458 5457 622 5526 ciam,
653 5459 874 5514 veniens
907 5457 974 5514 ad
1005 5473 1122 5525 nos,
1152 5469 1208 5515 et
1249 5458 1555 5516 confortans
1588 5475 1686 5518 nos
1711 5477 1724 5514 :
1749 5469 1952 5518 tantum
1982 5446 2070 5518 ne.

460 5549 658 5606 turbati
704 5549 755 5604 in
809 5552 928 5616 navi
974 5551 1306 5607 excutiamus
1352 5567 1471 5620 nos,
1513 5561 1567 5609 et
1607 5553 1948 5625 projiciamus
1994 5557 2048 5612 in

461 5655 630 5702 mare.
657 5639 792 5710 Quia
812 5641 910 5697 etsi
940 5643 1182 5701 turbatur
1207 5645 1378 5714 navis,
1407 5646 1558 5704 navis
1582 5654 1888 5706 esttamen.
1921 5648 2049 5710 Sola

459 5740 644 5805 portat
686 5733 994 5804 discipulos,
1041 5744 1098 5791 et
1142 5737 1336 5808 recipit
1381 5737 1670 5793 Christum.
1714 5738 2052 5798 Periclitatur

464 5825 679 5900 quidem
708 5827 761 5884 in
781 5827 949 5884 mari:
973 5827 1069 5887 sed
1093 5828 1211 5888 sine
1240 5829 1331 5888 illa
1362 5830 1543 5890 statim
1570 5830 1790 5902 paritur.
1818 5831 1967 5904 Tene
1991 5844 2048 5894 to

2158 5455 2250 5514 cis.
2291 5455 2488 5525 Quarta
2538 5469 2666 5510 vero
2713 5455 2890 5526 vigilia
2930 5456 3122 5523 noctis,
3147 5458 3268 5514 ﬁnis
3301 5466 3384 5524 est
3407 5460 3747 5520 noctis:una

2157 5548 2303 5604 enim
2323 5546 2500 5618 vigilia
2519 5545 2687 5602 tribus
2709 5545 2855 5602 horis
2879 5555 3104 5604 constat.
3131 5547 3402 5620 Signiﬁcat
3424 5565 3574 5622 ergo,
3601 5552 3746 5623 quod

2153 5640 2266 5712 jam
2298 5639 2354 5694 in
2383 5639 2488 5696 line
2516 5638 2696 5695 saeculi
2739 5638 2986 5696 subvenit
3021 5639 3295 5710 Dominus,
3315 5651 3372 5698 et
3396 5642 3607 5702 videtur
3627 5658 3716 5700 am

2156 5733 2345 5796 balare
2371 5745 2531 5802 super
2555 5745 2740 5804 aquas.
2770 5731 3086 5806 Quanquam
3112 5735 3257 5795 enim
3285 5737 3532 5803 turbetur
3565 5745 3741 5796 tenta~

2118 5827 2147 5906 τι
2197 5839 2930 5914 ,ιλρωηαωοιωωαω
