4032 6332
328 421 429 479 £77

320 541 535 601 tionum
562 536 806 612 procellis
837 533 954 592 haec
978 531 1149 599 navis,
1177 527 1322 588 videt
1351 537 1528 586 tamen
1555 527 1901 599 gloriﬁcatum

327 633 494 690 Deum
522 631 797 692 ambulare
820 643 980 698 super
1007 641 1193 682 omnes
1220 633 1452 680 tumores
1472 624 1660 688 maris;
1684 619 1783 676 hoc
1800 627 1900 686 est,

324 743 487 797 super
529 740 717 784 omnes
757 723 910 792 hujus
953 720 1139 781 surculi
1187 719 1529 790 principatus.
1563 718 1730 772 Antea
1762 714 1904 770 enim

325 821 526 877 dictum
573 828 655 875 est
699 835 765 874 ex
807 831 938 878 voce
976 815 1237 887 passionis
1277 814 1411 884 ejus,
1449 813 1570 884 quia
1615 811 1904 870 secundum

323 928 541 970 carnem
559 927 684 969 cum
702 907 1093 973 demonstraret
1111 906 1420 966 humilitatis
1441 904 1762 973 exemplum,
1782 917 1905 958 eva-

322 1013 559 1060 nuerunt
581 1003 835 1060 adversus
857 1018 982 1057 eum
1005 1001 1198 1056 lluctus
1221 1001 1403 1064 maris,
1429 999 1617 1074 quibus
1640 997 1801 1052 cessit
1821 1009 1905 1052 vo-

321 1097 528 1152 luntate
565 1112 660 1168 pro
700 1095 876 1159 nobis,
896 1102 955 1148 ut
980 1093 1289 1162 impleretur
1315 1091 1399 1144 illa
1427 1088 1701 1164 prophetia
1731 1105 1743 1143 :
1779 1085 1904 1146 Veni

321 1190 376 1242 in
407 1188 727 1242 altitudinem
757 1186 932 1250 maris,
966 1194 1011 1239 et
1050 1192 1314 1254 tempestas
1357 1181 1587 1235 demersit
1626 1196 1703 1233 me
1733 1175 1900 1253 (Psal.

321 1295 513 1344 vam,
540 1276 616 1352 '5).
641 1277 754 1332 Non
777 1278 919 1331 enim
944 1275 1137 1348 repulit
1161 1275 1321 1329 falsos
1347 1281 1529 1337 testes,
1556 1286 1657 1326 nec
1683 1269 1904 1324 smvien-

322 1370 430 1427 tem
461 1373 749 1426 clamorem
779 1369 1089 1436 dicentium,
1117 1367 1454 1438 Cruciﬁgatur
1485 1363 1696 1436 (Matth.
1730 1380 1897 1431 xxv",

320 1461 435 1536 εδ).
463 1459 660 1517 [tabida
682 1457 841 1516 corda
861 1471 912 1516 et
929 1475 1019 1516 ora
1042 1459 1326 1516 furentium
1349 1473 1451 1512 non
1477 1464 1738 1528 potestate
1758 1469 1904 1510 com-

320 1555 535 1624 pressit,
563 1551 657 1608 sed
696 1553 949 1626 patientia
1006 1552 1263 1608 toleravit.
1322 1547 1583 1606 Fecerunt
1627 1549 1674 1604 ei
1705 1557 1901 1619 quanta

319 1645 638 1700 voluerunt:
664 1645 784 1715 quia
806 1642 976 1699 factus
994 1653 1073 1698 est
1095 1641 1348 1698 obediens
1365 1659 1530 1713 usque
1559 1641 1623 1696 ad
1652 1648 1897 1706 mortem,

319 1745 548 1793 mortem
594 1747 768 1793 autem
813 1738 984 1792 crucis
1024 1733 1279 1808 (Philipp.
1328 1752 1382 1802 ιι,
1416 1733 1490 1808 8).
1544 1733 1730 1788 Postea
1774 1746 1902 1786 vero

316 1845 478 1901 quam
507 1829 848 1884 resurrexita
869 1828 1109 1892 mortuis,
1137 1835 1191 1880 ut
1220 1842 1314 1898 pro
1334 1823 1603 1896 discipulis
1627 1824 1678 1878 in
1711 1821 1897 1877 Eccle-

318 1905 398 1976 sia
447 1929 696 1994 tanquam
741 1921 798 1976 in
840 1921 959 1975 navi
998 1919 1318 1985 constitutis,
1347 1924 1399 1972 et
1439 1916 1539 1970 ﬁde
1584 1917 1754 1970 crucis
1791 1928 1900 1976 sua:

319 2021 572 2086 tanquam
597 2011 742 2084 ligno
772 2013 1014 2084 portatis,
1043 2021 1097 2068 et
1127 2009 1504 2066 tentationibus
1536 2006 1690 2078 hujus
1721 2005 1900 2062 saeculi

321 2113 574 2178 tanquam
596 2103 843 2160 ﬂuctibus
871 2104 1031 2159 maris
1060 2102 1500 2174 periclitantibus,
1523 2100 1666 2154 solus
1690 2103 1897 2162 oraret;

321 2197 483 2267 coepit
507 2211 699 2251 nomen
726 2195 841 2266 ejus
875 2194 1121 2250 honorari
1161 2203 1211 2248 et
1253 2193 1303 2246 in
1341 2191 1442 2248 hoc
1467 2190 1682 2258 sazculo,
1715 2189 1766 2248 in
1793 2204 1899 2260 quo

319 2297 677 2362 contemptus,
719 2295 1016 2355 accusatus,
1060 2287 1267 2342 occisus
1309 2292 1507 2344 estzut
1553 2285 1641 2358 qui
1681 2291 1900 2341 venerat

319 2379 611 2436 Secundum
655 2379 958 2450 passionem
987 2376 1162 2434 carnis
1190 2376 1240 2430 in
1269 2375 1600 2431 altitudinem
1635 2375 1815 2438 maris,
1844 2379 1898 2428 et

317 2482 607 2543 tempestas
632 2472 959 2527 demerserat
982 2485 1125 2537 eum,
1144 2468 1254 2540 jam
1284 2467 1631 2538 superborum
1658 2467 1896 2522 cervices

317 2571 566 2633 tanquam
596 2576 836 2631 Spumant
873 2559 1132 2616 undarum
1174 2561 1254 2614 sui
1297 2560 1525 2614 nominis
1553 2559 1752 2613 honore
1783 2556 1893 2611 cal-

312 2663 478 2708 caret.
513 2654 662 2708 Sicut
687 2661 828 2708 nunc
852 2653 1132 2707 Dominum
1161 2649 1400 2706 videmus
1430 2658 1680 2720 tanquam
1705 2649 1893 2702 ambu-

313 2743 511 2802 lantem
552 2755 712 2816 super
755 2760 923 2812 mare,
965 2745 1063 2801 sub
1107 2744 1257 2814 cujus
1295 2743 1516 2814 pedibus
1547 2751 1710 2798 totam
1739 2743 1894 2812 hujus'

314 2837 494 2893 seculi
524 2839 728 2893 rabiem
755 2837 1045 2907 subjectam
1075 2850 1194 2892 esse
1231 2836 1607 2904 conspicimus.

383 2927 612 2987 CAPUT
653 2929 762 2984 VII.
793 2959 865 2972 --
889 2929 942 2984 8.
975 2925 1138 2982 Error
1158 2925 1521 2997 discipulorum
1544 2942 1734 2981 errores
1762 2927 1894 2996 ﬁgu-

311 3032 392 3077 rat
433 3022 801 3076 Inereticornm.
853 3018 958 3074 Sed
1003 3017 1264 3074 accedunt
1310 3018 1558 3088 periculis
1609 3026 1892 3087 tempesta-

313 3121 424 3168 tum
453 3115 614 3168 etiam
658 3125 867 3167 errores
907 3109 1310 3174 haereticorum;
1345 3117 1530 3163 etnon
1571 3107 1762 3163 desunt
1803 3107 1891 3178 qui

311 3207 387 3261 sic
419 3211 628 3261 tentent
654 3204 862 3258 animos
904 3216 1086 3257 eorum
1118 3202 1205 3272 qui
1233 3210 1356 3257 sunt
1384 3202 1435 3255 in
1466 3200 1606 3259 navi.
1638 3210 1691 3254 ut
1713 3201 1893 3256 dicant

308 3298 581 3354 Christum
627 3311 728 3350 non
770 3293 933 3350 misse
976 3303 1155 3349 natum
1200 3293 1265 3348 de
1301 3293 1522 3364 virgine,
1566 3309 1664 3348 nec
1711 3309 1889 3348 verum

311 3403 505 3458 corpus
527 3387 797 3452 habuisse,
816 3385 908 3441 sed
934 3386 1100 3440 oculis
1117 3385 1286 3439 visum
1313 3399 1431 3439 esse
1451 3383 1590 3454 quod
1623 3400 1727 3440 non
1757 3394 1888 3440 erat.

311 3480 380 3534 Et.
419 3481 536 3533 ista:
587 3478 864 3548 opiniones
906 3476 1276 3530 haereticorum
1304 3473 1378 3545 (a)
1413 3489 1553 3528 nunc
1581 3483 1718 3529 natm
1744 3483 1887 3544 sunt,

307 3572 524 3643 quando
548 3571 657 3640 jam
672 3579 864 3623 nomen
881 3568 1079 3624 Christi
1099 3583 1191 3636 per
1211 3582 1396 3621 omnes
1421 3573 1605 3637 gentes
1629 3566 1891 3620 clariﬁca-

311 3673 416 3726 tur,
464 3671 715 3732 tanquam
757 3661 968 3715 Christo
1007 3659 1115 3728 jam
1160 3657 1466 3713 ambulante
1517 3673 1676 3728 super
1721 3673 1886 3713 mare.

310 3754 520 3810 Tentati
542 3753 782 3825 disclpuli
801 3753 1067 3820 dixerunt,
1098 3751 1229 3818 Quia
1249 3752 1552 3822 phantasma
1573 3761 1664 3805 est.
1682 3750 1787 3806 Sed
1803 3750 1890 3805 ille

314 3859 409 3900 nos
438 3845 698 3901 adversus
725 3845 855 3900 istas
877 3853 1054 3915 pestes
1080 3859 1174 3900 sua
1200 3858 1329 3899 voce
1355 3843 1655 3908 confirmat,
1682 3842 1888 3912 dicens,

315 3937 504 4001 ﬁdite,
539 3953 629 4009 ego
653 3951 765 3991 sum
788 3955 807 4002 ;
834 3937 986 3990 nolite
1013 3937 1201 3989 timere.
1229 3933 1378 3989 Vano
1405 3935 1544 3989 enim
1575 3933 1766 3988 timore
1795 3934 1891 3987 ho-

315 4031 482 4085 mines
499 4030 567 4085 de
585 4031 798 4085 Christo
821 4029 922 4084 ista
948 4037 1250 4095 senserunt,
1277 4026 1608 4083 attendentes
1632 4027 1890 4081 honorem

316 4125 427 4193 ejus
453 4134 506 4178 et
534 4124 906 4190 maiestatem:
937 4129 991 4176 et
1022 4135 1128 4175 non
1169 4128 1358 4190 putant
1385 4117 1526 4189 quod
1555 4119 1631 4173 sic
1665 4119 1893 4199 potuerit

315 4217 478 4281 nasci,
503 4215 592 4284 qui
615 4215 693 4270 sic
714 4213 908 4269 meruit
928 4211 1225 4278 clariiicari,
1262 4219 1509 4281 tanquam
1539 4223 1892 4281 expavescen-

315 4315 391 4363 tes
419 4321 582 4378 super
611 4311 757 4364 mare
783 4306 1159 4362 ambulantem.
1185 4305 1299 4373 Quo
1341 4303 1498 4369 facto,
1535 4303 1750 4358 honoris
1774 4303 1890 4373 ejus

315 4402 629 4457 excellentia
651 4400 903 4472 figuratur
923 4417 936 4453 :
959 4405 1114 4470 atque
1139 4399 1208 4452 ita
1231 4395 1370 4468 quod
1389 4395 1698 4466 phantasma
1724 4402 1888 4462 esset,

316 4496 636 4549 existimant.
664 4493 768 4550 Sed
806 4507 926 4548 cum
966 4493 1052 4547 ille
1091 4490 1239 4555 dicit,
1268 4489 1379 4561 Ego
1416 4501 1559 4553 sum;
1587 4487 1714 4559 quid
1747 4484 1893 4542 aliud

317 4585 459 4651 dicit,
489 4585 594 4639 nisi
633 4595 736 4639 non
781 4584 949 4639 ln‘se
993 4597 1113 4638 esse
1163 4579 1304 4651 quod
1347 4595 1451 4635 non
1495 4577 1817 4650 est?ltaque
1846 4577 1892 4634 si

317 4686 527 4734 carnem
558 4677 808 4742 ostendit,
841 4691 966 4732 caro
995 4683 1142 4742 erat;
1186 4675 1230 4730 si
1278 4687 1419 4740 ossa,
1466 4685 1585 4729 ossa
1629 4680 1814 4737 erant;
1846 4672 1892 4727 si

321 4771 611 4835 cicatrices,
644 4769 915 4824 cicatrices
937 4777 1103 4822 erant.
1131 4763 1250 4820 Non
1268 4767 1406 4822 enim
1430 4767 1604 4821 eratin
1625 4765 1736 4833 illo,
1770 4765 1892 4833 Est,

319 4869 361 4913 et
391 4860 548 4926 Non;
577 4861 687 4925 sed,
721 4859 814 4914 Est
852 4861 906 4914 in
949 4859 1039 4913 illo
1083 4869 1209 4923 erat,
1261 4860 1395 4912 sicut
1441 4859 1724 4932 Apostolus
1766 4857 1893 4912 dicit

319 4950 380 5018 (ll
409 4951 527 5006 Cor.
559 4949 741 5025 1J9).
769 4949 894 5005 inde
915 4957 996 5005 est
1012 4963 1111 5004 vox
1134 4949 1240 5024 illa,
1268 4941 1451 5013 Fidite,
1481 4965 1568 5020 ego
1589 4950 1893 5013 smn;nolite

318 5046 501 5100 timere.
516 5045 625 5100 Hoc
642 5054 739 5108 est,
750 5044 921 5098 Nolite
933 5043 1008 5098 sic
1019 5057 1366 5112 expavescere
1379 5057 1548 5097 meam
1563 5042 1888 5114 dignitatem,

317 5147 369 5192 ut
384 5137 514 5192 mihi
530 5137 702 5192 velitis
720 5137 929 5191 auferre
949 5136 1246 5190 veritatem.
1263 5133 1372 5188 Etsi
1391 5149 1548 5203 super
1560 5149 1704 5188 mare
1717 5134 1894 5190 ambu-

318 5228 384 5293 lo,
412 5232 512 5286 etsi
545 5230 801 5285 elationes
830 5237 882 5284 et
914 5227 1080 5283 fastus
1109 5226 1388 5281 saeculares
1412 5234 1654 5296 tanquam
1678 5226 1893 5283 rabidos

322 5319 508 5376 tinctus
543 5321 643 5375 sub
672 5319 898 5389 pedibus
941 5317 1134 5384 habeo,
1167 5325 1338 5371 tamen
1368 5332 1523 5371 verus
1552 5317 1711 5372 homo
1734 5333 1894 5388 appa-

322 5414 414 5478 ‘ui,
441 5423 621 5468 tamen
637 5425 820 5467 verum
849 5411 916 5467 de
936 5426 1024 5466 me
1046 5410 1394 5479 Evangelium
1417 5425 1592 5464 meum
1619 5410 1891 5481 praedicat,

322 5505 460 5575 quod
486 5520 551 5559 ex
578 5505 785 5574 virgine
812 5512 968 5558 natus
995 5502 1117 5570 sim,
1147 5501 1286 5572 quod
1315 5499 1548 5556 Verbum
1578 5517 1702 5557 caro
1728 5501 1894 5559 factus

322 5597 449 5664 sim;
476 5597 618 5668 quod
642 5609 826 5652 verum
848 5594 976 5664 dixi,
998 5593 1236 5666 Palpate,
1268 5598 1315 5650 et
1341 5592 1518 5663 uidete,
1546 5597 1663 5668 quia
1690 5596 1896 5667 spiritus

323 5725 473 5839 uti:
498 5726 641 5778 editis
659 5726 823 5790 deest,
842 5725 896 5784 in
914 5740 934 5792 ;
955 5739 1064 5792 quae
1086 5725 1320 5791 particula
1339 5733 1500 5782 exstat
1519 5728 1570 5780 in
1600 5737 1680 5784 ius.
1704 5735 1899 5784 Germ-

379 5825 854 5934 ayuanichteorum.

1688 399 1914 463 SERMO
1950 399 2159 458 LXXV.

3481 401 3585 469 ατε

2015 539 2129 578 ossa
2157 540 2258 579 non
2301 525 2451 594 labet,
2495 526 2622 584 sicut
2667 543 2746 583 me
2789 525 2963 584 videtis
3005 527 3184 585 habere
3230 517 3389 603 (Luc.
3435 545 3580 600 xxxv,

2010 618 2098 692 ’59)
2127 639 2139 674 :
2164 619 2305 690 quod
2342 636 2529 676 manus
2558 621 2843 678 dubitantis
2872 638 2994 677 vera
3024 621 3299 680 vulnerum
3342 625 3582 680 meorum

2008 715 2227 786 vestigia
2287 723 2662 772 tractaverunt.
2720 717 2938 790 Itaque,
2976 717 3086 788 Ego
3138 733 3287 783 sum;
3314 717 3466 772 nolite
3515 719 3583 773 ti-

2009 824 2160 863 mere.

2078 899 2302 958 CAPUT
2319 898 2452 964 νηί.
2471 899 2608 956 -—9.
2638 897 2797 962 Error
2825 900 2956 955 alius
2979 900 3150 955 itidem
3180 901 3442 974 ﬁguratus.
3463 899 3582 957 Non

2010 1001 2184 1049 autem
2204 993 2320 1048 illos
2335 994 2477 1048 solos
2493 991 2752 1064 signiﬁcat
2771 993 2870 1047 ista
2887 1007 2992 1058 res,
3009 991 3149 1064 quod
3169 1000 3484 1062 putaverunt
3503 992 3575 1047 di-

1989 1085 2196 1166 ~scipuli
2211 1085 2330 1154 quia
2351 1086 2660 1156 phantasma
2679 1094 2788 1150 est;
2805 1099 2911 1138 non
2932 1085 3049 1139 illos
3067 1084 3208 1139 solos
3221 1084 3479 1157 designat,
3493 1083 3583 1156 qui

2011 1177 2291 1232 humanam
2320 1194 2534 1234 carnem
2566 1177 2812 1233 habuisse
2854 1176 3132 1232 Dominum
3157 1183 3368 1246 negant,
3399 1185 3452 1231 et
3480 1176 3582 1230 ali-

2008 1271 2217 1344 quando
2234 1273 2393 1328 etiam
2421 1287 2513 1326 eos
2533 1274 2618 1346 qui
2647 1273 2698 1326 in
2724 1272 2840 1326 navi
2872 1277 2993 1324 sunt
3013 1285 3153 1330 cmea
3180 1271 3434 1340 pravitate
3460 1285 3582 1342 per-

2007 1361 2220 1425 turbant
2246 1382 2256 1416 :
2281 1362 2371 1418 sed
2394 1365 2549 1417 etiam
2570 1364 2683 1418 illos
2709 1365 2797 1434 qui
2831 1363 3105 1418 Dominum
3125 1367 3310 1431 putant
3333 1363 3384 1416 in
3406 1362 3581 1432 aliquo

2007 1452 2171 1508 fuisse
2197 1455 2497 1522 mentitum,
2520 1463 2570 1510 et
2594 1471 2656 1510 ea
2671 1471 2787 1524 quae
2810 1455 3036 1508 minatus
3058 1463 3138 1508 est
3159 1454 3350 1526 impiis,
3371 1463 3582 1507 eventu-

2007 1559 2064 1599 ra
2080 1560 2198 1599 esse
2240 1561 2343 1599 non
2361 1546 2600 1600 credunt.
2621 1545 2777 1612 Quasi
2793 1547 2840 1599 in
2859 1552 3004 1616 parte
3025 1546 3260 1599 sitverax
3281 1553 3332 1598 et
3354 1544 3405 1596 in
3433 1551 3581 1612 parte

2005 1636 2252 1704 mendax,
2283 1639 2441 1692 veluti
2475 1638 2786 1710 phantasma
2819 1653 3079 1708 apparens
3113 1638 3166 1690 in
3190 1636 3386 1702 verbis,
3425 1635 3580 1706 quasi

2006 1728 2144 1800 quod
2167 1737 2247 1783 est
2276 1738 2328 1783 et
2371 1746 2474 1784 nou
2497 1739 2598 1784 est.
2638 1729 2742 1785 Sed
2774 1730 2861 1806 qui
2889 1731 3022 1785 bene
3063 1729 3359 1800 intelligunt
3392 1743 3579 1783 vocem

2005 1818 2247 1886 dicentis,
2276 1819 2384 1891 Ego
2409 1838 2518 1875 sum
2539 1840 2556 1886 ;
2596 1822 2747 1875 nolite
2776 1823 2944 1876 timere
2973 1839 2990 1875 :
3018 1821 3122 1892 jam
3145 1821 3367 1876 credunt
3402 1821 3580 1875 omnia

2004 1911 2164 1966 verba
2210 1911 2455 1978 Domini,
2505 1920 2562 1966 ut
2608 1904 3052 1982 quemadmodum
3097 1922 3315 1983 sperant
3362 1913 3580 1984 praemia

2003 2017 2121 2072 quae
2143 2004 2422 2073 promittit,
2449 2005 2520 2058 ita
2549 2019 2734 2074 pinnas
2760 2005 2977 2060 timeant
3001 2019 3133 2073 quas
3156 2005 3405 2059 minatur.
3428 2004 3580 2060 Sicut

2003 2099 2145 2153 enim
2173 2114 2358 2153 verum
2377 2109 2458 2154 est
2483 2099 2624 2168 quod
2651 2100 2888 2154 dicturus
2923 2108 3005 2154 est
3038 2099 3104 2153 ad
3143 2099 3418 2154 dexteram
3469 2113 3569 2168 po-

2002 2191 2137 2258 sitis,
2192 2190 2382 2256 Venite,
2427 2190 2670 2246 benedicti
2709 2189 2880 2244 Patris
2934 2191 3050 2256 mei,
3082 2191 3324 2261 pereipite
3365 2205 3575 2262 regnum

2000 2281 2134 2352 quod
2162 2282 2299 2336 vobis
2328 2292 2562 2353 paratum
2584 2292 2657 2338 est
2685 2282 2746 2335 ab
2767 2282 2912 2336 initia
2936 2281 3112 2338 mundi
3145 2297 3161 2335 :
3188 2281 3258 2335 ita
3284 2295 3469 2336 verum
3495 2289 3579 2336 est

2000 2373 2140 2444 quod
2187 2373 2414 2432 audituri
2461 2382 2586 2430 sunt
2626 2372 2694 2428 ad
2744 2373 3012 2432 sinistram
3066 2371 3360 2436 constituti,
3413 2369 3495 2425 Ite
3524 2369 3581 2432 in

1998 2467 2164 2536 ignem
2191 2476 2452 2532 internum,
2484 2467 2570 2536 qui
2609 2476 2818 2537 paratus
2849 2474 2919 2519 est
2958 2463 3158 2520 diabolo
3184 2474 3229 2518 et
3255 2463 3446 2536 angelis
3469 2464 3580 2536 ejus

2001 2556 2212 2627 (Matth.
2237 2575 2364 2622 xxv,
2395 2561 2482 2622 54,
2515 2559 2628 2628 41).
2658 2558 2790 2616 Nam
2826 2567 2882 2612 et
2903 2558 3004 2612 ista
3033 2557 3234 2628 Opinio,
3263 2571 3366 2626 qua
3392 2565 3580 2626 putant

1998 2647 2242 2708 homines
2267 2650 2539 2705 Christum
2571 2665 2679 2705 non
2712 2665 2836 2706 vera
2867 2647 3028 2705 fuisse
3057 2650 3250 2719 iniquis
3277 2658 3330 2706 et
3355 2648 3579 2719 perditis

1996 2743 2392 2808 comminatum,
2425 2759 2490 2804 ex
2535 2743 2640 2818 hoc
2681 2752 2802 2798 nata
2834 2751 2934 2808 est,
2979 2743 3109 2814 quia
3130 2741 3309 2798 vident
3348 2741 3574 2811 populos

1997 2838 2192 2892 multas
2233 2843 2289 2892 et
2328 2835 2745 2896 innumerabiles
2794 2836 2974 2894 turbas
3030 2835 3231 2890 nomini
3282 2834 3398 2904 ejus
3453 2847 3576 2890 esse

1996 2930 2258 2998 subiectas
2284 2948 2295 2985 :
2325 2938 2380 2986 ut
2408 2945 2473 2984 ex
2508 2944 2574 2984 co
2597 2929 2703 2983 illis
2729 2930 2968 2990 videatur
2994 2928 3239 2986 Christus
3259 2929 3572 3000 phantasma

1996 3035 2134 3086 esse,
2158 3021 2280 3090 quia
2306 3036 2464 3090 super
2486 3035 2630 3074 mare
2650 3020 2982 3086 ambulabat;
3002 3020 3054 3075 id
3075 3029 3174 3086 est,
3197 3021 3316 3076 ideo
3333 3019 3576 3078 videatur

1997 3119 2208 3174 mentiri
2248 3119 2302 3172 in
2344 3117 2754 3172 comminatione
2801 3130 3100 3186 pinnarum,
3136 3116 3258 3186 quia
3283 3114 3435 3186 quasi
3468 3128 3578 3170 non

1995 3219 2170 3280 potest
2199 3210 2422 3279 perdere
2470 3218 2573 3264 tam
2623 3210 3035 3265 innumerabiles
3080 3208 3326 3279 populos,
3355 3211 3443 3279 qui
3480 3222 3579 3263 no-

1995 3303 2123 3356 mini
2148 3302 2262 3369 cjus
2286 3309 2340 3356 et
2367 3302 2556 3370 honori
2580 3302 2803 3372 subjecti
2829 3311 2969 3356 sunt.
3009 3302 3114 3358 Sed
3144 3301 3359 3357 audiant
3385 3300 3572 3357 dicen-

1995 3402 2124 3458 tem,
2156 3393 2266 3464 Ego
2294 3411 2424 3448 sum.
2455 3393 2544 3449 lili-
2564 3409 2690 3464 ergo
2722 3409 2829 3452 non
2855 3395 3094 3461 timeant,
3123 3394 3216 3464 qui
3245 3408 3489 3450 veracem
3518 3393 3575 3450 in

1995 3485 2242 3540 omnibus
2287 3481 2555 3545 Christum
2609 3485 2910 3550 credentes,
2957 3499 3065 3540 non
3103 3485 3274 3542 solum
3329 3485 3382 3540 id
3435 3483 3576 3554 quod

1995 3576 2240 3644 promisit
2267 3584 2538 3645 appetunt,
2595 3575 2688 3632 sed
2716 3575 2876 3630 etiam
2921 3574 3128 3644 fugiunt
3168 3575 3310 3644 quod
3344 3576 3577 3636 minatus

1996 3673 2079 3722 est
2105 3684 2116 3718 :
2150 3665 2272 3735 quia
2296 3666 2502 3720 etiamsi
2543 3681 2702 3736 super
2735 3681 2882 3722 mare
2907 3666 3162 3730 ambulat,
3190 3666 3240 3721 id
3267 3676 3370 3731 est,
3398 3667 3576 3722 omnia

1995 3773 2188 3830 genera
2219 3757 2491 3816 hominum
2540 3757 2594 3812 in
2643 3757 2744 3816 isto
2787 3758 2986 3812 smequ
3032 3758 3315 3814 constituta
3344 3758 3421 3812 illi
3449 3758 3576 3814 sub-

1991 3849 2133 3920 jecta
2178 3858 2329 3916 sunt;
2369 3859 2547 3906 tamen
2598 3866 2705 3906 non
2748 3859 2830 3906 est
2868 3851 3198 3920 phantasma,
3230 3857 3284 3905 et
3321 3849 3442 3905 ideo
3469 3864 3577 3907 non

1995 3941 2248 3996 mentitur
2272 3957 2392 3998 cum
2415 3940 2565 4006 dicit,
2586 3940 2640 3995 Ν
2644 3958 2708 3994 an
2729 3942 2892 3998 omnis
2917 3941 3003 4012 qui
3022 3941 3146 3996 mihi
3161 3940 3282 3995 dicit
3299 3981 3315 4008 ,
3339 3939 3575 4010 Domine,

1995 4033 2231 4100 Domine,
2284 4033 2491 4089 intrabit
2536 4034 2589 4092 in
2636 4050 2848 4105 regnum
2896 4033 3136 4092 calorum
3168 4030 3395 4105 (litvn,
3421 4032 3538 4106 21).

2067 4124 2291 4184 CAPUT
2327 4126 2595 4184 [xw-10.
2618 4126 2799 4182 Petrus
2818 4127 3080 4182 ambulans
3093 4144 3246 4197 super
3260 4144 3414 4184 mare.
3438 4127 3577 4195 Quid

1997 4232 2124 4288 ergo
2149 4217 2406 4289 signiticet
2447 4218 2604 4273 etiam
2647 4217 2786 4288 quod
2814 4218 3005 4274 Petrus
3032 4233 3194 4274 ausus
3221 4226 3302 4276 est
3331 4219 3398 4274 ad
3424 4219 3572 4274 illum

1996 4308 2178 4364 venire
2231 4323 2388 4379 super
2434 4309 2632 4380 aquas?
2680 4309 2862 4368 Gestat
2904 4310 3045 4366 enim
3095 4309 3284 4366 Petrus
3321 4311 3577 4368 Ecclesia

1997 4400 2308 4470 plerumque
2333 4416 2635 4472 personam.
2673 4401 2809 4468 Quid
2839 4417 2966 4472 ergo
3009 4401 3150 4458 aliud
3178 4401 3378 4461 dictum
3418 4411 3576 4473 puta-

1995 4505 2132 4558 mus,
2179 4490 2414 4560 Domine,
2467 4493 2510 4546 si
2563 4504 2617 4546 tu
2641 4509 2713 4559 es,
2750 4492 2879 4564 jube
2904 4511 2982 4548 me
3023 4495 3191 4552 min
3233 4495 3300 4548 ad
3349 4505 3397 4550 te
3420 4511 3578 4564 super

1997 4599 2153 4653 aquas
2177 4599 2197 4639 :
2224 4584 2344 4652 nisi,
2376 4585 2616 4650 Domine,
2645 4587 2690 4641 si
2721 4597 2773 4642 tu
2799 4603 2960 4644 verax
2982 4603 3061 4656 θ,
3092 4596 3147 4645 et
3171 4589 3226 4646 in
3252 4589 3399 4644 nullo
3426 4603 3580 4644 men.

1997 4673 2135 4741 tiris,
2181 4674 2497 4733 clarificetur
2533 4677 2689 4736 etiam
2721 4677 2956 4733 Ecclesia
2998 4687 3087 4734 tua
3127 4679 3181 4733 in
3218 4678 3318 4734 isto
3352 4678 3568 4742 saeculo,

1997 4766 2119 4837 quia
2148 4765 2250 4822 hoc
2287 4767 2353 4822 de
2391 4775 2443 4822 te
2478 4767 2752 4838 prophetia
2792 4768 3131 4838 praedicavit?
3161 4768 3410 4824 Ambulet
3447 4781 3576 4838 ergo

1997 4874 2156 4928 super
2201 4874 2384 4930 aquas,
2415 4869 2470 4919 et
2495 4861 2572 4915 sic
2614 4859 2680 4917 ad
2710 4870 2760 4917 te
2786 4862 2966 4917 veniat
2995 4862 3081 4916 illa
3121 4862 3205 4916 cui
3235 4861 3434 4917 dictum
3471 4869 3574 4927 est,

2006 4948 2208 5003 Vultum
2259 4958 2396 5004 tuum
2427 4950 2826 5020 deprecabuntur
2853 4952 3028 5008 divites
3053 4951 3208 5022 plebis
3236 4951 3403 5022 (Psal.
3428 4968 3575 5017 ων,

1999 5041 2113 5112 15).
2137 5040 2244 5096 Sed
2265 5042 2511 5111 quoniam
2540 5043 2821 5100 Dominum
2854 5044 2971 5100 laus
2991 5043 3221 5102 humana
3249 5059 3356 5099 non
3380 5051 3574 5112 tentat,

1999 5134 2242 5190 homines
2271 5143 2447 5192 autem
2473 5150 2613 5206 saepe
2640 5136 2692 5194 in
2723 5137 2958 5192 Ecclesia
2988 5136 3234 5196 humanis
3254 5135 3500 5192 laudibus
3524 5142 3580 5196 et

2002 5226 2295 5288 honoribus
2336 5229 2730 5299 perturbantur,
2783 5239 2834 5286 et
2881 5244 3044 5299 prope
3086 5238 3423 5300 merguntur;
3455 5229 3613 5285 ideo.

1999 5318 2190 5374 Petrus
2215 5318 2499 5388 trepidavit
2538 5319 2592 5374 in
2635 5321 2786 5385 mari,
2839 5335 3082 5390 magnam
3110 5320 3215 5376 vim
3245 5321 3580 5392 tempestatis
3642 5306 3647 5310 ’
3679 5395 3682 5398 π

2001 5409 2312 5467 exhorrens.
2351 5410 2479 5478 Quis
2509 5410 2650 5466 enim
2683 5425 2788 5466 non
2837 5411 2988 5468 timet
3034 5411 3179 5466 illam
3205 5427 3392 5470 vocem
3429 5430 3443 5467 :
3478 5412 3582 5478 Qui

2002 5519 2088 5557 vos
2113 5503 2280 5572 felices
2306 5503 2498 5570 dicunt,
2529 5503 2583 5557 in
2608 5519 2824 5558 errorem
2850 5519 2935 5558 vos
2959 5506 3182 5574 mittunt,
3211 5515 3259 5560 et
3282 5510 3580 5560 conturbant
3648 5498 3663 5533 ’·

2001 5595 2202 5651 semitas
2233 5593 2416 5664 pedum
2441 5601 2714 5648 uestrorum
2741 5593 2990 5666 (Isai.m,
3011 5595 3142 5666 ηρ
3175 5596 3239 5651 Et
3266 5597 3388 5671 quia
3409 5596 3576 5651 lueta-

2002 5695 2090 5743 tur
2111 5686 2318 5741 animus
2345 5684 2598 5740 adversus
2612 5687 3094 5758 concupiscentiam
3111 5687 3282 5743 laudis
3309 5688 3576 5754 humanae,

2002 5780 2203 5836 bonum
2231 5787 2314 5834 est
2349 5778 2402 5833 in
2430 5777 2520 5832 tali
2551 5778 2788 5846 periculo
2811 5780 2880 5835 ad
2907 5781 3200 5836 orationem
3235 5789 3289 5835 et
3314 5780 3574 5847 depreca-

2003 5869 2204 5925 tionem
2257 5874 2593 5924 convertatur
2623 5884 2639 5929 :
2667 5884 2736 5927 ne
2786 5869 2923 5931 forte
2971 5871 3060 5942 qui
3088 5869 3242 5927 laude
3290 5869 3561 5929 mulcetur.
