4032 6332
382 4965 402 5012 ’t

434 324 538 384 679

435 436 823 511 vituperatione
881 430 1165 488 subruatur
1219 432 1378 495 atque
1430 423 1740 511 mergatur.
1765 411 1823 466 in
1881 405 2019 511 unda

436 504 698 592 exclamet
741 525 971 584 titubans
1021 523 1231 588 Petrus,
1273 527 1326 574 et
1373 516 1534 582 dicat,
1592 509 1828 573 Domine,
1884 504 2025 560 salva

435 643 533 682 me.
585 622 812 692 Porrigit
852 618 995 674 enim
1043 614 1297 670 Dominus
1336 623 1553 666 manum
1608 623 1621 659 :
1676 611 1732 660 et
1783 596 2024 672 quamvis

435 721 712 789 increpet,
763 714 983 777 dicens,
1038 708 1258 764 Modica:
1314 705 1455 775 ﬁdei,
1508 699 1686 764 utquid
1743 692 2024 789 dubitasti?

436 783 602 883 quare
624 823 727 862 non
753 813 899 860 recto
929 803 1119 857 itinere
1141 799 1289 855 illum
1314 797 1526 852 intuens
1551 791 1617 848 ad
1643 803 1801 861 quem
1833 783 2021 883 tende-

433 874 547 966 bas,
579 898 792 954 nonnisi
825 897 878 951 in
917 893 1141 949 Domino
1170 890 1425 962 gloriatus
1451 884 1549 942 es?
1582 892 1758 938 tamen
1787 895 1817 933 a
1847 874 2021 931 ﬂucti-

432 996 535 1051 bus
573 993 730 1062 rapit,
779 997 834 1045 et
873 986 1212 1042 conﬁtentem
1263 980 1624 1036 inﬁrmitatem
1665 987 1816 1028 suam
1865 977 2023 1037 atque

432 1088 576 1143 illius
596 1084 851 1140 auxilium
881 1080 1264 1151 postulantem,
1286 1073 1463 1145 perire
1482 1086 1589 1126 non
1619 1067 1763 1122 sinit.
1787 1064 2022 1130 Recepto

434 1190 611 1238 autem
644 1177 868 1232 Domino
908 1175 961 1229 in
995 1172 1134 1239 navi,
1180 1168 1492 1225 conﬁrmata
1543 1163 1648 1219 ﬁde
1692 1169 1850 1230 atque
1875 1155 2022 1212 omni

435 1271 765 1329 dubitatione
797 1267 1023 1332 sublata,
1060 1262 1366 1332 sedatisque
1394 1253 1800 1327 tempestatibus
1836 1247 2019 1314 maris,

433 1375 492 1421 ut
513 1365 622 1436 jam
649 1362 714 1417 ad
747 1371 901 1416 terrae
927 1356 1266 1413 stabilitatem
1295 1349 1740 1417 securitatemque
1756 1342 2018 1436 veniatur,

435 1435 659 1512 adorant
675 1467 860 1506 omnes
885 1450 1146 1513 dicentes,
1178 1444 1305 1500 Vere
1322 1442 1492 1497 Filius
1520 1439 1617 1493 Dei
1637 1455 1687 1492 es
1707 1445 1781 1490 tu.
1802 1435 1914 1488 Hoc
1941 1440 2024 1487 est

435 1547 580 1604 enim
605 1543 850 1616 gaudium
873 1540 1280 1611 sempiternum,
1301 1549 1405 1606 quo
1425 1533 1703 1604 perspicua
1729 1527 1946 1592 veritas,
1969 1531 2024 1580 ct

436 1638 670 1693 Verbum
688 1635 800 1703 Dei,
816 1643 870 1690 et
885 1631 1150 1703 Sapientia
1169 1645 1264 1700 per
1281 1642 1439 1700 quam
1459 1625 1595 1681 facta
1615 1629 1738 1678 sunt
1755 1620 1952 1684 omnia,
1969 1625 2024 1672 et

439 1731 729 1790 eminentia
747 1725 1126 1785 misericordiae
1143 1725 1277 1794 ejus,
1297 1731 1352 1779 et
1372 1718 1706 1792 cognoscitur
1722 1723 1776 1772 et
1793 1719 2020 1770 amatur.

897 1840 1121 1898 SERMO
1157 1837 1373 1894 LXXVI
1398 1839 1417 1860 ⁶
1462 1834 1560 1908 (a).
1629 1853 1634 1858 ’

436 1959 637 2016 Rursus
658 1957 711 2010 in
737 1954 970 2009 Matthoei
999 1971 1115 2024 cap.
1143 1968 1252 2018 xiv,
1281 1950 1467 2016 24-55,
1499 1948 1560 2003 de
1599 1945 1824 2003 Domino
1843 1943 2023 1998 ambu-

511 2050 648 2104 lante
668 2064 820 2119 super
845 2063 1002 2116 aquas
1024 2046 1197 2112 maris,
1228 2055 1274 2099 et
1301 2043 1363 2097 de
1393 2042 1549 2097 Petro
1584 2040 1830 2095 titubante
1851 2035 1949 2110 (b).

509 2163 733 2220 CAPUT
772 2160 1147 2218 PR1MUM.-—-
1199 2160 1251 2213 1.
1304 2156 1480 2224 Mare,
1538 2155 1794 2210 saeculum.
1840 2149 2025 2205 Petrus

444 2257 686 2312 Ecclesia:
734 2267 904 2326 typus.
952 2253 1296 2324 Evangelium
1350 2249 1490 2321 quod
1520 2247 1886 2305 recentissime
1938 2261 2026 2301 re-

446 2349 669 2405 citatum
715 2355 798 2402 est
864 2347 932 2402 de
976 2345 1201 2400 Domino
1244 2342 1479 2408 Christo,
1529 2341 1619 2412 qui
1657 2354 1816 2410 super
1862 2352 2026 2411 aquas

441 2443 605 2498 maris
671 2439 985 2503 ambulavit;
1033 2446 1089 2493 et
1157 2437 1225 2492 de
1268 2435 1510 2506 apostolo
1557 2433 1735 2498 Petro,
1782 2431 1872 2502 qui
1915 2444 2029 2485 am-

443 2535 634 2590 bulans
662 2531 896 2588 timendo
937 2529 1201 2594 titubavit,
1247 2537 1301 2584 et
1324 2525 1612 2582 dilﬁdendo
1641 2537 1868 2590 mersus,
1897 2537 2029 2577 con-

443 2624 645 2682 ﬁtendo
671 2639 855 2679 rursus
877 2622 1130 2688 emersit;
1159 2619 1412 2675 admonet
1437 2631 1535 2672 nos
1559 2615 1856 2686 intelligere
1881 2628 2028 2669 mare

440 2730 678 2788 praesens
704 2714 954 2770 saeculum
974 2727 1114 2777 esse,
1132 2712 1347 2767 Petrum
1369 2724 1497 2765 vero
1516 2708 1816 2779 apostolum
1838 2706 2026 2761 Eccle-

442 2810 536 2864 sizn
575 2809 744 2862 unica:
772 2816 973 2877 typum.
1007 2804 1124 2874 Ipse
1155 2803 1297 2859 enim
1344 2801 1536 2859 Petrus
1574 2801 1627 2854 in
1655 2798 2028 2870 Apostolorum

443 2901 632 2956 ordine
658 2899 879 2970 primus,
912 2898 964 2952 in
991 2894 1186 2950 Christi
1208 2909 1390 2950 amore
1411 2891 1858 2964 promptissimus,
1888 2903 2030 2959 smpe

443 3008 582 3048 unus
598 2989 883 3062 respondet
900 3004 994 3060 pro
1011 2988 1280 3042 omnibus.
1295 2987 1414 3058 Ipse
1428 2985 1656 3056 denique
1669 2984 1894 3038 Domino
1904 2981 2029 3038 Jesu

445 3083 661 3139 Christo
701 3081 1024 3152 requirente,
1049 3093 1334 3150 quemnam
1378 3078 1623 3132 homines
1649 3075 1887 3131 dicerent
1908 3089 2030 3129 eum

445 3191 586 3242 esse,
620 3185 675 3230 et
695 3174 973 3245 Opiniones
1001 3172 1174 3227 varias
1202 3171 1475 3226 hominum
1503 3168 1779 3239 discipulis
1806 3182 2031 3237 respon-

447 3270 720 3335 dentibus,
745 3282 1036 3337 rursusque
1076 3265 1302 3320 Domino
1335 3264 1695 3332 interrogante
1725 3269 1779 3317 et
1801 3260 2030 3326 dicente,

457 3360 558 3415 Vos
577 3371 743 3415 autem
770 3377 916 3432 quem
943 3376 1023 3413 me
1047 3375 1154 3413 esse
1176 3357 1382 3412 dicitis?
1408 3355 1685 3424 respondit
1720 3355 1927 3420 Petrus,
1955 3353 2033 3407 Tu

451 3470 503 3508 es
531 3452 758 3508 Christus
797 3451 964 3506 Filius
993 3449 1088 3504 Dei
1116 3449 1232 3503 viui.
1259 3447 1409 3504 Unus
1432 3461 1526 3516 pro
1561 3445 1745 3500 multis
1779 3444 1924 3500 dedit
1943 3460 2032 3500 re-

454 3559 736 3615 sponsum,
783 3542 960 3597 unitas
990 3542 1043 3596 in
1091 3540 1292 3595 multis.
1342 3539 1491 3594 Tunc
1525 3539 1574 3594 ci
1616 3538 1869 3593 Dominus
1913 3537 2032 3592 ait:

452 3635 640 3692 Beatus
667 3652 738 3701 es,
796 3634 976 3690 Simon
1024 3631 1323 3699 Bar-Jona,
1373 3632 1490 3702 quia
1532 3648 1633 3685 non
1675 3631 1906 3685 reuelauit
1949 3630 2038 3684 tibi

451 3746 569 3784 caro
588 3739 636 3782 et
663 3728 889 3800 sanguis,
920 3726 1006 3780 sed
1032 3724 1190 3779 Pater
1214 3741 1354 3778 meus
1374 3725 1457 3794 qui
1476 3724 1618 3778 estin
1655 3721 1811 3777 caelis.
1839 3721 2038 3776 Deinde

451 3821 653 3876 addidit
681 3838 692 3872 :
726 3819 792 3873 Et
821 3836 910 3890 ego
942 3818 1056 3872 dico
1088 3817 1196 3871 tibi.
1232 3815 1506 3886 Tanquam
1536 3815 1738 3872 diceret
1774 3814 1945 3881 :Quia
1983 3821 2038 3868 tu

452 3913 631 3968 dixisti
668 3911 821 3976 mihi,
873 3909 949 3963 Tu
993 3925 1045 3963 es
1082 3908 1312 3964 Christus
1362 3907 1530 3963 Filius
1573 3907 1669 3961 Dei
1698 3907 1796 3961 vivi
1828 3923 1846 3961 :
1874 3915 1922 3960 et
1949 3922 2040 3978 ego

453 4004 567 4057 dico
595 4001 702 4067 tibi,
747 3999 827 4054 Tu
856 4017 908 4055 es
938 3999 1144 4055 Petrus.
1187 3999 1373 4054 Simon
1403 3999 1600 4069 quippe
1625 4005 1781 4052 antea
1807 3998 2040 4052 vocaba-

457 4103 565 4148 tur.
602 4092 716 4147 Hoc
753 4098 928 4145 autem
952 4091 1002 4144 ei
1030 4104 1248 4156 nomen,
1295 4098 1355 4143 ut
1376 4089 1566 4143 Petrus
1592 4088 1971 4158 appellaretur,
2011 4104 2041 4142 a

455 4183 682 4239 Domino
712 4181 1015 4251 impositum
1043 4189 1126 4235 est
1157 4197 1169 4233 :
1200 4189 1256 4235 et
1280 4179 1383 4234 hoc
1410 4180 1463 4234 in
1491 4193 1554 4234 ea
1575 4178 1766 4250 ﬁgura,
1789 4188 1848 4234 ut
1876 4179 2042 4250 signi-

455 4274 638 4330 ﬁcaret
678 4271 990 4328 Ecclesiam.
1015 4270 1147 4338 Quia
1187 4270 1331 4325 enim
1365 4269 1612 4326 Christus
1657 4280 1825 4340 petra,
1855 4270 2043 4325 Petrus

455 4365 681 4436 populus
723 4363 1063 4418 christianus.
1118 4361 1274 4417 Petra
1319 4361 1462 4416 enim
1525 4361 1816 4431 principale
1845 4375 2042 4416 nomen

453 4467 557 4515 est.
585 4457 709 4512 Ideo
739 4457 926 4512 Petru‘s
945 4471 975 4509 a
995 4464 1166 4526 petra,
1198 4470 1302 4510 non
1329 4463 1477 4526 petra
1502 4469 1531 4509 a
1559 4455 1750 4510 Petro:
1775 4454 2044 4526 quomodo

455 4566 563 4607 non
589 4567 619 4605 a
645 4551 940 4606 christiano
977 4549 1241 4616 Christus,
1275 4549 1368 4605 sed
1411 4564 1441 4602 a
1479 4548 1693 4604 Christo
1720 4549 2044 4604 christianos

455 4655 696 4701 vocatur.
753 4643 828 4698 Tu
868 4661 918 4697 es
967 4659 1114 4713 ergo,
1147 4640 1334 4712 inquit,
1374 4641 1596 4707 Petrus;
1641 4652 1688 4696 et
1735 4659 1886 4712 super
1912 4645 2043 4696 hanc

457 4749 651 4811 petram
693 4753 851 4808 quam
893 4736 1168 4792 confessus
1195 4751 1276 4801 es,
1323 4751 1476 4805 super
1504 4736 1634 4789 hanc
1664 4743 1858 4806 petram
1883 4749 2042 4805 quam

455 4829 770 4900 cognovisti,
793 4828 995 4892 dicens,
1024 4826 1099 4880 Tu
1127 4843 1178 4880 es
1203 4825 1432 4884 Christus
1462 4825 1628 4880 Filius
1653 4825 1750 4880 Dei
1779 4828 1894 4894 vivi,
1917 4827 2044 4882 aedi-

379 4939 403 4990 ;
456 4921 618 4989 ﬁcabo
660 4918 943 4973 Ecclesiam
981 4935 1142 4971 meam
1181 4916 1390 4989 (Matth.
1430 4933 1545 4981 xvi,
1587 4918 1774 4990 13-18)
1810 4937 1821 4971 :
1855 4918 1908 4972 id
1938 4927 2040 4984 est,

399 5023 406 5082 χ
458 5011 630 5082 Super
657 5026 742 5067 me
793 5011 969 5081 ipsum
1012 5009 1203 5064 Filium
1254 5009 1346 5063 Dei
1381 5008 1510 5074 vivi,
1559 5008 1831 5064 aediﬁcabo
1859 5010 2046 5067 Eccle-

396 5149 404 5172 ἴ

400 5181 406 5204 l

395 5224 406 5308 ξ

385 5353 403 5461 i

397 5094 408 5172 ξ
457 5102 595 5159 siam
617 5118 811 5158 meam.
841 5101 1016 5173 Super
1039 5115 1126 5155 me
1151 5099 1427 5155 aediﬁcabo
1449 5110 1522 5167 te,
1554 5115 1656 5154 non
1675 5117 1762 5156 me
1785 5117 1947 5172 super
1967 5114 2040 5158 te.

529 5192 758 5249 CAPUT
797 5193 861 5248 ll.
893 5223 964 5233 —
995 5192 1050 5244 2.
1083 5191 1310 5245 Ecclesia
1358 5207 1459 5245 non
1493 5207 1645 5262 super
1686 5192 1929 5258 homines,
1958 5194 2046 5248 sed

393 5282 405 5355 ξ
460 5300 615 5355 super
671 5283 924 5338 Christum
977 5284 1248 5353 wdiﬁcata.
1308 5282 1438 5338 Nam
1502 5285 1738 5340 volentes
1793 5285 2046 5342 homines

464 5377 716 5433 aediﬁcari
755 5392 915 5447 super
945 5376 1208 5445 homines,
1242 5377 1491 5432 dicebant
1522 5396 1535 5431 :
1564 5376 1673 5448 Ego
1700 5379 1899 5448 quidem
1933 5396 2046 5435 sum

527 5537 827 5601 ‘_Correctus
848 5535 908 5584 ad
926 5543 1029 5601 tres
1062 5537 1146 5586 bu.
1188 5544 1240 5588 et
1273 5545 1476 5601 quatuor
1498 5537 1561 5588 cl.
1586 5537 1644 5587 ad
1667 5549 1713 5588 a.
1745 5539 1824 5589 cb.
1842 5539 1874 5588 f.
1902 5541 1950 5591 ﬂ.
1985 5541 2044 5592 fs.

465 5613 518 5662 ε.
539 5598 617 5662 ,lr.
642 5611 706 5662 ῳ.
725 5611 808 5662 ρι’.
836 5611 928 5647 rm.
954 5599 1032 5662 vd.
1081 5607 1181 5648 Am.
1207 5598 1406 5650 Ern—Par.
1432 5607 1541 5650 [λον.

527 5661 601 5783 (ag
624 5658 762 5720 Alias,
781 5659 844 5710 de
868 5661 1038 5711 verbis
1055 5663 1236 5712 Domini
1253 5664 1325 5713 15.

529 5720 580 5783 (b
639 5724 786 5783 Hujus
815 5726 1054 5775 sermonis
1097 5734 1325 5783 excerpta

466 5720 602 5836 et(lg;
639 5724 786 5786 Hujus
815 5726 1054 5775 sermonis
1097 5734 1330 5787 excerpta
1357 5725 1515 5778 refert
1544 5725 1712 5779 Florus
1748 5729 1808 5780 ad
1840 5737 1857 5780 1
1897 5737 2002 5782 Cor.
2034 5748 2052 5783 ι

1677 298 1734 354 S.
1773 285 2138 352 AUGUSTINl
2170 288 2472 349 EPISCOPI

3607 291 3719 352 480

2134 401 2318 472 Pauli,
2345 423 2435 477 ego
2481 414 2650 462 autem
2688 405 2894 480 Apollo,
2922 425 3012 482 ego
3052 425 3167 465 uero
3213 407 3419 480 (Iephte,
3466 409 3584 480 ipse
3628 420 3722 468 est

2132 497 2337 557 Petrus.
2383 501 2453 557 Et
2481 502 2569 556 alii
2599 503 2688 573 qui
2710 505 2964 561 nolebant
2991 504 3246 560 aediﬁcari
3290 521 3451 577 super
3474 507 3714 574 Petrum,

2129 595 2223 650 sed
2257 610 2418 666 super
2444 606 2669 666 petram,
2717 597 2830 670 Ego
2864 607 3030 653 autem
3055 617 3166 654 sum
3192 599 3397 654 Christi.
3428 602 3718 671 Apostolus

2129 696 2304 742 autem
2335 688 2528 744 Paulus
2555 689 2643 744 ubi
2667 690 2920 762 cognovit
2941 705 3000 745 se
3026 691 3170 762 eligi,
3200 699 3256 746 et
3279 690 3546 747 Christum
3580 707 3716 748 con-

2129 782 2294 836 temni
2323 799 2336 836 :
2373 781 2574 837 Divisus
2597 792 2690 851 est,
2720 784 2909 854 inquit,
2929 783 3198 839 Christus?
3225 784 3493 858 Numquid
3520 785 3719 840 Paulus

2130 891 2222 945 pro
2250 875 2385 929 uobis
2422 875 2695 944 cruciﬁxus
2719 877 2833 930 est?
2871 884 2962 930 aut
2988 876 3043 930 in
3065 877 3266 932 nomine
3295 877 3451 931 Pauli
3477 877 3720 949 baptizati

2129 968 2244 1021 estis
2266 966 2307 1037 (l
2329 967 2446 1022 Cor.
2480 984 2517 1034 ι,
2543 967 2630 1033 12,
2650 968 2779 1048 1ξ5)⁴ἒ
2801 967 3080 1035 Quomodo
3104 984 3212 1026 non
3239 970 3294 1024 in
3319 970 3493 1037 Pauli,
3517 971 3594 1025 sic
3617 985 3721 1026 nec

2128 1058 2181 1112 in
2210 1058 2384 1125 Petri;
2413 1059 2507 1114 sed
2534 1059 2586 1113 in
2609 1061 2821 1115 nomine
2846 1060 3044 1116 Christi
3079 1079 3092 1114 :
3119 1069 3180 1116 ut
3203 1061 3393 1117 Petrus
3417 1061 3720 1117 aediﬁcare-

2127 1158 2214 1206 tur
2231 1150 2393 1222 super
2417 1162 2645 1222 petram,
2672 1168 2778 1209 non
2805 1161 2954 1225 petra
2983 1169 3143 1224 super
3167 1155 3404 1211 Petrum.

2199 1246 2252 1301 5.
2299 1245 2482 1302 Petrus
2532 1247 2694 1317 primo
2741 1247 2914 1302 beatus
2937 1290 2954 1316 ,
2984 1257 3031 1303 et
3085 1265 3205 1304 moa:
3271 1260 3476 1306 satanas
3527 1249 3720 1303 dictus.

2128 1336 2272 1394 Idem
2315 1354 2442 1410 ergo
2483 1339 2672 1395 Petrus
2700 1354 2731 1394 a
2760 1349 2910 1411 petra
2939 1341 3348 1413 cognominatus
3376 1341 3584 1408 beatus,
3613 1340 3726 1396 Ec-

2127 1431 2305 1487 clesiae
2334 1431 2557 1504 ﬁguram
2603 1441 2844 1504 portans,
2874 1435 3202 1505 apostolatus
3238 1435 3595 1507 principatum
3628 1442 3721 1489 te-

2124 1540 2282 1601 pens,
2307 1525 2564 1582 continuo
2587 1535 2711 1599 post
2742 1527 3014 1598 paululum
3035 1527 3148 1598 jam
3163 1527 3344 1582 audito
3371 1527 3514 1597 quod
3529 1526 3725 1582 beatus

2127 1627 2289 1684 esset,
2314 1618 2424 1688 jam
2450 1619 2631 1674 audito
2654 1619 2795 1690 quod
2817 1620 3007 1675 Petrus
3031 1627 3194 1688 esset,
3221 1619 3332 1690 jam
3360 1617 3542 1674 audito
3568 1617 3722 1688 quod

2127 1725 2286 1781 supra
2317 1720 2522 1780 petram
2539 1711 2883 1768 aediﬁcandus
2911 1713 3117 1779 esset’,
3144 1719 3490 1782 posteaquam
3513 1709 3727 1765 audivit

2127 1801 2358 1858 futuram
2389 1803 2597 1858 Domini
2629 1804 2952 1874 passionem,
2980 1803 3101 1874 quia
3119 1802 3440 1873 praedixerat
3463 1816 3584 1859 eam
3606 1801 3724 1858 cito

2126 1893 2360 1950 futuram
2391 1895 2663 1966 discipulis
2689 1896 2822 1962 suis,
2868 1895 3136 1966 displicuit
3169 1896 3241 1951 ei.
3273 1895 3474 1950 Timuit
3503 1909 3572 1950 ne
3594 1908 3730 1965 per-

2127 1987 2279 2044 deret
2302 1991 2641 2058 morientem,
2667 2004 2825 2060 quem
2849 1987 3128 2045 confessus
3147 1988 3319 2044 fuerat
3346 1988 3468 2043 vita:
3487 1986 3726 2042 fontem.

2129 2081 2394 2137 Turbatus
2439 2083 2541 2149 est,
2571 2082 2756 2138 dicens
2799 2099 2810 2135 :
2859 2081 2999 2136 Absit
3047 2098 3080 2134 a
3129 2090 3196 2147 te,
3249 2079 3439 2151 inquit,
3468 2079 3728 2146 Domine;

2129 2191 2230 2230 non
2279 2176 2365 2244 ﬁet
2415 2176 2570 2230 istud.
2612 2175 2881 2246 Propitius
2929 2182 3047 2230 esto
3093 2173 3222 2242 tibi,
3267 2173 3442 2240 Deus;
3489 2173 3616 2230 nolo
3669 2180 3732 2230 te

2129 2269 2288 2324 mori.
2340 2268 2529 2324 Petrus
2579 2267 2789 2324 dicebat
2833 2267 3065 2333 Christo,
3113 2266 3251 2322 Nolo
3296 2275 3350 2322 te
3395 2266 3565 2332 mori;
3625 2264 3731 2321 sed

2129 2363 2320 2419 melius
2373 2363 2583 2419 dicebat
2637 2361 2916 2428 Christus,
2975 2361 3108 2416 Volo
3163 2375 3261 2431 pro
3311 2368 3364 2416 te
3402 2359 3563 2416 mori.
3610 2359 3730 2433 De-

2131 2457 2292 2529 nique
2318 2458 2570 2513 continuo
2603 2455 2966 2527 reprehendit,
3001 2470 3161 2526 quem
3188 2453 3349 2526 paulo
3377 2461 3501 2511 ante
3529 2452 3730 2509 lauda-

2131 2558 2314 2614 verat;
2364 2557 2420 2604 ct
2470 2564 2628 2620 quem
2657 2549 2870 2604 beatum
2900 2547 3131 2612 dixerat,
3176 2555 3419 2602 satanam
3457 2546 3729 2617 appellat.

2138 2639 2284 2706 Redi,
2315 2640 2503 2710 inquit,
2533 2649 2646 2710 post
2666 2656 2766 2706 me,
2795 2648 3015 2702 satana;
3041 2637 3341 2692 scandalum
3360 2637 3485 2691 mihi
3504 2653 3556 2692 es
3577 2653 3597 2692 :
3619 2653 3732 2692 non

2133 2733 2267 2786 enim
2290 2733 2430 2802 sapis
2454 2747 2569 2804 qua:
2585 2729 2679 2786 Dei
2699 2741 2834 2798 sunt,
2853 2731 2942 2787 sed
2963 2748 3078 2802 qua:
3097 2739 3212 2786 sunt
3232 2731 3491 2785 hominum
3507 2729 3731 2802 (Matth.

2134 2839 2242 2891 xvi,
2273 2823 2365 2889 22,
2405 2823 2520 2896 2'5).
2551 2823 2690 2892 Quid
2735 2837 2832 2879 nos
2860 2823 2976 2879 vult
3019 2823 3197 2879 facere
3233 2837 3299 2878 ex
3331 2822 3434 2878 hoc
3459 2822 3601 2893 quod
3640 2838 3738 2878 su-

2135 2932 2277 2984 mus,
2323 2917 2415 2988 qui
2471 2919 2549 2974 sic
2592 2917 2772 2987 culpat
2799 2917 2940 2987 quod
2993 2916 3240 2972 homines
3289 2916 3512 2974 sumus?
3552 2915 3737 2972 vultis

2136 3009 2273 3064 scire
2301 3008 2426 3078 quid
2479 3023 2577 3063 nos
2609 3008 2736 3063 velit
2777 3009 2989 3064 facere?
3033 3007 3231 3063 Audite
3264 3008 3536 3063 Psalmum
3569 3025 3582 3060 :
3612 3007 3737 3080 Ego

2138 3099 2263 3165 dixi,
2288 3097 2379 3154 Dii
2407 3100 2544 3166 estis,
2573 3110 2618 3153 et
2658 3099 2755 3170 ﬁlii
2783 3099 2990 3154 Excelsi
3019 3115 3212 3155 omnes.
3245 3098 3351 3156 Sed
3376 3099 3608 3156 humana
3644 3115 3739 3155 sa-

2138 3192 2334 3263 piendo
2368 3211 2380 3247 :
2422 3191 2523 3248 Vos
2569 3202 2737 3248 autem
2789 3194 2916 3248 sicut
2959 3194 3185 3248 homines
3229 3194 3515 3248 moriemini
3545 3193 3731 3264 (Psal.

2140 3303 2322 3352 Lxxxt,
2350 3287 2405 3352 6,
2436 3288 2518 3357 7).
2542 3285 2686 3342 Idem
2711 3288 2825 3358 ipse
2851 3287 3040 3342 Petrus
3071 3286 3228 3357 paulo
3251 3294 3376 3342 ante
3399 3287 3607 3354 beatus,
3633 3302 3738 3357 po-

2140 3388 2254 3436 stea
2285 3387 2520 3444 satanas,
2569 3379 2624 3433 in
2674 3389 2950 3434 momento
2994 3393 3122 3445 uno,
3172 3377 3308 3432 infra
3354 3393 3519 3451 pauca
3545 3377 3738 3433 verba.

2141 3469 2349 3526 Miraris
2399 3469 2755 3526 diﬁ'erentiam
2800 3470 3108 3537 nominum,
3139 3469 3468 3526 dilferentias
3514 3469 3741 3530 attende

2142 3579 2444 3620 causarum.
2473 3564 2610 3631 Quid
2638 3564 2868 3632 miraris,
2899 3564 3023 3635 quia
3055 3563 3214 3634 paulo
3242 3571 3368 3618 ante
3389 3562 3600 3629 beatus,
3629 3577 3740 3634 po.

2144 3666 2258 3714 stea
2306 3658 2555 3713 satanas?
2593 3656 2822 3712 Attende
2865 3670 3083 3711 causam
3137 3669 3304 3726 quare
3347 3654 3557 3710 beatus.
3601 3655 3744 3720 Quia

2146 3765 2248 3804 non
2300 3747 2387 3803 tibi
2435 3748 2669 3804 reuelauit
2697 3763 2816 3802 caro
2843 3757 2891 3802 et
2919 3748 3144 3820 sanguis,
3173 3747 3263 3803 sed
3297 3745 3452 3801 Pater
3479 3762 3620 3800 meus
3651 3747 3744 3817 qui

2146 3840 2201 3895 in
2225 3840 2362 3895 caelis
2387 3849 2478 3895 est.
2521 3838 2647 3895 Ideo
2673 3838 2881 3907 beatus,
2922 3839 3042 3909 quia
3065 3837 3155 3893 tibi
3183 3854 3284 3893 non
3314 3854 3432 3892 caro
3458 3846 3505 3892 et
3528 3839 3746 3908 sanguis

2147 3931 2400 3986 reuelauit.
2432 3929 2488 3986 Si
2514 3931 2657 3986 enim
2696 3944 2822 3985 caro
2845 3937 2900 3984 et
2937 3930 3150 4002 sanguis
3185 3927 3287 3985 hoc
3316 3929 3410 3985 tibi
3435 3929 3742 3996 revelaret;

2148 4022 2216 4080 de
2241 4032 2332 4079 tuo
2362 4042 2374 4078 :
2410 4024 2532 4094 quia
2561 4039 2688 4079 vero
2733 4039 2833 4078 non
2877 4040 2994 4078 caro
3024 4034 3070 4078 et
3115 4025 3322 4096 sanguis
3349 4024 3438 4079 tibi
3477 4025 3742 4090 reuelauit,

2148 4115 2238 4171 sed
2264 4113 2424 4170 Pater
2446 4131 2587 4169 nteus
2618 4116 2704 4185 qui
2722 4115 2778 4169 in
2811 4115 2946 4170 caelis
2974 4126 3079 4182 est;
3113 4115 3180 4170 de
3211 4129 3352 4181 meo,
3384 4129 3492 4170 non
3521 4114 3590 4171 de
3621 4124 3739 4171 tuo.

2149 4207 2325 4276 Quare
2373 4206 2442 4262 de
2483 4207 2639 4262 meo?
2687 4207 2818 4275 Quia
2860 4208 3030 4262 omnia
3072 4223 3186 4275 quae
3229 4208 3374 4263 habet
3400 4207 3582 4275 Pater,
3625 4225 3743 4262 mea

2150 4307 2266 4353 sunt
2292 4298 2469 4369 (Joan.
2498 4314 2611 4362 xvr,
2640 4296 2750 4370 15).
2772 4299 2910 4354 Ecce
2933 4297 3127 4354 audisti
3154 4313 3394 4366 causam,
3419 4313 3585 4370 quare
3609 4297 3744 4354 bea-

2151 4399 2259 4458 tus,
2282 4399 2338 4447 et
2360 4406 2524 4461 quare
2565 4391 2775 4447 Petrus.
2797 4391 2974 4458 Quare
3010 4399 3189 4446 autem
3219 4389 3352 4446 illud
3375 4390 3518 4461 quod
3549 4389 3745 4446 horre-

2151 4485 2370 4550 scimus,
2387 4493 2444 4540 et
2467 4492 2710 4555 repetere
2735 4482 3020 4538 nolumus?
3038 4482 3237 4550 Quare,
3255 4483 3358 4539 nisi
3378 4484 3498 4554 quia
3515 4482 3584 4538 de
3609 4483 3743 4539 tuo?

2154 4573 2278 4630 Non
2295 4575 2428 4629 enim
2449 4575 2588 4644 sapis
2609 4589 2721 4644 qua:
2740 4573 2839 4628 Dei
2863 4582 3003 4641 sunt,
3024 4574 3114 4629 sed
3141 4589 3254 4645 quae
3270 4585 3388 4630 sunt
3404 4575 3689 4630 hominum.

2221 4663 2449 4720 CAPUT
2487 4664 2576 4719 Ill.
2597 4693 2671 4706 —
2687 4665 2742 4720 4.
2770 4663 2836 4719 1η
2881 4663 3036 4720 Petro
3060 4665 3196 4734 ﬁrmi
3214 4676 3261 4721 et
3286 4667 3479 4737 inﬁrmi
3509 4667 3742 4738 ﬁgurati.

2153 4755 2267 4812 Hoc
2308 4756 2576 4811 intuentes
2623 4770 2722 4812 nos
2767 4755 3021 4812 Ecclesia:
3064 4758 3392 4827 membrum,
3463 4759 3744 4816 discerna-

2152 4862 2271 4903 mus
2289 4846 2416 4917 quid
2441 4847 2509 4902 de
2546 4847 2662 4914 Dei,
2691 4847 2816 4918 quid
2843 4847 2913 4904 de
2938 4857 3142 4905 nostro.
3171 4849 3320 4907 Tunc
3367 4851 3512 4907 enim
3539 4868 3646 4909 non
3682 4854 3744 4909 ti-

2151 4937 2476 5005 tubabimus,
2496 4947 2624 4995 tunc
2652 4939 2708 4994 in
2732 4948 2880 5010 petra
2922 4940 3284 5011 fundahimur,
3329 4945 3417 4999 ﬁxi
3446 4954 3501 5000 et
3525 4947 3747 5004 stabiles

2153 5029 2354 5084 erimus
2376 5029 2634 5086 adversus
2654 5038 2867 5098 ventos,
2896 5032 3115 5098 imbres,
3153 5033 3392 5103 ﬁumina,
3423 5039 3744 5096 tentationes

2151 5120 2398 5177 videlicet
2415 5123 2695 5194 praesentis
2715 5122 2917 5179 saeculi.
2939 5123 3091 5180 Illum
3112 5135 3287 5182 tamen
3305 5127 3481 5184 videte
3501 5129 3741 5196 Petrum,

2153 5214 2247 5286 qui
2273 5224 2396 5270 tunc
2418 5223 2532 5270 erat
2558 5215 2724 5287 ﬁgura
2750 5226 2931 5272 nostra
2959 5234 2972 5270 :
3002 5218 3164 5275 modo
3185 5219 3320 5289 ﬁdit,
3346 5221 3506 5278 modo
3524 5221 3739 5288 titubat;

2153 5307 2316 5364 modo
2357 5308 2710 5371 immortalem
2741 5310 3045 5379 conﬁtetur,
3093 5313 3255 5369 modo
3285 5315 3434 5372 timet
3455 5331 3523 5372 ne
3545 5317 3736 5372 moria-

2156 5409 2261 5457 tur.
2295 5401 2523 5457 Proinde
2547 5403 2670 5473 quia
2699 5403 2938 5460 Ecclesia
2963 5404 3160 5462 Christi
3180 5408 3340 5465 habet
3355 5409 3558 5478 ﬁrmos,
3582 5409 3740 5465 habet

2157 5502 2213 5550 et
2241 5493 2509 5559 inﬁrmos;
2541 5509 2643 5550 nec
2667 5495 2784 5551 sine
2814 5497 2980 5554 ﬁrmis
3006 5507 3181 5569 potest
3207 5515 3346 5567 esse,
3383 5517 3483 5557 nec
3507 5502 3623 5558 sine
3656 5503 3739 5557 in-

2158 5585 2324 5641 ﬁrmis
2354 5603 2367 5639 :
2395 5584 2536 5641 unde
2582 5586 2709 5642 dicit
2736 5587 2930 5645 Paulus
2958 5592 3247 5661 apostolus,
3290 5591 3540 5649 Debemus
3576 5603 3740 5648 autem

2157 5695 2250 5736 nos
2278 5679 2433 5748 ﬁrmi,
2461 5679 2783 5748 inﬁrmorum
2806 5699 2959 5740 onera
2979 5685 3223 5741 sustinere
3249 5685 3424 5760 (Rom.
3439 5701 3532 5757 xv,
3566 5686 3656 5758 1);
3684 5689 3739 5748 in

2161 5809 2166 5813 ν
2200 5792 2242 5847 ,ι
2266 5799 2393 5853 Mss,
2415 5788 2686 5856 ωάίβεαιιιε
2705 5799 2792 5846 est.
