4032 6332
359 316 469 377 481

361 454 433 497 eo
469 437 612 511 quod
652 436 785 495 dixit
811 436 1021 505 Petrus,
1045 434 1125 494 Tu
1178 454 1231 495 es
1253 437 1481 495 Christus
1520 437 1688 494 Filius
1718 436 1816 494 Dei
1833 436 1950 506 vivi,

361 530 549 586 ﬁrmos
568 530 864 603 signiﬁcat;
888 530 942 586 in
962 545 1026 587 eo
1051 539 1226 587 autem
1249 531 1390 601 quod
1413 531 1637 602 trepidat
1666 538 1719 587 et
1736 530 1951 601 titubat,

364 633 417 679 et
445 622 717 680 Christum
746 624 858 694 pati
886 639 992 679 non
1018 624 1158 691 vult,
1192 633 1419 680 mortem
1470 624 1742 692 timendo,
1791 624 1953 679 vitam

365 731 470 769 non
500 715 871 787 agnoscendo,
906 716 1147 771 iniirmos
1180 715 1433 772 Ecclesia:
1472 716 1751 787 signiﬁcat.
1782 716 1838 771 In
1865 716 1956 772 illo

364 823 495 880 ergo
513 822 621 863 uno
641 809 905 879 apostolo,
932 808 987 864 id
1026 818 1131 874 est,
1157 808 1338 876 Petro,
1372 808 1426 864 in
1447 808 1636 864 ordine
1672 809 1957 879 Apostolo-

364 915 481 955 rum
504 900 679 969 primo
712 907 769 955 et
810 901 1100 971 praecipuo,
1129 900 1183 955 in
1214 914 1320 971 quo
1346 899 1671 971 ﬁgurabatur
1694 900 1951 966 Ecclesia,

363 1003 652 1064 utrumque
675 1009 841 1063 genus
865 994 1269 1065 signiﬁcandum
1296 993 1414 1061 fuit,
1440 993 1494 1049 id
1514 1003 1614 1060 est,
1644 992 1777 1048 ﬁrmi
1801 1000 1856 1048 et
1876 992 1956 1047 iu-

364 1087 502 1141 tirmi
535 1103 547 1139 :
572 1087 697 1157 quia
721 1087 837 1142 sine
862 1096 1088 1157 utroque
1110 1102 1217 1141 non
1241 1094 1323 1141 est
1352 1085 1607 1141 Ecclesia.

436 1181 491 1236 5.
522 1179 692 1234 Homo
720 1180 776 1234 in
802 1196 856 1235 se
881 1180 1137 1249 inﬁrmus,
1164 1191 1339 1250 potens
1364 1180 1417 1233 in
1444 1178 1683 1233 Domino.
1716 1177 1849 1233 Hinc
1872 1184 1956 1234 est

363 1290 493 1345 ergo
539 1283 597 1330 et
648 1273 791 1345 quod
840 1274 1000 1330 modo
1042 1274 1238 1329 lectum
1283 1281 1386 1341 est,
1424 1271 1670 1341 Domine,
1706 1273 1750 1327 si
1786 1280 1839 1325 tu
1868 1287 1950 1338 es,

356 1366 481 1435 jube
525 1380 605 1419 nte
624 1365 792 1420 venire
831 1364 900 1418 ad
925 1375 971 1419 te
1012 1381 1163 1436 super
1188 1380 1365 1434 aquas.
1403 1362 1465 1420 Si
1504 1370 1558 1417 tu
1587 1380 1658 1428 es,
1682 1363 1809 1435 jube
1834 1378 1914 1416 me
1935 1378 1954 1417 :

363 1470 470 1511 non
501 1457 647 1512 enim
673 1470 888 1527 possum
919 1456 1023 1512 hoc
1047 1456 1103 1512 in
1129 1471 1236 1525 me,
1266 1455 1361 1513 sed
1388 1456 1441 1512 in
1470 1463 1544 1511 te.
1573 1455 1803 1527 Agnovit
1826 1454 1955 1525 quid

364 1548 467 1603 sibi
493 1556 639 1604 esset
662 1562 692 1602 a
713 1562 793 1615 se,
824 1547 952 1619 quid
986 1548 1053 1604 ab
1079 1548 1191 1617 illo,
1237 1549 1392 1619 cujus
1415 1548 1689 1603 voluntate
1731 1547 1956 1604 credidit

363 1656 422 1696 se
444 1656 626 1717 posse,
660 1640 799 1711 quod
830 1640 973 1695 nulla
1000 1641 1283 1696 inﬁrmitas
1314 1642 1545 1697 humana
1570 1641 1760 1711 possit.
1788 1641 1947 1711 Ergo,

366 1731 426 1787 Si
472 1742 525 1786 tu
546 1750 619 1800 es,
649 1734 777 1802 jube
802 1748 822 1787 :
845 1733 966 1803 quia
994 1749 1113 1789 cum
1132 1733 1380 1803 jusseris,
1410 1733 1517 1788 ﬁet.
1541 1733 1693 1800 Quod
1723 1748 1821 1805 ego
1846 1748 1951 1788 non

362 1826 512 1882 valeo
554 1826 949 1897 praesumendo,
1002 1836 1059 1881 tu
1109 1834 1262 1897 potes
1288 1824 1543 1897 iubendo.
1576 1827 1646 1881 Et
1674 1826 1950 1893 Dominus,

374 1918 513 1985 Veni,
541 1919 729 1989 inquit.
762 1920 828 1973 Et
852 1919 967 1974 sine
1001 1918 1105 1973 ulla
1132 1918 1462 1974 dubitatione
1489 1918 1681 1975 Petrus
1725 1918 1791 1974 ad
1828 1933 1951 1974 ver-

361 2011 488 2066 bum
514 2011 774 2082 jubentis,
808 2012 875 2066 ad
901 2011 1242 2081 praesentiam
1283 2010 1654 2076 sustentantis,
1704 2010 1773 2065 ad
1811 2024 1953 2081 prte-

362 2104 590 2158 sentiam
648 2102 883 2174 regentis
924 2104 1041 2158 sine
1094 2102 1198 2156 ulla
1248 2102 1587 2158 cunctatione
1640 2100 1855 2157 desiluit
1897 2101 1952 2157 in

359 2210 545 2264 aquas,
568 2202 622 2251 ct
647 2194 920 2250 ambulare
944 2195 1126 2265 coepit.
1157 2195 1337 2250 Potuit
1368 2194 1509 2266 quod
1538 2194 1815 2261 Dominus,
1844 2207 1953 2249 non

358 2288 412 2343 in
437 2304 515 2353 se,
546 2286 642 2343 sed
672 2288 726 2342 in
746 2287 993 2342 Domino.
1032 2286 1226 2349 Fuistis
1250 2288 1380 2342 enim
1421 2286 1695 2358 aliquando
1717 2285 1949 2353 tenebrae,

359 2396 491 2433 nunc
512 2388 678 2433 autem
726 2379 851 2446 lux;
898 2378 993 2434 sed
1029 2379 1082 2432 in
1114 2377 1335 2433 Domino
1365 2376 1584 2450 (Ep/tes.
1614 2394 1668 2445 v,
1699 2376 1776 2447 8).
1799 2375 1951 2445 Quod

357 2487 520 2528 nemo
576 2480 751 2542 potest
800 2472 855 2526 in
904 2470 1102 2538 Paulo,
1143 2485 1302 2526 nemo
1348 2472 1403 2525 in
1452 2471 1639 2535 Petro,
1690 2484 1849 2524 nemo
1898 2470 1952 2524 in

356 2564 464 2620 alio
505 2564 617 2618 ullo
661 2563 1056 2634 Apostolorum,
1100 2561 1204 2616 hoc
1246 2570 1421 2631 potest
1463 2561 1517 2615 in
1549 2561 1796 2615 Domino.
1828 2559 1953 2615 Ideo

356 2657 496 2714 bene
542 2657 738 2713 Paulus
783 2656 985 2712 utiliter
1012 2671 1070 2711 se
1096 2665 1465 2722 contemnens,
1508 2654 1653 2710 illum
1676 2670 1952 2710 commen-

356 2748 527 2804 dans:
554 2747 822 2819 Numquid
861 2746 1080 2815 Paulus,
1128 2747 1316 2818 inquit,
1361 2764 1453 2818 pro
1499 2748 1636 2802 vobis
1679 2748 1953 2817 cruciﬁxus

356 2848 429 2894 est
449 2841 579 2894 ?aut
607 2840 661 2894 in
706 2839 907 2895 nomine
936 2838 1091 2893 Pauli
1121 2840 1360 2910 baptizati
1415 2840 1574 2895 estis?
1601 2839 1715 2895 Non
1743 2855 1870 2910 ergo
1896 2840 1952 2896 in

356 2944 463 2997 me,
492 2929 586 2985 sed
612 2946 856 2995 mecum;
886 2945 991 2985 non
1018 2930 1117 2986 sub
1136 2945 1243 2998 me,
1272 2929 1369 2986 sed
1392 2931 1491 2986 sub
1518 2930 1628 2987 illo.

427 3019 655 3076 CAPUT
692 3020 782 3076 IV.
803 3052 876 3061 —
900 3021 952 3076 6.
994 3022 1321 3091 Inﬁrmitatis
1368 3025 1589 3094 prapria:
1614 3025 1833 3096 cognitio
1858 3042 1950 3081 ne-

355 3114 572 3169 cessaria
590 3114 659 3167 ad
688 3115 906 3184 gratiam
939 3115 1277 3170 obtinendam.
1328 3115 1472 3187 Ergo
1522 3118 1811 3174 ambulavit
1851 3120 1952 3177 Pe-

356 3215 468 3261 trus
496 3221 663 3276 super
694 3221 857 3276 aquas
899 3206 950 3261 in
977 3206 1129 3277 jussu
1158 3207 1388 3278 Domini,
1420 3209 1597 3265 sciens
1626 3209 1726 3267 hoc
1750 3227 1810 3267 se
1833 3227 1863 3266 a
1892 3227 1952 3269 se

356 3297 555 3353 habere
579 3312 683 3352 non
713 3311 892 3367 posse.
932 3298 1062 3353 Fide
1097 3298 1260 3354 valuit
1292 3299 1434 3370 quod
1465 3299 1692 3356 humana
1723 3301 1949 3357 inﬁrmi-

355 3397 438 3444 tas
472 3405 580 3444 non
628 3389 851 3444 valeret.
895 3389 961 3444 Hi
984 3399 1107 3444 sunt
1158 3390 1295 3445 ﬁrmi
1327 3391 1601 3447 Ecclesiae.
1656 3392 1944 3461 Attendite,

354 3483 552 3549 audite,
572 3482 869 3553 intelligite,
893 3482 1050 3553 agite.
1070 3482 1252 3553 Neque
1272 3485 1411 3540 enim
1436 3485 1699 3555 agendum
1724 3495 1805 3541 est
1824 3501 1946 3542 cum

358 3576 526 3632 ﬁrmis
564 3577 689 3634 alibi
718 3578 758 3646 ί,
788 3587 847 3633 ut
882 3578 989 3633 sint
1020 3577 1215 3633 iniirmi
1246 3597 1259 3632 :
1301 3579 1396 3634 sed
1426 3580 1686 3650 agendum
1718 3592 1801 3636 est
1828 3597 1949 3637 cum

358 3668 607 3735 inﬁrmis,
632 3680 690 3724 ut
724 3670 832 3724 sint
860 3670 1019 3725 ﬁrmi.
1050 3669 1241 3725 Multos
1285 3678 1460 3726 autem
1491 3672 1762 3743 impedita
1786 3673 1951 3728 ﬁrmi-

358 3767 463 3813 tate
508 3760 851 3831 prtesumptio
881 3759 1163 3816 ﬁrmitatis.
1190 3760 1358 3816 Nemo
1380 3762 1482 3816 erit
1512 3778 1542 3816 a
1587 3762 1699 3817 Deo
1743 3764 1947 3833 ﬁrmus,

357 3852 456 3907 nisi
477 3854 567 3923 qui
592 3869 652 3910 se
678 3870 709 3908 a
748 3870 807 3909 se
846 3854 961 3924 ipso
997 3855 1158 3910 sentit
1185 3854 1472 3910 inﬁrmum.
1504 3854 1742 3910 Pluviam
1766 3858 1947 3914 volun-

357 3946 537 4000 tariam
562 3963 829 4018 segregans
867 3945 1006 4001 Deus
1035 3948 1315 4002 hazreditati
1361 3964 1484 4003 suaz.
1523 3948 1659 4017 Quid
1688 3951 1948 4021 prmcedi-

356 4038 452 4104 tis,
504 4038 595 4108 qui
663 4037 807 4109 quod
867 4038 1103 4094 dicturus
1176 4054 1292 4093 sum
1342 4038 1550 4094 nostis?
1604 4039 1950 4111 Temperetur

356 4130 630 4196 velocitas,
663 4140 723 4185 ut
750 4141 997 4201 sequatur
1023 4131 1264 4186 tarditas.
1298 4132 1408 4187 lloc
1432 4132 1560 4199 dixi,
1589 4134 1759 4189 ethoc
1779 4134 1898 4191 dico
1932 4154 1945 4191 :

358 4221 557 4288 audite,
591 4222 787 4291 capite,
817 4222 992 4277 facile.
1015 4221 1184 4277 Nemo
1210 4236 1241 4276 a
1272 4223 1383 4277 Deo
1412 4223 1469 4277 ﬁt
1491 4222 1695 4290 ﬁrmus,
1729 4225 1831 4279 nisi
1859 4226 1949 4295 qui

359 4329 415 4368 sc
439 4330 468 4369 a
518 4330 578 4369 se
630 4315 745 4384 ipso
768 4315 931 4371 sentit
955 4314 1244 4369 inﬁrmum.
1278 4313 1512 4369 Pluviam
1562 4331 1688 4388 ergo
1715 4318 1948 4371 volunta-

358 4407 504 4471 riam,
530 4408 669 4461 sicut
692 4406 930 4461 Psalmus
952 4406 1098 4473 dicit,
1122 4406 1491 4472 voluntariam;
1513 4422 1616 4461 non
1635 4409 1945 4464 meritorum

361 4507 684 4563 nostrorum,
716 4498 809 4552 sed
834 4499 1189 4552 voluntariam.
1218 4497 1455 4552 Pluviam
1476 4514 1602 4569 ergo
1616 4500 1949 4555 voluntariam

360 4605 623 4660 segregans
652 4588 791 4643 Deus
821 4590 1102 4643 hcereditati
1144 4590 1491 4643 sute:etenim
1538 4590 1797 4659 inﬁrmata
1835 4601 1946 4658 est;

363 4687 411 4733 tu
434 4696 547 4734 vero
575 4680 826 4752 perfecisti
868 4697 977 4734 eam
1015 4678 1184 4750 (Psal.
1221 4696 1389 4761 vau,
1421 4679 1531 4752 10).
1560 4681 1690 4749 Quia
1716 4682 1946 4753 pluviam

361 4774 708 4829 voluntariam
730 4774 1041 4846 segregasli,
1078 4789 1186 4828 non
1216 4773 1497 4829 attendens
1524 4774 1797 4831 hominum
1829 4792 1945 4832 me-

362 4866 477 4933 rita,
508 4866 604 4922 sed
634 4874 778 4921 tuam
831 4866 1055 4937 gratiam
1096 4873 1154 4921 et
1196 4866 1637 4921 misericordiam.
1680 4868 1946 4924 Inﬁrmata

362 4966 439 5012 est
467 4973 596 5029 ergo
625 4958 737 5026 ipsa
768 4956 1074 5023 haereditas,
1108 4958 1390 5027 etagnovit
1412 4972 1471 5012 se
1497 4942 1839 5014 inﬁrmam'in
1865 4975 1944 5028 se,

366 5059 415 5102 ut
441 5050 593 5103 ﬁrma
616 5056 760 5104 esset
788 5048 840 5102 in
871 5058 942 5103 te.
963 5047 1079 5104 Non
1107 5048 1429 5117 ﬁrmaretur,
1458 5049 1503 5103 si
1523 5064 1629 5105 non
1649 5049 1949 5108 inﬁrmare-

366 5150 462 5204 iur,
488 5147 547 5194 ut
572 5140 670 5195 abs
696 5148 748 5195 te
779 5140 831 5195 in
862 5148 914 5195 te
942 5139 1308 5210 perﬁceretur.

430 5230 656 5287 CAPUT
699 5230 761 5285 V.
783 5263 852 5271 —
894 5232 948 5286 7.
982 5230 1182 5286 Paulus
1219 5232 1561 5300 inﬁrmitatem
1598 5250 1747 5291 suam
1785 5252 1947 5306 agno-

366 5340 502 5379 scens
543 5324 826 5394 perﬁcitur.
888 5324 1015 5381 Vide
1061 5325 1219 5396 hujus
1262 5325 1589 5382 luereditatis
1638 5329 1949 5407 portiuncu-

370 5417 468 5476 lam
494 5419 733 5486 Paulum,
779 5419 897 5475 vide
940 5420 1301 5487 inﬁrmatum,
1350 5421 1440 5491 qui
1466 5421 1639 5477 dixit:
1669 5422 1793 5479 Non
1836 5442 1949 5480 sum

368 5510 569 5565 idoneus
593 5512 762 5565 uocari
782 5512 1073 5582 Apostolus,
1101 5512 1217 5583 quia
1238 5523 1523 5583 persecutus
1542 5530 1653 5568 sum
1671 5512 1950 5572 Ecclesium

370 5602 484 5658 Dei.
513 5604 688 5672 Quare
714 5620 842 5677 ergo
863 5605 1150 5677 Apostolus
1192 5605 1284 5661 es?
1338 5604 1514 5659 Gratia
1551 5605 1650 5661 Dei
1685 5624 1796 5663 sum
1816 5610 1949 5680 quod

425 5736 447 5770 ί
472 5736 657 5853 Αιξᾶἒςι
672 5746 805 5799 Mss,
818 5744 870 5789 ut
890 5737 1007 5789 alibi
1027 5739 1121 5810 sint
1136 5736 1321 5812 inﬁrmi
1340 5738 1564 5811 fauore],
1586 5740 1735 5793 Elem.
1760 5743 1942 5794 Critian

425 5814 509 5853 ita.
627 5835 643 5853 .
671 5801 784 5853 366.
806 5802 1030 5853 verbum.
1052 5800 1188 5853 alibi.
1212 5800 1433 5853 exoelbt.
1500 5810 1557 5853 si.

372 5811 509 5866 pagg.
532 5800 643 5866 365,
671 5801 784 5867 366,
806 5802 1030 5868 verbum,
1052 5800 1197 5868 alibi,
1212 5800 1433 5866 expellit.
1500 5800 1557 5854 Is.

1770 315 2005 376 SERMO
2040 314 2276 376 LXXVI.

3547 339 3655 399 482

2068 453 2201 491 sum.
2227 435 2348 493 Non
2382 454 2494 494 sum
2517 440 2743 512 idoneus,
2789 446 2881 503 sed
2926 451 3091 521 gratia
3113 450 3210 509 Dei
3227 469 3339 509 sum
3357 456 3493 527 quod
3516 444 3653 517 sum.

2061 526 2362 585 lnﬁrmatus
2406 541 2488 587 est
2516 533 2728 601 Paulus,
2756 546 2812 593 tu
2860 557 2989 597 vero
3029 546 3293 614 perfecisti
3323 563 3465 604 eum.
3496 550 3649 607 Jam-

2062 634 2191 713 Zero
2214 622 2334 691 quia
2357 624 2521 693 gratia
2544 625 2638 682 Dei
2664 639 2745 684 est
2772 632 2913 701 quod
2940 642 3041 703 est,
3067 636 3187 693 vide
3206 640 3330 709 quid
3361 651 3648 713 sequatur:

2158 714 2324 782 gratia
2350 715 2460 785 ejus
2501 717 2555 771 in
2582 735 2661 773 me
2705 738 2805 776 non
2843 726 2939 795 fuit
2967 743 3142 797 vacua,
3178 746 3265 785 sea
3286 749 3401 803 psus
3419 709 3650 792 omnibus

2058 802 2165 896 illis
2187 804 2432 861 laboravi.
2465 808 2600 865 Vide
2619 827 2687 867 ne
2717 818 3130 888 praesumptione
3159 802 3369 892 perdas,
3401 826 3543 896 quod
3568 827 3651 883 in-

2060 893 2313 954 ﬁrmitate
2339 901 2600 957 meruisti.
2630 903 2774 961 Bene
2796 906 2915 973 hoc,
2936 909 3071 967 bene
3099 931 3111 966 :
3143 913 3265 969 Non
3303 893 3650 975 sum—idoneus

2060 990 2227 1043 vocari
2268 990 2577 1062 Apostolus;
2604 998 2767 1067 gratia
2811 1002 2917 1070 ejus
2936 1019 3047 1056 sum
3070 1006 3204 1075 quod
3229 1023 3376 1073 sum;
3411 1019 3456 1064 et
3482 1012 3649 1081 gratia

2061 1096 2170 1151 ejus
2203 1082 2257 1136 in
2299 1100 2379 1138 me
2427 1102 2526 1140 non
2572 1087 2668 1157 fuit
2694 1105 2891 1146 vacua:
2921 1096 3097 1150 omnia
3117 1099 3336 1168 optime.
3361 1101 3486 1166 Sed,
3519 1102 3652 1159 Plus

2060 1172 2165 1229 illis
2180 1176 2407 1231 omnibus
2435 1178 2656 1235 laboravi
2674 1198 2691 1236 :
2716 1185 2867 1253 quasi
2886 1186 2976 1241 tibi
3002 1190 3211 1259 coepisti
3232 1192 3483 1260 tribuere,
3504 1194 3648 1265 quod

2058 1265 2219 1335 paulo
2257 1276 2381 1324 ante
2427 1269 2538 1325 Deo
2561 1271 2804 1329 dederas.
2834 1276 3110 1347 Agnosce,
3144 1289 3199 1336 et
3225 1296 3487 1353 sequere:
3527 1283 3653 1341 Non

2060 1371 2150 1447 ego
2166 1366 2351 1425 autem,
2370 1360 2459 1414 sed
2475 1364 2641 1431 gratia
2654 1363 2753 1420 Dei
2767 1383 2959 1422 mecum
2979 1370 3021 1442 (Ι
3033 1370 3150 1426 Cor.
3165 1390 3260 1443 xv,
3281 1375 3459 1446 9,10).
3480 1377 3649 1447 Bene,

2060 1446 2273 1505 inﬁrme
2298 1469 2311 1505 :
2344 1450 2649 1511 ﬁrmissime
2672 1456 2780 1511 eris
2806 1460 3086 1530 exaltatus,
3105 1465 3225 1534 quia
3249 1481 3356 1521 non
3383 1483 3443 1523 es
3468 1446 3649 1539 ingra-i

2060 1543 2166 1593 tus.
2188 1537 2269 1593 Tu
2313 1555 2371 1596 es
2414 1541 2553 1597 idem
2584 1543 2697 1615 ipse
2722 1546 2914 1605 Paulus
2936 1551 2987 1605 in
3008 1560 3059 1607 te
3081 1569 3299 1623 parvus,
3336 1558 3388 1611 in
3420 1537 3647 1615 Domino

2057 1644 2301 1700 magnus.
2324 1632 2405 1687 Tu
2435 1648 2493 1689 es
2523 1636 2613 1705 qui
2638 1645 2720 1692 ter
2748 1638 3028 1697 Dominum
3061 1648 3289 1715 rogasti,
3312 1658 3372 1703 ut
3400 1649 3649 1707 stimulus

2057 1721 2251 1786 carnis,
2269 1724 2487 1794 angelus
2497 1735 2714 1795 satanas,
2734 1745 2764 1783 a
2780 1746 2886 1801 quo
2902 1734 3334 1805 colapbizabaris,
3350 1739 3654 1798 auferretur

2056 1824 2088 1865 a
2124 1819 2196 1867 te.
2228 1811 2364 1880 Quid
2398 1815 2487 1869 tibi
2514 1816 2716 1873 dictum
2750 1822 2868 1876 est?
2913 1824 3039 1894 quid
3076 1827 3268 1883 audisti
3307 1832 3520 1901 quando
3548 1832 3651 1889 hoc

2055 1904 2275 1973 petisti?
2302 1906 2501 1976 Suﬁ‘icit
2528 1909 2616 1963 tibi
2641 1913 2807 1980 gratia
2835 1930 2981 1981 mea;
3008 1933 3125 1971 nam
3162 1922 3315 1975 virtus
3357 1923 3410 1975 in
3436 1924 3652 1992 inﬁrmi-

2059 2005 2159 2051 tate
2182 2000 2460 2069 perﬁcitur.
2484 2001 2548 2072 (ll
2572 2002 2690 2058 Cor.
2716 2021 2815 2073 xu,
2843 2008 2973 2079 7-9).
2998 2009 3207 2067 Etenim
3235 2014 3529 2074 inﬁrmatus
3546 2025 3649 2087 est,

2058 2096 2115 2145 tu
2151 2106 2280 2146 vero
2303 2092 2572 2163 periccisti
2599 2111 2740 2151 eum.

2128 2181 2182 2237 8.
2213 2181 2397 2238 Petrus
2418 2194 2592 2256 potens
2616 2205 2715 2242 non
2739 2189 2790 2244 in
2810 2207 2879 2258 se,
2904 2194 2993 2247 sed
3013 2195 3066 2248 in
3098 2195 3333 2253 Domino.
3358 2198 3446 2256 Sic
3465 2210 3519 2258 et
3547 2202 3652 2259 Pc-

2053 2281 2190 2339 trus,
2218 2274 2350 2331 Jube
2377 2294 2477 2343 me,
2501 2280 2672 2349 inquit
2691 2324 2705 2348 ,
2738 2284 2905 2338 venire
2929 2286 2996 2339 ad
3017 2296 3064 2341 te
3089 2304 3239 2359 super
3271 2308 3447 2361 aquas.
3479 2294 3652 2352 Homo

2055 2366 2246 2433 audeo,
2274 2368 2368 2423 sed
2399 2384 2501 2424 non
2522 2370 2792 2429 hominem
2819 2391 2968 2447 rogo.
3000 2378 3191 2434 iubeat
3221 2383 3360 2439 Deus
3390 2385 3570 2455 homo,
3594 2397 3654 2444 ut

2057 2456 2225 2524 possit
2251 2457 2393 2526 quod
2426 2475 2530 2513 non
2554 2473 2727 2530 potest
2749 2464 2932 2522 homo.
2970 2467 3109 2535 Veni,
3140 2472 3325 2541 inquit.
3345 2474 3410 2530 Et
3430 2476 3654 2533 descen-

2054 2546 2150 2613 dit,
2179 2558 2233 2602 et
2254 2550 2416 2619 C(Bpit
2438 2552 2711 2609 ambulare
2740 2571 2900 2626 super
2930 2574 3095 2629 aquas
3121 2581 3133 2617 :
3162 2572 3216 2618 et
3242 2567 3410 2634 potuit
3439 2568 3649 2636 Petrus,

2054 2640 2175 2710 quia
2195 2638 2429 2711 jusserat
2449 2652 2615 2712 petra.
2637 2645 2776 2701 Ecce
2792 2649 2918 2718 quid
2950 2651 3136 2708 Petrus
3162 2655 3214 2708 in
3245 2656 3495 2725 Domino;
3524 2660 3652 2730 quid

2054 2730 2107 2785 in
2138 2732 2234 2785 se?
2281 2730 2468 2787 Videas
2497 2744 2697 2789 ventum
2727 2739 2968 2806 validum,
2995 2743 3156 2797 timuit
3177 2759 3198 2808 ;
3218 2756 3263 2799 et
3290 2764 3404 2801 cum
3424 2750 3653 2821 coepisset

2054 2824 2232 2893 mergi,
2265 2826 2561 2880 exclamavit
2593 2844 2611 2881 :
2638 2827 2889 2899 Domine,
2934 2851 3103 2904 pereo,
3156 2837 3311 2892 libera
3358 2858 3454 2895 me.
3500 2843 3649 2899 Prse-

2054 2914 2280 2986 sumpsit
2298 2915 2366 2973 de
2388 2918 2633 2985 Domino,
2652 2923 2823 2992 potuit
2839 2924 2907 2980 de
2924 2926 3150 2983 Domino
3170 2947 3185 2984 :
3204 2931 3447 2989 titubavit
3476 2945 3533 2989 ut
3551 2935 3653 2991 ho-

2054 3020 2165 3074 mo,
2182 3006 2339 3063 rediit
2358 3008 2425 3063 ad
2444 3010 2744 3068 Dominum.
2766 3013 2827 3069 Si
2842 3016 3085 3084 dicebam,
3103 3019 3273 3076 Motus
3301 3034 3375 3078 est
3391 3042 3475 3095 pes
3486 3044 3647 3083 meus.

2054 3097 2297 3154 Psalmus
2314 3100 2563 3171 loquitur,
2580 3106 2749 3159 sancti
2769 3108 2961 3163 cantici
2981 3126 3083 3166 vox
3106 3122 3220 3180 est;
3242 3123 3296 3169 et
3314 3116 3357 3169 si
3385 3132 3648 3187 agnosca-

2053 3206 2196 3259 mus,
2224 3200 2279 3247 et
2298 3204 2508 3249 nostra:
2535 3196 2641 3251 imo
2664 3198 2708 3251 si
2735 3199 2963 3255 velimus
2980 3244 2993 3267 ,
3022 3212 3077 3258 et
3101 3214 3282 3262 nostra
3299 3217 3399 3263 est.
3424 3210 3486 3265 Si
3506 3211 3648 3265 dice-

2058 3283 2193 3350 bam,
2220 3294 2384 3340 motus
2413 3296 2486 3341 est
2513 3304 2600 3356 pes
2626 3291 2973 3358 meus,Quare
2990 3299 3303 3363 motus,nisi
3328 3301 3447 3370 quia
3475 3304 3650 3359 meus?

2055 3375 2123 3430 Et
2166 3377 2291 3447 quid
2318 3379 2554 3448 sequitur
2573 3381 2596 3434 ?
2618 3381 2970 3440 Misericordia
2988 3396 3093 3453 tua,
3121 3388 3355 3459 Domine,
3375 3396 3651 3465 adjuvabat

2054 3485 2132 3521 me
2145 3467 2313 3539 (Psal.
2334 3473 2509 3537 xcm,i
2520 3472 2574 3542 8)
2586 3512 2598 3524 .
2617 3473 2731 3528 Non
2748 3476 2912 3531 virtus
2924 3494 3063 3546 mea;
3084 3480 3176 3536 sed
3190 3484 3528 3540 misericordia
3539 3497 3646 3543 tua.

2053 3562 2318 3634 Numquid
2336 3565 2475 3619 enim
2498 3567 2755 3623 Dominus
2769 3568 3005 3625 deseruit
3021 3574 3359 3643 titubantem,
3378 3595 3536 3649 quem
3554 3597 3650 3637 au-

2053 3653 2534 3712 divitinvocantem
2551 3658 2689 3713 f’Ubi
2709 3668 2791 3714 est
2811 3661 2957 3729 illud,
2983 3664 3106 3730 Quis
3142 3667 3385 3722 invocavit
3400 3669 3582 3737 Deum,
3601 3681 3649 3727 et

2054 3747 2277 3803 desertus
2294 3758 2364 3803 est
2379 3750 2440 3804 ab
2452 3766 2509 3803 eo
2529 3749 2715 3817 (Eccli.
2737 3768 2793 3817 ιι,
2818 3752 2934 3825 12)?
2953 3754 3050 3810 Ubi
3067 3757 3277 3823 etillud,
3300 3758 3368 3812 Et
3384 3763 3546 3816 omnis
3560 3764 3651 3832 qui

2052 3840 2353 3894 invocaverit
2400 3858 2579 3897 nomen
2626 3842 2853 3913 Domini,
2881 3846 3049 3903 salvus
3091 3850 3184 3903 erit
3227 3849 3382 3923 (Joel.
3411 3869 3469 3921 u,
3513 3854 3649 3926 52)?

2052 3930 2316 3987 Continuo
2348 3934 2622 4004 porrigens
2661 3935 2983 4006 adjutorium
3014 3939 3249 3997 dextera:
3286 3959 3416 4011 suae,
3449 3946 3648 4009 levav’t

2052 4034 2378 4097 mergentem
2409 4068 2424 4093 ,
2468 4027 2761 4097 increpavit
2809 4029 3178 4089 difﬁdentem:
3210 4034 3431 4091 Modica:
3479 4040 3641 4111 ﬁdei,

2052 4134 2207 4188 quare
2232 4116 2511 4172 dubitasti?
2536 4119 2705 4175 Deme
2733 4125 3137 4193 prtesumpsisti,
3167 4126 3233 4181 de
3252 4143 3335 4183 mc
3357 4128 3637 4188 dubitasti.

2123 4208 2349 4264 CAPUT
2390 4208 2477 4263 VI.
2504 4241 2575 4249 —
2609 4210 2663 4266 9.
2694 4210 2761 4267 In
2782 4216 2954 4269 surculi
2973 4217 3270 4273 adversitate
3296 4237 3380 4274 seu
3407 4222 3647 4291 felicitate

2052 4300 2304 4371 cupiditas
2340 4309 2607 4371 tempestas
2640 4313 2732 4357 est.
2774 4304 2888 4372 Eia,
2934 4304 3157 4375 fratres,
3205 4325 3382 4365 sermo
3431 4314 3649 4370 conclu-

2052 4392 2259 4447 dendus
2307 4403 2407 4449 est.
2457 4396 2727 4451 Attendite
2778 4399 3029 4454 saeculum
3079 4403 3227 4471 quasi
3264 4420 3430 4469 mare,
3455 4416 3646 4464 ventus

2051 4481 2277 4549 validus,
2301 4494 2355 4539 et
2379 4499 2566 4555 magna
2587 4495 2895 4557 tempestas.
2918 4489 3213 4563 Unicuique
3235 4510 3327 4549 sua
3358 4497 3642 4568 cupiditas,

2050 4585 2338 4646 tempestas
2377 4586 2478 4633 est.
2519 4579 2681 4635 Amas
2736 4581 2935 4649 Deum;
2980 4587 3219 4642 ambulas
3263 4604 3425 4659 super
3470 4606 3640 4661 mare,

2050 4670 2151 4725 sub
2175 4670 2399 4739 pedibus
2423 4671 2525 4725 tuis
2572 4680 2655 4727 est
2695 4676 2873 4731 saeculi
2903 4685 3078 4733 tumor
3098 4681 3135 4734 ί.
3167 4681 3325 4737 Amas
3352 4684 3646 4751 szeculum',

2049 4762 2355 4819 absorbcbit
2376 4772 2444 4819 te.
2470 4766 2751 4821 Amatores
2778 4784 2902 4825 suos
2934 4787 3123 4827 vorare
3161 4774 3329 4841 novit,
3362 4790 3468 4829 non
3512 4791 3642 4846 por-

2052 4864 2183 4911 tare.
2218 4855 2322 4910 Sed
2352 4871 2474 4911 cum
2504 4855 2724 4913 ﬂuctuat
2746 4861 3034 4930 cupiditate
3060 4878 3152 4918 cor
3179 4872 3344 4931 tuum,
3374 4874 3431 4920 ut
3460 4866 3644 4925 vincas

2051 4956 2193 5002 tuam
2216 4948 2580 5019 cupiditatem,
2618 4951 2804 5007 invoca
2826 4952 3026 5010 Christi
3052 4956 3402 5012 divinitatem.
3438 4958 3644 5017 Putatis

2050 5051 2176 5099 tunc
2217 5058 2337 5100 esse
2359 5054 2577 5099 ventum
2606 5048 2951 5113 contrarium,
2989 5049 3200 5119 quando
3227 5060 3309 5106 est
3350 5051 3506 5122 hujus
3539 5068 3643 5109 sae-

2050 5138 2155 5193 culi
2182 5137 2513 5193 adversitas?
2538 5139 2761 5207 Quando
2789 5142 2929 5196 enim
2952 5142 3109 5211 bella,
3127 5143 3340 5213 quando
3356 5146 3640 5219 tumultus,

2052 5228 2265 5300 quando
2291 5229 2477 5296 fames,
2514 5231 2726 5301 quando
2752 5233 3073 5302 pestilentia,
3102 5235 3314 5305 quando
3335 5238 3528 5310 cuique
3545 5238 3643 5296 ho-

2052 5322 2278 5388 minum,
2311 5323 2469 5376 etiam
2499 5323 2709 5393 singulo
2736 5324 2915 5380 evenit
2950 5325 3152 5394 privata
3198 5328 3492 5397 calamitas,
3517 5340 3644 5389 tunc

2053 5422 2266 5485 putatur
2288 5422 2478 5470 ventus
2503 5414 2779 5483 adversus,
2801 5414 2872 5469 ibi
2902 5424 3115 5485 putatur
3135 5418 3462 5477 invocandus
3477 5422 3640 5480 Deus.

2052 5504 2275 5573 Quando
2300 5513 2480 5560 autem
2508 5505 2785 5575 temporali
2832 5505 3082 5563 felicitate
3128 5511 3383 5567 saeculum
3418 5512 3642 5581 arridet,

2052 5598 2205 5669 quasi
2231 5613 2337 5652 non
2359 5606 2441 5653 est
2463 5606 2654 5654 ventus
2694 5599 3013 5656 contrarius.
3040 5599 3162 5657 Noli
3191 5602 3317 5659 hinc
3343 5604 3611 5676 interroga
3629 5635 3644 5650 -

2051 5705 2113 5747 re
2140 5691 2399 5761 temporis
2429 5691 2867 5762 tranquillitatem
2897 5712 2911 5748 :
2942 5694 3229 5767 interroga,
3258 5696 3355 5755 sed
3383 5705 3525 5756 tuam
3551 5711 3619 5756 cu

2123 5806 2141 5839 ι
2159 5806 2233 5859 sic
2246 5804 2479 5861 meliores
2494 5814 2600 5862 Mss.
2625 5808 2745 5863 Editi
2766 5822 2904 5876 vero,
2927 5807 3072 5867 itiner
3088 5810 3271 5869 seculi.

2013 5907 2061 5919 ne!
