4032 6332
387 313 497 384 483

392 435 688 510 piditatem.
718 427 852 488 Vide
872 423 920 484 si
948 416 1300 510 tranquillitas
1330 418 1413 469 est
1535 419 1626 510 te}.
1655 404 1857 507 vide'si.
1872 416 1980 510 non

396 496 451 588 te
477 496 738 584 subvertit
758 527 946 584 ventus
976 511 1199 572 interior
1233 527 1246 539 ·
1281 506 1382 561 hoc
1413 503 1552 560 vide.
1583 500 1784 571 Magna:
1811 496 1980 551 virtu-

397 591 464 686 tis
486 628 590 687 cst,
623 630 746 673 cum
774 609 1029 668 felicitate
1069 599 1279 668 luctari,
1309 615 1376 656 ne
1403 595 1606 690 illiciat,
1643 606 1711 647 ne
1736 602 1979 690 corrum-

395 724 504 788 pat,
531 686 599 768 ne
622 711 734 779 ipsa
761 704 1038 762 subvertat
1064 695 1307 788 felicitas.
1345 690 1564 760 Magnae,
1593 686 1832 788 inquam,
1876 686 1985 788 vir-

397 777 524 874 tutis
551 777 652 869 est,
683 813 804 860 cum
833 793 1087 852 felicitate
1112 786 1330 851 luctari;
1361 795 1565 854 magnae
1592 777 1856 834 felicitatis
1877 782 1979 838 est,

394 873 423 962 δ
465 898 717 958 felicitate
765 908 872 950 non
905 887 1064 945 vinci.
1113 884 1267 940 Disce
1307 879 1514 942 calcare
1550 873 1803 930 saeculum
1830 887 1844 923 :
1873 882 1984 962 me—_

394 960 576 1054 mento
607 987 772 1046 ﬁdere
801 985 852 1040 in
880 981 1115 1038 Christo.
1145 977 1212 1034 Et
1237 976 1282 1031 si
1306 982 1483 1030 motus
1508 977 1591 1026 est
1630 980 1723 1037 pes
1755 973 1905 1054 tuus,
1930 960 1984 1032 .si

395 1052 613 1146 titubas,
641 1080 690 1136 si
718 1077 891 1147 aliqua
922 1089 1026 1130 non
1053 1082 1296 1139 superas,
1347 1065 1389 1120 si
1420 1060 1588 1132 mergi
1618 1056 1826 1126 incipis,
1856 1052 1943 1147 die
1968 1068 1980 1104 :

395 1173 633 1238 Domine,
659 1184 829 1240 pereo,
857 1165 1012 1224 libera
1052 1178 1150 1215 me.
1181 1159 1294 1223 Dic,
1328 1155 1524 1218 Pereo;
1555 1166 1622 1206 ne
1647 1161 1856 1220 pereas.
1885 1143 1986 1247 so-

390 1267 478 1324 lus
503 1264 644 1320 enim
671 1277 703 1314 a
725 1270 896 1316 morte
916 1255 1095 1312 carnis
1116 1253 1303 1307 liberat
1337 1255 1410 1314 te,
1451 1245 1542 1316 qui
1571 1250 1812 1300 mortuus
1832 1246 1912 1296 est
1931 1245 1985 1292 in

395 1371 556 1420 carne
583 1368 681 1428 pro
702 1362 771 1414 te.
801 1346 1058 1406 Conversi
1084 1343 1150 1398 ad
1174 1341 1476 1405 Dominum,
1507 1345 1614 1392 etc.

878 1457 1110 1518 SEBMO
1149 1451 1386 1510 LXXVII
1419 1458 1434 1474 ‘
1463 1448 1560 1522 (ι).

399 1583 478 1643 De
505 1584 666 1639 verbis
695 1575 962 1650 Evangelii
986 1571 1235 1635 Matthxi,
1266 1585 1378 1640 cap.
1408 1561 1702 1631 “ﬁl-28,
1729 1559 1988 1650 Egressus

470 1678 626 1735 Jesus
652 1675 718 1730 de
743 1648 1099 1730 Genezareth,
1131 1662 1353 1720 secessit
1379 1660 1432 1714 in
1457 1665 1636 1729 partes
1663 1652 1788 1725 Tyri
1833 1660 1886 1706 et
1907 1648 1990 1707 Si-

469 1771 642 1835 donis,
677 1776 729 1822 et
755 1778 880 1822 ecce
911 1760 1101 1817 mulier
1137 1755 1458 1818 Cbananma,
1479 1759 1576 1805 etc.
1607 1746 1703 1819 (ὁ).

468 1879 694 1939 CAPUT
731 1873 1011 1934 PRIMUM.
1040 1903 1112 1913 -—-
1137 1873 1188 1928 i.
1221 1868 1512 1926 Cltananwa
1559 1861 1741 1918 mulier
1784 1859 1992 1914 humili-

399 1979 516 2052 tatis
553 1973 856 2044 exemplum.
898 1969 1195 2034 Chananata
1249 1964 1350 2020 ista
1400 1960 1629 2052 mulier,
1669 1971 1788 2027 qua:
1832 1953 1991 2010 modo

398 2071 582 2127 nobis‘
627 2066 858 2124 lectione
921 2059 1223 2130 evangelica
1278 2051 1646 2110 commendata
1696 2057 1810 2116 est,
1847 2061 1990 2120 prae~

398 2163 492 2222 bet
537 2161 690 2222 nobis
732 2154 1047 2214 humilitatis
1077 2149 1376 2220 exemplum
1403 2189 1418 2214 ,
1465 2154 1522 2200 et
1561 2143 1773 2216 pietatis
1814 2141 1987 2196 viam:

405 2256 473 2313 ab
497 2229 799 2316 humilitate
827 2251 881 2304 in
907 2246 1013 2301 alta
1059 2256 1278 2314 surgere
1307 2237 1558 2294 ostendit.
1603 2236 1733 2290 Erat
1771 2242 1948 2289 autem
1972 2273 1988 2301 ,

403 2321 560 2413 Sicuti
582 2351 818 2416 apparet,
849 2358 952 2400 non
973 2339 1037 2394 de
1060 2335 1253 2408 populo
1276 2333 1456 2402 Israel,
1486 2330 1624 2386 unde
1649 2327 1989 2397 Patriarchze,

403 2439 546 2502 unde
590 2435 888 2506 PrOpheta),
943 2429 1083 2486 unde
1118 2435 1366 2502 parentes
1409 2421 1618 2480 Domini
1673 2419 1840 2475 nostri
1867 2419 1993 2477 Jesu

404 2531 603 2592 Christi
621 2527 911 2586 secundum
929 2538 1180 2587 carnem;
1203 2518 1343 2576 unde
1363 2519 1474 2592 ipsa
1494 2517 1640 2586 virgo
1664 2514 1850 2584 Maria,
1876 2528 1994 2586 qua:

400 2621 611 2698 peperit
647 2619 938 2674 Christum.
976 2612 1088 2670 Non
1116 2626 1244 2682 ergo
1272 2624 1338 2664 ex
1367 2609 1469 2662 isto
1499 2604 1693 2677 populo
1739 2614 1854 2698 erat
1880 2601 1996 2658 haec

404 2694 595 2776 mulier
625 2709 754 2766 :sed
784 2716 898 2763 erat
917 2722 986 2762 ex
1019 2703 1296 2760 Gentibus.
1330 2698 1482 2765 Nam,
1513 2697 1649 2754 sicut
1677 2694 1994 2763 audivimus,

406 2805 631 2868 secessit
661 2802 920 2868 Dominus
950 2800 1001 2854 in
1033 2804 1210 2868 partes
1230 2793 1356 2866 Tyri
1405 2801 1459 2848 et
1509 2790 1742 2857 Sidonis,
1798 2797 1850 2848 et
1873 2787 1998 2846 inde

407 2899 596 2958 mulier
618 2897 919 2965 Chananata
949 2892 1016 2947 de
1047 2889 1242 2948 ﬁnibus
1270 2886 1372 2944 illis
1401 2896 1632 2954 egressa,
1665 2880 1880 2952 petebat
1906 2879 2000 2942 be-

408 2988 658 3046 nelicium
688 2984 1068 3050 instantissime
1113 2976 1361 3033 curandm
1393 2975 1513 3048 lilia:
1553 2988 1686 3038 sum,
1714 2987 1831 3046 qua:
1859 2971 1998 3047 male

407 3095 440 3140 a
470 3079 732 3138 daemonio
753 3075 1061 3134 vexabatur.
1087 3072 1267 3142 Tyrus
1289 3077 1344 3124 et
1369 3065 1532 3122 Sidon
1559 3080 1664 3134 non
1695 3072 1849 3119 erant
1868 3063 2003 3139 civi-

410 3182 547 3242 tates
596 3171 774 3243 pOpnli
806 3166 988 3232 lsrael,
1017 3164 1109 3238 sed
1136 3162 1421 3226 Gentium;
1455 3157 1695 3229 quamvis
1721 3156 1905 3216 vicina:
1927 3155 2000 3210 illi

409 3265 625 3340 populo.
679 3258 954 3322 Clamabat
999 3271 1125 3328 ergo
1173 3253 1326 3310 avida
1377 3248 1695 3320 impetrandi
1732 3246 1999 3313 beneﬁcii,

410 3358 722 3426 fortiterque
751 3351 994 3424 pulsabat
1027 3366 1040 3402 :
1066 3358 1119 3404 et
1149 3343 1580 3402 dissimulabatur
1632 3341 1701 3395 ab
1729 3355 1792 3396 ea
1812 3342 1856 3407 ⁸,
1895 3354 2001 3414 non

411 3458 470 3516 ut
500 3444 863 3516 misericordia
901 3448 1202 3515 negaretur,
1235 3435 1328 3492 sed
1376 3443 1433 3490 ut
1461 3431 1784 3506 desiderium
1813 3445 2003 3486 accen«

413 3540 668 3610 deretur;
701 3553 798 3596 nec
819 3536 990 3606 solum
1013 3542 1070 3586 ut
1095 3529 1418 3599 desiderium
1445 3525 1847 3594 accenderetur,
1885 3523 1999 3588 sed,

412 3607 554 3700 sicut
568 3607 690 3694 ante
711 3627 837 3696 dixi,
855 3637 911 3700 ut
930 3623 1196 3680 humilitas
1222 3618 1702 3676 commendaretur.
1729 3614 2005 3671 Clamabat

412 3739 541 3798 ergo
567 3731 816 3794 tanquam
845 3716 1070 3790 Domino
1109 3729 1213 3768 non
1245 3712 1512 3780 audiente,
1545 3708 1639 3764 sed
1663 3708 1803 3780 quod
1837 3707 2004 3762 lactu-

413 3829 506 3876 rns
532 3823 647 3878 erat
675 3813 727 3889 in
758 3810 974 3876 silentio
997 3803 1334 3878 disponente.
1379 3802 1633 3878 Discipuli
1684 3808 2006 3879 rogaverunt

410 3922 512 3978 pro
541 3905 632 3962 illa
663 3904 966 3970 Dominum,
1014 3909 1067 3955 et
1115 3897 1364 3968 dixerunt
1404 3893 1645 3954 :Dimitte
1691 3893 1854 3960 illam,
1885 3892 2006 3963 quia

413 3998 599 4068 clamat
623 4003 736 4072 post
761 4011 876 4050 nos.
912 3991 978 4046 Et
999 3991 1084 4045 ille
1115 4009 1128 4044 :
1162 3987 1281 4043 Non
1310 4003 1422 4048 sum
1451 3987 1628 4045 missus
1651 3985 1747 4040 nisi
1783 3985 1851 4040 ad
1891 4000 2005 4039 oves

413 4105 527 4170 qua:
555 4089 808 4162 perierunt
838 4086 1016 4142 domus
1052 4082 1237 4140 Israel.
1850 4168 1864 4170 ῃ
1973 4153 1976 4156 e

486 4178 712 4235 CAPUT
737 4175 874 4232 ll.—
889 4173 943 4230 2.
979 4173 1241 4242 Quomodo
1263 4171 1489 4248 Christus
1509 4171 1707 4226 nonnisi
1731 4169 1798 4224 ad
1835 4168 2007 4234 Israc-

421 4268 532 4344 litas
564 4271 764 4325 missus.
827 4265 1028 4324 Solutio
1071 4265 1377 4350 quwstionis.
1428 4263 1522 4320 llic
1547 4262 1830 4338 verborum
1873 4262 2005 4318 isto-

416 4345 535 4432 rum
581 4361 751 4417 oritur
794 4359 1016 4432 qumstio
1047 4377 1058 4412 :
1085 4345 1240 4412 Unde
1286 4371 1384 4410 nos
1427 4354 1492 4408 ad
1537 4355 1676 4410 ovile
1713 4354 1907 4412 Christi
1939 4355 2007 4410 de

417 4433 676 4512 Gentibus
701 4452 962 4518 venimus,
987 4450 1031 4504 si
1064 4465 1170 4504 non
1191 4456 1273 4503 est
1299 4447 1492 4512 missus
1522 4446 1621 4524 nisi
1649 4446 1713 4500 ad
1737 4461 1864 4502 oves
1888 4461 2006 4520 quae

417 4548 691 4626 perierunt
727 4543 916 4612 domus
956 4541 1151 4598 lsrael?
1174 4539 1308 4610 Quid
1350 4539 1448 4602 sibi
1477 4539 1587 4593 vult
1618 4539 1773 4606 hujus
1814 4538 2006 4600 secreti

419 4651 526 4696 tam
552 4641 654 4712 alta
676 4637 1024 4709 dispensatio,
1044 4643 1102 4689 ut
1130 4648 1248 4688 cum
1272 4634 1525 4708 Dominus
1555 4633 1715 4690 sciret
1737 4648 1900 4703 quare
1921 4649 2006 4688 ve-

419 4731 579 4814 niret,
609 4734 791 4803 utique
822 4738 878 4796 ut
900 4727 1193 4800 Ecclesiam
1225 4725 1449 4782 haberet
1477 4725 1530 4780 in
1557 4725 1804 4786 omnibus
1828 4723 2009 4780 Genti-

417 4825 539 4900 bus,
567 4840 672 4880 non
699 4836 758 4880 se
788 4819 1008 4878 missum
1045 4817 1273 4892 dixerit,
1314 4815 1414 4875 nisi
1441 4815 1507 4872 ad
1537 4831 1666 4874 oves
1694 4831 1812 4886 qnze
1838 4816 2010 4894 perie-

419 4927 541 4996 runt
569 4916 759 4980 domus
781 4911 978 4975 Israel?
999 4909 1344 4986 intelligimus
1370 4923 1495 4978 ergo
1521 4908 1858 4984 prazsentiam
1885 4922 2007 4964 cor-

419 5011 564 5090 poris
576 5011 678 5076 sui,
693 5007 1019 5085 nativitatem
1034 5019 1181 5059 suam
1192 5043 1205 5069 ,
1220 5002 1596 5078 exhibitionem
1611 5002 2003 5071 miraculorum,
2024 5037 2026 5040 ν

420 5095 778 5182 virtutemque
807 5097 1218 5178 resurrectionis
1245 5097 1299 5151 in
1335 5096 1423 5150 illo
1450 5097 1648 5177 populo
1673 5112 1795 5151 eum
1825 5105 2006 5174 osten-

421 5191 552 5250 dere
596 5191 882 5269 debuisse;
927 5187 1003 5269 ita
1053 5185 1214 5266 fuisse
1261 5187 1597 5265 dispositum,
1635 5189 1712 5252 sic
1753 5188 1820 5244 ab
1860 5188 2010 5248 initio

423 5283 875 5364 commendatum,
907 5283 1015 5357 hoc
1043 5281 1379 5362 prmdictum,
1409 5281 1510 5356 hoc
1539 5282 1813 5362 impletum
1841 5299 1854 5336 :
1887 5282 2009 5352 quia

485 5449 509 5487 ι
534 5452 795 5518 mimanta
809 5451 1084 5518 Iterinobis,
1110 5459 1207 5518 etc.
1221 5453 1312 5518 inc
1334 5463 1424 5501 nos
1445 5451 1900 5518 Pbimaroonensem
1921 5465 2010 5506 ve-

421 5515 815 5570 mmin'et
829 5517 1028 5578 omium
1049 5523 1178 5563 notae
1199 5515 1376 5578 librum
1397 5515 1670 5578 sequimtr.

492 5580 608 5636 θεία
626 5575 1034 5640 ριιίωωιορὶιεηεὶε
1055 5583 1136 5628 δίε.
1171 5583 1227 5638 At
1251 5577 1385 5638 editi,
1408 5575 1470 5628 ab
1489 5589 1563 5631 eo.

491 5654 790 5722 Ῐῼοῃζεειιιξ
811 5654 869 5722 ad
904 5653 986 5722 ph.
1023 5658 1224 5722 Amggr.
1249 5659 1352 5703 Par.
1376 5659 1487 5705 Lov.

513 5717 569 5777 ia)
590 5714 733 5777 anas,
751 5716 820 5766 ee
837 5712 1094 5777 Tempore,
1119 5712 1198 5764 74.

521 5775 572 5841 b)
591 5775 770 5831 citetur
787 5781 842 5854 in
858 5775 981 5853 Fieri
1000 5776 1289 5853 ρρμεεμοηε
1303 5775 1364 5832 ad
1381 5782 1398 5826 l
1419 5782 1522 5830 cor.

1593 288 1651 350 s.
1684 279 2056 358 AUGUS‘llNi
2092 277 2395 352 spissam

3567 273 3678 354 48,4

2088 398 2330 468 Christus
2355 397 2509 456 Jesus
2533 393 2600 454 ad
2621 402 2835 467 gentem
2854 393 3162 466 Iudaeorum
3187 393 3370 466 venire
3397 391 3578 466 debuit
3600 395 3680 466 vi-

2092 490 2318 557 dendus,
2370 487 2711 554 occidendus,
2754 496 2810 545 et
2858 488 3158 558 lucratnrus
3185 489 3200 518 ¹
3228 502 3322 546 eos
3371 485 3496 554 inde
3542 501 3679 558 quos

2089 591 2213 646 ante
2240 580 2526 652 prsescivit.
2555 580 2670 636 Non
2698 581 2841 636 enim
2882 579 3133 643 damnata
3162 579 3249 636 illa
3278 578 3429 650 plebs
3450 585 3556 646 est,
3584 579 3682 635 sed

2090 673 2366 730 ventilata.
2392 672 2468 728 lbi
2497 682 2613 728 erat
2636 673 2803 746 palea:
2828 673 3111 730 multitudo
3130 715 3144 740 ,
3179 673 3249 728 ibi
3275 687 3560 744 granorum
3590 685 3682 727 oc-

2088 766 2227 822 culta
2255 765 2483 836 dignitas
2511 783 2522 818 :
2548 766 2619 820 ibi
2667 765 2808 835 quod
2854 765 3246 834 incenderetur,
3285 766 3357 822 ibi
3382 764 3520 834 unde
3549 765 3683 820 hor-

2091 874 2240 920 reum
2267 859 2581 928 repleretnr.
2605 845 2740 915 Nam
2771 859 2910 916 unde
2936 859 3178 932 Apostoli
3229 859 3330 916 nisi
3351 858 3507 916 inde?
3539 858 3683 914 unde

2091 948 2315 1010 Petrus?
2347 949 2487 1004 unde
2516 951 2733 1006 caeteri?
3606 967 3608 969 ‘

2163 1045 2216 1100 5.
2260 1043 2452 1099 Saulus
2479 1044 2532 1097 in
2561 1042 2787 1098 Paulum
2816 1053 3056 1098 mutatus.
3079 1041 3229 1098 Ratio
3259 1043 3435 1098 mutati
3465 1043 3685 1097 nominis

2094 1136 2242 1192 Sauli
2296 1137 2348 1189 in
2396 1134 2568 1206 Pauli.
2619 1135 2769 1192 Unde
2812 1136 2923 1207 ipse
2967 1137 3186 1204 Paulus,
3244 1136 3416 1206 primo
3451 1134 3686 1192 Saulus?

2094 1228 2197 1283 hoc
2225 1238 2325 1295 est,
2363 1228 2537 1299 primo
2571 1229 2851 1298 superbus,
2892 1239 3009 1299 post
3037 1229 3274 1286 humilis.
3303 1229 3432 1284 Nam
3470 1226 3688 1299 quando

2092 1321 2302 1389 Saulus,
2334 1337 2364 1376 a
2394 1321 2552 1386 Saiile
2595 1337 2790 1382 nomen
2831 1321 3124 1380 derivatum
3167 1331 3299 1382 erat.
3347 1322 3474 1378 Saitl
3502 1329 3688 1377 autem

2093 1429 2186 1488 rex
2214 1414 2477 1484 superbus
2503 1432 2514 1467 :
2540 1413 2591 1468 in
2623 1428 2789 1484 regno
2813 1425 2988 1488 autem
3018 1413 3186 1486 David
3217 1414 3466 1488 humilem
3491 1428 3688 1486 perse-

2094 1506 2353 1580 quebatur
2383 1505 2429 1576 (Ι
2451 1505 2579 1576 Reg.
2602 1506 2934 1576 xvnt-xmv).
2963 1506 3184 1576 Quando
3204 1522 3332 1579 ergo
3358 1505 3570 1572 Saulus,
3592 1503 3689 1577 qui

2094 1606 2279 1676 postea
2309 1597 2523 1664 Paulus,
2553 1609 2679 1656 tunc
2708 1598 2888 1670 utique
2913 1599 3193 1668 superbus,
3225 1609 3349 1654 tunc
3374 1605 3691 1670 persecutor

2096 1691 2480 1759 innocentium,
2502 1700 2625 1747 tunc
2654 1700 2887 1747 vastator
2922 1691 3196 1746 Ecclesizc.
3228 1690 3521 1760 Acceperat
3541 1690 3691 1746 enim

2095 1783 2300 1860 litteras
2350 1784 2518 1855 (velut
2565 1784 2678 1840 zelo
2720 1784 3015 1856 Synagogae
3057 1782 3272 1850 ardens,
3305 1790 3359 1837 et
3398 1781 3691 1855 insequens

2096 1877 2440 1944 christianum
2460 1875 2679 1948 nomen)
2702 1892 2731 1930 a
2752 1875 3135 1943 sacerdotibus,
3157 1884 3214 1930 ut
3230 1875 3505 1931 exhiberet
3527 1889 3693 1947 quos-

2097 1984 2325 2039 cumque
2373 1969 2660 2024 invenisset
2699 1969 3016 2026 christianos
3059 1967 3125 2024 ad
3184 1967 3375 2034 luenda
3405 1967 3690 2038 supplicia.

2097 2059 2227 2118 Cum
2256 2061 2448 2132 pergit,
2471 2076 2592 2115 cum
2620 2061 2834 2116 anhelat
2857 2060 3052 2127 aedes,
3077 2075 3197 2134 cum
3219 2059 3332 2115 sitit
3351 2059 3688 2131 sanguinem,

2097 2152 2300 2226 ccelesti
2324 2151 2519 2208 Christi
2542 2168 2672 2207 voce
2703 2160 2998 2224 prostratus
3019 2159 3102 2207 est
3123 2160 3452 2223 persecutor,
3475 2160 3692 2206 erectus

2098 2255 2181 2302 e5t
2205 2245 2522 2316 przedicator
2555 2245 2705 2316 (Act.
2735 2261 2786 2300 rx
2808 2246 2846 2314 ).
2877 2244 3159 2314 lmpletum
3189 2245 3243 2300 in
3273 2243 3364 2299 illo
3388 2243 3530 2316 quod
3557 2242 3694 2312 scri-

2099 2347 2247 2410 ptum
2275 2348 2358 2394 est
2387 2339 2440 2394 in
2471 2337 2728 2410 propheta
2758 2355 2771 2390 :
2797 2335 2908 2408 Ego
2940 2338 3232 2408 percutiam,
3275 2345 3322 2392 et
3367 2353 3458 2408 ego
3498 2334 3693 2392 sonabo

2099 2429 2276 2501 (Deut.
2300 2446 2468 2502 χχχιι,
2497 2429 2609 2500 59).
2634 2430 2745 2486 Hoc
2775 2431 2915 2486 enim
2941 2431 3166 2502 percutit
3191 2431 3350 2497 Deus,
3373 2430 3517 2504 quod
3548 2445 3606 2486 se
3638 2430 3694 2502 in

2100 2522 2317 2588 homine
2345 2523 2554 2580 extollit
2581 2523 2836 2582 adversus
2863 2525 3050 2580 Deum.
3079 2523 3194 2580 Non
3232 2533 3313 2582 est
3345 2524 3540 2594 impius
3573 2538 3693 2581 me-

2101 2614 2273 2692 dicus,
2307 2614 2398 2685 qui
2430 2623 2693 2670 tumorem
2738 2615 2892 2684 ierit,
2928 2615 3018 2685 qui
3060 2615 3393 2686 putredinem
3424 2623 3571 2672 secat
3597 2623 3695 2672 aut

2100 2706 2226 2778 urit.
2261 2705 2506 2764 Dolorem
2554 2705 2786 2778 ingerit:
2818 2706 3029 2780 ingerit,
3070 2705 3167 2764 sed
3216 2713 3275 2762 ut
3325 2705 3581 2782 perducat
3623 2707 3694 2762 ad

2102 2797 2404 2874 sanitatem.
2419 2796 2670 2854 Molestus
2690 2807 2774 2854 est
2795 2816 2807 2852 :
2829 2797 2925 2854 sed
2947 2797 3049 2854 nisi
3069 2806 3230 2866 esset,
3246 2797 3390 2860 utilis
3403 2812 3508 2870 non
3523 2805 3690 2858 esset.

2103 2886 2397 2943 Prostravit
2441 2903 2568 2959 ergo
2617 2888 2860 2956 Christus
2911 2905 3011 2960 una
3059 2905 3188 2968 voce
3235 2889 3475 2958 Saulum,
3523 2888 3697 2960 erexit

2104 2979 2325 3046 Paulum
2352 2997 2362 3032 :
2392 2979 2492 3035 hoc
2522 2989 2622 3050 est,
2655 2982 2942 3051 prostravit
2959 2983 3264 3053 superbum,
3297 2969 3472 3038 erexit
3513 2981 3695 3038 humi-

2105 3075 2231 3150 lem.
2261 3075 2394 3133 Nam
2442 3092 2560 3151 quae
2604 3076 2704 3134 fuit
2748 3078 2886 3134 ratio
2931 3077 3168 3136 mutandi
3213 3077 3315 3136 sibi
3354 3077 3604 3144 nominis,
3638 3083 3699 3134 ut

2105 3183 2225 3223 cum
2262 3167 2453 3223 Saulus
2493 3180 2646 3224 antea
2683 3179 2983 3238 vocaretur,
3012 3179 3196 3242 postea
3233 3184 3294 3226 se
3323 3165 3548 3228 Paulum
3590 3168 3698 3228 dici

2105 3259 2299 3328 vellet;
2331 3260 2430 3320 nisi
2462 3260 2581 3338 quia
2609 3261 2754 3332 Sauli
2780 3277 2976 3319 nomen
3000 3278 3052 3316 tn
3081 3277 3140 3317 se
3159 3262 3392 3334 agnovit,
3425 3276 3548 3320 cum
3573 3259 3700 3333 per-

2106 3361 2437 3424 sequeretur,
2466 3353 2629 3410 luisse
2661 3355 2962 3426 superbiae?
2989 3355 3163 3428 Elegit
3197 3371 3324 3428 ergo
3367 3355 3568 3412 humile
3597 3370 3698 3414 no-

2106 3459 2251 3520 men,
2277 3452 2335 3498 ut
2361 3445 2576 3514 Paulus,
2606 3444 2708 3503 hoc
2736 3455 2820 3502 est
2846 3447 3122 3517 minimus,
3143 3456 3444 3504 vocaretur.
3472 3448 3702 3518 Paulum

2106 3539 2271 3604 enim,
2303 3539 2580 3612 minimum
2612 3550 2713 3602 est.
2742 3539 2963 3598 Paulum
3005 3541 3138 3606 nihil
3186 3541 3331 3596 aliud
3373 3549 3493 3609 est,
3537 3557 3703 3613 quam

2108 3647 2351 3706 parvum.
2373 3633 2448 3689 De
2470 3649 2576 3707 quo
2597 3633 2813 3693 nomine
2834 3636 2944 3704 jam
2963 3634 3217 3706 glorians,
3240 3633 3704 3707 humilitatemque

2109 3724 2494 3792 commendans
2513 3742 2526 3778 :
2547 3725 2679 3798 Ego,
2710 3725 2898 3797 inquit,
2925 3743 3038 3782 sunt
3062 3727 3299 3786 minimus
3317 3726 3700 3799 Apostolorum.

2109 3811 2263 3882 Unde
2312 3831 2461 3888 ergo,
2513 3814 2654 3872 unde
2700 3816 2822 3883 iste,
2864 3817 2966 3872 nisi
3006 3832 3077 3874 ex
3125 3817 3320 3888 populo
3362 3818 3704 3886 Judaeorum?

2110 3905 2240 3966 inde
2265 3907 2353 3962 alii
2381 3908 2642 3980 Apostoli,
2669 3907 2791 3976 inde
2811 3907 3028 3976 Paulus,
3052 3909 3174 3980 inde
3200 3924 3335 3984 quos
3361 3911 3705 3980 commendat

2110 3996 2249 4074 idem
2288 3998 2501 4065 Paulus,
2545 3999 2688 4070 quod
2733 3999 2963 4056 viderint
2990 4000 3272 4056 Dominum
3305 3985 3425 4074 post
3453 4017 3704 4060 resurre—

2110 4089 2365 4160 ctionem.
2407 4090 2546 4146 Dicit
2587 4092 2728 4148 enim
2778 4107 2901 4148 eum
2939 4091 3117 4152 visum
3163 4093 3336 4152 ferme
3362 4111 3395 4148 a
3420 4095 3707 4167 quingentis

2109 4182 2353 4254 fratribus
2381 4183 2554 4250 simul,
2599 4200 2660 4237 ea:
2698 4184 2875 4255 quibus
2905 4185 3072 4256 plures
3099 4195 3300 4254 manent
3327 4203 3484 4258 usque
3508 4187 3702 4259 adhuc,

2110 4279 2316 4350 quidam
2340 4287 2505 4333 autem
2535 4279 2842 4335 donnierunt
2870 4281 2910 4350 (Ι
2934 4280 3049 4335 Cor.
3073 4296 3164 4349 xv,
3187 4281 3241 4349 9,
3266 4281 3340 4349 6).

2184 4373 2236 4428 4.
2275 4372 2447 4427 Judwi
2473 4374 2647 4430 audito
2670 4372 2824 4433 Petra
2853 4376 3094 4430 conversi.
3129 4376 3256 4430 Oves
3289 4375 3358 4428 ad
3393 4391 3518 4444 quas
3553 4374 3706 4431 Cleri-

2112 4473 2217 4538 slus
2261 4464 2441 4519 missus
2493 4474 2584 4520 est.
2658 4466 2737 4521 Ex
2776 4467 2867 4522 illo
2907 4477 3082 4526 autem
3124 4469 3319 4538 populo
3379 4469 3536 4524 etiam
3597 4467 3701 4534 illi,

2112 4557 2223 4630 qui,
2246 4572 2363 4612 eum
2393 4557 2583 4614 Petrus
2611 4559 2941 4630 loqueretur,
2968 4561 3350 4622 commendans
3375 4563 3701 4633 passionem,

2112 4652 2556 4710 resurrectionem
2598 4653 3032 4724 divinitatemque
3069 4655 3287 4721 Christi,
3312 4666 3536 4726 accepto
3571 4656 3697 4726 Spi-

2113 4746 2216 4802 ritu
2243 4754 2448 4812 sancto,
2478 4747 2690 4816 quando
2717 4749 2794 4804 illi
2823 4764 3030 4816 omnes,
3057 4750 3111 4805 in
3139 4765 3272 4821 quos
3298 4751 3442 4808 venit
3470 4749 3705 4821 Spiritus

2111 4848 2349 4905 sanctus,
2391 4837 2583 4909 linguis
2624 4841 2863 4902 omnium
2901 4840 3138 4910 Sentium
3177 4850 3303 4906 sunt
3335 4841 3520 4909 locuti,
3547 4855 3702 4901 com-

2111 4929 2294 5002 puncii
2335 4931 2545 5000 spiritu,
2585 4931 2676 5001 qui
2717 4931 3005 4998 audiebant
3039 4948 3109 4988 ex
3147 4934 3342 5004 populo
3369 4933 3701 5004 Iudaicum,

2114 5021 2444 5094 quaesierunt
2462 5022 2741 5080 consilium
2765 5024 2952 5082 salutis
2973 5039 3102 5091 sum,
3126 5025 3481 5096 intelligentes
3498 5025 3559 5084 s'e
3576 5044 3706 5086 reos

2114 5114 2385 5184 sanguinis
2409 5113 2603 5170 Christi
2641 5133 2654 5168 :
2691 5115 2830 5186 quod
2871 5132 2995 5176 eum
3035 5117 3137 5188 ipsi
3179 5118 3568 5187 crucifixeriat,
3595 5120 3706 5190 ipsi

2115 5205 2427 5274 occiderint,
2452 5209 2505 5262 in
2521 5208 2670 5279 cujus
2694 5211 2908 5270 nomine
2939 5211 3151 5270 occisia
3187 5225 3254 5267 se
3288 5211 3532 5269 viderent
3557 5218 3707 5267 tanta

2115 5299 2370 5368 miracula
2407 5301 2542 5368 ﬁeri,
2575 5301 2817 5362 viderent
2850 5301 3080 5377 Spiritus
3119 5303 3290 5360 sancti
3335 5303 3699 5374 praesentiam.

2185 5393 2410 5460 CAPUT
2449 5391 2538 5450 ill.
2565 5423 2637 5434 -
2659 5393 2970 5461 Quaerentes
2992 5410 3122 5468 ergo
3147 5396 3450 5461 consilium,
3473 5409 3704 5466 respon-

2113 5504 2235 5556 sum
2260 5495 2610 5559 acceperunt:
2633 5489 2776 5558 Agite
2799 5490 3159 5560 paenitentiam,
3179 5500 3229 5545 et
3250 5489 3532 5559 baptiutur
3553 5505 3706 5546 unus-

2115 5584 2326 5656 quisque
2350 5590 2567 5638 vestrum
2603 5583 2658 5640 in
2681 5583 2882 5640 naeniae
2905 5581 3113 5640 Domini
3142 5592 3298 5640 nostri
3323 5583 3450 5640 Jeeu
3473 5582 3703 5650 Christi;

2181 5721 2200 5752 ί
2227 5723 2413 5770 Αωλςιι.
2433 5725 2564 5780 ωιτη
2585 5717 3288 5774 Mactata.er
3307 5715 3702 5785 ωηιιωνωόω.

2130 5787 2186 5835 At
2205 5788 2331 5844 Pan,
2353 5788 2656 5834 Lucraturus
