4032 6332
322 314 435 371 ὒ85

326 442 373 486 et
398 424 709 483 dimittantur
727 420 866 477 tam
888 422 1096 491 peccatu
1118 420 1298 473 uestra.
1320 414 1453 485 Quis
1474 412 1783 486 deeperaret
1806 410 1909 467 sibi

326 521 573 580 donanda
604 528 819 589 peccata
839 558 854 581 ,
896 514 1105 585 quando
1144 514 1347 569 crimen
1386 512 1547 573 occisi
1582 511 1776 566 Christi
1802 509 1909 566 reis

328 611 661 672 donabatur?
679 609 935 665 Gonversi
962 616 1087 663 sunt
1106 622 1175 662 ex
1204 606 1321 676 ipso
1348 606 1542 675 populo
1568 604 1905 660 Judarorum:

325 704 574 762 «inversi
602 711 745 768 sunt,
771 700 1018 770 baptisati
1043 708 1188 756 sunt.
1212 698 1293 754 Ad
1323 713 1562 754 mensam
1589 698 1795 752 Domini
1821 711 1911 753 ac-

324 804 626 861 cesserunt,
668 803 723 849 et
765 793 1074 863 sanguinem
1120 806 1278 861 quem
1322 790 1607 846 szevientes
1637 788 1907 855 fuderunt,

326 890 607 947 credentes
636 886 901 941 bian
930 883 1388 952 Quemdmodum
1417 892 1592 938 autem
1635 884 1742 938 sint
1784 898 1910 937 con-

329 984 485 1045 versi,
511 995 671 1051 quam
693 980 847 1049 plane
868 987 1030 1048 atque
1054 976 1308 1048 perfecte,
1336 976 1572 1032 indicant
1584 976 1748 1031 Actus
1769 977 1910 1045 Apo-

322 1077 609 1132 stolorum.
638 1074 769 1129 Nam
796 1073 977 1137 omnia
1008 1086 1124 1142 quae
1152 1070 1510 1141 possidebant,
1536 1069 1906 1135 vendiderunt,

324 1182 486 1239 atque
527 1168 696 1237 pretia
740 1178 916 1221 malm
967 1178 1183 1220 suarum
1224 1163 1295 1220 od
1341 1163 1503 1233 pedes
1531 1163 1908 1234 Apostolorum

326 1266 654 1330 posuerunt;
696 1269 752 1313 et
796 1256 1216 1313 distribuebatur
1263 1256 1545 1325 unicuique
1593 1255 1730 1309 sicut
1775 1269 1908 1323 opus

323 1353 520 1422 cuique
548 1361 663 1405 emt
689 1368 705 1405 :
732 1359 787 1406 et
810 1362 970 1409 nemo
994 1349 1202 1405 dicebat
1237 1347 1433 1418 aliquid
1467 1348 1773 1418 proprium,
1812 1346 1909 1401 sed

324 1453 478 1499 erant
518 1442 624 1497 illis
660 1442 841 1496 mnia
878 1440 1199 1497 communia.
1230 1438 1301 1493 Et
1328 1447 1436 1493 ml
1462 1438 1586 1504 illis,
1615 1439 1751 1493 sicut
1774 1437 1909 1495 scri-

326 1546 474 1606 ptum
502 1542 604 1600 est,
634 1534 807 1587 nisime
848 1549 950 1587 αισα
988 1540 1038 1586 et
1078 1547 1165 1585 eor
1210 1547 1365 1589 unum
1403 1532 1456 1584 in
1478 1529 1641 1583 Deum
1670 1528 1818 1601 (Act.
1845 1543 1905 1597 ιι,

324 1640 373 1683 et
398 1646 449 1683 iv
468 1630 506 1699 ).
532 1629 671 1683 Ecce
699 1636 825 1682 sunt
849 1641 978 1682 ores
1005 1626 1073 1687 de
1105 1625 1297 1695 quibus
1320 1624 1473 1691 dixit,
1504 1622 1623 1679 Non
1648 1639 1758 1677 sum
1787 1623 1909 1678 tuis-

326 1736 433 1783 sus,
461 1721 560 1773 nisi
586 1718 655 1773 ad
678 1734 790 1773 oves
813 1734 926 1787 quae
956 1718 1208 1787 petierunt
1234 1716 1411 1770 domus
1432 1713 1613 1771 Israel.
1638 1714 1744 1769 Illis
1764 1714 1909 1769 enim

324 1811 566 1865 exhibuit
590 1809 927 1880 pmsentiam
952 1822 1124 1873 suam,
1148 1822 1245 1876 pro
1268 1806 1373 1861 illis
1401 1806 1453 1860 in
1484 1820 1541 1860 se
1563 1805 1907 1860 saevientibus

324 1906 611 1959 cruciﬁxus
654 1903 862 1968 oravit,
902 1898 1324 1962 dicens:Pater,
1368 1899 1567 1969 ignosce
1612 1897 1743 1963 illis,
1790 1897 1909 1967 quia

325 1997 555 2051 nesciunt
577 1995 700 2064 quid
724 1996 921 2065 {miunt
947 1992 1098 2066 (Luc.
1124 2009 1280 2057 tum,
1305 1992 1416 2061 54).
1442 1991 1772 2061 lntclligcbat
1794 2005 1907 2046 me-

328 2088 478 2144 dicus
499 2089 836 2158 phreneticus
854 2098 1033 2143 mente
1057 2087 1262 2156 perdita
1290 2086 1551 2141 medicum
1581 2084 1903 2149 occidentes,

322 2180 687 2236 etoccidemlo
700 2179 965 2234 medicum
991 2179 1310 2244 nescientes,
1336 2177 1435 2231 sibi
1460 2177 1905 2231 medicamentum

324 2270 601 2327 iacientes.
631 2272 706 2325 De
735 2271 958 2326 Domino
988 2271 1128 2325 enim
1171 2271 1345 2324 occiso
1361 2284 1548 2323 omnes
1579 2270 1778 2324 ‘curati
1816 2284 1906 2323 su-

325 2380 468 2430 mus,
520 2364 663 2418 illius
691 2364 944 2433 sanguine
974 2362 1266 2432 redempti,
1323 2378 1459 2433 pane
1499 2362 1637 2416 illius
1667 2361 1905 2431 corporis

325 2470 354 2509 a
383 2455 521 2509 tame
565 2454 793 2508 liberati.
828 2454 978 2508 Hanc
1004 2468 1132 2523 ergo
1162 2453 1496 2523 praesentiam
1530 2451 1772 2505 Christus
1811 2452 1905 2506 Ju-

326 2547 457 2603 daais
487 2547 745 2602 exhibuit.
776 2547 886 2601 Hoc
913 2561 1040 2615 ergo
1068 2546 1159 2611 ait,
1193 2544 1313 2609 Non
1340 2562 1451 2598 sum
1482 2546 1682 2610 missus,
1714 2544 1810 2598 nisi
1833 2544 1902 2598 ad

325 2656 439 2695 oves
470 2656 585 2710 qua
626 2639 878 2709 pet-ierunt
918 2637 1097 2691 domus
1122 2636 1285 2691 Israel
1310 2652 1326 2690 :
1356 2646 1410 2690 ut
1439 2637 1540 2690 illis
1570 2636 1903 2705 prtesentiam

322 2734 407 2791 sui
449 2733 689 2803 corporis
718 2731 1022 2798 exhiberet;
1051 2746 1156 2786 non
1187 2741 1242 2785 ut
1269 2746 1397 2786 oves
1426 2747 1556 2802 quas
1586 2730 1812 2786 habebat
1849 2731 1902 2785 in

320 2824 604 2891 Gentibus,
629 2834 990 2879 contemneret
1018 2833 1069 2878 et
1094 2825 1407 2893 przeten'ret.

393 2920 622 2976 CAPUT
660 2919 751 2975 IV.
768 2948 839 2959 --—
855 2920 908 2975 5.
931 2918 1012 2972 Ad
1037 2927 1203 2989 gentes
1224 2916 1449 2973 Christus
1473 2934 1571 2972 non
1600 2919 1784 2972 missus
1807 2925 1899 2985 est,

322 3011 410 3069 sed
458 3013 613 3071 misit.
662 3010 743 3067 Ad
797 3011 993 3066 Gentes
1039 3010 1181 3065 enim
1244 3008 1355 3077 ipse
1397 3024 1501 3063 non
1543 3009 1661 3072 ivit,
1694 3010 1787 3064 sed
1825 3008 1905 3063 di-

320 3106 554 3175 scipulos
600 3106 762 3159 misit.
800 3102 867 3162 Et
908 3103 1016 3158 illic
1057 3102 1331 3171 impletum
1360 3110 1443 3157 est
1468 3103 1607 3172 quod
1647 3103 1901 3172 propheta

321 3196 454 3253 dixit
477 3214 490 3250 :
515 3194 748 3267 Papirius
775 3211 919 3267 qustu
949 3211 1049 3250 non
1074 3194 1303 3265 cognovi,
1328 3195 1521 3248 servivit
1549 3197 1689 3249 milii.
1719 3196 1901 3252 Videte

320 3307 479 3363 quam
506 3291 635 3357 alta,
659 3306 819 3360 quam
843 3289 1082 3355 evidens,
1112 3303 1270 3358 quam
1298 3302 1549 3358 expressa
1581 3289 1854 3359 prophetia
1885 3308 1898 3344 :

326 3384 557 3456 Populus
600 3398 749 3453 quem
796 3394 896 3435 non
939 3381 1180 3451 manu,
1224 3380 1273 3434 id
1317 3388 1418 3445 est,
1449 3380 1533 3434 cui
1562 3382 1901 3449 praesentiam

314 3492 495 3533 meam
521 3492 627 3531 non
648 3474 864 3530 exhibui
878 3513 894 3541 ,
918 3472 1113 3527 servivit
1135 3472 1274 3526 mild.
1299 3471 1609 3538 Quomodo?
1630 3472 1898 3542 Sequitur,

319 3570 387 3625 In
412 3570 593 3631 aditu
620 3568 761 3623 auris
784 3546 1040 3621 obaudivit
1068 3565 1191 3619 mihi
1220 3567 1243 3636 (
1270 3562 1415 3619 Psal.
1449 3581 1575 3631 xvu,
1607 3565 1675 3619 £5
1705 3563 1722 3635 )
1757 3584 1769 3619 :
1799 3564 1901 3620 hoc

318 3672 423 3730 est,
446 3678 555 3718 non
577 3660 826 3727 videndo,
850 3658 945 3715 sed
970 3657 1232 3713 audiendo
1247 3657 1606 3713 crediderunt.
1626 3657 1749 3713 Ideo
1770 3659 1902 3714 Gen-

320 3756 451 3811 tium
492 3758 665 3825 major
690 3754 825 3809 laus.
857 3752 940 3807 llli
978 3751 1119 3807 enim
1150 3748 1435 3816 viderunt,
1464 3758 1521 3803 et
1549 3749 1855 3804 occiderunt
1883 3767 1896 3803 :

317 3848 522 3904 Gentes
560 3845 874 3911 audierunt,
911 3853 964 3899 et
1002 3842 1361 3898 crediderunt.
1391 3840 1473 3896 Ad
1496 3840 1695 3901 Gentes
1721 3853 1899 3897 autem

318 3942 586 3999 vocandas
610 3952 666 3997 et
687 3939 1100 4012 congregandas,
1137 3948 1197 3994 ut
1226 3940 1536 4009 impleretur
1567 3940 1705 4010 quod
1740 3941 1899 3995 modo

280 4058 293 4069 ο
318 4036 673 4103 cantavimus,
707 4034 965 4104 Congrega
994 4049 1084 4086 nos
1107 4032 1171 4086 de
1195 4030 1464 4098 Gentibus,
1488 4043 1543 4085 ut
1572 4034 1900 4101 confiteremur

320 4129 513 4182 aventini
538 4137 645 4193 tuo,
678 4134 723 4181 et
751 4125 1025 4196 gloriemur
1046 4124 1100 4179 in
1128 4124 1277 4177 laude
1302 4133 1391 4181 tua
1421 4125 1439 4194 (
1472 4124 1618 4179 Paul.
1648 4141 1731 4191 cv,
1756 4128 1822 4180 47
1853 4125 1895 4196 ),

320 4220 410 4275 ille
434 4218 632 4274 Paulus
671 4217 942 4287 apostolus
980 4217 1176 4271 missus
1213 4225 1312 4271 est.
1345 4216 1586 4273 Minimus
1616 4220 1702 4273 ille
1731 4219 1899 4276 factus

321 4326 543 4381 magnus
562 4351 578 4376 ,
606 4324 709 4365 non
736 4324 832 4379 per
857 4324 935 4373 se,
964 4307 1057 4363 sed
1086 4322 1181 4378 per
1208 4324 1329 4363 cum
1352 4325 1511 4380 quem
1544 4310 1899 4379 persequeba-

322 4416 428 4471 tur,
456 4406 654 4459 missus
682 4411 765 4458 est
788 4402 854 4457 ad
878 4402 1095 4469 Gentes,
1124 4418 1193 4457 ex
1223 4402 1427 4457 latrone
1452 4413 1652 4473 pastor,
1681 4419 1744 4458 ex
1774 4404 1898 4473 lupo

320 4498 454 4553 ovis.
477 4495 670 4551 Missus
691 4503 775 4550 est
803 4494 870 4548 ad
896 4493 1092 4549 Gentes
1121 4493 1209 4547 ille
1234 4494 1505 4563 apostolus
1543 4495 1813 4561 minimus,
1846 4505 1900 4552 et

320 4590 545 4645 multum
573 4587 833 4642 laboravit
858 4587 911 4640 in
931 4585 1206 4653 Gentibus,
1230 4594 1283 4641 et
1302 4602 1395 4656 per
1420 4602 1542 4643 eum
1560 4588 1759 4645 Gentes
1783 4603 1900 4645 cre-

321 4680 586 4737 diderunt.
617 4678 805 4733 Testes
833 4686 958 4733 sunt
979 4677 1095 4748 ejus
1116 4677 1389 4747 Epistolas.

388 4776 441 4831 6.
485 4772 627 4828 Filia
669 4772 1105 4842 Archisynegagi,
1147 4781 1194 4825 et
1233 4770 1664 4827 mearrltoissa.
1721 4773 1896 4830 Habes

324 4869 421 4924 hoc
449 4876 506 4923 et
531 4868 587 4921 in
617 4866 905 4936 Evangelia
930 4866 1291 4925 sacratissime
1319 4866 1616 4937 ﬁguratum.
1642 4866 1772 4922 Filia
1799 4869 1899 4924 Ar-

322 4959 661 5030 chisynagogi
682 4957 923 5028 quaedam
942 4955 1189 5012 defuncta
1204 4966 1339 5024 erat,
1366 4966 1514 5027 pater
1540 4960 1657 5028 ejus
1682 4961 1899 5032 rogabat

324 5052 603 5107 Dominum
625 5091 641 5119 ,
675 5060 732 5106 ut
772 5052 875 5107 iret
910 5050 975 5106 ad
1003 5066 1120 5107 eam
1144 5068 1161 5106 ε
1184 5065 1378 5121 aegram
1422 5051 1711 5123 reliquerat
1746 5062 1803 5109 et
1845 5055 1901 5110 in

320 5144 558 5215 perion
610 5143 975 5199 constitutam.
1018 5143 1131 5198 ibat
1176 5143 1433 5199 Dominus
1474 5144 1539 5199 ad
1583 5146 1898 5202 visitandam

321 5245 375 5292 et
400 5237 690 5293 sanandam
720 5251 913 5308 aegram
942 5255 955 5291 :
984 5238 1184 5295 interea
1214 5247 1420 5292 mortua
1448 5239 1687 5295 nuntiata
1713 5250 1815 5309 est,
1844 5250 1901 5297 et

321 5330 516 5387 dictum
540 5340 625 5397 est
650 5331 821 5402 patri,
853 5329 1036 5393 Puella
1074 5340 1272 5385 morm
1298 5341 1401 5396 est,
1430 5333 1539 5388 noli
1568 5335 1683 5403 jam
1722 5350 1900 5391 vexare

319 5426 637 5497 nugishvum.
663 5424 916 5478 Dominus
943 5431 1123 5478 autem
1149 5423 1236 5493 qui
1265 5423 1466 5479 sciebat
1489 5439 1547 5479 se
1577 5440 1733 5495 posse
1758 5442 1900 5483 mor-

321 5524 442 5573 tuus
487 5517 770 5583 suscitare,
813 5531 919 5571 non
966 5516 1183 5570 abstulit
1222 5530 1373 5585 spem
1418 5516 1718 5587 desperato,
1745 5529 1798 5574 et
1826 5520 1900 5576 ait

320 5606 869 5678 patrizﬂstitimre,
899 5615 1095 5662 tanaim
1126 5607 1290 5663 crede.
1332 5607 1592 5680 Pergebat
1635 5610 1699 5668 ad
1742 5612 1896 5683 puel-

387 5810 397 5819 ~
430 5782 567 5850 seu,
911 5790 1077 5850 Abest,
1099 5794 1201 5849 nos,
1225 5789 1379 5836 antas.

1697 288 1925 355 unus
1958 288 2219 352 LXXVII.

3486 324 3595 387 486

2014 409 2121 467 lam
2146 423 2347 516 :etque
2376 416 2429 475 in
2459 421 2652 483 itinere
2680 427 2821 486 inter
2846 429 3058 503 turbas,
3092 438 3364 507 quomodo
3403 448 3593 516 potuit,

2014 509 2302 564 coarctavit
2342 526 2400 569 se
2439 516 2681 584 quaedam
2710 523 2920 594 muliet',
2950 541 3070 597 quae
3095 526 3293 586 ﬂuxum
3320 509 3598 605 sanguinis

2012 598 2332 670 patiebatur,
2368 616 2421 661 et
2454 608 2706 669 diuturno
2735 616 2827 673 illo
2855 617 3108 691 languore
3141 622 3196 678 in
3221 598 3457 683 medicos
3486 629 3599 686 {ru-

2016 698 2127 745 stra
2175 696 2350 750 omnia
2395 715 2514 769 qum
2556 702 2785 763 habebat
2831 710 3175 781 impenderat.
3207 715 3307 772 Ubi
3332 718 3596 779 ﬁmbriam

2014 786 2312 845 vestimenti
2345 794 2460 863 ejus
2492 797 2691 867 tetigit,
2735 816 2861 859 sana
2910 805 3045 862 facta
3075 817 3175 864 est.
3202 809 3270 865 Et
3292 810 3549 870 Dominus
3576 832 3592 869 :

2014 874 2139 971 Quis
2182 896 2258 933 me
2297 884 2491 955 tetigit?
2525 888 2864 950 Admirantes
2902 895 3141 968 discipuli
3170 902 3259 971 qui
3286 905 3596 963 nesciebant

2012 969 2139 1037 quid
2169 982 2309 1027 esset
2337 974 2557 1044 factum,
2595 990 2646 1035 ct
2674 983 2919 1041 videbant
2948 1004 3067 1043 cum
3099 1007 3127 1045 a
3158 969 3328 1049 turbis
3356 998 3590 1068 compri-

2013 1065 2086 1117 mi
2109 1102 2123 1128 ,
2158 1072 2210 1118 et
2233 1064 2305 1158 de
2336 1084 2435 1122 una
2465 1086 2583 1140 quae
2612 1073 2799 1131 leviter
2824 1079 3069 1149 tetigerat
3094 1081 3258 1141 fuisse
3283 1064 3589 1158 sollicitum,

2014 1156 2404 1244 responderunt
2431 1179 2442 1213 :
2476 1160 2643 1218 Turba
2682 1174 2728 1220 te
2755 1171 2961 1237 premit,
2992 1184 3039 1227 et
3068 1174 3191 1230 dicis
3209 1215 3225 1244 ,
3260 1178 3382 1242 Quis
3409 1196 3487 1234 me
3515 1156 3590 1234 te;

2013 1243 2162 1314 tigit?
2187 1247 2254 1303 Et
2282 1250 2368 1304 ille
2402 1269 2415 1305 :
2451 1252 2630 1325 Tetigit
2673 1274 2751 1312 me
2797 1260 2997 1330 aliquis.
3032 1262 3163 1322 Nam
3208 1267 3292 1321 isti
3324 1279 3591 1339 premunt,

2008 1336 2104 1397 illa
2155 1342 2343 1411 tetigit.
2375 1344 2580 1415 Corpus
2608 1365 2737 1422 ergo
2766 1353 2959 1410 Christi
3002 1358 3155 1417 multi
3204 1336 3426 1420 moleste
3471 1336 3593 1435 pre-

2012 1442 2187 1528 munt,
2212 1437 2364 1503 pauci
2394 1440 2674 1498 salubriter
2702 1453 2921 1516 tangunt
2950 1447 3043 1521 (a).
3068 1450 3251 1522 Tetigit
3279 1471 3373 1520 me,
3402 1457 3589 1528 inquit,

2009 1522 2209 1592 aliquis.
2243 1525 2355 1596 Ego
2383 1530 2515 1585 enim
2551 1535 2682 1589 sensi
2719 1536 2781 1590 de
2807 1555 2886 1592 me
2926 1542 3156 1596 virtutem
3182 1545 3381 1601 exiisse.
3407 1522 3488 1603 Δι’
3504 1522 3593 1607 ubi

2010 1614 2143 1713 vidit
2186 1619 2276 1674 illa
2319 1637 2423 1676 non
2471 1639 2530 1680 se
2576 1627 2822 1697 latuisse,
2864 1636 3141 1704 provoluta
3170 1648 3252 1694 est
3279 1648 3402 1696 ante
3428 1643 3595 1713 pedes

2010 1706 2149 1776 ejus,
2179 1718 2231 1763 et
2258 1713 2499 1770 confessa
2529 1726 2609 1772 est
2635 1720 2759 1789 quid
2786 1734 2927 1778 esset
2953 1726 3165 1783 factum.
3188 1729 3316 1785 Post
3339 1706 3453 1788 haec
3474 1750 3595 1803 per-

2008 1802 2175 1868 rexit,
2206 1808 2552 1878 pervenitque
2596 1827 2701 1881 quo
2750 1816 3027 1886 tendebat,
3063 1829 3117 1879 et
3157 1824 3385 1891 puellam
3430 1802 3593 1883 ﬁliam

2009 1891 2424 1986 arcltisynagogi
2451 1900 2719 1963 inventam
2734 1917 2998 1967 mortuam
3016 1911 3291 1970 suscitavit
3306 1914 3458 1986 (Luc.
3472 1932 3567 1975 vut

2007 1982 2215 2056 41-56).

2082 2076 2301 2134 CAPUT
2342 2080 2405 2137 ν.
2435 2114 2505 2123 -—
2529 2086 2581 2141 7.
2624 2086 2725 2145 Res
2748 2090 2811 2147 de
2824 2091 2926 2147 illis
2944 2105 3151 2153 narrata
3174 2097 3413 2154 licetvere
3428 2112 3590 2171 gesta,

2010 2178 2175 2231 tamen
2199 2174 2367 2243 ﬁgura
2404 2187 2495 2232 est.
2520 2178 2737 2236 Factum
2763 2184 2975 2252 quidem
3006 2196 3107 2254 est,
3138 2198 3195 2245 et
3219 2190 3290 2245 ita
3322 2201 3378 2249 ut
3404 2208 3593 2253 narra-

2009 2269 2114 2329 tur,
2141 2264 2413 2335 impletum
2440 2287 2451 2320 :
2484 2270 2578 2325 sed
2619 2281 2793 2328 tamen
2825 2276 2982 2335 etiam
3011 2278 3141 2347 ipsa,
3170 2296 3288 2350 quae
3312 2297 3342 2336 a
3372 2284 3593 2340 Domino

2008 2353 2144 2415 facta
2171 2368 2310 2425 sunt,
2342 2361 2540 2430 aliquid
2564 2364 2918 2434 signiﬁcantia
2951 2380 3133 2440 erant,
3162 2374 3311 2443 quasi
3332 2375 3514 2442 verba,
3545 2376 3593 2432 si

2007 2448 2110 2503 dici
2138 2460 2329 2519 potest,
2357 2454 2579 2509 visibilia
2607 2465 2659 2511 et
2678 2458 2875 2527 aliquid
2898 2461 3267 2531 signiﬁcantia.
3296 2465 3448 2532 Quod
3473 2482 3591 2522 ma-

2008 2541 2148 2596 xime
2176 2555 2393 2613 apparet
2419 2546 2470 2599 in
2497 2561 2561 2601 eo
2590 2548 2729 2617 quod
2759 2560 2953 2620 praeter
2980 2561 3187 2624 tempus
3213 2570 3368 2627 poma
3396 2558 3589 2627 quaesi-

2008 2632 2081 2687 vit
2111 2633 2163 2686 in
2190 2634 2411 2700 arbore,
2444 2646 2497 2693 et
2523 2638 2642 2706 quia
2674 2654 2779 2694 non
2804 2641 3029 2708 invenit,
3054 2645 3235 2705 arbori
3266 2647 3594 2703 maledicens

2007 2724 2206 2780 aridam
2233 2724 2356 2780 fecit
2385 2726 2570 2797 (Marc.
2593 2745 2673 2803 er,
2700 2732 2782 2797 t3,
2820 2733 2928 2803 li).
2956 2734 3067 2789 Hoc
3100 2735 3300 2793 factum
3324 2738 3425 2794 nisi
3453 2738 3591 2810 ﬁgu-

2007 2828 2178 2874 ratum
2205 2821 2514 2891 accipiatur,
2549 2825 2764 2895 stultum
2795 2824 3097 2889 invenitur:
3124 2831 3313 2900 primo,
3336 2831 3593 2902 quaasisse

2006 2923 2165 2980 poma
2186 2912 2239 2967 in
2264 2912 2348 2966 illa
2369 2912 2577 2978 arbore,
2603 2915 2813 2985 quando
2840 2926 3047 2989 tempus
3072 2936 3177 2981 non
3201 2932 3316 2978 erat
3336 2932 3392 2978 ut
3413 2932 3594 2980 essent

2006 3001 2060 3056 in
2087 3004 2189 3058 ulla
2209 3004 2429 3072 arbore;
2462 3006 2673 3073 deinde,
2698 3009 2742 3065 si
2770 3025 3048 3079 pomorum
3066 3014 3176 3084 jam
3199 3024 3406 3085 tempus
3426 3025 3589 3083 esset,

2007 3109 2111 3148 non
2141 3095 2337 3151 habere
2375 3112 2530 3169 poma
2561 3115 2677 3169 quae
2710 3101 2862 3172 culpa
2888 3104 3093 3159 arboris
3120 3106 3298 3163 esset?
3334 3105 3441 3163 Sed
3470 3106 3593 3178 quia

2006 3186 2332 3256 signiﬁcabat
2351 3230 2365 3253 ,
2400 3205 2639 3259 quaerere
2665 3206 2723 3249 se
2760 3208 2866 3247 non
2896 3195 3067 3250 solum
3096 3196 3251 3264 folia,
3282 3197 3377 3253 sed
3402 3207 3455 3253 ct
3479 3198 3591 3255 fru-

2006 3289 2169 3346 ctum,
2197 3279 2246 3334 id
2273 3288 2374 3347 est,
2405 3297 2510 3337 non
2541 3284 2713 3339 solum
2735 3286 2915 3353 verba,
2934 3287 3024 3347 sed
3044 3298 3097 3344 et
3119 3288 3252 3345 facta
3279 3288 3587 3360 hominum;

2004 3371 2339 3426 arefacicndo
2357 3373 2442 3427 ubi
2459 3374 2569 3433 sola
2588 3375 2709 3431 folia
2725 3376 2943 3447 invenit,
2959 3380 3270 3451 signiﬁcavit
3283 3397 3467 3443 eorum
3486 3399 3593 3455 pte-

2004 3480 2127 3523 nam
2140 3465 2228 3534 qui
2246 3466 2386 3535 loqui
2405 3466 2539 3521 bona
2554 3478 2792 3538 possunt,
2812 3470 2980 3526 facere
2993 3473 3129 3537 bona
3142 3474 3345 3529 nolunt.
3362 3474 3450 3530 Sic
3462 3490 3592 3547 ergo

2004 3565 2059 3611 et
2088 3554 2193 3610 hic.
2223 3555 2352 3611 Nam
2384 3558 2563 3629 utique
2590 3560 2898 3630 mysterium
2935 3572 3033 3617 est.
3068 3564 3326 3623 Praescius
3351 3567 3590 3623 omnium

2005 3647 2151 3715 dicit,
2184 3648 2308 3714 Quis
2334 3665 2412 3703 me
2442 3651 2640 3720 tetigit?
2669 3650 2751 3705 Fit
2781 3653 3023 3723 imperito
3049 3656 3237 3718 similis
3265 3657 3502 3725 Creator,
3536 3666 3593 3714 et

2002 3738 2297 3809 interrogat
2324 3756 2427 3793 non
2464 3740 2632 3795 solum
2664 3743 2753 3812 qui
2794 3743 2895 3798 hoc
2934 3746 3167 3815 sciebat,
3196 3747 3289 3804 sed
3313 3750 3471 3805 etiam
3499 3751 3590 3821 qui

2004 3841 2195 3887 caetera
2229 3833 2555 3901 praesciebat.
2587 3835 2799 3905 Aliquid
2823 3845 2905 3895 est
2931 3839 3131 3910 utique,
3160 3841 3302 3912 quod
3332 3842 3485 3899 nobis
3513 3841 3590 3899 si-

2004 3925 2285 3997 gniﬁcante
2313 3926 2563 3996 mysterio
2593 3926 2823 3997 loquitur
2844 3928 3105 3989 Christus.

2075 4016 2128 4070 8.
2173 4016 2306 4080 Quid
2326 4016 2426 4070 illis
2451 4017 2717 4095 ﬁguratur.
2756 4018 2886 4074 Filia
2932 4021 3019 4076 illa
3051 4021 3471 4093 Archisynagogi
3515 4022 3591 4079 si-

2002 4109 2284 4180 gniﬁcabat
2310 4111 2563 4180 populum
2591 4110 2892 4167 Judacorum
2912 4155 2925 4178 ,
2956 4123 3171 4189 propter
3187 4131 3345 4186 quem
3362 4124 3588 4172 venerat

2003 4200 2245 4256 Christus
2265 4244 2279 4268 ,
2308 4202 2396 4271 qui
2423 4201 2575 4269 dixit,
2610 4203 2731 4258 Non
2757 4222 2868 4258 sum
2898 4208 3099 4274 missus,
3130 4209 3227 4262 nisi
3252 4210 3320 4263 ad
3344 4226 3456 4265 oves
3474 4226 3590 4281 qua:

2004 4294 2259 4364 perierunt
2285 4296 2462 4348 domus
2494 4295 2675 4350 Israel.
2707 4297 2795 4352 Illa
2824 4315 2949 4354 vero
2987 4302 3179 4356 mulier
3222 4319 3341 4373 quae
3380 4303 3588 4359 ﬂuxum

2003 4378 2272 4457 sanguinis
2294 4387 2609 4456 patiebatur,
2635 4387 2926 4445 Ecclesium
2951 4392 3208 4462 ﬁgurabat
3228 4410 3291 4450 cx
3306 4394 3584 4464 Gentibus,

2004 4475 2069 4532 ad
2105 4493 2261 4548 quam
2297 4476 2539 4534 Christus
2579 4493 2673 4551 per
2703 4484 3038 4550 praesentiam
3081 4487 3319 4555 corporis
3346 4502 3449 4543 non
3475 4497 3592 4544 erat

2003 4572 2218 4626 missus.
2251 4571 2332 4627 Ad
2360 4571 2506 4627 illam
2538 4573 2664 4639 ibat,
2697 4574 2836 4630 illius
2857 4577 3080 4635 salutem
3107 4579 3413 4635 intendebat
3438 4599 3450 4634 :
3474 4580 3589 4635 haec

2004 4660 2341 4734 intercurrit,
2376 4666 2539 4736 tangit
2568 4665 2827 4722 ﬁmbriam
2854 4670 3002 4741 quasi
3046 4672 3360 4740 nescientis,
3393 4672 3446 4729 id
3474 4682 3585 4742 est,

2003 4764 2223 4811 sanatur
2256 4766 2504 4826 tauquam
2537 4756 2603 4812 ab
2633 4758 2869 4815 absente.
2902 4760 3035 4816 Dicit
3057 4762 3143 4817 ille
3163 4804 3175 4827 ,
3213 4762 3337 4831 Quis
3368 4781 3445 4823 me
3472 4765 3587 4818 teti-

2003 4849 2116 4920 git?
2144 4848 2290 4920 quasi
2317 4848 2554 4916 diceret,
2583 4850 2696 4906 Non
2728 4853 2850 4907 novi
2882 4853 3021 4908 hunc
3053 4855 3324 4925 populum.
3357 4854 3589 4929 Populus

2004 4959 2147 5014 quem
2175 4958 2273 4995 non
2303 4945 2530 5013 cognovi,
2552 4945 2747 4999 servivit
2773 4947 2914 4999 mihi.
2940 4945 3120 5019 Tetigit
3145 4965 3221 5003 me
3240 4950 3443 5020 aliquis.
3472 4948 3586 5020 Ego

2004 5035 2137 5089 enim
2166 5034 2296 5093 sensi
2335 5034 2564 5089 virtutem
2592 5036 2654 5090 de
2678 5053 2756 5095 me
2780 5038 2970 5105 exisse,
3016 5038 3067 5099 id
3102 5048 3210 5107 est,
3244 5040 3586 5113 Evangelium

2006 5128 2258 5180 emissum
2289 5134 2453 5180 totum
2483 5128 2667 5189 orbem
2694 5127 2965 5207 implesse.
2992 5128 3243 5203 Tangitur
3269 5142 3444 5189 autem
3469 5132 3587 5187 ﬁm-

2003 5214 2118 5271 bria
2158 5216 2346 5286 exigua
2389 5231 2514 5286 pars
2554 5219 2857 5285 vestimenti
2885 5228 2939 5275 et
2964 5230 3221 5279 extrema.
3252 5222 3358 5287 Fac
3383 5235 3585 5280 vestem

2005 5305 2205 5361 Christi
2228 5306 2378 5378 quasi
2406 5308 2711 5380 Apostolos.
2742 5310 2818 5365 lbi
2849 5310 3055 5368 timbria
3080 5312 3271 5387 Paulus
3300 5325 3416 5373 erat
3441 5333 3454 5369 :
3484 5316 3588 5373 hoc

2006 5411 2106 5463 est,
2135 5409 2403 5457 extremus
2430 5411 2483 5457 et
2503 5402 2769 5459 minimus.
2793 5403 2923 5461 Nam
2950 5413 3229 5479 utrumque
3248 5406 3315 5464 de
3336 5425 3393 5465 se
3411 5409 3545 5471 dixit
3567 5427 3582 5465 :

2006 5492 2116 5566 Ego
2163 5511 2272 5547 sum
2314 5494 2547 5550 minimus
2595 5494 2947 5567 Apostolorum
2989 5496 3045 5567 (1
3074 5497 3189 5554 Cor.
3221 5516 3311 5568 xv,
3341 5496 3418 5570 9).
3450 5500 3582 5563 Nam

2004 5596 2124 5656 post
2150 5602 2337 5643 omnes
2379 5596 2596 5643 vocatus
2638 5597 2755 5653 est,
2789 5597 2908 5660 post
2957 5605 3143 5647 omnes
3185 5592 3438 5660 credidit,
3468 5592 3584 5662 plus

2006 5678 2252 5735 omnibus
2294 5680 2517 5735 sanavit.
2544 5678 2659 5735 Non
2701 5688 2814 5735 erat
2855 5682 3048 5741 missus
3077 5683 3362 5761 Dominus,
3393 5684 3493 5751 nisi
3516 5683 3585 5742 ad

2070 5789 2143 5854 (a)
2165 5791 2281 5848 vide
2303 5806 2464 5855 supra,
2489 5806 2767 5847 sermonem
2788 5795 2868 5861 62,
2889 5808 2940 5848 n.
2960 5797 3011 5849 5.
