4032 6332
256 279 362 342 ιεο

260 392 548 451 recumbat
567 409 687 452 eum
713 393 971 451 Abraham
988 400 1035 451 et
1054 392 1207 452 Isaae
1227 403 1276 451 et
1292 394 1455 453 Iacob
1483 396 1540 452 in
1572 412 1727 469 regno
1749 412 1847 452 cos-

259 486 421 541 lorttm
441 484 653 559 (llatth.
683 502 794 555 Vill,
822 488 879 557 5,
905 487 1017 559 ll).
1041 485 1368 556 Recumbent,
1400 488 1602 560 inquit,
1632 491 1846 561 requie-

260 586 425 634 scunt.
464 577 586 635 Non
627 579 775 636 enim
809 579 1073 638 debemus
1098 580 1206 637 illic
1228 581 1471 638 carnales
1493 582 1679 655 epulas
1706 582 1850 654 cogi-

260 679 399 738 tare,
427 680 523 727 aut
560 671 761 743 aliquid
805 672 913 730 tale
938 673 993 729 in
1020 674 1113 730 illo
1138 689 1307 747 regno
1346 676 1727 748 concupiscere
1745 716 1761 742 ,
1790 683 1851 732 ut

261 778 364 820 non
410 764 537 821 vitia
583 774 850 823 mutemus
897 767 1183 825 virtutibus
1204 808 1220 836 ,
1253 767 1367 837 ,σαι
1395 768 1538 839 ,vitia
1584 783 1851 840 suppona-

260 870 377 911 mus
417 857 460 910 ί.
502 856 665 913 Aliud
696 867 782 915 est
804 858 980 928 enim,
1008 858 1317 917 desiderare
1340 876 1563 932 regnum
1593 860 1849 917 caelorum
1898 876 1905 879 ’

261 956 475 1019 propter
500 949 816 1021 sapientiam
844 958 902 1008 et
926 950 1091 1007 vitam
1120 960 1411 1017 aeternam;
1438 951 1604 1019 aliud,
1632 959 1852 1022 propter

261 1039 570 1098 felicitatem
594 1049 863 1100 terrenam
882 1085 899 1108 ,
931 1044 1085 1116 quasi
1109 1043 1223 1101 illic
1249 1044 1543 1102 habeamus
1568 1059 1687 1101 eam
1715 1058 1851 1114 opu-

260 1131 544 1190 lentiorem
578 1144 740 1206 atque
763 1135 1043 1207 majorem.
1076 1137 1132 1193 Si
1158 1136 1379 1193 divitem
1407 1145 1459 1194 te
1484 1136 1538 1192 in
1567 1136 1661 1194 illo
1686 1151 1851 1208 regno

259 1221 495 1284 futui-tim
520 1234 694 1297 putas,
718 1227 1060 1298 cupiditatem
1085 1243 1193 1285 non
1218 1237 1483 1298 amputas,
1514 1227 1610 1286 sed
1638 1236 1849 1284 mutas:

260 1326 315 1376 et
341 1327 525 1377 tamen
548 1318 698 1376 dives
722 1321 830 1376 eris
854 1363 872 1391 ,
916 1330 972 1378 et
995 1321 1231 1385 ,nonnisi
1260 1321 1368 1377 illic
1389 1320 1538 1377 dives
1562 1321 1688 1377 eris.
1718 1318 1850 1376 Nam

260 1409 346 1467 hic
394 1411 687 1483 indigentia
733 1422 824 1469 tua
866 1413 1070 1486 colligit
1110 1413 1363 1485 plurima.
1402 1412 1579 1481 Quare
1622 1413 1850 1468 multum

260 1500 459 1559 habent
501 1502 727 1561 divites?
769 1504 904 1574 Quia
946 1505 1173 1561 multum
1224 1504 1482 1577 indigent.
1509 1503 1676 1576 Major
1716 1504 1853 1561 indi-

259 1594 435 1668 gentia
478 1597 631 1668 quasi
666 1596 901 1669 majores
948 1606 1222 1670 comparat
1264 1596 1579 1673 facultates:
1603 1597 1715 1653 illic
1738 1597 1853 1668 ipsa

260 1686 549 1759 indigentia
596 1689 875 1746 morietur.
906 1689 1058 1747 Tunc
1102 1705 1231 1747 vere
1276 1690 1425 1748 dives
1467 1690 1608 1757 eris,
1639 1689 1853 1762 quando

262 1780 453 1837 nullius
501 1781 745 1853 indigens
791 1782 917 1839 eris.
959 1782 1076 1839 Non
1099 1782 1243 1839 enim
1271 1791 1327 1838 tu
1354 1781 1522 1849 dives,
1553 1793 1609 1838 et
1633 1782 1853 1855 angelus

261 1888 482 1945 pauper,
515 1875 606 1946 qui
632 1890 738 1931 non
768 1874 928 1932 habet
948 1878 1196 1946 jumenta
1217 1884 1271 1932 et
1291 1875 1490 1932 rhedas
1513 1883 1571 1931 et
1597 1874 1851 1932 familias.

264 1965 474 2034 Quare?
504 1968 638 2037 Quia
679 1984 789 2025 non
832 1968 1069 2041 indiget:
1092 1969 1217 2041 quia
1245 1976 1444 2041 quanto
1469 1967 1677 2037 fortior,
1706 1976 1855 2025 tanto

263 2062 438 2118 minus
452 2061 682 2132 indigus.
702 2061 843 2133 Ergo
860 2061 934 2118 ibi
947 2061 1167 2130 divitiae,
1184 2070 1240 2119 et
1261 2076 1403 2119 verte
1423 2061 1640 2118 divitia.
1658 2061 1855 2133 Epulas

264 2160 420 2209 terrae
436 2151 595 2223 hujus
608 2166 715 2207 non
731 2152 805 2208 ibi
820 2152 1041 2224 cogites.
1055 2152 1241 2223 Epulas
1256 2152 1398 2209 enim
1410 2161 1569 2209 terrae
1584 2152 1740 2223 hujus
1751 2166 1859 2209 me-

264 2243 881 2315 dicamentaquotidiana
896 2252 1051 2313 sunt;
1070 2243 1370 2316 aegritudini
1397 2243 1607 2300 cuidam
1634 2252 1853 2313 nostrae,

266 2351 383 2391 cum
396 2350 501 2405 qua
517 2336 805 2405 nascimur,
820 2335 1123 2393 necessaria
1136 2345 1279 2392 sunt.
1296 2336 1685 2408 .IEgritudinem
1697 2337 1855 2392 istam

266 2429 694 2501 sentitquisquis,
709 2444 833 2485 cum
843 2429 976 2486 hora
986 2428 1263 2485 reficiendi
1279 2429 1666 2485 transierit.Vis
1678 2427 1858 2485 videre

265 2528 462 2592 quanta
506 2519 764 2592 aegritudo
808 2520 879 2576 sit
917 2520 1050 2588 ista,
1078 2529 1137 2575 ut
1165 2528 1414 2590 tanquam
1457 2528 1613 2575 acuta
1655 2519 1854 2587 febris,

265 2624 467 2684 septem
491 2612 682 2668 diebus
710 2612 903 2669 necet?
927 2611 1005 2668 Ne
1029 2620 1083 2668 te
1109 2627 1301 2669 sanum
1329 2622 1504 2682 putes.
1525 2611 1736 2668 Sanitas
1759 2611 1858 2667 im-

268 2706 562 2762 mortalitas
585 2705 709 2762 erit.
756 2704 895 2761 Nam
937 2705 1054 2761 haec
1097 2705 1253 2776 longa
1299 2703 1559 2776 agritudo
1596 2712 1698 2761 est.
1725 2703 1859 2775 Quia

269 2797 588 2868 quotidianis
611 2796 1016 2853 medicamentis
1042 2796 1199 2853 fulcis
1217 2795 1464 2852 morbum
1488 2803 1669 2863 tuum;
1696 2810 1859 2853 sanus

272 2891 364 2947 tibi
395 2906 517 2947 esse
542 2890 736 2948 videris
762 2909 776 2947 :
802 2890 1025 2948 detrahe
1049 2890 1463 2959 medicamenta,
1489 2898 1545 2946 et
1582 2888 1703 2950 vide
1730 2889 1858 2961 quid

271 2994 444 3055 potes.

338 3075 568 3132 CAPUT
592 3074 739 3131 X.-—-
755 3075 843 3134 ﬂ.
867 3074 1123 3130 Moriendi
1142 3075 1408 3130 necessitas
1431 3074 1494 3129 ab
1521 3074 1631 3146 ipso
1658 3085 1857 3131 exortu.

280 3165 412 3221 Vera
461 3166 685 3231 sanitas,
721 3164 1097 3220 immortalitas.
1132 3163 1265 3220 Nam
1309 3180 1377 3221 ex
1423 3180 1528 3235 quo
1567 3166 1855 3234 nascimur,

272 3274 494 3316 necesse
517 3268 602 3314 est
626 3267 683 3313 ut
710 3259 1021 3314 moriamur.
1058 3257 1271 3313 Morbus
1300 3257 1388 3313 hic
1411 3272 1631 3314 necesse
1677 3268 1760 3315 est
1802 3267 1861 3314 ut

271 3352 337 3409 ad
360 3361 590 3409 mortem
622 3351 895 3423 perducat.
926 3350 1085 3407 Certe
1111 3349 1307 3407 medici
1333 3351 1548 3422 quando
1576 3366 1749 3423 aegros
1778 3352 1859 3425 in-

271 3446 501 3516 spiciunt
519 3487 534 3511 ,
574 3445 675 3501 hoc
703 3444 902 3500 dicunt.
926 3443 1087 3500 Verbi
1111 3442 1279 3515 gratia
1297 3483 1312 3509 ,
1340 3441 1577 3515 hydrops
1602 3452 1687 3499 est
1729 3444 1854 3511 iste,

270 3538 642 3595 moritur:hic
669 3537 890 3593 morbus
934 3551 1041 3593 non
1080 3545 1253 3608 potest
1279 3537 1479 3592 curari.
1513 3537 1860 3608 Elephantia-

270 3646 365 3688 sus
404 3640 518 3696 est;
566 3646 666 3687 nec
706 3630 925 3688 morbus
967 3630 1068 3686 iste
1110 3630 1284 3685 curari
1329 3636 1524 3700 potest.
1556 3629 1859 3686 Phthisicus

271 3735 353 3783 est
364 3743 381 3792 ;
411 3726 529 3796 quis
556 3724 660 3781 hoc
686 3724 872 3781 curat?
918 3724 1149 3780 Necesse
1190 3733 1275 3779 est
1313 3733 1372 3779 ut
1411 3734 1616 3795 pereat,
1644 3739 1862 3781 necesse

270 3830 352 3874 est
392 3829 450 3874 ut
491 3821 768 3876 moriatur.
791 3819 933 3875 Ecce
956 3819 1064 3888 jam
1094 3818 1228 3874 dixit
1258 3817 1497 3874 medicus
1516 3860 1530 3885 ,
1559 3818 1863 3874 Phthisicus

272 3921 371 3978 est,
400 3927 509 3967 non
536 3920 715 3983 potest
741 3910 843 3966 nisi
872 3911 1167 3977 moriatur;
1200 3918 1255 3965 et
1285 3918 1461 3965 tamen
1491 3910 1779 3980 aliquando
1807 3919 1863 3966 et

273 4001 512 4075 hydrops
542 4018 652 4058 non
676 4002 800 4058 inde
829 4003 1075 4066 moritur,
1103 4009 1158 4057 et
1180 4000 1579 4071 elephantiosus
1603 4016 1709 4056 non
1740 4001 1864 4058 inde
1932 4028 1935 4031 -

274 4095 521 4161 moritur,
567 4103 624 4150 et
666 4093 964 4164 phthisicus
1002 4108 1109 4148 non
1150 4093 1272 4148 inde
1306 4093 1567 4147 moritur:
1595 4103 1648 4149 et
1688 4105 1863 4150 tamen

272 4202 496 4244 necesse
520 4196 607 4243 est
632 4195 695 4242 ut
721 4186 959 4258 quisquis
998 4194 1151 4242 natus
1191 4186 1388 4251 fuerit,
1420 4185 1543 4242 inde
1585 4186 1861 4242 moriatur.

272 4278 497 4336 Moritur
539 4278 694 4346 inde,
725 4294 831 4335 non
876 4287 1050 4349 potest
1092 4278 1266 4334 aliter.
1296 4278 1409 4334 Hoc
1454 4287 1508 4333 et
1547 4278 1786 4335 medicus
1813 4287 1869 4336 et

275 4374 560 4446 imperitus
587 4373 935 4445 pronuntiat:
958 4371 1053 4429 sed
1082 4380 1137 4429 et
1164 4372 1212 4429 si
1239 4371 1437 4427 tardius
1454 4373 1699 4441 moritur,
1722 4388 1870 4428 num-

277 4465 406 4537 quid
454 4463 580 4521 ideo
625 4478 737 4520 non
789 4463 1047 4519 moritur?
1095 4462 1318 4530 Quando
1371 4476 1498 4534 ergo
1556 4477 1683 4518 vera
1726 4462 1870 4519 sani-

278 4566 361 4617 tas
384 4600 402 4627 ,
446 4558 553 4615 nisi
600 4555 813 4628 quando
859 4570 986 4612 vera
1025 4554 1426 4621 immortalitas,
1472 4553 1517 4609 si
1569 4568 1698 4624 ergo
1743 4568 1870 4611 vera

284 4628 679 4717 immortalitas,
724 4647 866 4703 nulla
919 4645 1210 4717 corruptio,
1263 4644 1425 4713 nulla,
1459 4642 1714 4710 defectio,
1744 4643 1873 4715 quid

286 4740 393 4798 illic
440 4739 711 4796 alimentis
759 4752 894 4809 opus
937 4737 1087 4792 erit?
1154 4735 1295 4808 Ergo
1346 4750 1467 4790 cum
1508 4734 1660 4790 audis
1687 4778 1703 4804 ,
1763 4734 1870 4791 Re-

289 4834 516 4889 cumbent
550 4848 666 4887 cum
682 4830 937 4887 Abraham
957 4828 1175 4884 etlsaac
1208 4837 1255 4883 et
1285 4827 1444 4882 lacob
1464 4828 1521 4894 ³;
1564 4842 1671 4883 non
1717 4841 1874 4898 pares

290 4937 554 4991 ventrem,
571 4923 669 4980 sed
688 4929 943 4979 mentem.
967 4919 1283 4992 lmpleberis
1304 4918 1375 4975 ibi
1398 4935 1412 4972 :
1436 4927 1492 4975 et
1510 4919 1625 4990 ipse
1652 4918 1874 4976 interior

294 5027 475 5073 venter
515 5016 679 5072 habet
717 5015 867 5071 cibos
912 5026 1059 5070 suos.
1092 5011 1397 5069 Secundum
1432 5012 1593 5068 istum
1633 5019 1874 5068 ventrem

295 5108 503 5175 dicitur,
536 5106 682 5163 Beati
708 5107 795 5178 qui
825 5106 1048 5161 esuriant
1067 5115 1113 5161 et
1132 5104 1307 5161 sitiunt
1321 5105 1579 5175 justitiam
1596 5145 1613 5173 ,
1636 5106 1875 5174 quoniam

418 5201 779 5257 saturabuntur
806 5196 917 5273 (1d.
946 5212 1004 5266 v,
1030 5196 1111 5270 6).
1142 5197 1209 5253 Et
1230 5211 1356 5254 vere
1390 5195 1787 5266 saturabuntur,
1820 5204 1878 5252 ut

301 5306 401 5347 non
431 5293 689 5348 esuriant.

370 5383 457 5440 15.
499 5383 652 5438 Romi
690 5381 949 5436 naturales
979 5380 1343 5452 prwciduntur,
1375 5380 1611 5435 inseritur
1638 5380 1875 5451 oleaster,

301 5491 469 5545 quare.
484 5473 756 5531 lnserebat
772 5488 899 5546 ergo
914 5472 1025 5544 jam
1049 5472 1337 5530 oleastrum
1356 5472 1631 5542 Dominus,
1654 5488 1778 5531 cum
1797 5473 1880 5531 di-

361 5612 379 5643 ι
402 5610 538 5672 miti,
563 5608 843 5672 subdamus.
871 5613 930 5672 At
960 5607 1384 5672 Phimarconensis
1406 5613 1509 5672 M_s.,
1544 5619 1879 5672 supponantus.

361 5674 383 5705 ι
405 5668 594 5735 aliquot
607 5668 692 5735 hic
707 5682 883 5720 versus
904 5669 955 5719 in
978 5671 1112 5732 prius
1130 5670 1274 5721 editis
1293 5670 1455 5721 omissi
1472 5668 1797 5726 restituunttu'
1816 5685 1882 5726 ex

702 5738 784 5783 Is.

536 5819 765 5885 Sacr.
796 5815 959 5882 Aps.
992 5816 1071 5881 ν.

1638 271 1869 333 δειυω
1903 272 2188 333 LXXVII].

3421 283 3530 343 ιοο

1952 397 2128 463 cebat,
2162 397 2313 453 Multi
2332 399 2394 452 ab
2432 400 2620 456 oriente
2646 409 2695 458 et
2730 403 2981 460 occidente
3010 406 3221 473 venient,
3248 415 3297 461 et
3330 407 3532 465 recum-

1952 487 2068 543 bent
2095 505 2210 542 cum
2238 490 2491 545 Abraham
2517 502 2563 547 et
2581 492 2734 549 Isaac
2752 506 2801 551 et
2822 495 2980 551 Jacob
3004 498 3058 552 in
3080 515 3234 570 regno
3257 499 3495 555 calorum
3516 545 3528 561 .

1956 578 2009 635 id
2040 590 2154 646 est,
2186 583 2487 639 iuserentur
2512 585 2563 641 in
2594 587 2753 643 oliva.
2781 589 2949 660 Hujus
2975 591 3119 646 enim
3145 592 3297 648 olivae
3324 594 3533 652 radices

1954 683 2106 741 sunt,
2136 676 2402 732 Abraham
2442 686 2497 734 et
2526 677 2672 735 Isaac
2696 690 2750 736 et
2782 682 2945 738 Jacob
2968 701 2980 737 :
3005 685 3102 753 lilii
3142 694 3311 740 autent
3356 689 3529 759 regni,

1955 766 2059 824 hoc
2087 779 2169 825 est
2204 770 2374 825 Judaei
2404 771 2698 843 increduli,
2724 776 2865 830 ibunt
2901 778 2953 831 in
2997 779 3221 834 tenebras
3264 782 3533 838 exteriores

1957 862 2182 931 (Matth.
2232 882 2361 934 VIII,
2394 865 2519 940 l2).
2565 868 2923 926 Prmcidentur
2966 873 3099 927 rami
3143 875 3445 940 naturales,
3473 884 3533 930 ut

1956 955 2219 1012 inseratur
2242 958 2491 1014 oleaster.
2519 958 2625 1015 Sed
2661 960 2801 1016 unde
2845 961 2978 1016 rami
3017 965 3282 1020 naturales
3314 967 3531 1036 praecidi

1955 1058 2296 1116 meruerunt,
2328 1050 2431 1107 nisi
2457 1051 2743 1122 superbia?
2767 1051 2918 1109 Unde
2955 1054 3185 1110 oleaster
3204 1054 3396 1123 inseri,
3429 1057 3533 1112 nisi

1955 1140 2288 1198 humilitate?
2316 1142 2469 1199 Unde
2495 1153 2548 1200 et
2575 1143 2676 1199 ista
2716 1144 2905 1200 mulier
2927 1144 3091 1213 dixit,
3129 1145 3245 1213 Ita,
3276 1145 3493 1201 Domine
3513 1163 3534 1202 :

1955 1248 2075 1286 nam
2102 1242 2149 1288 et
2173 1249 2319 1289 canes
2346 1234 2501 1290 edunt
2530 1237 2593 1290 de
2621 1236 2763 1290 micis
2790 1252 2903 1308 quoe
2920 1237 3107 1290 cadunt
3136 1237 3199 1291 de
3233 1254 3403 1293 mensa
3436 1239 3532 1293 do-

1954 1324 2206 1379 minorum
2228 1342 2454 1381 suorum.
2492 1327 2558 1383 Et
2581 1327 2701 1383 inde
2738 1328 2917 1395 audit,
2950 1328 2993 1383 0
3023 1330 3221 1397 mulier,
3252 1347 3438 1402 magna
3459 1342 3535 1387 est

1956 1415 2083 1485 ﬁdes
2106 1417 2227 1471 tua!
2251 1416 2340 1473 Sic
2359 1426 2413 1473 et
2442 1417 2531 1473 ille
2560 1417 2813 1474 Centurio
2838 1436 2850 1472 :
2878 1418 2998 1473 Non
3023 1436 3136 1474 sum
3164 1420 3348 1490 dignus
3370 1429 3423 1475 ut
3444 1422 3535 1476 sub

1957 1518 2141 1563 tectum
2166 1527 2328 1565 meum
2350 1512 2526 1567 intres.
2548 1512 2706 1568 Amen
2732 1512 2844 1569 dico
2872 1514 3008 1569 vobis
3027 1530 3129 1569 non
3160 1514 3326 1569 inveni
3344 1524 3536 1569 tantam

1958 1604 2109 1672 ﬁdem
2128 1603 2182 1658 in
2198 1603 2380 1659 Israel.
2413 1604 2687 1661 Discamus
2705 1647 2720 1673 ,
2752 1615 2844 1662 aut
2869 1614 3142 1663 teneamus
3162 1606 3535 1661 humilitatem.

1957 1694 2015 1750 Si
2064 1694 2299 1750 nondum
2344 1694 2637 1762 habemus,
2661 1696 2928 1752 discamus
2967 1715 2981 1751 :
3020 1697 3066 1752 si
3109 1697 3399 1762 habemus,
3429 1711 3535 1751 non

1957 1788 2281 1846 amittamus.
2308 1787 2364 1844 Si
2392 1788 2624 1844 nondum
2646 1788 2902 1845 habemus
2921 1832 2936 1856 ,
2968 1789 3258 1846 habeamus
3276 1831 3290 1854 ,
3322 1798 3378 1844 ut
3398 1789 3540 1843 inse-

1959 1894 2142 1935 ramur
2165 1897 2178 1934 :
2201 1880 2244 1935 si
2267 1878 2377 1951 jam
2408 1880 2663 1937 habemus
2682 1923 2697 1948 ,
2731 1892 3005 1937 teneamus
3024 1923 3038 1947 ,
3069 1896 3136 1936 ne
3165 1880 3533 1952 przecidamur.

2415 1991 2644 2048 saeuo
2666 1990 2926 2047 LXXVIII
2940 1994 2959 2015 ο
2979 1990 3073 2066 (a).

1959 2102 2037 2159 De
2061 2104 2219 2160 verbis
2238 2104 2499 2177 Evangelii
2526 2105 2785 2173 Matthxi,
2816 2124 2931 2189 cap.
2955 2122 3059 2161 xvn
3076 2149 3091 2175 ,
3118 2107 3214 2163 l-8
3232 2149 3248 2175 ,
3272 2106 3399 2164 Post
3418 2105 3534 2162 dies

2033 2211 2128 2252 sex
2156 2198 2439 2267 assumpsit
2464 2197 2620 2254 Jesus
2637 2199 2880 2268 Petrum,
2908 2209 2963 2255 et
2979 2199 3234 2257 Jacobum
3255 2242 3270 2270 ,
3300 2209 3353 2257 et
3378 2198 3539 2256 Joan-

2033 2304 2154 2344 nem
2184 2288 2402 2344 fratrem
2424 2289 2571 2360 ejus,
2596 2299 2689 2345 etc.

2034 2401 2086 2456 l.
2122 2400 2355 2474 Regnum
2378 2401 2582 2459 Christi.
2626 2403 2953 2475 inspicienda
2994 2405 3146 2462 nobis
3170 2414 3224 2461 et
3270 2405 3541 2461 tractanda

1961 2502 2077 2560 est,
2138 2493 2467 2561 charissimi,
2528 2494 2662 2549 visio
2729 2496 2861 2562 ista,
2918 2511 3076 2565 quam
3139 2496 3393 2553 Dominus
3448 2497 3542 2553 de-

1962 2586 2279 2641 monstravit
2304 2586 2356 2640 in
2384 2594 2581 2641 monte.
2625 2586 2739 2657 Ipsa
2775 2596 2858 2642 est
2894 2588 3035 2641 enim
3071 2587 3138 2642 de
3167 2604 3269 2657 qua
3296 2588 3540 2645 dixerat:

1963 2676 2124 2730 Amen
2148 2676 2262 2731 dico
2290 2676 2425 2731 vobis
2444 2717 2459 2743 ,
2490 2676 2608 2748 quia
2631 2686 2747 2731 sunt
2778 2677 2859 2731 hic
2891 2678 3099 2747 quidam
3120 2679 3182 2732 de
3208 2679 3542 2735 circumstan-

1964 2769 2122 2833 tibus,
2146 2769 2233 2838 qui
2258 2785 2358 2822 non
2382 2768 2651 2840 gustabunt
2678 2779 2886 2823 mortem
2909 2810 2924 2835 ,
2948 2769 3106 2823 donec
3131 2769 3328 2824 videant
3352 2769 3397 2823 F
3399 2770 3543 2824 ilium

1963 2860 2178 2915 hominis
2194 2860 2247 2913 in
2263 2876 2415 2931 regno
2431 2876 2523 2914 suo
2543 2859 2752 2931 (Matth.
2772 2876 2884 2927 xvr,
2914 2861 3030 2931 28).
3060 2861 3185 2917 lude
3204 2862 3367 2931 erepit
3388 2862 3545 2918 lectio

1963 2965 2081 3021 quae
2110 2951 2327 3006 recitata
2361 2960 2461 3005 est.
2502 2950 2639 3005 Dum
2675 2951 2768 3005 hoc
2790 2951 3026 3019 dixisset,
3050 2963 3161 3022 post
3198 2953 3303 3008 dies
3340 2969 3429 3007 sex
3462 2969 3542 3008 as-

1963 3042 2175 3113 sumpsit
2202 3052 2300 3096 tres
2329 3043 2631 3112 discipulos,
2658 3042 2867 3098 Petrum
2891 3086 2904 3109 ,
2934 3044 3186 3099 Joannem
3206 3056 3253 3100 et
3275 3044 3544 3112 Iacobum,

1964 3141 2010 3186 et
2031 3133 2253 3186 ascendit
2272 3134 2325 3186 in
2347 3143 2586 3188 montem.
2607 3134 2712 3205 Ipsi
2736 3144 2843 3191 tres
2863 3145 3014 3192 erant
3037 3137 3250 3207 quidam
3272 3139 3339 3193 de
3359 3138 3548 3208 quibus

1963 3223 2205 3291 dixerat,
2239 3224 2374 3280 Sunt
2396 3225 2478 3279 hic
2499 3227 2704 3297 quidam
2744 3228 2830 3298 qui
2870 3244 2968 3282 non
2998 3228 3264 3299 gustabunt
3300 3240 3545 3295 mortem,

1965 3317 2122 3371 donec
2149 3318 2344 3373 videant
2365 3316 2558 3372 Filium
2580 3319 2794 3374 hominis
2819 3321 2872 3374 in
2908 3337 3062 3393 regno
3087 3338 3199 3376 suo.
3230 3321 3346 3378 Non
3389 3338 3547 3392 parva

1965 3412 2189 3480 qurestio
2213 3420 2314 3467 est.
2340 3410 2523 3483 Neque
2551 3411 2691 3468 enim
2723 3412 2809 3468 ille
2829 3429 3004 3481 mons,
3032 3430 3251 3485 regnum
3270 3424 3383 3470 erat
3401 3430 3548 3471 com-

1965 3502 2308 3572 prehensum.
2335 3503 2471 3570 Quid
2500 3512 2582 3559 est
2620 3519 2775 3559 mons
2814 3505 2863 3560 ei
2904 3507 2992 3575 qui
3038 3507 3270 3575 possidet
3316 3509 3549 3564 cmlum?

1966 3593 2123 3662 Quod
2165 3609 2268 3648 non
2310 3594 2481 3650 solum
2526 3594 2780 3665 legimus,
2830 3596 2922 3651 sed
2969 3599 3127 3653 etiam
3163 3599 3330 3655 oculis
3372 3602 3551 3657 cordis

1967 3687 2198 3758 quodam
2240 3687 2398 3743 modo
2428 3687 2693 3745 videmus.
2739 3688 2977 3760 Regnum
3020 3706 3173 3746 suum
3216 3691 3377 3761 dicit,
3406 3694 3549 3764 quod

1966 3780 2147 3835 multis
2164 3780 2292 3836 locis
2316 3780 2544 3851 appellat
2562 3796 2782 3851 regnum
2807 3781 3086 3838 cmlorum.
3108 3782 3349 3852 Regnum
3370 3792 3550 3841 autem

1968 3873 2227 3931 ccelorum
2253 3879 2335 3927 est
2363 3887 2584 3943 regnum
2622 3881 2945 3928 sanctorum.
2975 3872 3098 3930 Coeli
3135 3876 3277 3930 enim
3316 3886 3552 3931 enarrant

1969 3963 2183 4035 gloriam
2207 3961 2322 4016 Dei.
2355 3962 2431 4017 De
2456 3962 2647 4033 quibus
2674 3963 2828 4019 caelis
2866 3964 3065 4021 dictum
3102 3975 3184 4021 est
3220 3968 3473 4024 continuo
3499 3970 3552 4025 in

1970 4056 2205 4120 Psalmo,
2237 4053 2362 4109 Non
2382 4063 2497 4109 sunt
2523 4055 2736 4127 loquela:
2757 4072 2916 4124 neque
2934 4074 3204 4127 sermones,
3222 4077 3433 4131 quorum
3454 4078 3557 4117 non

1971 4145 2247 4201 audiantur
2286 4161 2430 4202 voces
2467 4162 2657 4201 eorum.
2690 4145 2756 4202 In
2796 4163 2994 4203 omnem
3031 4158 3215 4203 terram
3255 4152 3375 4205 exiit
3402 4169 3557 4208 sonus

1971 4256 2167 4309 eorum,
2194 4250 2242 4295 et
2261 4239 2315 4293 in
2352 4239 2479 4308 ﬁnes
2503 4239 2636 4295 orbis
2660 4248 2805 4295 terra:
2828 4240 2976 4295 verba
2998 4258 3169 4297 eorum
3193 4242 3361 4317 (Psal.
3394 4259 3555 4314 xvm,

1974 4334 2029 4400 4,
2061 4341 2111 4387 et
2151 4333 2229 4402 5).
2255 4332 2508 4399 Quorum,
2540 4334 2642 4389 nisi
2670 4335 2964 4391 caelorum?
2990 4336 3132 4409 Ergo
3156 4340 3554 4409 Apostolorum,

1974 4432 2029 4480 et
2054 4423 2295 4480 omnium
2318 4424 2468 4480 verbi
2500 4425 2595 4481 Dei
2626 4424 2858 4482 ﬁdelium
2886 4428 3311 4498 praedicatorum.
3344 4432 3558 4505 Regna-

1974 4516 2107 4573 bunt
2126 4515 2248 4572 coeli
2276 4530 2397 4571 cum
2420 4530 2487 4573 eo
2514 4518 2603 4588 qui
2632 4516 2760 4574 fecit
2795 4518 2984 4577 cmlos.
3009 4520 3121 4579 Hoc
3159 4532 3220 4579 ut
3244 4524 3557 4582 ostendere-

1976 4618 2079 4677 tur,
2113 4609 2287 4666 videte
2310 4610 2437 4682 quid
2462 4610 2659 4666 factum
2685 4620 2787 4668 est.

2046 4702 2101 4757 2.
2138 4700 2426 4759 Dominicis
2461 4705 2918 4777 transﬁgurationis
2953 4706 3219 4780 allegoria.
3261 4709 3560 4766 Vestimenta

1979 4793 2185 4850 Christi.
2236 4794 2493 4852 Dominus
2535 4796 2648 4867 ipse
2699 4796 2854 4854 Jesus
2883 4800 3210 4870 resplenduit
3254 4802 3391 4858 sicut
3440 4803 3557 4871 sol;

1978 4885 2294 4943 vestimenta
2316 4887 2432 4958 ejus
2455 4886 2593 4943 facta
2633 4897 2757 4944 sunt
2800 4890 3025 4946 candida
3063 4891 3201 4948 sicut
3244 4892 3337 4947 nix
3363 4910 3376 4947 :
3400 4901 3455 4950 et
3477 4894 3559 4951 lo-

1978 4982 2275 5054 quebantur
2310 4998 2434 5040 cum
2472 4998 2538 5041 eo
2572 4984 2780 5057 Moyses
2815 4993 2869 5043 et
2909 4986 3071 5042 Elias.
3112 4986 3232 5058 Ipse
3256 4986 3412 5044 Jesus
3438 4990 3561 5059 qui-

1980 5077 2132 5145 dem,
2158 5079 2272 5149 ipse
2300 5078 2569 5147 splenduit
2601 5080 2737 5136 sicut
2764 5080 2843 5136 sol
2864 5123 2879 5147 ,
2908 5096 2968 5137 se
2996 5081 3176 5137 lumen
3204 5096 3325 5139 esse
3354 5084 3559 5156 signifi-

1981 5184 2110 5225 cans
2145 5169 2288 5242 quod
2324 5170 2587 5226 illuminat
2622 5187 2836 5227 omnem
2871 5172 3140 5228 hominem
3179 5174 3478 5231 venientem
3505 5176 3559 5232 in

1984 5254 2127 5310 hunc
2154 5254 2409 5310 mundum
2439 5254 2630 5327 (Joan.
2660 5272 2710 5322 I,
2742 5257 2828 5326 9).
2856 5256 3007 5325 Quod
3035 5268 3119 5313 est
3158 5258 3258 5314 iste
3285 5259 3364 5316 sol
3394 5262 3562 5317 oculis

1984 5348 2158 5404 carnis
2177 5389 2192 5412 ,
2222 5347 2323 5404 hoc
2351 5347 2438 5403 ille
2464 5348 2632 5404 oculis
2670 5346 2844 5403 cordis
2869 5364 2881 5400 :
2905 5357 2958 5403 et
2983 5348 3126 5421 quod
3152 5349 3252 5406 iste
3280 5352 3561 5421 carnibus,

1986 5438 2091 5499 hoc
2128 5438 2220 5496 ille
2260 5438 2529 5497 cordibus.
2564 5438 2883 5496 Vestimch
2923 5449 3100 5497 autem
3145 5441 3291 5513 ejus,
3320 5442 3562 5501 Ecclesia

2048 5650 2069 5670 '
2112 5658 2362 5703 Oorrectus
2386 5660 2461 5703 est
2482 5652 2540 5702 ad
2564 5667 2603 5702 r.
2624 5666 2714 5703 rm.
2738 5666 2785 5704 v.
2812 5660 2901 5704 Lov

2050 5734 2118 5786 ta‘
2146 5733 2271 5785 Alias
2320 5735 2383 5791 de
2406 5738 2613 5788 Diversis
2637 5737 2712 5788 69.

2894 5817 3126 5905 (Scin.
3142 5816 3167 5905 )
