4032 6332
808 357 859 382 J‘

319 401 428 464 £93

319 519 594 579 Descende
614 519 792 578 labora
802 531 858 572 re
882 516 934 571 in
959 524 1097 570 terra
1115 556 1128 581 ,
1147 515 1410 571 servirein
1425 525 1585 584 terra,
1606 516 1895 581 contemni,

315 613 548 685 cruciﬁgi
596 613 654 669 in
708 621 872 668 terra.
929 607 1211 665 Descendit
1249 609 1383 679 vita,
1439 621 1496 665 ut
1537 611 1894 674 occideretur;

315 705 590 764 descendit
643 707 829 779 panis,
863 713 921 760 ut
965 704 1225 770 esuriret;
1266 701 1539 759 descendit
1580 704 1694 770 via,
1738 709 1798 756 ut
1843 701 1897 754 in

315 802 502 857 itinere
533 801 849 865 lassaretur;
879 795 1150 854 descendit
1177 795 1314 866 fons,
1342 807 1398 852 ut
1423 797 1628 853 sitiret:
1652 805 1704 851 et
1728 803 1782 850 tu
1809 809 1896 850 re-

314 909 468 951 cusas
494 892 774 948 laborare?
803 889 918 946 Noli
949 904 1032 946 tua
1062 907 1322 961 quzercre.
1371 887 1518 944 Habe
1545 888 1852 943 cltaritatem
1875 926 1892 954 ,

312 979 545 1058 pra-dica
572 985 850 1040 veritatem
876 997 888 1035 :
920 992 1044 1037 tunc
1088 981 1370 1054 pervenies
1416 978 1483 1034 ad
1511 977 1890 1044 aeternitatem,

314 1076 402 1134 tibi
424 1075 665 1133 invenies
691 1075 1047 1131 securitatem.

788 1186 1020 1245 SERMO
1056 1185 1304 1242 LXXIX‘
1336 1183 1432 1257 (a).

310 1321 538 1377 Rm
581 1320 644 1374 de
685 1319 844 1374 verbis
889 1317 1151 1390 Evangelii
1200 1316 1463 1382 Munati,
1507 1316 1592 1370 ubi
1643 1328 1697 1368 se
1739 1312 1892 1368 Iesus

379 1415 740 1468 demonstravit
766 1415 820 1468 in
844 1421 1011 1466 metite
1051 1412 1207 1465 tribus
1249 1410 1548 1481 discipulis.,
1582 1408 1709 1478 Cap.
1757 1419 1887 1475 ινιτ,

392 1505 612 1576 res.

376 1641 655 1697 Visionem
689 1655 932 1712 magnam
966 1639 1016 1694 in
1040 1646 1254 1705 monte,
1285 1637 1373 1692 ubi
1409 1652 1468 1692 se
1505 1636 1759 1690 Dominus
1803 1633 1890 1690 Je-

307 1749 396 1789 sus
422 1735 594 1790 tribus
620 1733 889 1803 discipulis
924 1731 1340 1795 demonstravit,
1371 1730 1560 1795 Petro,
1604 1726 1801 1782 Jacobo
1838 1735 1892 1782 et

307 1824 518 1890 Joanni,
550 1841 670 1881 cum
702 1833 943 1880 sanctum
982 1823 1326 1894 Evangelium
1361 1822 1640 1891 legeretur,
1684 1818 1888 1873 audivi-

305 1933 443 1971 mus.
491 1917 758 1986 Spleuduit
801 1916 968 1970 vultus
1017 1916 1124 1986 ejus
1170 1915 1295 1966 sicut
1321 1911 1438 1976 sol;
1479 1912 1580 1965 hoc
1631 1910 1890 1981 signiﬁcat

305 2009 580 2079 Evangelii
609 2009 922 2063 claritatem.
965 2006 1264 2060 Vestimenta
1298 2007 1406 2076 ejus
1442 2007 1576 2076 facta
1610 2015 1723 2057 sunt
1766 2021 1890 2057 can-

305 2102 424 2154 dida
454 2102 582 2154 sicut
610 2100 699 2154 nia:
726 2116 744 2154 :
771 2099 871 2152 hoc
901 2097 1159 2168 signiﬁcat
1184 2096 1440 2151 Ecclesiae
1470 2095 1884 2162 mundationcm,

303 2195 387 2247 cui
417 2193 615 2247 dictum
639 2201 721 2248 est
750 2207 842 2262 per
863 2191 1174 2262 prophetam
1195 2231 1210 2255 ,
1261 2189 1328 2242 Et
1367 2190 1410 2243 si
1454 2189 1638 2258 fuerint
1686 2198 1889 2258 peccata

303 2297 472 2338 vestra
498 2285 626 2337 sicut
649 2283 976 2353 plimnicium,
1023 2291 1259 2353 tanquam
1284 2281 1441 2334 nivem
1463 2279 1701 2334 dealbabo
1726 2281 1743 2352 (
1758 2279 1885 2334 lsai.

301 2389 336 2439 t,
361 2371 484 2444 {8).
516 2373 659 2427 Elias
689 2383 740 2428 et
767 2371 972 2443 Moyses
993 2367 1430 2442 colloquebantur
1447 2371 1494 2425 ei
1531 2390 1542 2425 :
1577 2372 1699 2441 quia
1717 2370 1890 2425 Evan-

300 2463 426 2532 gelii
448 2464 616 2533 gratia
647 2463 1004 2516 testimOnium
1039 2461 1199 2515 habet
1244 2476 1272 2513 a
1301 2459 1442 2529 Lege
1485 2468 1539 2514 et
1591 2459 1884 2530 PrOphetis.

300 2556 355 2611 in
401 2553 582 2627 Moyse
606 2556 735 2621 Lex,
769 2557 819 2609 in
846 2555 955 2608 Elia
988 2551 1266 2623 Proplietae
1296 2571 1308 2606 :
1348 2562 1404 2606 ut
1433 2552 1665 2606 breviter
1703 2553 1887 2622 loqua-

300 2663 445 2703 mur.
477 2647 608 2702 Sunt
632 2645 772 2703 enim
799 2645 1054 2700 beneﬁcia
1087 2645 1177 2699 Dei
1203 2660 1295 2714 per
1309 2643 1591 2714 Martyrum
1623 2652 1883 2709 sanctum,

300 2755 424 2810 qua:
441 2739 804 2794 recitabuntur
839 2736 935 2806 (b).
981 2735 1288 2791 Audiamus.
1333 2733 1535 2788 Placuit
1576 2734 1734 2787 Petro
1791 2735 1886 2786 tria

302 2831 419 2886 ﬁeri
449 2831 806 2897 tabernacula,
830 2830 996 2901 Moysi
1027 2842 1185 2884 unum
1203 2870 1217 2895 ,
1243 2831 1369 2884 Elite
1395 2844 1575 2894 unum,
1602 2837 1655 2881 et
1677 2827 1889 2882 Christo

303 2936 490 2977 unum.
520 2921 829 2978 Delectahat
853 2939 974 2976 eum
1006 2922 1202 2975 montis
1231 2920 1460 2974 solitudo
1494 2935 1508 2972 ε
1548 2919 1774 2972 taedium-
1795 2933 1888 2988 pa-

304 3015 535 3070 tiebatur
563 3029 594 3068 a
643 3016 868 3068 tumultu
917 3030 1091 3068 rerum
1133 3013 1500 3067 humanarum.
1543 3011 1645 3066 Sed
1677 3011 1777 3065 tria
1807 3020 1888 3066 ta-

302 3103 589 3160 bernacula
617 3122 780 3176 quare
807 3106 1111 3176 quaerebat,
1148 3105 1248 3158 nisi
1277 3104 1398 3174 quia
1429 3104 1682 3157 unitatem
1711 3103 1885 3173 Legis,

302 3197 606 3269 Prophetiaa
619 3209 675 3254 et
696 3199 966 3269 Evangelii
987 3197 1219 3252 nondum
1235 3197 1468 3252 sciebat?
1489 3197 1723 3266 Denique
1749 3195 1888 3250 nube

301 3289 616 3345 emendatus
645 3298 745 3343 est.
783 3287 907 3343 Han:
939 3306 994 3343 eo
1028 3290 1290 3358 loquente,
1345 3287 1543 3358 inquit,
1591 3304 1700 3341 ecce
1733 3289 1889 3342 nubes

303 3381 473 3435 lucida
505 3381 818 3434 obumbravit
844 3397 944 3434 eos.
978 3377 1115 3433 Ecce
1157 3395 1319 3433 unum
1354 3379 1750 3433 tabernaculum
1785 3395 1888 3433 nu-

304 3474 398 3526 bes
429 3470 555 3526 iecit
588 3490 601 3523 :
635 3479 690 3524 tu
719 3471 818 3525 tria
840 3486 1002 3540 quare
1027 3467 1342 3541 quaerebas?
1383 3467 1450 3521 Et
1477 3484 1572 3522 vox
1621 3471 1682 3522 de
1717 3469 1846 3523 nube
1868 3486 1887 3524 :

306 3559 410 3615 Hic
429 3575 504 3618 est
533 3561 699 3616 Filius
729 3579 864 3616 meus
895 3562 1126 3625 dilectus,
1162 3562 1213 3614 in
1249 3577 1346 3630 quo
1391 3560 1515 3613 milii
1568 3561 1889 3631 complacui;

310 3656 439 3711 hunc
459 3658 648 3710 audite.
674 3655 931 3726 Loquitur
962 3655 1134 3720 Elias;
1163 3654 1256 3708 sed
1281 3654 1412 3707 hunc
1449 3654 1636 3707 audite.
1689 3653 1887 3723 Loqui-

309 3757 392 3805 tur
419 3747 631 3821 Moyses
661 3767 674 3802 :
704 3750 796 3803 sed
835 3749 966 3801 hunc
995 3748 1180 3801 audite.
1230 3745 1540 3814 Loquuntur
1581 3745 1885 3814 Prophetas,

305 3839 537 3911 loquitur
563 3841 679 3896 Lex
712 3859 725 3894 :
759 3841 854 3894 sed
880 3839 1011 3894 hunc
1035 3841 1221 3903 audite,
1255 3854 1440 3893 vocem
1463 3837 1618 3908 Legis
1643 3879 1657 3903 ,
1689 3847 1742 3892 et
1782 3838 1888 3892 lin-

307 3948 458 4004 guam
491 3929 1035 4000 Prophetarum.lpse
1063 3931 1115 3985 in
1157 3931 1260 3985 illis
1301 3930 1513 3994 sonuit,
1565 3931 1677 3999 ipse
1720 3930 1774 3983 in
1830 3945 1890 3984 se

307 4024 421 4096 ipso
469 4024 684 4094 quando
736 4033 818 4079 est
872 4024 1116 4093 dignatus
1159 4023 1420 4092 apparuit.
1479 4021 1628 4075 Hunc
1677 4021 1887 4074 audite:

306 4113 445 4170 hunc
473 4116 774 4169 audiamus.
807 4113 1030 4181 Quando
1062 4110 1400 4184 Evangelium
1430 4113 1761 4182 loquebatur,
1796 4127 1893 4181 pu-

308 4215 411 4260 tate
441 4209 569 4276 quia
593 4208 763 4262 nubes
799 4217 914 4261 erat
955 4223 968 4258 :
1004 4205 1128 4260 inde
1167 4206 1320 4259 nobis
1354 4221 1458 4259 vox
1498 4206 1693 4259 sonuit.
1741 4205 1891 4260 Hunc

307 4298 583 4354 audiamus
616 4317 629 4352 :
660 4297 800 4370 quod
831 4298 959 4352 dicit
987 4296 1257 4364 faciamus,
1282 4297 1420 4367 quod
1443 4297 1683 4366 promisit
1708 4311 1890 4366 spere-

307 4405 442 4448 mus.

777 4501 1006 4558 saeuo
1043 4501 1296 4557 LXXX“
1333 4500 1431 4574 (ο).

311 4637 386 4697 De
407 4637 574 4696 verbis
595 4633 860 4710 Evangelii
891 4635 1152 4705 Mattbie‘i,
1194 4649 1308 4709 cap.
1342 4651 1482 4702 xvn,
1540 4633 1738 4705 18-20,
1783 4634 1891 4695 Nos

377 4747 547 4804 quare
573 4747 698 4788 eum
725 4747 831 4786 non
869 4731 1138 4801 potuimus
1167 4727 1361 4800 ejicere
1389 4729 1412 4782 ?
1439 4735 1530 4783 ac.
1555 4727 1652 4785 Ubi
1689 4730 1750 4782 de
1769 4739 1889 4783 ora-

378 4823 531 4880 tione.

381 4960 609 5018 CAPUT
687 4958 970 5015 PRIMUM.
1036 4988 1108 5000 —-
1175 4959 1227 5012 1.
1295 4956 1651 5027 Apostolorum
1726 4957 1889 5010 incre-

317 5051 520 5107 dulitas.
591 5051 849 5106 Dominus
903 5057 1084 5104 noster
1153 5047 1308 5102 Jesus
1352 5046 1591 5102 Christus
1636 5047 1794 5101 etiam
1838 5047 1892 5100 in

317 5141 585 5213 discipulis
615 5143 724 5197 suis
763 5140 1033 5211 redarguit
1056 5137 1506 5204 incredulitatem,
1547 5138 1683 5191 sicut
1732 5137 1891 5191 modo

323 5233 661 5304 Evangelium
707 5249 831 5288 cum
883 5233 1167 5304 legeretur,
1207 5231 1520 5284 audivimus.
1569 5228 1702 5284 Cum
1747 5229 1891 5285 enim

321 5328 611 5393 dixissent,
659 5325 771 5381 Nos
807 5341 964 5395 quare
982 5340 1215 5378 eumnon
1262 5324 1512 5392 potuimus
1558 5323 1770 5392 ejicere?
1807 5337 1895 5378 re-

381 5525 399 5544 ‘
419 5532 672 5575 correctus
689 5523 750 5572 ad
771 5537 848 5586 gr,
874 5521 1010 5586 Ulirn.
1037 5528 1138 5570 Par.
1163 5526 1270 5570 Lov.

385 5587 423 5606 "
449 5594 700 5636 Correctus
723 5583 857 5633 ad'cl.
877 5592 927 5633 et
949 5585 1081 5631 sirm.

385 5671 457 5789 ἓαζ
480 5671 618 5727 Alias,
641 5671 706 5720 de
729 5669 937 5719 Diversis
958 5668 1033 5717 ES.

409 5733 436 5781 b
482 5730 689 5782 Libellus
717 5731 994 5782 recitandus
1030 5753 1033 5770 ι

409 5686 434 5720 a
480 5673 618 5727 Alias,
641 5673 706 5720 de
729 5673 937 5719 Diversis
958 5673 1033 5717 ES.

409 5673 457 5794 bi
482 5730 689 5782 Libellus
717 5731 994 5794 recitandus
1030 5729 1093 5778 de
1125 5726 1375 5794 beneflciis
1395 5727 1480 5794 Dei
1520 5735 1608 5788 per
1639 5729 1894 5791 Ilartyrem

332 5787 556 5842 sanctum.
584 5794 699 5842 Vide
723 5791 861 5852 inira,
880 5803 1133 5842 sermones
1154 5793 1216 5841 de
1240 5798 1281 5839 S.
1309 5787 1561 5852 Stephano.

391 5856 458 5919 (ε)
482 5857 623 5918 Alias,
643 5869 707 5906 ex
723 5855 1057 5905 sirmonditmis
1070 5853 1147 5904 54.

1723 396 1954 457 SERMO
1989 396 2202 457 LXXX.

3475 411 3578 473 494

2005 516 2235 585 spondit,
2257 515 2473 590 Pr0pter
2486 519 2882 576 incredulitatem
2900 532 3133 578 vestram.
3151 516 3209 579 Si
3229 521 3465 596 Apostoli
3489 527 3574 582 in-

2003 607 2224 675 creduli,
2255 612 2370 680 quis
2400 612 2601 668 fidelis?
2633 615 2770 682 Quid
2808 615 3006 671 faciunt
3049 617 3198 687 agni,
3243 616 3288 672 si
3342 618 3571 676 titubant

2002 697 2231 752 arietes?
2259 700 2366 756 Nec
2396 711 2570 758 tamen
2600 721 2692 760 eos
2717 705 3076 762 misericordia
3099 707 3306 762 Domini
3331 708 3575 778 despexit

2001 789 2303 847 incredulos
2336 812 2348 847 :
2380 795 2471 848 sed
2491 797 2678 866 arguit,
2708 799 2959 866 nutrivit,
2993 799 3260 868 perfecit;
3275 801 3570 857 coronavit.

1997 875 2131 934 Nam
2159 891 2212 937 et
2239 885 2336 953 ipsi
2361 901 2622 942 memores
2652 889 2971 947 inﬁrmitatis
2996 906 3134 960 sum,
3183 892 3413 962 quodam
3453 893 3574 949 loco

2000 969 2053 1026 in
2081 972 2394 1043 Evangelio,
2423 976 2557 1032 sicut
2603 979 2858 1050 legimus,
2893 981 3140 1037 dixerunt
3176 983 3225 1037 ei
3267 999 3282 1036 :
3330 983 3570 1053 Domine,

1998 1078 2127 1134 auge
2150 1067 2288 1119 nobis
2318 1066 2469 1134 [idem
2500 1066 2646 1140 (Luc.
2697 1085 2840 1135 xvn,
2885 1073 2962 1142 5).
3010 1069 3244 1140 Domine,
3288 1073 3569 1144 inquiunt,

1997 1161 2125 1219 auge
2153 1151 2293 1204 nobis
2321 1152 2492 1219 ﬁdem.
2522 1153 2695 1208 Prima
2744 1156 2938 1211 utilitas
2981 1164 3094 1210 erat
3129 1157 3345 1212 scientia
3367 1199 3382 1223 ,
3430 1158 3572 1212 scire

1996 1241 2134 1310 quod
2164 1243 2336 1296 minus
2362 1243 2624 1299 habebant
2649 1264 2660 1298 :
2683 1247 2852 1315 major
2879 1246 3120 1314 felicitas,
3153 1248 3290 1303 scire
3315 1248 3452 1303 unde
3479 1263 3571 1318 pe-

1998 1331 2199 1386 tebant.
2230 1332 2465 1401 Domine,
2499 1338 2760 1407 inquiunt,
2794 1355 2921 1408 auge
2941 1337 3081 1392 nobis
3099 1338 3270 1405 ﬁdem.
3313 1339 3500 1394 Videte
3526 1341 3572 1394 si

1996 1439 2100 1479 non
2131 1426 2289 1480 corda
2319 1441 2413 1481 sua
2439 1428 2588 1498 quasi
2609 1429 2674 1483 ad
2705 1428 2904 1484 fontem
2946 1429 3257 1500 portabant,
3297 1438 3351 1485 et
3393 1439 3450 1484 ut
3492 1429 3582 1486 eis

1996 1517 2133 1573 unde
2163 1519 2460 1587 implerent,
2491 1522 2813 1590 aperiretur,
2837 1522 3140 1593 pulsabant.
3174 1522 3378 1577 Pulsari
3410 1523 3476 1577 ad
3512 1535 3572 1578 se

1993 1608 2188 1674 voluit,
2211 1625 2316 1665 non
2344 1621 2403 1666 ut
2432 1612 2712 1682 repelleret
2738 1616 3005 1683 pulsantes
3025 1656 3040 1682 ,
3072 1614 3166 1669 sed
3198 1621 3258 1668 ut
3299 1622 3574 1669 exerceret

1993 1695 2383 1757 desiderantes.

2067 1815 2120 1869 2.
2155 1815 2296 1870 Deus
2322 1817 2412 1870 etsi
2443 1826 2664 1872 nostram
2689 1819 2913 1888 iiwpiam
2939 1821 3093 1884 novit,
3117 1824 3338 1875 orandus
3383 1830 3568 1874 tamen.

1991 1908 2196 1965 Putatis
2227 1914 2400 1978 enim,
2427 1913 2650 1980 rlatres,
2682 1913 2886 1967 nescire
2916 1913 3082 1967 Deum
3122 1913 3245 1983 quid
3277 1913 3425 1967 vobis
3475 1927 3574 1968 nec

1991 2002 2247 2055 essariutn
2324 2003 2428 2056 sit?
2483 2004 2594 2059 Scit
2651 2005 2980 2073 praeveniens
3044 2005 3306 2060 desideria
3368 2013 3570 2071 nostra,

1991 2092 2081 2161 qui
2109 2093 2253 2145 novit
2284 2093 2511 2163 inopiam
2542 2104 2796 2149 nostram.
2824 2095 3058 2166 Denique
3083 2112 3201 2151 cum
3221 2097 3436 2151 doceret
3461 2111 3574 2151 ora-

1993 2187 2210 2251 tionem,
2238 2196 2292 2241 et
2317 2196 2559 2242 moneret
2581 2189 2872 2257 discipulos
2912 2205 3070 2256 suos,
3123 2205 3190 2245 ne
3239 2189 3290 2244 in
3331 2189 3572 2244 oratione

1990 2278 2288 2347 multiloqui
2318 2289 2497 2334 essent
2526 2296 2538 2331 :
2572 2278 2766 2345 Nolite,
2799 2281 2985 2351 inquit,
3014 2281 3295 2353 multiloqui
3319 2297 3452 2345 esse;
3479 2297 3571 2335 no-

1991 2369 2058 2422 vit
2077 2370 2208 2421 enim
2237 2367 2390 2423 Pater
2417 2381 2570 2426 vester
2592 2373 2712 2439 quid
2735 2372 2869 2425 vobis
2907 2373 3240 2426 necessarium
3269 2374 3362 2440 sit,
3402 2374 3572 2443 prius-

1991 2479 2140 2533 quam
2164 2465 2343 2534 petatis
2363 2464 2424 2518 ab
2445 2481 2501 2518 eo
2547 2463 2760 2537 (Matth.
2785 2481 2854 2531 v1,
2876 2464 2906 2519 7
2927 2475 2974 2519 et
3015 2466 3092 2535 8).
3126 2466 3281 2520 Aliud
3308 2468 3416 2534 jam
3445 2465 3574 2520 dicit

1991 2553 2266 2608 Dominus.
2297 2555 2432 2622 Quid
2455 2557 2575 2610 est?
2605 2557 2801 2611 Nolens
2839 2567 2896 2610 ut
2933 2559 3157 2611 multum
3197 2558 3476 2628 loquamur
3519 2559 3572 2612 in

1991 2645 2264 2708 oratione,
2294 2644 2424 2698 dixit
2459 2646 2646 2711 nobis,
2699 2645 2875 2699 Nolite
2916 2648 3129 2700 multum
3184 2649 3321 2719 loqui
3362 2648 3575 2718 quando

1991 2727 2187 2793 oratis;
2215 2728 2315 2781 scit
2343 2731 2476 2781 enim
2517 2727 2674 2782 Pater
2704 2739 2859 2783 vester
2898 2730 3021 2801 quid
3059 2731 3193 2782 vobis
3237 2732 3572 2785 necessarium

1991 2817 2074 2883 sit,
2102 2817 2389 2888 priusquam
2420 2820 2598 2889 petatis
2619 2819 2680 2873 ab
2703 2836 2778 2873 eo.
2810 2820 2865 2875 Si
2907 2821 3007 2874 scit
3047 2821 3204 2875 Pater
3234 2831 3415 2876 noster
3451 2821 3577 2890 quid

1993 2907 2144 2961 nobis
2173 2911 2530 2963 necessarium
2574 2911 2675 2976 sit,
2720 2911 3024 2980 priusquam
3065 2923 3306 2980 petamus
3352 2912 3417 2966 ab
3467 2926 3572 2979 eo,

1992 3014 2154 3068 quare
2180 2999 2445 3070 loquimur
2477 3004 2554 3055 vel
2586 3003 2809 3071 parum?
2831 3003 2960 3068 Qua:
2981 3018 3138 3057 causa
3161 3013 3240 3058 est
3266 3004 3430 3074 ipsius
3457 3018 3580 3058 ora-

1994 3090 2169 3154 tionis,
2203 3091 2247 3144 si
2271 3091 2381 3160 jam
2414 3093 2558 3144 novit
2587 3093 2743 3146 Pater
2783 3104 2966 3147 noster
2995 3093 3117 3163 quid
3157 3095 3309 3148 nobis
3334 3109 3578 3148 necessa-

1991 3182 2127 3235 rium
2149 3182 2252 3235 sit?
2279 3182 2414 3236 Dicit
2442 3183 2597 3236 alicui
2631 3202 2642 3236 :
2667 3183 2783 3237 Noli
2815 3200 2900 3238 me
2927 3183 3014 3237 diu
3037 3193 3252 3254 petere;
3284 3185 3405 3239 novi
3430 3185 3573 3240 enim

1991 3272 2117 3341 quid
2147 3271 2235 3326 tibi
2267 3273 2625 3327 necessarium
2657 3275 2742 3328 sit.
2763 3274 2816 3328 Si
2847 3275 3002 3340 nosti,
3033 3275 3275 3341 Domine,
3301 3291 3463 3344 quare
3491 3276 3575 3330 vel

1992 3364 2207 3433 petam?
2237 3363 2314 3417 Tu
2337 3380 2439 3418 non
2466 3366 2546 3419 vis
2577 3381 2661 3420 me
2687 3365 2884 3420 habere
2913 3365 3214 3420 diuturnam
3241 3369 3572 3438 petitionem,

1991 3457 2098 3509 inm
2119 3455 2272 3525 jubes
2301 3467 2356 3509 ut
2401 3456 2622 3511 habeam
2660 3472 2791 3524 pene
2827 3457 3043 3510 nullam.
3083 3457 3151 3511 Et
3192 3459 3282 3512 ubi
3317 3469 3398 3513 est
3443 3460 3574 3515 illud

1992 3545 2096 3599 alio
2127 3546 2233 3600 loct
2258 3545 2281 3596 ?
2311 3547 2406 3613 Qui
2438 3546 2584 3612 dicit,
2620 3545 2792 3599 Nolite
2819 3548 3031 3600 multum
3061 3547 3198 3617 loqui
3223 3549 3276 3602 in
3303 3550 3527 3604 oratione
3552 3567 3570 3604 :

1993 3640 2096 3692 alio
2125 3639 2241 3691 loco
2268 3637 2413 3702 dicit,
2449 3635 2608 3690 Petite
2627 3679 2641 3702 ,
2667 3646 2712 3690 et
2747 3638 2946 3690 dabitur
2973 3638 3108 3692 vobis
3129 3639 3154 3691 .’
3199 3639 3263 3693 Et
3289 3655 3358 3695 ne
3387 3648 3566 3696 trans-

1992 3739 2180 3784 eunter
2208 3729 2299 3782 tibi
2331 3739 2542 3798 putares
2591 3744 2709 3784 esse
2745 3730 3054 3799 praedictum
3083 3740 3137 3784 ut
3162 3741 3389 3800 peteres,
3419 3733 3572 3788 addi-

1993 3820 2089 3887 dit,
2119 3821 2358 3886 Quwrite,
2389 3835 2436 3873 et
2456 3821 2732 3873 invenietis.
2768 3816 2835 3873 Et
2863 3835 2928 3874 ne
2951 3820 3051 3875 hoc
3073 3823 3432 3877 transitorium
3458 3824 3574 3880 exi-

1991 3911 2261 3978 stimares,
2295 3910 2415 3965 vide
2444 3910 2568 3980 quid
2604 3910 2934 3979 adjunxerit,
2977 3913 3096 3966 vide
3148 3913 3236 3967 ubi
3277 3913 3569 3983 conclusit,

1993 4001 2226 4066 Pulsate,
2258 4012 2304 4057 et
2335 4005 2585 4072 aperietur
2613 4004 2749 4056 vobis
2773 4002 2886 4072 (Id.
2919 4016 3015 4072 vn,
3049 4005 3104 4074 7)
3139 4021 3152 4057 :
3178 4005 3301 4060 vide
3326 4005 3450 4076 quid
3477 4005 3571 4060 ad-

1993 4093 2249 4164 iunxerit.
2277 4091 2456 4147 Voluit
2483 4101 2532 4147 te
2554 4133 2568 4158 ,
2599 4102 2655 4147 ut
2697 4093 2944 4164 accipias,
2978 4102 3188 4163 petere;
3223 4104 3278 4148 ut
3314 4095 3571 4164 invenias,

1993 4202 2263 4257 qurerere;
2289 4196 2346 4240 ut
2366 4187 2550 4250 intres,
2583 4187 2814 4255 pulsare.
2843 4185 3123 4254 Quomodo
3150 4195 3293 4258 ergo,
3322 4190 3442 4260 quia
3460 4189 3572 4259 jam

1993 4279 2150 4335 Pater
2171 4289 2351 4334 noster
2378 4279 2476 4333 scit
2504 4279 2628 4348 quid
2666 4277 2817 4334 nobis
2857 4280 3212 4335 necessarium
3250 4283 3350 4349 sit,
3405 4297 3573 4352 quare

1919 4426 1922 4429 .
1993 4372 2254 4442 petimus?
2278 4385 2441 4440 quare
2467 4370 2789 4440 quaerimus?
2815 4383 2977 4440 quare
2997 4371 3306 4441 pulsamus?
3330 4387 3493 4443 quare
3517 4375 3572 4430 in

1994 4463 2224 4537 petendo
2242 4473 2295 4518 ct
2319 4463 2606 4533 quierendo
2630 4471 2682 4517 et
2712 4464 2971 4533 pulsando
3005 4479 3104 4520 nos
3141 4462 3426 4536 fatigamus
3446 4509 3462 4532 ,
3514 4477 3574 4524 ut

1995 4558 2248 4612 scientem
2281 4554 2644 4610 instruamus?
2670 4555 2788 4609 Alio
2817 4555 2934 4609 loco
2967 4553 3182 4612 Domini
3217 4559 3377 4614 verba
3420 4568 3564 4628 sunt,

1999 4647 2208 4720 Oportet
2236 4664 2430 4718 semper
2457 4662 2621 4711 orare,
2649 4656 2694 4700 et
2725 4663 2825 4701 non
2859 4646 3068 4715 deﬁcere
3113 4647 3260 4721 (Luc.
3290 4663 3441 4715 xvnt,
3488 4651 3569 4722 Ι).

1993 4735 2049 4795 Si
2080 4746 2290 4808 oportet
2318 4751 2531 4805 semper
2557 4752 2731 4803 orare,
2757 4737 3022 4806 quomodo
3045 4737 3173 4793 dicit
3197 4780 3213 4806 ,
3243 4738 3417 4793 Nolite
3437 4743 3573 4797 mul-

1999 4830 2174 4900 tiloqui
2197 4827 2338 4883 esse?
2367 4827 2647 4894 Quomodo
2667 4841 2762 4882 oro
2788 4841 3002 4898 semper,
3027 4829 3113 4898 qui
3141 4828 3246 4884 cito
3267 4828 3432 4885 ﬁnio?
3459 4830 3570 4889 liae

1996 4937 2082 4976 me
2115 4922 2268 4990 jubes
2295 4921 2403 4976 cito
2431 4921 2602 4986 linire,
2632 4921 2731 4974 hac
2750 4921 2907 4989 jubes
2932 4937 3125 4991 seinper
3145 4937 3320 4988 orare,
3369 4933 3416 4976 et
3464 4940 3569 4981 non

1996 5013 2205 5082 deﬁcere
2234 5028 2252 5066 :
2280 5012 2402 5082 quid
2439 5021 2518 5067 est
2559 5011 2694 5066 hoc?
2743 5013 2808 5066 Et
2844 5023 2902 5066 ut
2953 5011 3054 5068 hoc
3108 5014 3368 5086 intelligas
3415 5027 3567 5087 pete,

1996 5119 2194 5175 quzere,
2222 5103 2392 5173 pulsa.
2425 5101 2548 5156 Ideo
2573 5103 2713 5157 enim
2740 5103 2976 5157 clausum
3005 5114 3107 5170 est,
3130 5120 3233 5159 non
3258 5115 3315 5160 ut
3344 5114 3390 5161 te
3424 5123 3575 5177 sper-

1995 5205 2104 5261 nat,
2134 5196 2224 5250 sed
2258 5205 2313 5249 ut
2341 5203 2602 5249 exerceat.
2639 5191 2798 5264 Ergo,
2828 5193 3051 5260 fratres,
3093 5196 3359 5251 cohortari
3404 5198 3572 5252 debe-

1997 5301 2116 5343 mus
2137 5288 2202 5341 ad
2229 5288 2546 5351 orationem,
2573 5292 2628 5340 et
2656 5300 2773 5352 nos,
2798 5295 2852 5340 et
2872 5299 2983 5340 vos.
3009 5286 3125 5339 Alia
3172 5288 3315 5342 enim
3354 5304 3474 5359 spes
3518 5291 3572 5345 in

1998 5382 2151 5438 nobis
2171 5391 2274 5434 non
2304 5388 2387 5434 est
2415 5378 2470 5433 in
2498 5379 2674 5432 multis
2703 5378 2854 5432 malis
2880 5381 3156 5447 prirscntis
3200 5382 3416 5449 saeculi,
3469 5382 3575 5436 nisi

1993 5475 2209 5544 pulsare
2240 5472 2290 5525 in
2329 5470 2440 5539 ipsa
2503 5471 2760 5533 oratione,
2821 5471 3041 5525 crcdcre
3099 5472 3365 5545 ﬁxumque
3411 5474 3574 5530 corde

1999 5567 2265 5627 retinere,
2313 5561 2434 5631 quia
2482 5562 2581 5615 hoc
2627 5561 2714 5613 tibi
2761 5577 2864 5615 non
2905 5561 2996 5616 dat
3034 5563 3191 5619 Pater
3235 5577 3382 5628 tuus,
3433 5565 3572 5636 quod

1999 5657 2100 5712 scit
2125 5657 2215 5709 tibi
2251 5667 2352 5707 non
2408 5651 2676 5721 echdire.
2718 5651 2852 5719 Quid
2914 5655 3055 5709 enim
3095 5657 3366 5712 desideres
3388 5667 3440 5711 tu
3475 5669 3574 5709 no-
3670 5699 3672 5702 τ

1999 5749 2100 5814 sti;
2133 5746 2259 5817 quid
2293 5745 2384 5800 tibi
2423 5743 2586 5814 prosit
2613 5743 2700 5798 ille
2733 5747 2897 5798 novit.
2940 5744 3074 5800 'Puta
3113 5756 3162 5801 tc
3208 5763 3326 5802 esse
3363 5748 3460 5801 sub
3487 5761 3574 5802 mo

2002 5839 2142 5907 dico,
2191 5847 2241 5893 et
2297 5849 2414 5892 csse
2459 5833 2756 5903 inﬁrmum,
2799 5838 2934 5892 sicut
2973 5849 3027 5892 et
3065 5850 3248 5912 verum
3294 5847 3375 5893 est
3411 5856 3422 5891 τ
3453 5851 3572 5892 om-
