4032 6332
502 340 610 398 ωδ

501 451 587 511 nis
635 450 776 507 cnim
819 449 925 504 vita
969 456 1071 504 ista
1120 453 1336 512 nostra,
1377 442 1759 510 inﬁrmitas;et
1787 444 1940 516 longa
1969 443 2076 499 vita

501 545 634 601 nihil
657 542 797 598 aliud
826 557 985 614 quam
1010 541 1166 611 longa
1195 539 1475 595 intirmitas
1499 554 1512 590 :
1539 549 1665 609 puta
1706 553 1834 608 ergo
1881 547 1932 593 te
1983 537 2081 593 sub

501 637 711 694 medico
731 643 1006 705 aagrotare.
1041 632 1332 688 Delectavit
1355 639 1650 696 recentem,
1675 628 1960 699 delectavit
1989 644 2082 698 ρος

501 740 614 785 tum
637 729 743 784 vini
769 740 1027 796 usurpare
1055 734 1234 795 petere
1277 739 1307 777 a
1346 721 1574 779 medico.
1629 720 1741 776 Non
1782 719 2080 790 prohiberis

497 797 703 895 petere,
731 836 798 875 ne
825 820 958 873 forte
987 833 1091 872 non
1121 817 1215 872 tibi
1243 824 1452 879 noceat,
1482 824 1536 869 ct
1564 811 1810 884 expediat
1849 812 1940 866 tibi
1985 826 2078 866 ac-

496 914 696 982 cipere.
730 911 848 966 Noli
874 909 1117 979 dubitare
1145 917 1325 977 petere
1353 926 1365 960 :
1396 914 1534 976 pete,
1560 905 1666 959 noli
1684 903 1916 958 cunctari
1941 919 1955 968 ;
1984 901 2077 957 sed

495 1005 541 1058 si
566 1019 673 1057 non
701 1001 991 1071 acceperis,
1020 999 1129 1054 noli
1157 998 1475 1054 contristari.
1504 995 1557 1052 Si
1598 996 1698 1050 hec
1723 995 1820 1050 sub
1863 993 2084 1048 homine.

496 1094 706 1160 medice
726 1093 902 1147 carnis
937 1101 1070 1155 tuae;
1098 1099 1292 1159 quanto
1327 1088 1493 1158 magis
1535 1086 1635 1141 sub
1690 1087 1800 1140 Deo
1847 1083 2072 1151 medico,

494 1193 754 1246 creatore,
778 1191 1082 1252 reparatore
1110 1189 1164 1234 et
1192 1180 1366 1234 carnis
1393 1186 1446 1232 et
1469 1177 1659 1231 anima:
1689 1175 1829 1230 tua}?

567 1278 621 1332 5.
666 1274 903 1329 Orandus
945 1272 1104 1339 Deus,
1147 1281 1198 1325 ut
1236 1288 1265 1324 a
1299 1269 1431 1324 vitiis
1467 1278 1626 1323 sanet.
1652 1267 1900 1333 Proinde,
1941 1280 2075 1337 quo-

490 1367 638 1424 niam
667 1367 720 1420 in
753 1365 853 1419 hoc
881 1363 1111 1433 capitulo
1137 1361 1392 1416 Dominus
1419 1359 1484 1414 ad
1511 1359 1808 1414 orationem
1837 1357 2076 1412 hortatus

491 1467 597 1525 est,
627 1457 717 1513 ubi
744 1457 897 1522 dixit,
928 1453 1147 1525 PrOpter
1176 1451 1575 1506 incredulitatem
1603 1451 1822 1504 vestram
1848 1465 1949 1502 non
1980 1464 2074 1518 po-

492 1551 657 1606 tuistis
682 1550 776 1602 hoc
806 1547 1110 1602 dazmoniunt
1135 1546 1312 1616 ejicere
1338 1560 1355 1598 :
1381 1543 1449 1598 ad
1463 1543 1757 1598 orationem
1783 1542 1927 1597 enim
1945 1543 2073 1594 her-

493 1653 635 1700 tatus
660 1643 736 1697 sic
762 1641 1043 1706 conclusit,
1075 1638 1186 1692 Hoc
1211 1655 1370 1708 genus
1400 1654 1498 1690 non
1539 1636 1757 1706 ejicitur,
1809 1634 1907 1688 nisi
1934 1634 2076 1704 jeju-

492 1737 588 1790 niis
609 1745 653 1788 ct
675 1732 999 1787 orationibus.
1030 1730 1084 1786 Si
1116 1737 1232 1783 orat
1257 1728 1439 1795 homo,
1460 1735 1518 1781 ut
1541 1725 1718 1797 cjiciat
1749 1725 2073 1780 dmmonium

490 1827 754 1890 alienum;
793 1833 988 1893 quanto
1025 1822 1191 1892 magis
1230 1829 1286 1874 ut
1332 1820 1507 1889 ejiciat
1550 1819 1826 1873 avaritiam
1872 1817 2069 1872 suam?

488 1927 686 1988 quanto
713 1916 897 1986 magis,
946 1923 1003 1968 ut
1035 1913 1212 1983 ejiciat
1246 1912 1590 1966 vinolentiam
1643 1910 1828 1964 suam?
1871 1917 2074 1980 quanto

488 2012 674 2080 magis,
705 2018 762 2063 ut
789 2007 964 2078 ejiciat
993 2006 1253 2060 luxuriam
1287 2005 1478 2060 suam?
1519 2013 1717 2074 quanto
1763 2003 1967 2071 magis,
2019 2011 2074 2055 ut

487 2105 661 2175 ejiciat
683 2101 1068 2156 immunditiam
1101 2099 1290 2154 suam?
1317 2099 1524 2166 Quanta
1554 2105 1678 2151 sunt
1734 2096 1785 2149 in
1832 2094 2070 2160 homine,

487 2214 604 2268 qum
623 2197 668 2250 si
697 2193 1171 2265 perseveraverint,
1193 2207 1297 2244 non
1329 2189 1613 2244 admittunt
1637 2189 1704 2242 ad
1720 2202 1940 2258 regnum
1957 2199 2070 2240 cce-

485 2287 695 2342 lorum?
730 2285 947 2350 Videte,
981 2283 1172 2337 fratres
1193 2324 1206 2348 ,
1261 2279 1529 2351 quomodo
1565 2287 1781 2349 rogatur
1833 2277 2072 2332 medicus

477 2355 584 2450 pro
604 2379 772 2432 salute
802 2375 1101 2445 temporali,
1126 2371 1393 2442 quomodo
1422 2372 1466 2424 si
1493 2371 1771 2442 quisquam
1793 2368 2069 2437 desperate

486 2456 726 2540 :cgrotct,
761 2466 1013 2536 numquid
1045 2465 1207 2535 pudet
1228 2463 1396 2529 illum,
1430 2471 1520 2516 aut
1547 2463 1690 2532 piget
1722 2461 1923 2515 homini
1973 2476 2069 2530 pe-

485 2561 580 2616 des
607 2571 826 2627 tencre,
879 2559 1199 2629 peritissimo
1242 2557 1509 2611 archiatro
1555 2555 1803 2626 lacrymis
1851 2555 2070 2624 vestigia

486 2652 702 2708 lavare?
730 2652 798 2706 Et
827 2650 973 2723 quid,
1006 2651 1050 2704 si
1081 2649 1278 2704 dixerit
1305 2648 1355 2704 ei
1381 2647 1618 2702 medicus
1652 2667 1664 2701 :
1705 2647 1892 2701 Sanari
1918 2646 2071 2701 aliter

484 2760 588 2799 non
615 2753 782 2814 petes,
812 2743 911 2798 nisi
967 2752 1016 2797 te
1045 2743 1296 2811 ligavero,
1322 2739 1606 2806 adussero,
1651 2739 1916 2795 secuere?
1961 2738 2069 2793 Re-

483 2834 708 2904 spondet
740 2853 751 2886 :
782 2834 887 2888 Fac
909 2833 1048 2903 quod
1077 2833 1154 2886 vis
1176 2873 1189 2898 ,
1224 2840 1426 2884 tantum
1456 2845 1584 2883 sana
1612 2845 1716 2884 me.
1747 2830 1958 2897 Quanto
1985 2845 2072 2882 ar-

483 2926 613 2981 dere
639 2907 906 2980 desiderat
928 2940 1211 2995 paucorum
1233 2923 1437 2978 dierum
1460 2937 1739 2992 vapoream
1764 2923 2064 2988 sanitatem,

467 3027 544 3079 ut
573 3033 667 3086 pro
691 3017 775 3070 illa
797 3026 849 3070 et
870 3016 1019 3085 ligari
1050 3015 1194 3081 velit,
1226 3022 1280 3068 et
1304 3012 1497 3078 secari,
1522 3022 1575 3066 et
1601 3012 1702 3075 uri,
1735 3019 1789 3067 et
1812 3011 2069 3067 custodiri

483 3123 551 3162 ne
577 3107 861 3162 manducet
889 3105 1028 3176 quod
1055 3105 1315 3171 delectat,
1351 3120 1416 3158 ne
1446 3104 1589 3158 bibat
1625 3103 1766 3174 quod
1817 3103 2065 3168 delectat,

481 3216 580 3256 nec
600 3197 1114 3270 quando'delectat?
1142 3198 1332 3252 Totum
1365 3199 1578 3266 patitur,
1624 3205 1677 3251 ut
1721 3197 1892 3252 serius
1948 3212 2067 3252 me-

479 3293 647 3348 riatur
679 3308 691 3344 :
721 3300 904 3346 etnon
934 3291 1046 3344 vult
1073 3303 1237 3359 pauca
1280 3288 1425 3358 pati,
1460 3296 1516 3343 ut
1565 3304 1833 3358 nunquam
1868 3290 2064 3343 moria-

483 3385 598 3439 tur!
627 3383 680 3437 Si
707 3382 797 3436 tibi
815 3382 958 3437 dicat
989 3382 1149 3446 Deus,
1183 3380 1272 3450 qui
1293 3379 1526 3435 caelestis
1551 3388 1633 3435 est
1656 3396 1818 3450 super
1837 3396 1935 3435 nos
1957 3396 2068 3436 me-

479 3474 628 3528 dicus
660 3490 673 3526 :
703 3473 781 3528 Tu
807 3472 982 3527 sanari
1012 3472 1131 3526 vis?
1159 3472 1286 3542 quid
1312 3471 1549 3526 dicturus
1576 3486 1656 3537 es,
1683 3471 1808 3540 nisi,
1842 3472 2066 3527 Sanari?

478 3567 639 3622 Forte
665 3581 768 3620 non
795 3565 950 3633 dicis,
974 3565 1097 3635 quia
1123 3578 1310 3620 sanum
1335 3572 1398 3646 te
1431 3571 1584 3648 putas
1605 3603 1620 3629 ,
1654 3563 1757 3619 hoc
1797 3572 1880 3620 est
1923 3563 2064 3634 quod

477 3658 628 3728 pejus
655 3666 902 3727 aegrotas.

546 3750 599 3804 4.
641 3748 981 3820 Αἰῃνοιοηιιιι
1011 3746 1112 3800 duo
1136 3762 1340 3817 genera.
1369 3744 1600 3802 Christus
1627 3744 1849 3800 medicus
1892 3763 2063 3801 onmes

475 3849 688 3912 agrotos
739 3839 942 3892 invenit.
991 3837 1122 3892 Nam
1170 3837 1216 3892 si
1266 3836 1401 3892 duos
1443 3845 1672 3906 aagrotos
1738 3839 2059 3901 constituas;

475 3948 639 3987 unum
665 3932 752 4000 qui
775 3930 952 3986 ﬂendo
976 3929 1242 3985 medicum
1270 3938 1442 4000 roget,
1469 3929 1694 3984 alterum
1719 3929 1807 3999 qui
1835 3929 1887 3982 in
1917 3929 2062 3998 aegri-

478 4023 659 4078 tudine
685 4037 776 4077 sua
801 4063 816 4087 ,
843 4031 1023 4078 mente
1065 4020 1308 4091 perdita,
1361 4020 1580 4076 irrideat
1628 4020 1923 4086 medicum;
1972 4021 2062 4076 ille

476 4132 625 4186 spem
657 4115 916 4185 promittit
941 4114 1109 4180 ﬂenti,
1134 4113 1332 4185 plangit
1374 4113 1655 4170 ridentem.
1698 4113 1912 4181 Quare;
1959 4115 2058 4171 nisi

476 4210 599 4280 quia
632 4216 777 4263 tante
806 4207 1152 4278 periculosius
1189 4215 1428 4277 aegrotat,
1462 4215 1714 4276 quantum
1758 4220 1817 4262 se
1870 4220 2056 4261 sanum

454 4287 665 4372 putat?
691 4302 779 4356 Sic
809 4309 962 4356 erant
1015 4307 1069 4355 et
1108 4299 1298 4355 Judmi.
1331 4298 1413 4354 Ad
1457 4309 1685 4379 mgrotos
1716 4299 1860 4354 venit
1905 4298 2059 4354 Chri-

475 4403 610 4458 stus,
644 4406 830 4447 omnes
857 4401 1085 4462 :egretos
1129 4390 1349 4446 invenit.
1396 4389 1561 4473 l‘iemo
1588 4390 1687 4444 sibi
1739 4390 1806 4445 de
1831 4390 2058 4446 sanitate

473 4485 793 4551 blandiatur,
839 4498 908 4538 ne
938 4483 1208 4538 renuntiet
1246 4481 1314 4537 ad
1363 4482 1510 4536 illum
1549 4481 1808 4537 medicus.
1859 4482 2056 4538 Omnes

453 4584 701 4648 aegrotos
752 4574 986 4640 invenit;
1031 4574 1320 4644 apostolica
1374 4573 1638 4629 sententia
1682 4581 1764 4628 est
1805 4589 1818 4626 :
1871 4572 2055 4628 Omnes

446 4670 604 4730 _enim
629 4675 974 4740 peccaverunt,
1010 4675 1056 4720 et
1082 4676 1226 4738 egent
1272 4666 1435 4737 gloria
1474 4665 1570 4719 Dei
1620 4665 1795 4736 (Rom.
1829 4681 1907 4731 ιιι,
1935 4667 2051 4737 25).

470 4763 603 4819 Cum
628 4776 757 4832 ergo
781 4776 967 4816 omnes
995 4760 1286 4815 invenisset
1306 4767 1556 4830 aegrotos,
1585 4758 1692 4814 due
1710 4775 1905 4830 genera
1935 4758 2050 4815 fue-

469 4863 596 4911 runt
616 4862 957 4925 :egrotorum.
987 4852 1089 4907 Alii
1111 4852 1395 4907 veniebant
1418 4850 1484 4906 ad
1506 4850 1792 4917 medicum,
1827 4852 2053 4907 inlicere-

469 4947 596 5002 bant
618 4945 852 5009 Christo,
891 4943 1200 5005 audiebant,
1251 4941 1618 5008 honorabant,
1671 4945 2048 5014 sequebantur,

449 5013 933 5093 Iconvertebantur.
967 5035 1058 5090 llle
1079 5035 1376 5104 accipiebat
1402 5049 1591 5090 onmes
1627 5036 1743 5092 sine
1771 5037 1875 5093 ullo
1897 5038 2051 5094 fasti-

467 5129 555 5184 die
583 5139 884 5196 sanaturus,
915 5129 1004 5200 qui
1026 5128 1191 5200 gratis
1222 5128 1476 5194 sanabat,
1518 5129 1639 5198 quia
1667 5134 2050 5202 omnipotentia

469 5223 708 5277 curabat.
736 5222 865 5276 Cum
893 5236 1024 5293 ergo
1048 5221 1344 5290 susciperet
1369 5236 1484 5287 eos,
1523 5229 1579 5276 et
1607 5221 1914 5293 adjuugeret
1948 5225 2048 5281 sibi

438 5311 752 5380 sanandos,
782 5311 1292 5367 illiexsultaveruut.
1322 5311 1478 5366 Aliud
1509 5327 1635 5367 vero
1659 5328 1826 5383 genus
1881 5330 2051 5385 aegre-

469 5411 661 5465 tornm,
709 5402 796 5471 qui
821 5402 928 5470 jam
954 5402 1263 5472 aegritudine
1290 5401 1580 5471 iniquitatis
1609 5413 1844 5458 mentem
1866 5407 2046 5476 perdi-

467 5490 677 5556 derant,
705 5501 762 5546 ct
783 5508 839 5547 se
865 5502 1122 5562 :rgrotare
1154 5493 1492 5559 nesciebant;
1536 5494 1920 5553 insultaverunt
1946 5498 2041 5565 illi,

466 5580 590 5651 quia
619 5581 944 5650 suscipiebat
965 5594 1218 5654 aegrotos,
1242 5592 1298 5638 et
1324 5583 1571 5639 dixerunt
1592 5583 1865 5657 discipulis
1889 5589 2005 5659 ejus
2029 5607 2042 5646 :

469 5670 604 5727 Ecce
629 5673 792 5743 qualis
819 5682 890 5728 est
910 5676 1146 5746 magister
1164 5683 1340 5743 vester,
1364 5677 1451 5748 qui
1475 5693 1589 5730 cum
1617 5680 1959 5749 peccatoribus
1997 5693 2046 5738 et

467 5765 747 5840 publicanis
766 5768 1054 5833 manducet.
1085 5769 1149 5829 Et
1168 5769 1255 5826 ille
1276 5768 1370 5845 qui
1397 5780 1628 5846 noverat
1667 5773 1792 5846 quid
1835 5785 2033 5847 essem,

1736 328 1795 387 S.
1833 328 2200 388 AUGUSTINI
2238 333 2538 391 EPISCOPI

3667 352 3764 412 ιθθ

2192 455 2246 502 ct
2271 449 2358 518 qui
2385 450 2622 517 cssent‘,
2673 452 2949 522 respondit
2990 455 3097 513 illis
3140 458 3310 515 :Non
3355 469 3427 517 est
3467 479 3593 536 apus
3631 472 3762 527 sanis

2190 539 2430 606 medicus,
2459 542 2548 595 sed
2574 542 2705 597 male
2730 543 3046 603 habentibus.
3080 549 3149 605 Et
3176 553 3405 608 ostendit
3427 555 3530 611 illis
3569 561 3657 629 qui
3683 576 3763 618 es-

2185 641 2305 685 sent
2329 632 2464 699 sani,
2498 641 2551 688 et
2574 635 2661 704 qui
2689 645 3006 707 aegrotantes
3035 657 3048 694 :
3076 639 3196 696 Non
3217 646 3346 712 veni,
3375 647 3564 716 inquit,
3591 665 3763 706 vocare

2176 721 2365 792 justas,
2395 726 2484 779 sed
2511 738 2795 796 peccatores
2832 729 3041 802 (Matth.
3074 750 3128 788 ιχ
3151 776 3166 800 ,
3217 736 3424 811 11-15).
3477 739 3534 794 Si
3574 758 3759 812 pecca-

2185 821 2349 882 tores,
2382 817 2574 889 inquit,
2602 820 2668 876 ad
2691 838 2776 877 me
2801 838 2905 878 non
2933 827 3213 894 accedunt,
3254 821 3418 900 quare
3444 835 3602 889 veni?
3638 852 3762 908 pro-

2183 917 2301 976 pter
2320 923 2453 978 quos
2481 911 2640 966 veni?
2665 912 2722 968 Si
2749 929 2933 971 omnes
2957 920 3072 972 sani
3093 929 3234 988 sunt,
3267 938 3431 993 quare
3457 934 3632 981 tantus
3655 944 3763 984 me-

2183 998 2332 1055 dicus
2355 1001 2420 1058 de
2449 1005 2587 1059 ctelo
2607 1005 2924 1064 descendit?
2952 1025 3116 1081 quare
3142 1014 3296 1070 nobis
3320 1018 3762 1079 medicamentum

2183 1106 2291 1146 non
2318 1093 2385 1148 de
2413 1096 2643 1152 armario
2668 1113 2786 1166 suo,
2813 1101 2909 1156 sed
2930 1101 2998 1158 de
3017 1107 3274 1176 sanguine
3320 1125 3417 1164 suo
3445 1111 3603 1167 fecit?
3624 1114 3763 1186 Ergo

2184 1184 2312 1240 illud
2339 1202 2506 1258 genus
2528 1201 2848 1261 aegrotorum
2875 1197 2964 1266 qui
2994 1197 3176 1254 mitius
3201 1203 3550 1272 aegrotabant,
3585 1207 3678 1278 qui

2182 1289 2443 1348 aegrotare
2462 1283 2780 1353 sentiebant,
2805 1295 2861 1342 ut
2891 1301 3242 1363 sanarentur,
3271 1297 3480 1354 medico
3521 1299 3762 1358 coluere.

2180 1367 2327 1424 bant.
2356 1369 2436 1425 llli
2469 1383 2648 1444 autem
2679 1376 2768 1446 qui
2791 1378 3142 1448 periculosius
3165 1388 3520 1456 aagrotabant,
3551 1391 3764 1448 medico

2180 1459 2524 1531 insultabant,
2555 1477 2784 1537 aegrotos
2813 1472 3293 1532 calumniabantur.
3337 1480 3420 1535 Ad
3463 1492 3764 1541 extremum

2179 1568 2284 1623 quo
2315 1558 2574 1623 processit
2593 1557 2872 1628 phrenesis
2900 1564 3178 1634 ipsorum?
3210 1568 3276 1624 Ut
3316 1571 3581 1628 medicum
3613 1584 3765 1632 tene-

2180 1653 2320 1712 rent,
2353 1646 2602 1717 ligarent,
2625 1649 2988 1722 ﬂagellarent,
3021 1658 3189 1726 spinis
3227 1673 3572 1730 coronarent,
3618 1664 3765 1736 ligno

2179 1738 2585 1807 suspenderent,
2607 1756 2766 1798 cruce
2785 1755 3058 1802 necarent.
3081 1749 3216 1817 Quid
3234 1751 3480 1808 miraris?
3501 1754 3766 1812 Medicum

2180 1829 2372 1885 occidit
2414 1841 2643 1902 aegrotus
2687 1853 2700 1890 :
2747 1837 2840 1893 sed
2864 1856 2984 1895 eum
3021 1843 3257 1900 medicus
3301 1849 3507 1904 occisus
3553 1853 3767 1909 sanavit

2180 1919 2569 1991 pltreneticum.

2249 2014 2300 2069 5.
2335 2015 2446 2080 Quo
2473 2021 2689 2076 remedio
2717 2040 2805 2092 per
2837 2022 3091 2080 Christum
3128 2031 3294 2084 sanati
3330 2034 3526 2104 wgroti.
3571 2035 3768 2091 Merci-

2177 2123 2399 2161 :nonmm
2429 2111 2640 2167 caeleste.
2669 2114 2843 2169 Oratio
2868 2115 3055 2172 Christi
3098 2138 3190 2191 pro
3219 2125 3601 2192 cruciﬁxoribus
3633 2131 3766 2185 suis.

2179 2196 2356 2254 Primo
2421 2203 2562 2256 enim
2619 2220 2723 2260 non
2773 2207 3091 2265 obliviscens
3155 2213 3206 2267 in
3269 2230 3426 2272 cruce
3476 2234 3770 2288 personam

2176 2305 2366 2358 suam,
2416 2303 2469 2348 et
2506 2295 2880 2356 demonstrans
2927 2304 3080 2359 nobis
3125 2308 3432 2376 patientiam
3483 2328 3658 2380 suam,
3715 2326 3772 2373 et

2178 2385 2480 2454 exemplum
2519 2389 2761 2457 prtebens
2803 2392 3055 2464 diligendi
3101 2397 3344 2455 inimicos
3394 2414 3640 2473 nostros;
3691 2408 3774 2463 vi-

2177 2472 2310 2528 dens
2331 2490 2423 2530 eos
2448 2477 2882 2538 circumfremere
2905 2527 2920 2551 ,
2961 2487 3052 2556 qui
3104 2500 3324 2547 noverat
3366 2472 3770 2554 merbumrillo-

2177 2579 2322 2630 rum,
2355 2567 2475 2635 quia
2506 2569 2776 2638 medicus,
2803 2575 2894 2643 qui
2922 2587 3142 2633 neverat
3185 2580 3490 2650 phrenesim
3547 2587 3599 2642 in
3659 2605 3772 2660 qua

2175 2664 2408 2710 mentem
2461 2659 2836 2732 perdiderant,
2883 2669 3139 2723 continuo
3185 2671 3250 2726 ad
3305 2673 3771 2748 Patrem:Pater,

2174 2745 2376 2816 ignosce
2402 2749 2523 2816 illis,
2555 2754 2673 2822 quia
2702 2757 2925 2811 nesciunt
2942 2761 3064 2830 quid
3076 2762 3270 2831 faciunt
3292 2765 3440 2837 (Luc.
3467 2786 3617 2839 nm,
3647 2745 3769 2846 34).

2176 2837 2381 2894 Putatis
2401 2853 2612 2911 autem,
2647 2847 2769 2916 quia
2827 2867 2932 2905 non
2990 2853 3066 2908 illi
3115 2854 3285 2912 Judaei
3332 2862 3548 2932 maligni
3574 2837 3772 2932 erant,

2175 2931 2302 2984 sa:vi
2321 2973 2338 2998 ,
2357 2938 2606 3003 cruenti,
2640 2939 2950 3007 turbulenti,
2980 2943 3179 3001 inimici
3213 2947 3350 3005 Filio
3397 2931 3531 3009 na?
3559 2931 3774 3015 Putatis

2174 3023 2297 3091 quia
2326 3027 2538 3081 vacavit
2573 3044 2673 3083 vox
2729 3032 2846 3100 illa,
2883 3045 2936 3090 et
2959 3037 3130 3094 inanis
3161 3040 3259 3096 fuit
3287 3061 3299 3096 :
3339 3044 3511 3113 Pater,
3545 3031 3775 3122 ignosce

2173 3116 2312 3183 illis,
2362 3121 2480 3189 quia
2538 3124 2763 3178 nesciunt
2814 3129 2938 3198 quid
2988 3131 3220 3200 faciunt?
3273 3135 3472 3194 Omnes
3511 3116 3772 3214 videbat,

2174 3207 2267 3262 sed
2290 3224 2416 3264 suos
2464 3212 2670 3269 futuros
2726 3217 2799 3271 ibi
2849 3224 3220 3291 cognoscebat.
3257 3229 3490 3301 Denique
3520 3207 3775 3293 mortuus

2173 3308 2254 3353 est
2272 3341 2287 3367 ,
2311 3304 2433 3371 quia
2456 3303 2533 3358 sic
2559 3307 2892 3376 expediebat,
2919 3320 2977 3366 ut
3005 3327 3178 3372 morte
3201 3333 3296 3374 sua
3321 3322 3592 3380 occideret
3611 3342 3772 3382 mor-

2173 3396 2302 3444 tem.
2329 3391 2565 3448 Mortuus
2594 3404 2676 3450 est
2703 3397 2870 3466 Deus,
2904 3411 2962 3456 ut
2998 3410 3361 3477 compensatio
3405 3411 3554 3469 ﬁeret
3596 3419 3774 3476 caele-

2171 3482 2268 3538 stis
2287 3484 2559 3553 cujusdam
2580 3490 2946 3562 mercimonii,
2974 3510 3041 3550 ne
3071 3508 3296 3554 mortem
3331 3501 3536 3559 videret
3571 3505 3767 3566 homo.

2172 3572 2311 3630 Deus
2331 3576 2474 3630 enim
2503 3575 2744 3636 Christus
2763 3622 2778 3646 ,
2810 3583 2905 3638 sed
2953 3600 3061 3641 non
3091 3587 3161 3643 ibi
3198 3600 3442 3649 mortuus
3472 3595 3562 3650 ubi
3593 3596 3768 3656 Deus.

2172 3664 2315 3721 ldem
2341 3669 2484 3723 enim
2514 3669 2683 3737 Deus,
2728 3671 2868 3729 idem
2898 3676 3059 3734 homo
3087 3698 3100 3733 :
3127 3696 3264 3737 unus
3292 3685 3433 3740 enim
3475 3687 3767 3760 Christus,

2170 3755 2312 3812 Deus
2336 3767 2390 3812 et
2418 3759 2597 3816 homo.
2629 3760 2801 3818 Homo
2839 3777 3143 3839 assumptus
3191 3781 3307 3839 est,
3363 3784 3422 3830 ut
3465 3777 3520 3831 in
3564 3755 3772 3838 melius

2165 3860 2516 3918 mutaremur,
2550 3868 2653 3907 non
2686 3854 2850 3911 Deum
2878 3857 2946 3912 ad
2960 3858 3222 3917 deteriora
3250 3866 3492 3922 detorsit.
3521 3869 3764 3928 Assum-

2167 3941 2273 4009 psit
2299 3942 2441 3995 enim
2472 3943 2613 4012 quod
2643 3961 2746 4000 non
2765 3956 2899 4014 erat,
2930 3965 3037 4005 non
3067 3953 3245 4009 amisit
3272 3958 3414 4028 quod
3441 3971 3575 4016 erat.
3608 3963 3753 4021 Cum

2165 4046 2294 4101 ergo
2323 4031 2461 4088 Deus
2487 4044 2628 4090 esset
2655 4045 2709 4090 et
2737 4036 2928 4104 homo,
2959 4041 3147 4098 volens
3185 4059 3283 4100 nos
3313 4048 3491 4105 vivere
3529 4051 3597 4108 de
3627 4069 3759 4124 suo,

2165 4134 2408 4179 mortuus
2429 4134 2510 4180 est
2552 4126 2620 4181 de
2665 4138 2869 4185 nostro.
2916 4131 3068 4189 Unde
3109 4137 3250 4192 enim
3295 4139 3411 4209 ipse
3455 4157 3769 4204 moreretur

2165 4229 2270 4268 non
2299 4215 2526 4271 habebat
2550 4234 2563 4271 :
2588 4219 2681 4274 sed
2711 4236 2809 4275 nec
2832 4237 2929 4278 nos
2945 4225 3088 4281 unde
3107 4226 3429 4286 viveremus.
3445 4232 3579 4299 Quid
3606 4239 3765 4294 enim

2164 4308 2254 4363 ille
2282 4317 2415 4376 erat,
2449 4311 2538 4380 qui
2584 4327 2690 4367 non
2719 4312 2949 4370 habebat
2977 4317 3114 4373 unde
3143 4326 3481 4378 moreretur?
3509 4325 3577 4379 In
3607 4331 3766 4397 prin-

2161 4401 2294 4470 cipio
2331 4411 2437 4455 erat
2496 4401 2742 4471 Verbum;
2789 4415 2836 4460 et
2882 4407 3096 4464 Verbum
3138 4427 3245 4466 erat
3291 4415 3430 4484 apud
3475 4416 3660 4487 Deum,
3713 4433 3766 4477 et

2160 4493 2300 4550 Deus
2329 4507 2435 4550 erat
2472 4495 2708 4552 Verbum.
2737 4498 2924 4566 Qumre
2943 4501 3011 4557 de
3033 4503 3142 4559 Deo
3165 4505 3305 4562 unde
3330 4509 3606 4580 moriatur,
3639 4529 3762 4573 non

2130 4651 2132 4654 ν
2159 4585 2418 4644 invenies.
2445 4587 2553 4644 Nos
2581 4598 2759 4645 autem
2788 4591 3065 4660 morimur,
3089 4596 3178 4664 qui
3208 4612 3398 4655 sumus
3439 4615 3590 4671 caro,
3619 4619 3763 4676 pec-

2159 4679 2263 4734 cati
2295 4693 2512 4735 earnem
2539 4689 2760 4750 portans
2784 4681 2946 4740 homo
2977 4687 3019 4737 '.
3058 4685 3339 4744 Peccatum
3376 4707 3558 4762 quaere
3607 4697 3763 4752 unde

2158 4771 2336 4838 vivat,
2366 4785 2473 4826 non
2501 4770 2679 4828 habet.
2710 4773 2819 4830 Nec
2844 4774 2935 4832 ille
2961 4792 3089 4849 ergo
3136 4780 3305 4848 potuit
3349 4782 3546 4839 habere
3594 4801 3759 4843 mor-

2157 4870 2264 4918 tem
2287 4862 2355 4918 de
2369 4879 2487 4932 suo,
2521 4880 2619 4920 nec
2639 4882 2738 4922 nos
2760 4869 2922 4923 vitam
2963 4869 3030 4926 de
3059 4882 3245 4928 nostro
3278 4893 3290 4928 :
3322 4876 3417 4932 sed
3446 4893 3545 4934 nos
3576 4881 3755 4938 vitam

2155 4954 2224 5011 de
2247 4955 2412 5026 ipsius
2431 4998 2444 5022 ,
2474 4957 2562 5013 ille
2589 4970 2813 5016 mortem
2843 4961 2910 5019 de
2938 4973 3140 5020 nostro.
3170 4966 3355 5034 Qualia
3387 4975 3756 5031 commercia!

2155 5048 2280 5119 quid
2301 5048 2480 5115 dedit,
2507 5058 2562 5105 et
2594 5052 2721 5122 quid
2756 5054 2995 5125 accepit?
3035 5056 3335 5115 Mercantes
3378 5060 3623 5120 homines
3651 5082 3756 5124 ve-

2154 5141 2307 5196 niunt
2325 5141 2391 5196 ad
2417 5145 2734 5199 commercia
2752 5187 2767 5213 ,
2797 5145 2862 5200 ad
2892 5161 2980 5202 res
3007 5146 3306 5206 mutandas.
3357 5151 3493 5209 Nam
3521 5158 3756 5229 antiqua

2154 5235 2472 5290 commercia
2496 5249 2675 5291 rerum
2704 5237 2925 5293 mutatio
2948 5237 3065 5292 fuit.
3096 5239 3264 5296 Dabat
3293 5243 3452 5299 homo
3480 5249 3624 5316 quod
3651 5248 3753 5304 ha-

2153 5325 2312 5381 bebat
2331 5368 2348 5395 ,
2375 5335 2430 5382 et
2456 5327 2784 5397 acciepiebat
2815 5328 2957 5400 quod
2995 5345 3103 5386 non
3150 5331 3396 5390 habebat.
3425 5334 3585 5392 Verbi
3614 5355 3749 5409 gra-

2155 5416 2260 5483 tia,
2301 5417 2529 5473 habebat
2576 5419 2839 5488 triticum,
2881 5420 2977 5478 sed
3024 5421 3284 5480 hordeum
3322 5441 3429 5482 non
3472 5429 3752 5499 habebat;

2153 5510 2292 5567 alter
2313 5511 2572 5567 hordeum
2602 5511 2869 5582 habebat,
2921 5522 2976 5570 et
3030 5516 3264 5573 triticum
3309 5534 3416 5576 non
3466 5521 3702 5581 habebat
3729 5542 3749 5581 :

2215 5671 2232 5702 ί
2256 5668 2555 5733 Colbertinus
2575 5675 2679 5733 Ms,
2703 5671 2822 5733 quid
2843 5678 2978 5724 esset.

2213 5733 2395 5804 '_Forte
2435 5730 2830 5804 legendum_'sic,
2851 5735 2934 5799 qui
2957 5748 3122 5790 sumus
3154 5750 3271 5792 caro
3290 5740 3474 5804 peccati
3495 5752 3516 5793 .’
3531 5753 3748 5800 causa

2149 5800 2344 5856 portam
2366 5791 2511 5844 horno
2523 5794 2722 5859 peccaui,
2753 5791 2846 5848 etc.
