4032 6332
340 269 444 327 497

341 383 500 438 dabat
519 381 609 437 ille
629 378 859 435 triticum
874 374 1014 448 quod
1040 371 1289 440 habebat,
1332 370 1622 442 accipiebat
1656 368 1912 423 hordeum

341 475 482 547 quod
511 489 619 529 non
651 471 897 527 habebat.
925 467 1121 536 Quanti
1149 475 1264 523 erat
1289 473 1348 521 ut
1386 465 1555 535 major
1582 464 1731 532 copia
1759 462 1915 517 vilem

341 566 571 637 speciem
598 560 1007 633 compensaret?
1033 559 1173 614 Ecce
1200 572 1328 628 ergo
1345 557 1483 611 alius
1508 555 1600 610 dat
1630 554 1911 618 hordeum,

343 668 399 713 ut
423 657 649 726 accipiat
673 654 902 709 triticum
933 670 946 706 :
983 660 1308 722 postremum
1335 646 1471 701 alius
1494 645 1590 701 dat
1625 643 1916 714 plumbum,

342 757 398 803 ut
422 747 642 818 accipiat
671 752 981 816 argentum;
1010 739 1105 797 sed
1131 741 1349 794 multum
1375 738 1465 792 dat
1487 737 1762 807 plumbum
1793 750 1922 790 con-

341 850 421 895 tra
465 855 651 910 pantm
692 844 1009 907 argentum:
1038 833 1174 888 alius
1211 831 1302 886 dat
1350 830 1556 893 lanam,
1601 836 1659 882 ut
1695 826 1921 897 accipiat

339 941 565 988 vestem.
608 930 677 984 Et
706 929 831 999 quis
877 933 1153 981 enumerat
1178 921 1391 978 omnia?
1414 920 1612 974 Tamen
1643 933 1803 974 nemo
1828 917 1919 972 dat

342 1026 523 1091 vitam,
553 1035 609 1079 ut
634 1022 857 1093 accipiat
876 1029 1120 1076 mortem.
1152 1018 1266 1072 Non
1294 1032 1418 1086 ergo
1446 1030 1547 1069 vox
1574 1013 1763 1068 medici
1787 1028 1918 1082 pen-

349 1116 522 1171 dentis
544 1116 595 1170 in
617 1116 759 1185 ligno
788 1113 960 1168 inanis
985 1110 1099 1165 fuit.
1131 1109 1200 1164 Ut
1223 1108 1361 1163 enim
1384 1113 1681 1161 moreretur
1704 1118 1798 1173 pro
1821 1117 1919 1158 no-

339 1212 454 1277 bis,
487 1211 609 1281 quia
653 1207 883 1263 Verbum
924 1205 1059 1260 mori
1107 1218 1211 1257 non
1260 1209 1495 1271 poterat,
1544 1196 1758 1251 Verbum
1800 1211 1919 1249 caro

339 1307 527 1374 factum
549 1312 639 1368 est,
663 1310 708 1353 et
727 1298 965 1353 habitavit
985 1297 1037 1351 in
1054 1296 1193 1350 nobis
1213 1293 1386 1364 (Joan.
1406 1308 1439 1355 1,
1463 1291 1514 1355 l,
1534 1286 1919 1359 M)._Pependit

338 1397 389 1450 in
412 1411 595 1462 cruce,
625 1394 719 1451 sed
745 1394 798 1447 in
824 1406 1002 1446 carne.
1036 1389 1111 1443 Ibi
1150 1387 1359 1452 vilitas,
1397 1397 1553 1453 quam
1579 1390 1917 1448 contempse-

339 1489 647 1545 I‘llIIIJIId'JlI
680 1506 693 1543 :
726 1487 795 1541 ibi
821 1484 1055 1541 charitas
1076 1524 1089 1547 ,
1138 1495 1232 1551 per
1255 1492 1411 1549 quam
1440 1474 1645 1530 liberati
1673 1479 1797 1525 sunt
1819 1469 1916 1525 Ju-

335 1584 454 1637 daei.
490 1583 592 1636 Pro
627 1580 753 1650 ipsis
778 1578 917 1634 enim
948 1576 1150 1631 dictum
1192 1580 1307 1640 est,
1344 1570 1515 1632 Pater,
1548 1568 1744 1638 ignosce
1784 1565 1913 1630 illis,

336 1675 451 1744 quia
482 1674 705 1726 nesciunt
733 1670 854 1741 quid
884 1668 1078 1739 faciunt
1103 1664 1253 1738 (an.
1284 1678 1432 1726 χχιιι,
1460 1658 1571 1729 54).
1600 1658 1665 1712 Ει
1695 1672 1796 1712 non
1828 1670 1918 1709 va-

338 1768 473 1821 cavit
503 1781 600 1820 vox
628 1764 737 1819 illa.
766 1762 1003 1817 Mortuus
1028 1768 1142 1825 est,
1184 1756 1422 1827 sepultus
1446 1761 1556 1818 est,
1592 1749 1914 1815 resurrexit;

338 1857 488 1912 factis
516 1855 857 1927 quadraginta
887 1851 1075 1907 diebus
1101 1863 1222 1904 cum
1251 1844 1523 1914 discipulis
1566 1842 1692 1907 suis,
1724 1853 1916 1894 ascen-

338 1950 412 2003 dit
436 1950 487 2003 in
517 1948 731 2012 coelum,
763 1945 909 1999 misit
937 1941 1193 2012 Spiritum
1232 1944 1472 1993 sanctum
1506 1936 1557 1989 in
1583 1949 1675 1989 eos
1710 1932 1796 2002 qui
1822 1946 1915 1986 ex-

339 2039 645 2107 spectabant
668 2037 1007 2107 promissum.
1034 2032 1113 2087 Illi
1154 2037 1371 2099 accepto
1388 2026 1585 2096 Spiritu
1607 2032 1788 2078 sancto
1816 2022 1917 2076 im-

340 2132 460 2200 pleti
482 2139 626 2197 sunt,
643 2138 696 2184 et
718 2134 993 2198 coeperunt
1017 2122 1157 2194 loqui
1184 2119 1375 2190 linguis
1399 2116 1635 2171 omnium
1660 2114 1912 2184 gentium.

341 2227 483 2282 Tunc
520 2224 689 2279 Iudaei
738 2222 825 2294 qui
860 2220 1110 2282 aderant,
1156 2219 1563 2283 expavescentes
1609 2209 1661 2261 in
1704 2205 1917 2261 nomine

339 2317 530 2371 Christi
561 2315 702 2385 loqui
726 2312 973 2367 omnibus
995 2307 1187 2378 linguis
1204 2304 1443 2360 homines
1468 2300 1676 2362 idiotas,
1701 2296 1917 2367 imperi-

341 2418 438 2475 tos,
476 2423 611 2480 quos
636 2408 773 2461 inter
797 2421 855 2461 se
876 2403 1101 2459 nutritos
1121 2406 1375 2454 noverant
1402 2396 1454 2450 in
1479 2394 1653 2463 lingua
1673 2406 1797 2456 una,
1827 2404 1919 2445 ex-

340 2509 597 2570 paveruut
627 2518 638 2552 :
668 2498 807 2553 unde
834 2497 932 2550 hoc
960 2506 1149 2549 munus
1178 2498 1319 2546 esset
1336 2489 1492 2543 Petro
1512 2487 1760 2555 loquente
1784 2481 1918 2536 didi-

342 2602 542 2648 cerunt.
566 2590 658 2646 Ille
680 2590 780 2645 hoc
806 2586 1040 2652 donavit,
1058 2584 1147 2654 qui
1174 2583 1225 2637 in
1254 2582 1396 2651 ligno
1414 2575 1680 2648 pependit.
1704 2575 1794 2629 Ille
1816 2572 1918 2629 hoc

342 2686 571 2749 donavit,
598 2684 686 2754 qui
705 2681 891 2737 irrisus
912 2688 994 2734 est
1012 2674 1250 2748 pendens
1265 2673 1316 2727 in
1334 2672 1495 2741 ligno,
1511 2676 1567 2723 ut
1587 2663 1917 2734 daretSpiri-

344 2789 445 2833 tum
462 2786 703 2832 sanctum
719 2774 908 2830 sedens
925 2773 977 2826 in
990 2770 1147 2826 ctelo.
1163 2766 1477 2829 Audierunt,
1499 2757 1918 2817 credideruntilli

345 2871 406 2925 de
429 2871 620 2940 quibus
664 2868 898 2931 dixerat,
950 2862 1122 2925 Pater,
1170 2860 1367 2929 ignosce
1385 2853 1489 2909 illis
1508 2895 1522 2918 ,
1550 2852 1667 2923 quia
1696 2850 1920 2904 nesciunt

344 2964 459 3033 quid
487 2963 700 3032 faciunt.
742 2956 1111 3019 Crediderunt,
1141 2948 1389 3020 baptizati
1439 2954 1592 3010 sunt,
1638 2951 1794 3012 atque
1840 2948 1920 2996 est

348 3053 474 3107 facta
504 3050 801 3109 conversio.
828 3049 956 3116 Quae
1000 3041 1315 3100 conversio?
1351 3038 1673 3107 Sanguinem
1702 3032 1917 3098 Christi,

345 3159 496 3213 quem
517 3143 795 3197 smvientes
820 3137 1089 3200 fuderunt,
1121 3131 1401 3188 credentes
1418 3128 1684 3182 biberunt.

412 3235 464 3288 6.
502 3232 676 3286 Oratio
711 3231 764 3283 in
802 3230 916 3282 vita:
951 3226 1104 3296 hujus
1140 3221 1389 3294 periculis.
1431 3219 1570 3288 Ergo
1619 3225 1677 3270 ut
1715 3227 1920 3269 sermo-

347 3342 463 3379 ncm
486 3334 726 3378 nostrum
756 3319 899 3375 unde
927 3316 1186 3388 coepimus
1225 3311 1606 3369 concludamus
1627 3351 1643 3375 ,
1686 3322 1919 3373 oremus,

344 3427 397 3473 et
423 3418 489 3472 de
516 3418 624 3471 Deo
652 3426 1032 3485 praesumamus
1057 3427 1071 3462 :
1105 3408 1345 3463 vivamus
1372 3401 1638 3475 quomodo
1661 3400 1835 3472 jubet,
1868 3407 1922 3454 et

346 3512 430 3567 ubi
454 3511 741 3565 titubamus
769 3508 820 3561 in
864 3506 977 3576 ipsa
1010 3503 1150 3567 vita,
1199 3500 1372 3570 ipsum
1410 3498 1748 3557 invocemus,
1785 3507 1921 3562 quo-

346 3603 501 3657 modo
532 3602 677 3656 illum
706 3600 1086 3654 invoraverunt
1112 3591 1353 3662 discipuli
1377 3589 1615 3644 dicentes
1637 3626 1651 3651 ,
1680 3584 1919 3650 Domine,

347 3713 475 3768 auge
498 3695 637 3749 nobis
658 3694 809 3762 ﬁdem
838 3689 985 3763 (an.
1016 3702 1144 3753 xvn,
1168 3685 1243 3755 5).
1264 3683 1328 3737 Et
1354 3682 1542 3736 Petrus
1564 3674 1918 3747 praesumpsit,

348 3799 402 3844 et
419 3767 665 3843 titubavit
692 3803 704 3839 :
731 3800 833 3840 nec
858 3792 1032 3838 tamen
1061 3784 1396 3847 contemptus
1436 3787 1642 3828 mersus
1677 3778 1793 3835 est,
1829 3767 1923 3823 sed

344 3881 643 3936 sublevatus
657 3886 710 3933 et
720 3883 925 3932 erectus
940 3881 1039 3929 est.
1057 3871 1263 3926 Etenim
1274 3866 1415 3938 quod
1431 3858 1925 3936 prtesumpsitmnde

344 3971 490 4026 erat?
512 3969 625 4024 Non
643 3968 709 4023 de
729 3982 827 4021 suo
843 3973 958 4021 erat
981 3962 1080 4019 :de
1095 3959 1303 4015 Domini
1318 3965 1449 4012 erat.
1470 3952 1791 4021 Quomodo?
1812 3949 1923 4005 Do-

345 4065 492 4126 mine,
517 4063 559 4115 si
578 4069 632 4113 tu
651 4076 724 4125 es,
731 4057 855 4129 jube
870 4072 946 4110 me
964 4054 1128 4108 venire
1147 4051 1212 4103 ad
1229 4059 1275 4103 te
1292 4064 1440 4119 super
1451 4062 1651 4117 aquam.
1667 4042 1923 4098 Ambula-

344 4151 433 4205 bat
460 4152 601 4206 enim
628 4149 877 4203 Dominus
898 4160 1056 4214 super
1074 4156 1255 4212 aquas.
1282 4138 1341 4194 Si
1364 4147 1418 4191 tu
1439 4154 1509 4203 es,
1520 4136 1645 4206 jube
1664 4151 1743 4188 me
1760 4133 1926 4187 venire

344 4242 410 4293 ad
434 4251 481 4294 te
495 4256 646 4310 super
667 4254 872 4310 aquam.
895 4236 1018 4290 Scio
1044 4234 1181 4286 enim
1203 4230 1324 4301 quia
1353 4229 1398 4283 si
1423 4236 1478 4282 tu
1504 4242 1582 4292 es,
1605 4225 1759 4296 jubes
1770 4234 1824 4279 et
1846 4224 1922 4278 ﬁt.

346 4332 515 4386 Etille
527 4334 621 4397 ait,
652 4328 797 4383 Veni.
822 4324 1102 4381 Descendit
1119 4323 1169 4376 in
1190 4321 1328 4375 illius
1348 4318 1603 4388 jussione,
1626 4323 1680 4370 et
1698 4313 1926 4384 trepida-

346 4424 421 4477 vit
435 4424 487 4478 in
504 4437 598 4477 sua
617 4416 1144 4476 inﬁrmitate.Tamen
1158 4411 1368 4483 quando
1382 4408 1679 4480 trepidavit,
1699 4406 1764 4461 ad
1778 4408 1926 4461 illum

347 4513 684 4575 exclamavit,
712 4508 948 4573 Domine,
974 4506 1160 4577 inquit,
1190 4502 1342 4557 libera
1363 4518 1459 4555 me.
1495 4500 1644 4555 Tunc
1674 4499 1928 4553 Dominus

351 4609 517 4662 tenuit
544 4606 618 4660 illi
641 4618 877 4669 manum,
896 4610 949 4656 et
966 4599 1127 4654 dixit:
1152 4596 1369 4650 Modica:
1389 4594 1528 4664 ﬁdei,
1550 4608 1704 4663 quare
1727 4591 1927 4644 dubita-

350 4699 449 4752 sti?
513 4697 629 4766 lpse
678 4694 947 4759 invitavit,
999 4691 1113 4759 ipse
1165 4696 1445 4743 nutantem
1502 4692 1558 4738 et
1612 4682 1926 4737 titubantem

353 4790 596 4845 liberavit
624 4786 832 4859 (Matth.
860 4800 968 4849 xiv,
994 4778 1189 4849 25-31)
1220 4796 1233 4832 :
1261 4786 1317 4832 ut
1338 4776 1647 4847 impleretur
1685 4773 1824 4843 quod
1852 4771 1933 4826 di-

354 4889 490 4935 ctum
522 4879 679 4935 estin
708 4876 920 4932 Psalmo
944 4915 961 4942 ,
990 4872 1052 4928 Si
1075 4871 1319 4936 dicebam,
1347 4868 1517 4923 Motus
1540 4876 1611 4921 est
1644 4881 1730 4937 pes
1759 4879 1929 4929 meus;

357 4971 695 5028 misericordia
712 4980 817 5036 tua,
832 4967 1065 5033 Domine,
1082 4964 1352 5036 adjuvabat
1374 4979 1450 5015 me
1467 4959 1635 5030 (Psal.
1649 4975 1793 5025 xcm,
1816 4957 1928 5028 18).

423 5067 474 5120 7.
492 5065 749 5134 Beneﬁcia
789 5060 1084 5131 temporalia
1122 5067 1169 5112 et
1200 5066 1386 5112 wterna
1416 5053 1666 5125 quomodo
1700 5050 1929 5122 petenda.

358 5156 468 5212 Duo
494 5172 623 5227 ergo
656 5169 853 5225 genera
888 5150 1263 5207 beneﬁciorum
1307 5154 1460 5211 sunt,
1514 5143 1824 5213 temporalia
1877 5150 1935 5197 et

359 5258 573 5305 acterna.
606 5245 941 5316 'I‘emporalia
993 5251 1119 5298 sunt
1165 5241 1339 5305 salus,
1384 5235 1699 5302 substantia,
1743 5233 1932 5300 honor,

360 5340 531 5403 amici,
560 5336 770 5403 domus,
797 5335 907 5399 lilii,
926 5349 1080 5398 uxor,
1107 5340 1160 5387 et
1179 5339 1371 5386 caetera
1389 5330 1512 5383 vitae
1534 5325 1690 5396 hujus
1713 5323 1801 5379 ubi
1821 5337 1937 5393 per-

360 5432 682 5502 egrinamur.
711 5429 977 5484 Ponamus
1004 5440 1102 5480 nos
1146 5438 1271 5494 ergo
1299 5422 1351 5477 in
1372 5420 1578 5475 stabulo
1601 5418 1723 5473 vitae
1755 5415 1932 5485 hujus,

362 5524 507 5593 quasi
558 5521 826 5593 peregrini
884 5519 1185 5586 transituri,
1238 5532 1345 5572 non
1404 5514 1554 5584 quasi
1602 5524 1938 5582 possessores

362 5617 618 5673 mansuri.
646 5615 869 5672 Eterna
915 5627 1045 5669 vero
1069 5609 1328 5667 beneﬁcia
1368 5615 1519 5672 sunt,
1570 5606 1795 5675 primum
1826 5604 1937 5674 ipsa

361 5709 469 5765 vita
523 5719 743 5778 aeterna,
784 5706 1113 5777 incorruptio
1155 5712 1210 5759 et
1252 5697 1619 5757 immortalitas
1660 5697 1839 5751 carnis
1884 5708 1938 5750 et

1710 248 1942 312 SEBMO
1978 252 2189 312 LXXX.

3489 258 3593 318 498

2023 372 2241 439 animae,
2274 374 2496 429 societas
2532 374 2847 446 Angelorum
2867 417 2883 443 ,
2912 373 3097 431 civitas
3121 373 3358 431 caelestis
3383 416 3395 440 ,
3423 373 3591 444 digni.

2023 472 2104 517 tas
2139 463 2476 534 indeﬁciens,
2516 466 2674 523 Pater
2697 477 2751 524 et
2783 468 2951 538 patria
2970 511 2985 535 ,
3015 468 3104 523 ille
3141 468 3256 523 sine
3283 476 3477 531 morte,
3503 466 3593 523 illa

2022 556 2138 610 sine
2166 555 2343 613 hoste.
2381 557 2505 613 Haec
2533 560 2788 616 beneﬁcia
2826 569 2937 615 toto
2970 561 3161 616 ardore
3205 559 3594 626 desideremus,

2022 648 2165 701 omni
2191 649 2584 716 perseverantia
2609 659 2871 719 petamus,
2903 666 3006 707 non
3033 666 3277 707 sermone
3295 651 3475 721 longo,
3499 649 3592 706 sed

2024 746 2159 796 teste
2200 743 2417 811 gemitu.
2472 743 2799 805 Desiderium
2827 758 3038 814 semper
3073 754 3223 811 orat,
3276 743 3377 799 etsi
3414 743 3590 813 lingua

2023 839 2214 888 taceat.
2260 833 2315 889 Si
2354 848 2562 904 seraper
2598 834 2889 900 desideras,
2927 850 3137 906 semper
3183 850 3324 891 oras.
3365 835 3590 904 Quando

2020 924 2272 979 dormitat
2312 925 2522 981 oratio?
2561 926 2782 995 Quando
2820 926 3059 998 friguerit
3082 929 3421 983 desiderium.
3447 928 3591 998 Ergo

2022 1016 2109 1070 illa
2144 1016 2402 1071 beneﬁcia
2434 1017 2752 1086 sempiterna
2781 1025 2887 1071 tota
2932 1018 3179 1073 aviditate
3220 1014 3546 1087 poStnlemus
3569 1056 3586 1081 ,

2020 1106 2106 1159 illa
2138 1107 2272 1159 bona
2306 1116 2409 1159 una
2437 1108 2727 1161 intentione
2747 1123 3044 1178 quaeramus
3066 1150 3081 1174 ,
3114 1109 3200 1162 illa
3232 1109 3370 1163 bona
3415 1106 3589 1163 securi

2020 1206 2284 1265 petamus.
2310 1197 2531 1252 [labenti
2558 1199 2698 1253 enim
2731 1199 2817 1252 illa
2846 1199 2979 1252 bona
3004 1208 3245 1268 prosunt,
3268 1200 3459 1253 obesse
3481 1213 3589 1253 non

2021 1296 2260 1356 possunt.
2314 1288 2645 1357 Temporalia
2700 1305 2824 1344 vero
2868 1290 2965 1343 ista
3012 1290 3292 1359 aliquando
3336 1300 3588 1359 prosunt,

2020 1380 2300 1450 aliquando
2345 1380 2556 1436 obsunt.
2586 1382 2761 1435 Multis
2806 1382 3001 1451 proluit
3043 1391 3347 1451 paupertas,
3390 1392 3443 1437 et
3486 1396 3585 1436 no-

2020 1481 2243 1527 Cuerunt
2273 1473 2467 1526 divitize
2495 1490 2506 1526 :
2542 1473 2717 1526 multis
2740 1472 2934 1541 profuit
2958 1473 3157 1542 privata
3180 1474 3304 1537 vita,
3334 1481 3389 1527 et
3409 1476 3590 1528 nocuit

2020 1564 2156 1619 altus
2176 1563 2368 1618 honor.
2396 1564 2463 1618 Et
2488 1564 2679 1619 iterum
2697 1565 2956 1633 aliquibus
2982 1565 3177 1634 profuit
3198 1565 3444 1634 pecunia,
3468 1579 3589 1634 pro-

2020 1652 2121 1707 fuit
2147 1654 2408 1723 dignitas;
2456 1654 2592 1709 bene
2647 1655 2914 1710 utentibus
2967 1656 3164 1724 profuit
3194 1672 3207 1707 :
3234 1655 3371 1710 male
3411 1664 3587 1711 autem

2020 1744 2285 1799 utentibus
2309 1760 2411 1799 non
2435 1746 2607 1800 ablata
2638 1746 2753 1814 plus
2776 1746 2973 1800 nocuit.
3004 1747 3080 1799 Ac
3108 1761 3199 1815 per
3220 1745 3340 1809 hoc,
3375 1747 3588 1811 fratres,

2020 1845 2259 1906 petamus
2280 1843 2334 1890 et
2360 1837 2457 1890 ista
2482 1836 2788 1905 temporalia
2818 1836 3109 1900 moderate,
3157 1836 3330 1891 securi
3381 1836 3503 1906 quia
3542 1836 3589 1891 si

2020 1929 2325 1997 accipimus,
2353 1927 2440 1981 ille
2460 1928 2551 1981 dat
2574 1929 2660 1995 qui
2684 1927 2828 1981 novit
2854 1927 2977 1996 quid
3009 1927 3159 1981 nobis
3196 1926 3465 1995 expediat.
3491 1926 3593 1982 Pe-

2020 2020 2149 2084 tisti,
2173 2036 2277 2075 non
2302 2028 2382 2075 est
2416 2019 2507 2074 tibi
2534 2018 2713 2073 datum
2743 2019 2880 2089 quod
2912 2020 3158 2088 petebas?
3188 2019 3357 2073 Crede
3402 2019 3581 2085 Patri,

2020 2112 2110 2181 qui
2140 2112 2182 2165 si
2216 2110 2308 2164 tibi
2337 2110 2643 2179 expediret,
2695 2109 2843 2165 daret
2873 2110 2984 2164 tibi.
3017 2109 3155 2164 Ecce
3190 2109 3256 2162 de
3288 2117 3339 2164 te
3369 2110 3483 2178 ipso
3506 2108 3586 2164 lac

2021 2202 2114 2256 tibi
2159 2204 2536 2271 conjecturam.
2564 2202 2744 2267 Qualis
2769 2211 2849 2255 est
2885 2200 3025 2255 enim
3046 2200 3185 2270 apud
3221 2208 3272 2255 te
3299 2199 3434 2253 ﬁlius
3465 2209 3586 2254 tuus

2020 2300 2266 2354 nesciens
2304 2314 2389 2353 res
2413 2298 2687 2363 humanas,
2715 2296 2832 2350 talis
2858 2312 2915 2351 es
2941 2306 2994 2351 et
3038 2306 3094 2349 tu
3137 2294 3275 2364 apud
3307 2294 3589 2348 Dominum

2023 2391 2268 2447 nesciens
2296 2407 2383 2446 res
2410 2391 2636 2446 divinas.
2686 2391 2823 2445 Ecce
2862 2398 2985 2444 ante
3039 2399 3089 2444 te
3135 2389 3274 2443 filius
3317 2398 3437 2442 tuus
3481 2393 3590 2442 tota

2023 2484 2107 2539 die
2154 2484 2400 2552 plorans,
2456 2492 2513 2538 ut
2555 2483 2650 2537 des
2695 2483 2770 2536 illi
2819 2482 3068 2545 cultrum,
3101 2480 3151 2535 id
3201 2488 3281 2535 est
3314 2479 3589 2550 gladium:

2024 2588 2183 2645 negas
2219 2583 2270 2628 te
2294 2574 2438 2639 dare,
2469 2588 2572 2627 non
2603 2573 2716 2639 das,
2756 2571 3052 2626 contemnis
3081 2570 3316 2636 ﬂentem,
3347 2585 3413 2624 ne
3441 2568 3593 2638 plan-

2022 2680 2114 2736 gas
2136 2666 2473 2721 morientem.
2494 2665 2691 2729 Ploret,
2715 2664 2910 2733 afﬂigat
2930 2678 3008 2730 se,
3036 2662 3248 2717 collidat
3267 2678 3344 2728 se,
3368 2669 3427 2715 ut
3446 2662 3590 2715 leves

2023 2774 2143 2814 eum
2176 2760 2228 2812 in
2275 2774 2465 2827 equum
2493 2775 2503 2809 :
2536 2772 2637 2810 non
2681 2757 2825 2822 facis,
2859 2756 2979 2825 quia
3008 2770 3113 2808 non
3155 2764 3328 2824 potest
3363 2769 3483 2809 eum
3510 2767 3593 2808 re-

2022 2864 2181 2919 gere;
2214 2849 2371 2904 elidet
2402 2847 2857 2902 etoccidetillum.
2887 2847 2979 2901 Cui
3007 2859 3165 2916 negas
3184 2852 3407 2915 partem,
3427 2852 3594 2897 totum

2026 2944 2096 2997 illi
2119 2957 2318 2997 servas.
2347 2940 2451 2996 Sed
2480 2951 2535 2994 ut
2559 2949 2785 3007 crescat,
2814 2948 2867 2994 et
2890 2947 3055 2993 totum
3085 2937 3352 3008 possideat
3380 2950 3587 3001 secure,

2025 3050 2130 3090 non
2163 3035 2255 3089 das
2283 3034 2355 3087 illi
2384 3034 2646 3087 modicum
2669 3032 3041 3101 periculosum.

2095 3125 2148 3179 8.
2169 3123 2417 3193 Tempora
2432 3123 2567 3176 mala
2579 3122 2725 3186 unde,
2746 3131 2791 3175 et
2806 3119 3055 3193 quomodo
3092 3119 3317 3189 ferenda.
3339 3117 3461 3173 Ideo
3471 3116 3596 3173 dici-

2024 3236 2162 3281 mus,
2185 3217 2394 3283 fratres,
2419 3225 2567 3271 orate
2586 3224 2837 3285 quantum
2863 3212 3102 3283 potestis.
3130 3210 3415 3265 Abundant
3431 3210 3588 3276 mala,

2025 3321 2079 3367 et
2110 3312 2249 3366 Deus
2268 3309 2431 3364 voluit
2451 3316 2506 3363 ut
2534 3306 2864 3362 abundarent
2885 3303 3043 3357 mala.
3072 3303 3284 3359 Utinam
3306 3318 3413 3357 non
3430 3302 3595 3357 abun-

2025 3405 2215 3459 darent
2239 3401 2387 3467 mali,
2430 3408 2482 3454 et
2502 3414 2606 3454 non
2638 3396 2966 3452 abundarent
2991 3395 3148 3449 mala.
3173 3394 3307 3448 Mala
3332 3400 3592 3462 tempora,

2026 3494 2291 3552 laboriosa
2307 3504 2560 3562 tempora,
2581 3489 2681 3543 hoc
2701 3487 2881 3541 dicunt
2894 3486 3154 3540 homines.
3176 3484 3316 3539 Bene
3334 3484 3597 3549 vivamus,

2027 3594 2081 3640 et
2106 3586 2244 3639 bona
2289 3589 2415 3637 sunt
2459 3591 2716 3649 tempora.
2745 3576 2852 3631 Nos
2889 3590 3072 3629 sumus
3100 3582 3338 3644 tempora
3369 3589 3382 3626 :
3415 3574 3602 3644 quales

2028 3691 2240 3741 sumus,
2273 3674 2393 3728 talia
2439 3680 2562 3726 sunt
2602 3679 2860 3738 tempora.
2909 3665 3016 3721 Sed
3053 3665 3181 3736 quid
3205 3664 3460 3720 facimus?
3484 3664 3601 3719 Non

2030 3780 2309 3837 possumus
2354 3762 2420 3817 ad
2445 3762 2640 3816 bonam
2669 3760 2829 3813 vitam
2859 3763 3167 3812 convertere
3210 3753 3600 3809 multitudinem

2029 3854 2338 3913 hominum?
2364 3852 2525 3908 Pauci
2544 3851 2635 3922 qui
2654 3848 2871 3905 audiunt
2890 3848 3026 3902 bene
3046 3847 3224 3901 vivant
3246 3862 3260 3899 :
3289 3845 3440 3915 pauci
3464 3843 3603 3899 bene

2028 3952 2266 4005 viventes
2288 3947 2485 4002 multos
2510 3944 2646 3999 male
2670 3943 2908 3997 viventes
2936 3939 3125 3996 ferant.
3157 3938 3332 3995 Grana
3358 3947 3509 4003 sunt,
3546 3937 3603 3991 in

2030 4055 2153 4095 area
2177 4048 2299 4094 sunt
2326 4056 2339 4091 :
2364 4037 2544 4106 paleas
2588 4048 2766 4089 secum
2811 4033 2864 4086 in
2890 4045 3010 4085 area
3045 4029 3240 4085 habere
3264 4036 3517 4099 possunt,
3547 4027 3602 4081 in

2030 4133 2223 4188 horreo
2253 4146 2360 4185 non
2388 4128 2678 4183 habebunt.
2704 4125 2902 4179 Ferant
2917 4121 3059 4192 quod
3080 4122 3285 4186 nolunt,
3308 4130 3366 4175 ut
3391 4120 3606 4175 veniant

2029 4226 2097 4279 ad
2142 4224 2282 4296 quod
2328 4222 2530 4277 volunt.
2578 4220 2751 4287 Quare
2795 4216 3169 4272 contristamur
3216 4222 3270 4268 et
3316 4227 3598 4269 causamur

2036 4319 2239 4373 Deum?
2269 4316 2552 4371 Abundaut
2592 4312 2729 4367 mala
2777 4311 2828 4364 in
2874 4308 3112 4375 mundo,
3140 4318 3201 4362 ut
3243 4322 3349 4361 non
3397 4314 3605 4361 ametur

2033 4409 2280 4465 mundus.
2312 4405 2481 4476 Magni
2527 4404 2625 4459 viri
2650 4445 2664 4470 ,
2694 4402 2878 4457 ﬁdeles
2907 4402 3073 4455 sancti
3094 4441 3108 4465 ,
3137 4400 3227 4469 qui
3272 4407 3606 4468 contempse-

2030 4511 2153 4558 runt
2200 4498 2453 4554 mundum
2494 4496 2949 4567 speciosumznos
2998 4506 3104 4547 non
3150 4504 3427 4561 possumus
3473 4503 3605 4543 con-

2035 4602 2273 4649 temnere
2303 4604 2402 4645 ncc
2445 4587 2664 4644 foedum.
2696 4586 2862 4641 Malus
2885 4593 2967 4641 est
2994 4583 3221 4639 mundus
3245 4623 3259 4648 ,
3290 4596 3415 4638 ecce
3434 4580 3607 4636 malus

2032 4695 2143 4752 est,
2170 4694 2224 4740 et
2252 4685 2330 4739 sic
2353 4690 2578 4748 amatur,
2602 4679 2753 4749 quasi
2779 4678 2952 4733 bonus
2977 4684 3135 4731 esset.
3168 4675 3304 4742 Quid
3325 4681 3407 4729 est
3428 4681 3605 4727 autem

2035 4779 2205 4833 malus
2248 4774 2520 4831 mundus?
2565 4772 2679 4827 Non
2729 4770 2871 4825 enim
2919 4769 3115 4825 malum
3160 4776 3244 4823 est
3296 4766 3527 4830 etelum,
3553 4774 3610 4819 et

2035 4878 2196 4935 terra,
2223 4877 2277 4923 et
2302 4882 2472 4937 aquae,
2495 4873 2549 4920 et
2569 4879 2633 4918 ea
2655 4878 2770 4933 quae
2792 4869 2916 4916 sunt
2938 4862 2992 4915 in
3011 4861 3109 4925 eis,
3135 4861 3327 4928 pisces,
3356 4856 3605 4922 volatilia,

2037 4960 2279 5015 arbores.
2324 4956 2512 5013 Omnia
2561 4955 2659 5008 ista
2707 4953 2843 5007 bona
2891 4961 3015 5005 sunt
3047 4969 3060 5004 :
3091 4949 3184 5004 sed
3228 4947 3424 5003 malum
3454 4962 3608 5000 mun-

2037 5054 2161 5109 dum
2192 5049 2316 5106 mali
2343 5048 2585 5103 homines
2612 5044 2825 5099 faciunt.
2870 5042 2972 5099 Sed
3012 5040 3257 5111 quoniam
3288 5052 3473 5093 carere
3502 5051 3610 5092 non

2038 5158 2321 5219 possumus
2349 5141 2503 5196 malis
2545 5136 2847 5195 hominibus
2867 5175 2882 5199 ,
2910 5131 3157 5204 quamdiu
3186 5130 3410 5185 vivimus
3428 5171 3442 5195 ,
3475 5129 3613 5183 sicut

2039 5241 2172 5308 dixi,
2197 5238 2263 5292 ad
2293 5235 2573 5291 Dominum
2600 5232 2768 5287 Deum
2800 5236 3036 5284 nostrum
3063 5238 3366 5295 gemamus;
3395 5229 3449 5277 et
3473 5219 3613 5277 mala

2041 5333 2301 5392 feramus,
2347 5338 2407 5382 ut
2447 5325 2514 5380 ad
2559 5325 2694 5379 bona
2735 5318 3126 5391 perveniamus.
3172 5312 3615 5369 Patremfamilias

2045 5439 2149 5478 non
2192 5416 2670 5489 reprehendamus;
2703 5411 2895 5465 charus
2922 5416 3003 5463 est
3026 5406 3188 5461 enim.
3220 5405 3338 5474 Ipse
3363 5419 3460 5459 nos
3486 5416 3615 5472 por-

2043 5523 2151 5581 tat,
2183 5526 2290 5567 non
2333 5523 2429 5562 nos
2469 5505 2635 5559 illum.
2669 5501 2826 5557 Novit
2864 5497 3308 5570 quemadmodum
3352 5496 3611 5565 gubernet

2043 5604 2183 5679 quod
2226 5601 2387 5660 fecit:
2418 5600 2497 5655 fac
2522 5595 2661 5668 quod
2698 5593 2884 5665 jussit,
2911 5601 2964 5649 et
2987 5605 3139 5663 Spera
3176 5589 3315 5660 quod
3348 5586 3612 5657 promisit.
