  <div class='ocr_page' id='page_1' title='image "/cluster/home/n/w/nwhite01/storage/ocr_20150623/38/hvd.32044015706294/255.png"; bbox 0 0 3980 6464; ppageno 0'>
   <div class='ocr_carea' id='block_1_1' title="bbox 429 345 535 402">
    <p class='ocr_par' dir='ltr' id='par_1_1' title="bbox 429 345 535 402">
     <span class='ocr_line' id='line_1_1' title="bbox 429 345 535 402; baseline -0.019 0"><span class='ocrx_word' id='word_1_1' title='bbox 429 345 535 402; x_wconf 70' lang='grc' dir='ltr'><strong>ὁ99</strong></span> 
     </span>
    </p>
   </div>
   <div class='ocr_carea' id='block_1_2' title="bbox 847 450 1519 522">
    <p class='ocr_par' dir='ltr' id='par_1_2' title="bbox 847 450 1519 522">
     <span class='ocr_line' id='line_1_2' title="bbox 847 450 1519 522; baseline -0.007 -12"><span class='ocrx_word' id='word_1_2' title='bbox 847 452 1075 510; x_wconf 64' lang='lat' dir='ltr'><strong>saeuo</strong></span> <span class='ocrx_word' id='word_1_3' title='bbox 1111 451 1327 508; x_wconf 76' lang='lat' dir='ltr'><strong>LXXXI</strong></span> <span class='ocrx_word' id='word_1_4' title='bbox 1367 454 1382 473; x_wconf 84' lang='grc'><strong>·</strong></span> <span class='ocrx_word' id='word_1_5' title='bbox 1423 450 1519 522; x_wconf 74' lang='grc' dir='ltr'><strong>(α).</strong></span> 
     </span>
    </p>
   </div>
   <div class='ocr_carea' id='block_1_3' title="bbox 424 541 1999 616">
    <p class='ocr_par' dir='ltr' id='par_1_3' title="bbox 424 541 1999 616">
     <span class='ocr_line' id='line_1_3' title="bbox 424 541 1999 616; baseline -0.004 -13"><span class='ocrx_word' id='word_1_6' title='bbox 424 545 504 603; x_wconf 85' lang='lat' dir='ltr'><strong>De</strong></span> <span class='ocrx_word' id='word_1_7' title='bbox 527 546 685 603; x_wconf 78' lang='lat' dir='ltr'><strong>verbis</strong></span> <span class='ocrx_word' id='word_1_8' title='bbox 712 545 978 616; x_wconf 72' lang='lat' dir='ltr'><strong>Evangelii</strong></span> <span class='ocrx_word' id='word_1_9' title='bbox 1009 547 1259 612; x_wconf 61' lang='lat' dir='ltr'><strong>Matthxi,</strong></span> <span class='ocrx_word' id='word_1_10' title='bbox 1301 545 1384 600; x_wconf 77' lang='lat' dir='ltr'><strong>ubi</strong></span> <span class='ocrx_word' id='word_1_11' title='bbox 1412 543 1738 599; x_wconf 72' lang='lat' dir='ltr'><strong>admonemur</strong></span> <span class='ocrx_word' id='word_1_12' title='bbox 1763 541 1826 597; x_wconf 77' lang='lat' dir='ltr'><strong>ab</strong></span> <span class='ocrx_word' id='word_1_13' title='bbox 1851 558 1999 597; x_wconf 84' lang='lat' dir='ltr'><strong>scan-</strong></span> 
     </span>
    </p>
   </div>
   <div class='ocr_carea' id='block_1_4' title="bbox 591 631 1818 706">
    <p class='ocr_par' dir='ltr' id='par_1_4' title="bbox 591 631 1818 706">
     <span class='ocr_line' id='line_1_4' title="bbox 591 631 1818 706; baseline -0.009 -10"><span class='ocrx_word' id='word_1_14' title='bbox 591 637 722 697; x_wconf 68' lang='lat' dir='ltr'><strong>dulis</strong></span> <span class='ocrx_word' id='word_1_15' title='bbox 748 638 920 696; x_wconf 75' lang='lat' dir='ltr'><strong>mundi</strong></span> <span class='ocrx_word' id='word_1_16' title='bbox 937 654 1129 693; x_wconf 85' lang='lat' dir='ltr'><strong>cavere.</strong></span> <span class='ocrx_word' id='word_1_17' title='bbox 1161 635 1290 706; x_wconf 78' lang='lat' dir='ltr'><strong>Cap.</strong></span> <span class='ocrx_word' id='word_1_18' title='bbox 1329 647 1482 700; x_wconf 67' lang='lat' dir='ltr'><strong>tvm,</strong></span> <span class='ocrx_word' id='word_1_19' title='bbox 1520 635 1556 705; x_wconf 57' lang='grc' dir='ltr'><em>ᾗ</em></span> <span class='ocrx_word' id='word_1_20' title='bbox 1601 635 1694 690; x_wconf 82' lang='lat'><strong>7-9</strong></span> <span class='ocrx_word' id='word_1_21' title='bbox 1725 631 1818 706; x_wconf 64' lang='grc' dir='ltr'><strong>(ὁ).</strong></span> 
     </span>
    </p>
   </div>
   <div class='ocr_carea' id='block_1_5' title="bbox 499 746 1999 821">
    <p class='ocr_par' dir='ltr' id='par_1_5' title="bbox 499 746 1999 821">
     <span class='ocr_line' id='line_1_5' title="bbox 499 746 1999 821; baseline -0.005 -12"><span class='ocrx_word' id='word_1_22' title='bbox 499 754 552 809; x_wconf 79' lang='grc' dir='ltr'><strong>ι.</strong></span> <span class='ocrx_word' id='word_1_23' title='bbox 592 751 782 808; x_wconf 70' lang='lat' dir='ltr'><strong>Contra</strong></span> <span class='ocrx_word' id='word_1_24' title='bbox 844 751 1086 805; x_wconf 84' lang='lat' dir='ltr'><strong>scandala</strong></span> <span class='ocrx_word' id='word_1_25' title='bbox 1136 749 1395 821; x_wconf 84' lang='lat' dir='ltr'><strong>quomoda</strong></span> <span class='ocrx_word' id='word_1_26' title='bbox 1462 749 1732 802; x_wconf 85' lang='lat' dir='ltr'><strong>munimur.</strong></span> <span class='ocrx_word' id='word_1_27' title='bbox 1798 746 1999 802; x_wconf 56' lang='lat' dir='ltr'><strong>Divinas</strong></span> 
     </span>
    </p>
   </div>
   <div class='ocr_carea' id='block_1_6' title="bbox 429 837 1997 912">
    <p class='ocr_par' dir='ltr' id='par_1_6' title="bbox 429 837 1997 912">
     <span class='ocr_line' id='line_1_6' title="bbox 429 837 1997 912; baseline -0.007 -9"><span class='ocrx_word' id='word_1_28' title='bbox 429 843 707 909; x_wconf 72' lang='lat' dir='ltr'><strong>luctimes,</strong></span> <span class='ocrx_word' id='word_1_29' title='bbox 759 857 889 912; x_wconf 82' lang='lat' dir='ltr'><strong>quas</strong></span> <span class='ocrx_word' id='word_1_30' title='bbox 933 842 1114 907; x_wconf 78' lang='lat' dir='ltr'><strong>modo,</strong></span> <span class='ocrx_word' id='word_1_31' title='bbox 1161 856 1284 897; x_wconf 86' lang='lat' dir='ltr'><strong>cum</strong></span> <span class='ocrx_word' id='word_1_32' title='bbox 1342 841 1732 906; x_wconf 78' lang='lat' dir='ltr'><strong>recitarentur,</strong></span> <span class='ocrx_word' id='word_1_33' title='bbox 1787 837 1997 892; x_wconf 86' lang='lat' dir='ltr'><strong>audivi-</strong></span> 
     </span>
    </p>
   </div>
   <div class='ocr_carea' id='block_1_7' title="bbox 421 929 1998 1002">
    <p class='ocr_par' dir='ltr' id='par_1_7' title="bbox 421 929 1998 1002">
     <span class='ocr_line' id='line_1_7' title="bbox 421 929 1998 1002; baseline -0.006 -10"><span class='ocrx_word' id='word_1_34' title='bbox 421 950 562 1000; x_wconf 84' lang='lat' dir='ltr'><strong>mus,</strong></span> <span class='ocrx_word' id='word_1_35' title='bbox 603 933 890 989; x_wconf 74' lang='lat' dir='ltr'><strong>admonent</strong></span> <span class='ocrx_word' id='word_1_36' title='bbox 939 947 1036 987; x_wconf 82' lang='lat' dir='ltr'><strong>nos</strong></span> <span class='ocrx_word' id='word_1_37' title='bbox 1071 932 1327 988; x_wconf 85' lang='lat' dir='ltr'><strong>adversus</strong></span> <span class='ocrx_word' id='word_1_38' title='bbox 1363 932 1628 997; x_wconf 89' lang='lat' dir='ltr'><strong>scandala,</strong></span> <span class='ocrx_word' id='word_1_39' title='bbox 1665 945 1785 1002; x_wconf 81' lang='lat' dir='ltr'><strong>quae</strong></span> <span class='ocrx_word' id='word_1_40' title='bbox 1824 929 1998 984; x_wconf 86' lang='lat' dir='ltr'><strong>futura</strong></span> 
     </span>
    </p>
   </div>
   <div class='ocr_carea' id='block_1_8' title="bbox 423 1023 2000 1097">
    <p class='ocr_par' dir='ltr' id='par_1_8' title="bbox 423 1023 2000 1097">
     <span class='ocr_line' id='line_1_8' title="bbox 423 1023 2000 1097; baseline -0.005 -16"><span class='ocrx_word' id='word_1_41' title='bbox 423 1024 672 1097; x_wconf 61' lang='lat' dir='ltr'><strong>pradicta</strong></span> <span class='ocrx_word' id='word_1_42' title='bbox 714 1033 857 1090; x_wconf 89' lang='lat' dir='ltr'><strong>sunt,</strong></span> <span class='ocrx_word' id='word_1_43' title='bbox 885 1023 1051 1078; x_wconf 87' lang='lat' dir='ltr'><strong>robur</strong></span> <span class='ocrx_word' id='word_1_44' title='bbox 1075 1025 1348 1094; x_wconf 80' lang='lat' dir='ltr'><strong>percipere</strong></span> <span class='ocrx_word' id='word_1_45' title='bbox 1373 1025 1644 1085; x_wconf 87' lang='lat' dir='ltr'><strong>virtutum,</strong></span> <span class='ocrx_word' id='word_1_46' title='bbox 1678 1028 1860 1091; x_wconf 90' lang='lat' dir='ltr'><strong>pectus</strong></span> <span class='ocrx_word' id='word_1_47' title='bbox 1884 1036 2000 1074; x_wconf 88' lang='lat' dir='ltr'><strong>mu-</strong></span> 
     </span>
    </p>
   </div>
   <div class='ocr_carea' id='block_1_9' title="bbox 423 1110 1999 1181">
    <p class='ocr_par' dir='ltr' id='par_1_9' title="bbox 423 1110 1999 1181">
     <span class='ocr_line' id='line_1_9' title="bbox 423 1110 1999 1181; baseline -0.004 -10"><span class='ocrx_word' id='word_1_48' title='bbox 423 1115 538 1172; x_wconf 87' lang='lat' dir='ltr'><strong>nire</strong></span> <span class='ocrx_word' id='word_1_49' title='bbox 562 1114 931 1181; x_wconf 80' lang='lat' dir='ltr'><strong>christianum,</strong></span> <span class='ocrx_word' id='word_1_50' title='bbox 955 1124 1009 1170; x_wconf 88' lang='lat' dir='ltr'><strong>et</strong></span> <span class='ocrx_word' id='word_1_51' title='bbox 1036 1115 1136 1170; x_wconf 89' lang='lat' dir='ltr'><strong>hoc</strong></span> <span class='ocrx_word' id='word_1_52' title='bbox 1163 1131 1190 1168; x_wconf 89' lang='lat' dir='ltr'><strong>a</strong></span> <span class='ocrx_word' id='word_1_53' title='bbox 1219 1116 1578 1170; x_wconf 82' lang='lat' dir='ltr'><strong>misericordia</strong></span> <span class='ocrx_word' id='word_1_54' title='bbox 1609 1113 1835 1168; x_wconf 84' lang='lat' dir='ltr'><strong>Domini.</strong></span> <span class='ocrx_word' id='word_1_55' title='bbox 1861 1110 1999 1175; x_wconf 82' lang='lat' dir='ltr'><strong>Quid</strong></span> 
     </span>
    </p>
   </div>
   <div class='ocr_carea' id='block_1_10' title="bbox 422 1205 1996 1278">
    <p class='ocr_par' dir='ltr' id='par_1_10' title="bbox 422 1205 1996 1278">
     <span class='ocr_line' id='line_1_10' title="bbox 422 1205 1996 1278; baseline -0.004 -14"><span class='ocrx_word' id='word_1_56' title='bbox 422 1217 494 1264; x_wconf 72' lang='lat' dir='ltr'><strong>est</strong></span> <span class='ocrx_word' id='word_1_57' title='bbox 518 1209 659 1264; x_wconf 86' lang='lat' dir='ltr'><strong>enim</strong></span> <span class='ocrx_word' id='word_1_58' title='bbox 681 1209 848 1272; x_wconf 81' lang='lat' dir='ltr'><strong>homo,</strong></span> <span class='ocrx_word' id='word_1_59' title='bbox 872 1210 964 1274; x_wconf 83' lang='lat' dir='ltr'><strong>ait,</strong></span> <span class='ocrx_word' id='word_1_60' title='bbox 997 1210 1092 1263; x_wconf 79' lang='lat' dir='ltr'><strong>nisi</strong></span> <span class='ocrx_word' id='word_1_61' title='bbox 1115 1209 1249 1278; x_wconf 87' lang='lat' dir='ltr'><strong>quod</strong></span> <span class='ocrx_word' id='word_1_62' title='bbox 1268 1226 1456 1262; x_wconf 76' lang='lat' dir='ltr'><strong>tuentur</strong></span> <span class='ocrx_word' id='word_1_63' title='bbox 1480 1226 1530 1262; x_wconf 87' lang='lat' dir='ltr'><strong>es</strong></span> <span class='ocrx_word' id='word_1_64' title='bbox 1557 1209 1662 1277; x_wconf 88' lang='lat' dir='ltr'><strong>ejus</strong></span> <span class='ocrx_word' id='word_1_65' title='bbox 1687 1205 1856 1275; x_wconf 86' lang='lat' dir='ltr'><strong>(Psal.</strong></span> <span class='ocrx_word' id='word_1_66' title='bbox 1882 1219 1996 1271; x_wconf 77' lang='lat' dir='ltr'><strong>vni,</strong></span> 
     </span>
    </p>
   </div>
   <div class='ocr_carea' id='block_1_11' title="bbox 421 1295 1998 1372">
    <p class='ocr_par' dir='ltr' id='par_1_11' title="bbox 421 1295 1998 1372">
     <span class='ocr_line' id='line_1_11' title="bbox 421 1295 1998 1372; baseline -0.004 -16"><span class='ocrx_word' id='word_1_67' title='bbox 421 1298 514 1372; x_wconf 86' lang='lat'><strong>5)?</strong></span> <span class='ocrx_word' id='word_1_68' title='bbox 547 1300 636 1356; x_wconf 74' lang='lat' dir='ltr'><strong>Va:</strong></span> <span class='ocrx_word' id='word_1_69' title='bbox 660 1302 848 1355; x_wconf 88' lang='lat' dir='ltr'><strong>mundo</strong></span> <span class='ocrx_word' id='word_1_70' title='bbox 885 1301 945 1354; x_wconf 90' lang='lat' dir='ltr'><strong>ab</strong></span> <span class='ocrx_word' id='word_1_71' title='bbox 969 1302 1241 1367; x_wconf 74' lang='lat' dir='ltr'><strong>scandulis,</strong></span> <span class='ocrx_word' id='word_1_72' title='bbox 1289 1301 1542 1354; x_wconf 86' lang='lat' dir='ltr'><strong>Dominus</strong></span> <span class='ocrx_word' id='word_1_73' title='bbox 1584 1299 1744 1362; x_wconf 87' lang='lat' dir='ltr'><strong>dicit,</strong></span> <span class='ocrx_word' id='word_1_74' title='bbox 1787 1295 1998 1350; x_wconf 78' lang='lat' dir='ltr'><strong>Veritas</strong></span> 
     </span>
    </p>
   </div>
   <div class='ocr_carea' id='block_1_12' title="bbox 419 1390 1994 1457">
    <p class='ocr_par' dir='ltr' id='par_1_12' title="bbox 419 1390 1994 1457">
     <span class='ocr_line' id='line_1_12' title="bbox 419 1390 1994 1457; baseline -0.004 -11"><span class='ocrx_word' id='word_1_75' title='bbox 419 1391 549 1447; x_wconf 85' lang='lat' dir='ltr'><strong>dicit</strong></span> <span class='ocrx_word' id='word_1_76' title='bbox 578 1409 590 1446; x_wconf 90' lang='lat'><strong>:</strong></span> <span class='ocrx_word' id='word_1_77' title='bbox 624 1401 787 1447; x_wconf 89' lang='lat' dir='ltr'><strong>terret</strong></span> <span class='ocrx_word' id='word_1_78' title='bbox 824 1404 878 1448; x_wconf 89' lang='lat' dir='ltr'><strong>et</strong></span> <span class='ocrx_word' id='word_1_79' title='bbox 918 1401 1117 1457; x_wconf 91' lang='lat' dir='ltr'><strong>monet,</strong></span> <span class='ocrx_word' id='word_1_80' title='bbox 1147 1408 1253 1446; x_wconf 90' lang='lat' dir='ltr'><strong>non</strong></span> <span class='ocrx_word' id='word_1_81' title='bbox 1285 1393 1394 1445; x_wconf 89' lang='lat' dir='ltr'><strong>vult</strong></span> <span class='ocrx_word' id='word_1_82' title='bbox 1429 1406 1546 1445; x_wconf 89' lang='lat' dir='ltr'><strong>esse</strong></span> <span class='ocrx_word' id='word_1_83' title='bbox 1583 1405 1682 1444; x_wconf 88' lang='lat' dir='ltr'><strong>nos</strong></span> <span class='ocrx_word' id='word_1_84' title='bbox 1721 1390 1994 1451; x_wconf 88' lang='lat' dir='ltr'><strong>incautos;</strong></span> 
     </span>
    </p>
   </div>
   <div class='ocr_carea' id='block_1_13' title="bbox 419 1477 1997 1554">
    <p class='ocr_par' dir='ltr' id='par_1_13' title="bbox 419 1477 1997 1554">
     <span class='ocr_line' id='line_1_13' title="bbox 419 1477 1997 1554; baseline -0.004 -16"><span class='ocrx_word' id='word_1_85' title='bbox 419 1498 544 1538; x_wconf 86' lang='lat' dir='ltr'><strong>nam</strong></span> <span class='ocrx_word' id='word_1_86' title='bbox 585 1499 688 1538; x_wconf 87' lang='lat' dir='ltr'><strong>non</strong></span> <span class='ocrx_word' id='word_1_87' title='bbox 724 1483 849 1539; x_wconf 89' lang='lat' dir='ltr'><strong>fecit</strong></span> <span class='ocrx_word' id='word_1_88' title='bbox 886 1485 1068 1554; x_wconf 87' lang='lat' dir='ltr'><strong>utique</strong></span> <span class='ocrx_word' id='word_1_89' title='bbox 1100 1485 1423 1553; x_wconf 84' lang='lat' dir='ltr'><strong>desperatos.</strong></span> <span class='ocrx_word' id='word_1_90' title='bbox 1460 1483 1657 1537; x_wconf 85' lang='lat' dir='ltr'><strong>Contra</strong></span> <span class='ocrx_word' id='word_1_91' title='bbox 1683 1481 1783 1536; x_wconf 90' lang='lat' dir='ltr'><strong>hoc</strong></span> <span class='ocrx_word' id='word_1_92' title='bbox 1812 1478 1918 1546; x_wconf 65' lang='lat' dir='ltr'><strong>Vua,</strong></span> <span class='ocrx_word' id='word_1_93' title='bbox 1943 1477 1997 1533; x_wconf 89' lang='lat' dir='ltr'><strong>id</strong></span> 
     </span>
    </p>
   </div>
   <div class='ocr_carea' id='block_1_14' title="bbox 418 1571 1994 1640">
    <p class='ocr_par' dir='ltr' id='par_1_14' title="bbox 418 1571 1994 1640">
     <span class='ocr_line' id='line_1_14' title="bbox 418 1571 1994 1640; baseline -0.003 -12"><span class='ocrx_word' id='word_1_94' title='bbox 418 1582 502 1629; x_wconf 88' lang='lat' dir='ltr'><strong>est</strong></span> <span class='ocrx_word' id='word_1_95' title='bbox 545 1583 730 1629; x_wconf 85' lang='lat' dir='ltr'><strong>contra</strong></span> <span class='ocrx_word' id='word_1_96' title='bbox 771 1575 871 1630; x_wconf 90' lang='lat' dir='ltr'><strong>hoc</strong></span> <span class='ocrx_word' id='word_1_97' title='bbox 926 1576 1121 1629; x_wconf 92' lang='lat' dir='ltr'><strong>malum</strong></span> <span class='ocrx_word' id='word_1_98' title='bbox 1173 1574 1514 1629; x_wconf 90' lang='lat' dir='ltr'><strong>metuendum</strong></span> <span class='ocrx_word' id='word_1_99' title='bbox 1547 1615 1561 1640; x_wconf 98' lang='lat'><strong>,</strong></span> <span class='ocrx_word' id='word_1_100' title='bbox 1616 1571 1947 1629; x_wconf 89' lang='lat' dir='ltr'><strong>tremendum</strong></span> <span class='ocrx_word' id='word_1_101' title='bbox 1977 1609 1994 1636; x_wconf 94' lang='lat'><strong>,</strong></span> 
     </span>
    </p>
   </div>
   <div class='ocr_carea' id='block_1_15' title="bbox 417 1663 1999 1731">
    <p class='ocr_par' dir='ltr' id='par_1_15' title="bbox 417 1663 1999 1731">
     <span class='ocr_line' id='line_1_15' title="bbox 417 1663 1999 1731; baseline -0.001 -11"><span class='ocrx_word' id='word_1_102' title='bbox 417 1665 734 1730; x_wconf 85' lang='lat' dir='ltr'><strong>cavendum,</strong></span> <span class='ocrx_word' id='word_1_103' title='bbox 766 1666 1068 1720; x_wconf 88' lang='lat' dir='ltr'><strong>consolatur</strong></span> <span class='ocrx_word' id='word_1_104' title='bbox 1127 1682 1244 1731; x_wconf 89' lang='lat' dir='ltr'><strong>nos,</strong></span> <span class='ocrx_word' id='word_1_105' title='bbox 1287 1674 1341 1721; x_wconf 85' lang='lat' dir='ltr'><strong>et</strong></span> <span class='ocrx_word' id='word_1_106' title='bbox 1379 1666 1648 1731; x_wconf 87' lang='lat' dir='ltr'><strong>hortatur,</strong></span> <span class='ocrx_word' id='word_1_107' title='bbox 1692 1673 1746 1720; x_wconf 89' lang='lat' dir='ltr'><strong>et</strong></span> <span class='ocrx_word' id='word_1_108' title='bbox 1786 1663 1999 1718; x_wconf 87' lang='lat' dir='ltr'><strong>instruit</strong></span> 
     </span>
    </p>
   </div>
   <div class='ocr_carea' id='block_1_16' title="bbox 419 1753 1994 1834">
    <p class='ocr_par' dir='ltr' id='par_1_16' title="bbox 419 1753 1994 1834">
     <span class='ocr_line' id='line_1_16' title="bbox 419 1753 1994 1834; baseline 0 -26"><span class='ocrx_word' id='word_1_109' title='bbox 419 1753 510 1810; x_wconf 89' lang='lat' dir='ltr'><strong>illo</strong></span> <span class='ocrx_word' id='word_1_110' title='bbox 555 1755 672 1809; x_wconf 89' lang='lat' dir='ltr'><strong>loco</strong></span> <span class='ocrx_word' id='word_1_111' title='bbox 700 1755 998 1825; x_wconf 87' lang='lat' dir='ltr'><strong>Scriptura,</strong></span> <span class='ocrx_word' id='word_1_112' title='bbox 1042 1758 1128 1810; x_wconf 89' lang='lat' dir='ltr'><strong>ubi</strong></span> <span class='ocrx_word' id='word_1_113' title='bbox 1168 1757 1402 1812; x_wconf 91' lang='lat' dir='ltr'><strong>dicitur:</strong></span> <span class='ocrx_word' id='word_1_114' title='bbox 1434 1757 1550 1810; x_wconf 82' lang='lat' dir='ltr'><strong>Pax</strong></span> <span class='ocrx_word' id='word_1_115' title='bbox 1578 1756 1736 1810; x_wconf 88' lang='lat' dir='ltr'><strong>multa</strong></span> <span class='ocrx_word' id='word_1_116' title='bbox 1779 1756 1994 1834; x_wconf 84' lang='lat' dir='ltr'><strong>diligen-</strong></span> 
     </span>
    </p>
   </div>
   <div class='ocr_carea' id='block_1_17' title="bbox 419 1845 1994 1918">
    <p class='ocr_par' dir='ltr' id='par_1_17' title="bbox 419 1845 1994 1918">
     <span class='ocr_line' id='line_1_17' title="bbox 419 1845 1994 1918; baseline -0.001 -17"><span class='ocrx_word' id='word_1_117' title='bbox 419 1847 548 1901; x_wconf 80' lang='lat' dir='ltr'><strong>tibus</strong></span> <span class='ocrx_word' id='word_1_118' title='bbox 596 1850 753 1918; x_wconf 82' lang='lat' dir='ltr'><strong>legem</strong></span> <span class='ocrx_word' id='word_1_119' title='bbox 795 1859 954 1912; x_wconf 88' lang='lat' dir='ltr'><strong>tuam,</strong></span> <span class='ocrx_word' id='word_1_120' title='bbox 1001 1859 1047 1904; x_wconf 87' lang='lat' dir='ltr'><strong>et</strong></span> <span class='ocrx_word' id='word_1_121' title='bbox 1095 1867 1195 1903; x_wconf 90' lang='lat' dir='ltr'><strong>non</strong></span> <span class='ocrx_word' id='word_1_122' title='bbox 1239 1859 1307 1903; x_wconf 87' lang='lat' dir='ltr'><strong>est</strong></span> <span class='ocrx_word' id='word_1_123' title='bbox 1362 1851 1429 1903; x_wconf 83' lang='lat' dir='ltr'><strong>eis</strong></span> <span class='ocrx_word' id='word_1_124' title='bbox 1477 1848 1771 1904; x_wconf 87' lang='lat' dir='ltr'><strong>scandalum</strong></span> <span class='ocrx_word' id='word_1_125' title='bbox 1822 1845 1994 1917; x_wconf 89' lang='lat' dir='ltr'><strong>(Psal.</strong></span> 
     </span>
    </p>
   </div>
   <div class='ocr_carea' id='block_1_18' title="bbox 417 1941 1997 2012">
    <p class='ocr_par' dir='ltr' id='par_1_18' title="bbox 417 1941 1997 2012">
     <span class='ocr_line' id='line_1_18' title="bbox 417 1941 1997 2012; baseline 0.001 -17"><span class='ocrx_word' id='word_1_126' title='bbox 417 1954 596 2004; x_wconf 84' lang='lat' dir='ltr'><strong>cxvnt,</strong></span> <span class='ocrx_word' id='word_1_127' title='bbox 627 1941 769 2012; x_wconf 78' lang='grc'><strong>165).</strong></span> <span class='ocrx_word' id='word_1_128' title='bbox 792 1941 1034 1996; x_wconf 86' lang='lat' dir='ltr'><strong>Ostendit</strong></span> <span class='ocrx_word' id='word_1_129' title='bbox 1055 1942 1260 1997; x_wconf 84' lang='lat' dir='ltr'><strong>hostem</strong></span> <span class='ocrx_word' id='word_1_130' title='bbox 1283 1944 1598 2009; x_wconf 86' lang='lat' dir='ltr'><strong>cavendum,</strong></span> <span class='ocrx_word' id='word_1_131' title='bbox 1624 1942 1717 1997; x_wconf 89' lang='lat' dir='ltr'><strong>sed</strong></span> <span class='ocrx_word' id='word_1_132' title='bbox 1746 1957 1849 1996; x_wconf 92' lang='lat' dir='ltr'><strong>non</strong></span> <span class='ocrx_word' id='word_1_133' title='bbox 1876 1955 1997 1996; x_wconf 86' lang='lat' dir='ltr'><strong>ces-</strong></span> 
     </span>
    </p>
   </div>
   <div class='ocr_carea' id='block_1_19' title="bbox 417 2031 1996 2103">
    <p class='ocr_par' dir='ltr' id='par_1_19' title="bbox 417 2031 1996 2103">
     <span class='ocr_line' id='line_1_19' title="bbox 417 2031 1996 2103; baseline 0 -17"><span class='ocrx_word' id='word_1_134' title='bbox 417 2031 552 2086; x_wconf 85' lang='lat' dir='ltr'><strong>savit</strong></span> <span class='ocrx_word' id='word_1_135' title='bbox 590 2032 874 2087; x_wconf 88' lang='lat' dir='ltr'><strong>ostendere</strong></span> <span class='ocrx_word' id='word_1_136' title='bbox 915 2050 1124 2088; x_wconf 87' lang='lat' dir='ltr'><strong>murum</strong></span> <span class='ocrx_word' id='word_1_137' title='bbox 1165 2035 1448 2088; x_wconf 90' lang='lat' dir='ltr'><strong>munitum.</strong></span> <span class='ocrx_word' id='word_1_138' title='bbox 1488 2033 1770 2103; x_wconf 85' lang='lat' dir='ltr'><strong>Cogitabas</strong></span> <span class='ocrx_word' id='word_1_139' title='bbox 1806 2041 1863 2087; x_wconf 89' lang='lat' dir='ltr'><strong>tu</strong></span> <span class='ocrx_word' id='word_1_140' title='bbox 1898 2047 1996 2086; x_wconf 89' lang='lat' dir='ltr'><strong>au-</strong></span> 
     </span>
    </p>
   </div>
   <div class='ocr_carea' id='block_1_20' title="bbox 418 2121 1992 2195">
    <p class='ocr_par' dir='ltr' id='par_1_20' title="bbox 418 2121 1992 2195">
     <span class='ocr_line' id='line_1_20' title="bbox 418 2121 1992 2195; baseline 0.001 -18"><span class='ocrx_word' id='word_1_141' title='bbox 418 2121 589 2188; x_wconf 90' lang='lat' dir='ltr'><strong>diens,</strong></span> <span class='ocrx_word' id='word_1_142' title='bbox 619 2123 702 2177; x_wconf 77' lang='lat' dir='ltr'><strong>Va:</strong></span> <span class='ocrx_word' id='word_1_143' title='bbox 717 2125 902 2178; x_wconf 89' lang='lat' dir='ltr'><strong>mundo</strong></span> <span class='ocrx_word' id='word_1_144' title='bbox 919 2126 980 2178; x_wconf 90' lang='lat' dir='ltr'><strong>ab</strong></span> <span class='ocrx_word' id='word_1_145' title='bbox 998 2125 1274 2191; x_wconf 82' lang='lat' dir='ltr'><strong>scandatis,</strong></span> <span class='ocrx_word' id='word_1_146' title='bbox 1289 2141 1392 2195; x_wconf 92' lang='lat' dir='ltr'><strong>quo</strong></span> <span class='ocrx_word' id='word_1_147' title='bbox 1409 2127 1514 2180; x_wconf 87' lang='lat' dir='ltr'><strong>ires</strong></span> <span class='ocrx_word' id='word_1_148' title='bbox 1539 2134 1685 2180; x_wconf 87' lang='lat' dir='ltr'><strong>extra</strong></span> <span class='ocrx_word' id='word_1_149' title='bbox 1713 2125 1992 2193; x_wconf 91' lang='lat' dir='ltr'><strong>mundum,</strong></span> 
     </span>
    </p>
   </div>
   <div class='ocr_carea' id='block_1_21' title="bbox 418 2217 1999 2289">
    <p class='ocr_par' dir='ltr' id='par_1_21' title="bbox 418 2217 1999 2289">
     <span class='ocr_line' id='line_1_21' title="bbox 418 2217 1999 2289; baseline 0.003 -20"><span class='ocrx_word' id='word_1_150' title='bbox 418 2231 485 2269; x_wconf 84' lang='lat' dir='ltr'><strong>ne</strong></span> <span class='ocrx_word' id='word_1_151' title='bbox 527 2217 771 2270; x_wconf 82' lang='lat' dir='ltr'><strong>scandala</strong></span> <span class='ocrx_word' id='word_1_152' title='bbox 819 2220 1094 2286; x_wconf 80' lang='lat' dir='ltr'><strong>patereris.</strong></span> <span class='ocrx_word' id='word_1_153' title='bbox 1143 2219 1285 2289; x_wconf 85' lang='lat' dir='ltr'><strong>Ergo</strong></span> <span class='ocrx_word' id='word_1_154' title='bbox 1325 2227 1542 2289; x_wconf 82' lang='lat' dir='ltr'><strong>propter</strong></span> <span class='ocrx_word' id='word_1_155' title='bbox 1577 2218 1811 2273; x_wconf 88' lang='lat' dir='ltr'><strong>cavenda</strong></span> <span class='ocrx_word' id='word_1_156' title='bbox 1844 2233 1999 2274; x_wconf 88' lang='lat' dir='ltr'><strong>scan-</strong></span> 
     </span>
    </p>
   </div>
   <div class='ocr_carea' id='block_1_22' title="bbox 417 2305 1998 2380">
    <p class='ocr_par' dir='ltr' id='par_1_22' title="bbox 417 2305 1998 2380">
     <span class='ocr_line' id='line_1_22' title="bbox 417 2305 1998 2380; baseline 0.003 -20"><span class='ocrx_word' id='word_1_157' title='bbox 417 2305 560 2373; x_wconf 81' lang='lat' dir='ltr'><strong>dala,</strong></span> <span class='ocrx_word' id='word_1_158' title='bbox 589 2323 693 2377; x_wconf 89' lang='lat' dir='ltr'><strong>quo</strong></span> <span class='ocrx_word' id='word_1_159' title='bbox 717 2309 817 2361; x_wconf 87' lang='lat' dir='ltr'><strong>ibis</strong></span> <span class='ocrx_word' id='word_1_160' title='bbox 845 2318 990 2362; x_wconf 83' lang='lat' dir='ltr'><strong>extra</strong></span> <span class='ocrx_word' id='word_1_161' title='bbox 1021 2309 1304 2374; x_wconf 91' lang='lat' dir='ltr'><strong>mundum,</strong></span> <span class='ocrx_word' id='word_1_162' title='bbox 1337 2310 1438 2365; x_wconf 92' lang='lat' dir='ltr'><strong>nisi</strong></span> <span class='ocrx_word' id='word_1_163' title='bbox 1481 2309 1648 2380; x_wconf 78' lang='lat' dir='ltr'><strong>fugias</strong></span> <span class='ocrx_word' id='word_1_164' title='bbox 1677 2309 1742 2364; x_wconf 89' lang='lat' dir='ltr'><strong>ad</strong></span> <span class='ocrx_word' id='word_1_165' title='bbox 1763 2326 1884 2365; x_wconf 92' lang='lat' dir='ltr'><strong>eum</strong></span> <span class='ocrx_word' id='word_1_166' title='bbox 1908 2313 1998 2380; x_wconf 89' lang='lat' dir='ltr'><strong>qui</strong></span> 
     </span>
    </p>
   </div>
   <div class='ocr_carea' id='block_1_23' title="bbox 413 2398 2001 2473">
    <p class='ocr_par' dir='ltr' id='par_1_23' title="bbox 413 2398 2001 2473">
     <span class='ocr_line' id='line_1_23' title="bbox 413 2398 2001 2473; baseline 0.003 -22"><span class='ocrx_word' id='word_1_167' title='bbox 413 2398 542 2452; x_wconf 78' lang='lat' dir='ltr'><strong>fecit</strong></span> <span class='ocrx_word' id='word_1_168' title='bbox 588 2399 881 2456; x_wconf 86' lang='lat' dir='ltr'><strong>mundum?</strong></span> <span class='ocrx_word' id='word_1_169' title='bbox 918 2400 1196 2466; x_wconf 84' lang='lat' dir='ltr'><strong>Quomodo</strong></span> <span class='ocrx_word' id='word_1_170' title='bbox 1234 2410 1411 2457; x_wconf 89' lang='lat' dir='ltr'><strong>autem</strong></span> <span class='ocrx_word' id='word_1_171' title='bbox 1461 2403 1527 2456; x_wconf 88' lang='lat' dir='ltr'><strong>ad</strong></span> <span class='ocrx_word' id='word_1_172' title='bbox 1575 2418 1694 2457; x_wconf 91' lang='lat' dir='ltr'><strong>eum</strong></span> <span class='ocrx_word' id='word_1_173' title='bbox 1745 2403 1834 2473; x_wconf 89' lang='lat' dir='ltr'><strong>qui</strong></span> <span class='ocrx_word' id='word_1_174' title='bbox 1875 2402 2001 2458; x_wconf 89' lang='lat' dir='ltr'><strong>fecit</strong></span> 
     </span>
    </p>
   </div>
   <div class='ocr_carea' id='block_1_24' title="bbox 419 2489 2001 2564">
    <p class='ocr_par' dir='ltr' id='par_1_24' title="bbox 419 2489 2001 2564">
     <span class='ocr_line' id='line_1_24' title="bbox 419 2489 2001 2564; baseline 0.003 -19"><span class='ocrx_word' id='word_1_175' title='bbox 419 2489 704 2556; x_wconf 91' lang='lat' dir='ltr'><strong>mundum,</strong></span> <span class='ocrx_word' id='word_1_176' title='bbox 735 2490 1023 2561; x_wconf 78' lang='lat' dir='ltr'><strong>confugere</strong></span> <span class='ocrx_word' id='word_1_177' title='bbox 1051 2493 1360 2561; x_wconf 88' lang='lat' dir='ltr'><strong>poterimus,</strong></span> <span class='ocrx_word' id='word_1_178' title='bbox 1392 2493 1490 2547; x_wconf 91' lang='lat' dir='ltr'><strong>nisi</strong></span> <span class='ocrx_word' id='word_1_179' title='bbox 1523 2494 1690 2564; x_wconf 80' lang='lat' dir='ltr'><strong>legem</strong></span> <span class='ocrx_word' id='word_1_180' title='bbox 1721 2493 1857 2564; x_wconf 84' lang='lat' dir='ltr'><strong>ejus,</strong></span> <span class='ocrx_word' id='word_1_181' title='bbox 1881 2509 2001 2564; x_wconf 54' lang='lat' dir='ltr'><strong>quas</strong></span> 
     </span>
    </p>
   </div>
   <div class='ocr_carea' id='block_1_25' title="bbox 421 2579 1997 2650">
    <p class='ocr_par' dir='ltr' id='par_1_25' title="bbox 421 2579 1997 2650">
     <span class='ocr_line' id='line_1_25' title="bbox 421 2579 1997 2650; baseline 0.003 -16"><span class='ocrx_word' id='word_1_182' title='bbox 421 2579 614 2649; x_wconf 89' lang='lat' dir='ltr'><strong>ubique</strong></span> <span class='ocrx_word' id='word_1_183' title='bbox 643 2581 979 2650; x_wconf 56' lang='lat' dir='ltr'><strong>praedicatur,</strong></span> <span class='ocrx_word' id='word_1_184' title='bbox 1006 2583 1316 2638; x_wconf 85' lang='lat' dir='ltr'><strong>audiamus?</strong></span> <span class='ocrx_word' id='word_1_185' title='bbox 1343 2584 1534 2639; x_wconf 88' lang='lat' dir='ltr'><strong>Parum</strong></span> <span class='ocrx_word' id='word_1_186' title='bbox 1578 2593 1659 2640; x_wconf 87' lang='lat' dir='ltr'><strong>est</strong></span> <span class='ocrx_word' id='word_1_187' title='bbox 1701 2585 1997 2649; x_wconf 88' lang='lat' dir='ltr'><strong>audiamus,</strong></span> 
     </span>
    </p>
   </div>
   <div class='ocr_carea' id='block_1_26' title="bbox 419 2670 2001 2745">
    <p class='ocr_par' dir='ltr' id='par_1_26' title="bbox 419 2670 2001 2745">
     <span class='ocr_line' id='line_1_26' title="bbox 419 2670 2001 2745; baseline 0.004 -21"><span class='ocrx_word' id='word_1_188' title='bbox 419 2670 520 2725; x_wconf 83' lang='lat' dir='ltr'><strong>uisi</strong></span> <span class='ocrx_word' id='word_1_189' title='bbox 547 2670 849 2742; x_wconf 77' lang='lat' dir='ltr'><strong>diligamus.</strong></span> <span class='ocrx_word' id='word_1_190' title='bbox 887 2673 1142 2728; x_wconf 87' lang='lat' dir='ltr'><strong>Securum</strong></span> <span class='ocrx_word' id='word_1_191' title='bbox 1167 2684 1217 2729; x_wconf 91' lang='lat' dir='ltr'><strong>te</strong></span> <span class='ocrx_word' id='word_1_192' title='bbox 1237 2675 1379 2729; x_wconf 92' lang='lat' dir='ltr'><strong>enim</strong></span> <span class='ocrx_word' id='word_1_193' title='bbox 1407 2675 1606 2729; x_wconf 84' lang='lat' dir='ltr'><strong>faciens</strong></span> <span class='ocrx_word' id='word_1_194' title='bbox 1625 2675 1899 2745; x_wconf 86' lang='lat' dir='ltr'><strong>Scriptura</strong></span> <span class='ocrx_word' id='word_1_195' title='bbox 1921 2675 2001 2730; x_wconf 88' lang='lat' dir='ltr'><strong>di-</strong></span> 
     </span>
    </p>
   </div>
   <div class='ocr_carea' id='block_1_27' title="bbox 419 2762 2000 2832">
    <p class='ocr_par' dir='ltr' id='par_1_27' title="bbox 419 2762 2000 2832">
     <span class='ocr_line' id='line_1_27' title="bbox 419 2762 2000 2832; baseline 0.005 -16"><span class='ocrx_word' id='word_1_196' title='bbox 419 2762 540 2818; x_wconf 76' lang='lat' dir='ltr'><strong>vina</strong></span> <span class='ocrx_word' id='word_1_197' title='bbox 564 2773 746 2818; x_wconf 88' lang='lat' dir='ltr'><strong>contra</strong></span> <span class='ocrx_word' id='word_1_198' title='bbox 774 2765 1021 2819; x_wconf 89' lang='lat' dir='ltr'><strong>scandala</strong></span> <span class='ocrx_word' id='word_1_199' title='bbox 1053 2781 1158 2820; x_wconf 92' lang='lat' dir='ltr'><strong>non</strong></span> <span class='ocrx_word' id='word_1_200' title='bbox 1194 2767 1286 2832; x_wconf 91' lang='lat' dir='ltr'><strong>ait,</strong></span> <span class='ocrx_word' id='word_1_201' title='bbox 1325 2767 1429 2820; x_wconf 83' lang='lat' dir='ltr'><strong>Pax</strong></span> <span class='ocrx_word' id='word_1_202' title='bbox 1471 2767 1632 2820; x_wconf 91' lang='lat' dir='ltr'><strong>multa</strong></span> <span class='ocrx_word' id='word_1_203' title='bbox 1663 2767 2000 2824; x_wconf 87' lang='lat' dir='ltr'><strong>audientibus</strong></span> 
     </span>
    </p>
   </div>
   <div class='ocr_carea' id='block_1_28' title="bbox 418 2855 2001 2928">
    <p class='ocr_par' dir='ltr' id='par_1_28' title="bbox 418 2855 2001 2928">
     <span class='ocr_line' id='line_1_28' title="bbox 418 2855 2001 2928; baseline 0.003 -19"><span class='ocrx_word' id='word_1_204' title='bbox 418 2855 589 2924; x_wconf 63' lang='lat' dir='ltr'><strong>Legem</strong></span> <span class='ocrx_word' id='word_1_205' title='bbox 617 2866 779 2910; x_wconf 89' lang='lat' dir='ltr'><strong>tuam.</strong></span> <span class='ocrx_word' id='word_1_206' title='bbox 801 2855 920 2909; x_wconf 83' lang='lat' dir='ltr'><strong>Non</strong></span> <span class='ocrx_word' id='word_1_207' title='bbox 947 2858 1089 2910; x_wconf 90' lang='lat' dir='ltr'><strong>enim</strong></span> <span class='ocrx_word' id='word_1_208' title='bbox 1121 2857 1391 2912; x_wconf 87' lang='lat' dir='ltr'><strong>auditores</strong></span> <span class='ocrx_word' id='word_1_209' title='bbox 1422 2859 1550 2926; x_wconf 83' lang='lat' dir='ltr'><strong>legis</strong></span> <span class='ocrx_word' id='word_1_210' title='bbox 1569 2858 1695 2927; x_wconf 86' lang='lat' dir='ltr'><strong>justi</strong></span> <span class='ocrx_word' id='word_1_211' title='bbox 1719 2869 1841 2913; x_wconf 91' lang='lat' dir='ltr'><strong>sunt</strong></span> <span class='ocrx_word' id='word_1_212' title='bbox 1861 2859 2001 2928; x_wconf 91' lang='lat' dir='ltr'><strong>apud</strong></span> 
     </span>
    </p>
   </div>
   <div class='ocr_carea' id='block_1_29' title="bbox 417 2946 1996 3020">
    <p class='ocr_par' dir='ltr' id='par_1_29' title="bbox 417 2946 1996 3020">
     <span class='ocr_line' id='line_1_29' title="bbox 417 2946 1996 3020; baseline 0.001 -19"><span class='ocrx_word' id='word_1_213' title='bbox 417 2946 608 3001; x_wconf 84' lang='lat' dir='ltr'><strong>Deum.</strong></span> <span class='ocrx_word' id='word_1_214' title='bbox 643 2947 746 3002; x_wconf 85' lang='lat' dir='ltr'><strong>Sed</strong></span> <span class='ocrx_word' id='word_1_215' title='bbox 774 2949 892 3016; x_wconf 87' lang='lat' dir='ltr'><strong>quia</strong></span> <span class='ocrx_word' id='word_1_216' title='bbox 925 2948 1148 3001; x_wconf 80' lang='lat' dir='ltr'><strong>factores</strong></span> <span class='ocrx_word' id='word_1_217' title='bbox 1189 2949 1318 3016; x_wconf 82' lang='lat' dir='ltr'><strong>legis</strong></span> <span class='ocrx_word' id='word_1_218' title='bbox 1355 2949 1792 3016; x_wconf 84' lang='lat' dir='ltr'><strong>justiﬁcabuntur</strong></span> <span class='ocrx_word' id='word_1_219' title='bbox 1823 2950 1996 3020; x_wconf 84' lang='lat' dir='ltr'><strong>(Rom.</strong></span> 
     </span>
    </p>
   </div>
   <div class='ocr_carea' id='block_1_30' title="bbox 420 3038 1999 3112">
    <p class='ocr_par' dir='ltr' id='par_1_30' title="bbox 420 3038 1999 3112">
     <span class='ocr_line' id='line_1_30' title="bbox 420 3038 1999 3112; baseline 0.002 -20"><span class='ocrx_word' id='word_1_220' title='bbox 420 3051 477 3101; x_wconf 83' lang='lat' dir='ltr'><strong>tt,</strong></span> <span class='ocrx_word' id='word_1_221' title='bbox 504 3038 617 3108; x_wconf 76' lang='grc'><strong>15),</strong></span> <span class='ocrx_word' id='word_1_222' title='bbox 641 3047 694 3091; x_wconf 89' lang='lat' dir='ltr'><strong>et</strong></span> <span class='ocrx_word' id='word_1_223' title='bbox 710 3038 841 3092; x_wconf 84' lang='lat' dir='ltr'><strong>lides</strong></span> <span class='ocrx_word' id='word_1_224' title='bbox 862 3053 960 3106; x_wconf 87' lang='lat' dir='ltr'><strong>per</strong></span> <span class='ocrx_word' id='word_1_225' title='bbox 977 3038 1316 3093; x_wconf 82' lang='lat' dir='ltr'><strong>dilectionem</strong></span> <span class='ocrx_word' id='word_1_226' title='bbox 1347 3047 1594 3107; x_wconf 79' lang='lat' dir='ltr'><strong>operatur</strong></span> <span class='ocrx_word' id='word_1_227' title='bbox 1617 3038 1810 3110; x_wconf 81' lang='lat' dir='ltr'><strong>(Galat.</strong></span> <span class='ocrx_word' id='word_1_228' title='bbox 1831 3055 1883 3107; x_wconf 90' lang='lat' dir='ltr'><strong>v,</strong></span> <span class='ocrx_word' id='word_1_229' title='bbox 1907 3039 1962 3112; x_wconf 87' lang='grc'>6)</span> <span class='ocrx_word' id='word_1_230' title='bbox 1984 3059 1999 3095; x_wconf 89' lang='lat'><strong>:</strong></span> 
     </span>
    </p>
   </div>
   <div class='ocr_carea' id='block_1_31' title="bbox 420 3126 2000 3200">
    <p class='ocr_par' dir='ltr' id='par_1_31' title="bbox 420 3126 2000 3200">
     <span class='ocr_line' id='line_1_31' title="bbox 420 3126 2000 3200; baseline 0.003 -20"><span class='ocrx_word' id='word_1_231' title='bbox 420 3126 538 3181; x_wconf 73' lang='lat' dir='ltr'><strong>Pax</strong></span> <span class='ocrx_word' id='word_1_232' title='bbox 566 3129 744 3193; x_wconf 89' lang='lat' dir='ltr'><strong>multa,</strong></span> <span class='ocrx_word' id='word_1_233' title='bbox 778 3130 964 3198; x_wconf 84' lang='lat' dir='ltr'><strong>inquit,</strong></span> <span class='ocrx_word' id='word_1_234' title='bbox 993 3129 1317 3200; x_wconf 77' lang='lat' dir='ltr'><strong>diligentibus</strong></span> <span class='ocrx_word' id='word_1_235' title='bbox 1348 3130 1504 3200; x_wconf 80' lang='lat' dir='ltr'><strong>legem</strong></span> <span class='ocrx_word' id='word_1_236' title='bbox 1533 3139 1690 3194; x_wconf 91' lang='lat' dir='ltr'><strong>tuam,</strong></span> <span class='ocrx_word' id='word_1_237' title='bbox 1724 3139 1771 3184; x_wconf 89' lang='lat' dir='ltr'><strong>et</strong></span> <span class='ocrx_word' id='word_1_238' title='bbox 1799 3147 1898 3184; x_wconf 83' lang='lat' dir='ltr'><strong>non</strong></span> <span class='ocrx_word' id='word_1_239' title='bbox 1927 3140 2000 3186; x_wconf 85' lang='lat' dir='ltr'><strong>est</strong></span> 
     </span>
    </p>
   </div>
   <div class='ocr_carea' id='block_1_32' title="bbox 418 3217 2000 3292">
    <p class='ocr_par' dir='ltr' id='par_1_32' title="bbox 418 3217 2000 3292">
     <span class='ocr_line' id='line_1_32' title="bbox 418 3217 2000 3292; baseline 0.005 -21"><span class='ocrx_word' id='word_1_240' title='bbox 418 3217 492 3272; x_wconf 81' lang='lat' dir='ltr'><strong>eis</strong></span> <span class='ocrx_word' id='word_1_241' title='bbox 531 3219 846 3272; x_wconf 72' lang='lat' dir='ltr'><strong>scandalum.</strong></span> <span class='ocrx_word' id='word_1_242' title='bbox 893 3217 1136 3276; x_wconf 84' lang='lat' dir='ltr'><strong>Concinit</strong></span> <span class='ocrx_word' id='word_1_243' title='bbox 1178 3221 1300 3275; x_wconf 87' lang='lat' dir='ltr'><strong>huic</strong></span> <span class='ocrx_word' id='word_1_244' title='bbox 1337 3221 1615 3275; x_wconf 65' lang='lat' dir='ltr'><strong>sententiae</strong></span> <span class='ocrx_word' id='word_1_245' title='bbox 1666 3222 1824 3277; x_wconf 88' lang='lat' dir='ltr'><strong>etiam</strong></span> <span class='ocrx_word' id='word_1_246' title='bbox 1859 3223 2000 3292; x_wconf 91' lang='lat' dir='ltr'><strong>quod</strong></span> 
     </span>
    </p>
   </div>
   <div class='ocr_carea' id='block_1_33' title="bbox 419 3307 2001 3378">
    <p class='ocr_par' dir='ltr' id='par_1_33' title="bbox 419 3307 2001 3378">
     <span class='ocr_line' id='line_1_33' title="bbox 419 3307 2001 3378; baseline 0.003 -14"><span class='ocrx_word' id='word_1_247' title='bbox 419 3307 682 3364; x_wconf 84' lang='lat' dir='ltr'><strong>audiendo</strong></span> <span class='ocrx_word' id='word_1_248' title='bbox 725 3319 779 3364; x_wconf 87' lang='lat' dir='ltr'><strong>et</strong></span> <span class='ocrx_word' id='word_1_249' title='bbox 824 3310 1197 3378; x_wconf 85' lang='lat' dir='ltr'><strong>respondendo</strong></span> <span class='ocrx_word' id='word_1_250' title='bbox 1233 3313 1564 3366; x_wconf 88' lang='lat' dir='ltr'><strong>cantavimus</strong></span> <span class='ocrx_word' id='word_1_251' title='bbox 1597 3329 1610 3365; x_wconf 90' lang='lat'><strong>:</strong></span> <span class='ocrx_word' id='word_1_252' title='bbox 1641 3312 1789 3367; x_wconf 78' lang='lat' dir='ltr'><strong>Miles</strong></span> <span class='ocrx_word' id='word_1_253' title='bbox 1833 3326 2001 3370; x_wconf 87' lang='lat' dir='ltr'><strong>autem</strong></span> 
     </span>
    </p>
   </div>
   <div class='ocr_carea' id='block_1_34' title="bbox 420 3398 1998 3468">
    <p class='ocr_par' dir='ltr' id='par_1_34' title="bbox 420 3398 1998 3468">
     <span class='ocr_line' id='line_1_34' title="bbox 420 3398 1998 3468; baseline 0.004 -14"><span class='ocrx_word' id='word_1_254' title='bbox 420 3398 711 3454; x_wconf 71' lang='lat' dir='ltr'><strong>haereditate</strong></span> <span class='ocrx_word' id='word_1_255' title='bbox 737 3400 1055 3468; x_wconf 82' lang='lat' dir='ltr'><strong>possidebunt</strong></span> <span class='ocrx_word' id='word_1_256' title='bbox 1081 3411 1285 3466; x_wconf 82' lang='lat' dir='ltr'><strong>terram,</strong></span> <span class='ocrx_word' id='word_1_257' title='bbox 1314 3412 1361 3456; x_wconf 85' lang='lat' dir='ltr'><strong>et</strong></span> <span class='ocrx_word' id='word_1_258' title='bbox 1385 3403 1759 3457; x_wconf 75' lang='lat' dir='ltr'><strong>delectabantur</strong></span> <span class='ocrx_word' id='word_1_259' title='bbox 1786 3407 1838 3459; x_wconf 89' lang='lat' dir='ltr'><strong>in</strong></span> <span class='ocrx_word' id='word_1_260' title='bbox 1863 3408 1998 3460; x_wconf 89' lang='lat' dir='ltr'><strong>mul-</strong></span> 
     </span>
    </p>
   </div>
   <div class='ocr_carea' id='block_1_35' title="bbox 421 3490 1999 3566">
    <p class='ocr_par' dir='ltr' id='par_1_35' title="bbox 421 3490 1999 3566">
     <span class='ocr_line' id='line_1_35' title="bbox 421 3490 1999 3566; baseline 0.004 -20"><span class='ocrx_word' id='word_1_261' title='bbox 421 3490 635 3546; x_wconf 76' lang='lat' dir='ltr'><strong>titudine</strong></span> <span class='ocrx_word' id='word_1_262' title='bbox 657 3492 796 3561; x_wconf 83' lang='lat' dir='ltr'><strong>pacis</strong></span> <span class='ocrx_word' id='word_1_263' title='bbox 829 3491 996 3562; x_wconf 84' lang='lat' dir='ltr'><strong>(Psal.</strong></span> <span class='ocrx_word' id='word_1_264' title='bbox 1027 3509 1201 3558; x_wconf 74' lang='lat' dir='ltr'><strong>xxxvi,</strong></span> <span class='ocrx_word' id='word_1_265' title='bbox 1229 3494 1340 3566; x_wconf 79' lang='grc'><strong>11).</strong></span> <span class='ocrx_word' id='word_1_266' title='bbox 1363 3494 1520 3562; x_wconf 85' lang='lat' dir='ltr'><strong>Quia,</strong></span> <span class='ocrx_word' id='word_1_267' title='bbox 1547 3494 1665 3549; x_wconf 74' lang='lat' dir='ltr'><strong>Pax</strong></span> <span class='ocrx_word' id='word_1_268' title='bbox 1689 3498 1849 3550; x_wconf 86' lang='lat' dir='ltr'><strong>multa</strong></span> <span class='ocrx_word' id='word_1_269' title='bbox 1877 3497 1999 3552; x_wconf 88' lang='lat' dir='ltr'><strong>dili-</strong></span> 
     </span>
    </p>
   </div>
   <div class='ocr_carea' id='block_1_36' title="bbox 420 3580 2002 3659">
    <p class='ocr_par' dir='ltr' id='par_1_36' title="bbox 420 3580 2002 3659">
     <span class='ocr_line' id='line_1_36' title="bbox 420 3580 2002 3659; baseline 0.006 -25"><span class='ocrx_word' id='word_1_270' title='bbox 420 3580 648 3654; x_wconf 78' lang='lat' dir='ltr'><strong>gentibus</strong></span> <span class='ocrx_word' id='word_1_271' title='bbox 692 3583 851 3652; x_wconf 80' lang='lat' dir='ltr'><strong>legem</strong></span> <span class='ocrx_word' id='word_1_272' title='bbox 905 3594 1062 3638; x_wconf 86' lang='lat' dir='ltr'><strong>tuam.</strong></span> <span class='ocrx_word' id='word_1_273' title='bbox 1114 3584 1216 3654; x_wconf 87' lang='lat' dir='ltr'><strong>Ipsi</strong></span> <span class='ocrx_word' id='word_1_274' title='bbox 1257 3586 1400 3639; x_wconf 89' lang='lat' dir='ltr'><strong>enim</strong></span> <span class='ocrx_word' id='word_1_275' title='bbox 1445 3586 1622 3651; x_wconf 88' lang='lat' dir='ltr'><strong>mites,</strong></span> <span class='ocrx_word' id='word_1_276' title='bbox 1662 3588 1752 3657; x_wconf 91' lang='lat' dir='ltr'><strong>qui</strong></span> <span class='ocrx_word' id='word_1_277' title='bbox 1775 3587 2002 3659; x_wconf 83' lang='lat' dir='ltr'><strong>diligunt</strong></span> 
     </span>
    </p>
   </div>
   <div class='ocr_carea' id='block_1_37' title="bbox 421 3671 2002 3747">
    <p class='ocr_par' dir='ltr' id='par_1_37' title="bbox 421 3671 2002 3747">
     <span class='ocr_line' id='line_1_37' title="bbox 421 3671 2002 3747; baseline 0.004 -20"><span class='ocrx_word' id='word_1_278' title='bbox 421 3671 592 3742; x_wconf 77' lang='lat' dir='ltr'><strong>legem</strong></span> <span class='ocrx_word' id='word_1_279' title='bbox 644 3673 756 3728; x_wconf 85' lang='lat' dir='ltr'><strong>Dei.</strong></span> <span class='ocrx_word' id='word_1_280' title='bbox 787 3673 974 3730; x_wconf 82' lang='lat' dir='ltr'><strong>Beatus</strong></span> <span class='ocrx_word' id='word_1_281' title='bbox 1003 3675 1142 3730; x_wconf 91' lang='lat' dir='ltr'><strong>enim</strong></span> <span class='ocrx_word' id='word_1_282' title='bbox 1170 3678 1264 3742; x_wconf 73' lang='lat' dir='ltr'><strong>vir,</strong></span> <span class='ocrx_word' id='word_1_283' title='bbox 1296 3693 1442 3746; x_wconf 83' lang='lat' dir='ltr'><strong>quem</strong></span> <span class='ocrx_word' id='word_1_284' title='bbox 1481 3687 1532 3731; x_wconf 88' lang='lat' dir='ltr'><strong>tu</strong></span> <span class='ocrx_word' id='word_1_285' title='bbox 1569 3680 1842 3747; x_wconf 84' lang='lat' dir='ltr'><strong>erudieris,</strong></span> <span class='ocrx_word' id='word_1_286' title='bbox 1886 3679 2002 3734; x_wconf 85' lang='lat' dir='ltr'><strong>Do-</strong></span> 
     </span>
    </p>
   </div>
   <div class='ocr_carea' id='block_1_38' title="bbox 421 3764 2001 3843">
    <p class='ocr_par' dir='ltr' id='par_1_38' title="bbox 421 3764 2001 3843">
     <span class='ocr_line' id='line_1_38' title="bbox 421 3764 2001 3843; baseline 0.004 -23"><span class='ocrx_word' id='word_1_287' title='bbox 421 3764 576 3832; x_wconf 77' lang='lat' dir='ltr'><strong>mine,</strong></span> <span class='ocrx_word' id='word_1_288' title='bbox 607 3773 652 3818; x_wconf 85' lang='lat' dir='ltr'><strong>et</strong></span> <span class='ocrx_word' id='word_1_289' title='bbox 677 3781 740 3820; x_wconf 74' lang='lat' dir='ltr'><strong>ac</strong></span> <span class='ocrx_word' id='word_1_290' title='bbox 775 3766 884 3836; x_wconf 77' lang='lat' dir='ltr'><strong>lege</strong></span> <span class='ocrx_word' id='word_1_291' title='bbox 916 3776 1004 3820; x_wconf 86' lang='lat' dir='ltr'><strong>tua</strong></span> <span class='ocrx_word' id='word_1_292' title='bbox 1033 3768 1261 3822; x_wconf 84' lang='lat' dir='ltr'><strong>docueris</strong></span> <span class='ocrx_word' id='word_1_293' title='bbox 1291 3784 1441 3835; x_wconf 82' lang='lat' dir='ltr'><strong>eum;</strong></span> <span class='ocrx_word' id='word_1_294' title='bbox 1487 3779 1542 3823; x_wconf 88' lang='lat' dir='ltr'><strong>ut</strong></span> <span class='ocrx_word' id='word_1_295' title='bbox 1581 3772 1777 3843; x_wconf 85' lang='lat' dir='ltr'><strong>mitiges</strong></span> <span class='ocrx_word' id='word_1_296' title='bbox 1818 3789 1932 3826; x_wconf 88' lang='lat' dir='ltr'><strong>eum</strong></span> <span class='ocrx_word' id='word_1_297' title='bbox 1967 3789 2001 3827; x_wconf 89' lang='lat' dir='ltr'><strong>a</strong></span> 
     </span>
    </p>
   </div>
   <div class='ocr_carea' id='block_1_39' title="bbox 421 3856 1996 3937">
    <p class='ocr_par' dir='ltr' id='par_1_39' title="bbox 421 3856 1996 3937">
     <span class='ocr_line' id='line_1_39' title="bbox 421 3856 1996 3937; baseline 0.006 -24"><span class='ocrx_word' id='word_1_298' title='bbox 421 3856 597 3914; x_wconf 71' lang='lat' dir='ltr'><strong>diebus</strong></span> <span class='ocrx_word' id='word_1_299' title='bbox 633 3858 899 3930; x_wconf 73' lang='lat' dir='ltr'><strong>malignis,</strong></span> <span class='ocrx_word' id='word_1_300' title='bbox 930 3860 1086 3913; x_wconf 85' lang='lat' dir='ltr'><strong>donec</strong></span> <span class='ocrx_word' id='word_1_301' title='bbox 1115 3860 1338 3929; x_wconf 72' lang='lat' dir='ltr'><strong>fodiatur</strong></span> <span class='ocrx_word' id='word_1_302' title='bbox 1365 3865 1616 3932; x_wconf 88' lang='lat' dir='ltr'><strong>peccatori</strong></span> <span class='ocrx_word' id='word_1_303' title='bbox 1656 3869 1798 3937; x_wconf 82' lang='lat' dir='ltr'><strong>fovea</strong></span> <span class='ocrx_word' id='word_1_304' title='bbox 1825 3865 1996 3937; x_wconf 84' lang='lat' dir='ltr'><strong>(Psal.</strong></span> 
     </span>
    </p>
   </div>
   <div class='ocr_carea' id='block_1_40' title="bbox 421 3949 2000 4025">
    <p class='ocr_par' dir='ltr' id='par_1_40' title="bbox 421 3949 2000 4025">
     <span class='ocr_line' id='line_1_40' title="bbox 421 3949 2000 4025; baseline 0.005 -21"><span class='ocrx_word' id='word_1_305' title='bbox 421 3963 568 4015; x_wconf 73' lang='lat' dir='ltr'><strong>sum,</strong></span> <span class='ocrx_word' id='word_1_306' title='bbox 591 3949 682 4015; x_wconf 71' lang='grc'><strong>12,</strong></span> <span class='ocrx_word' id='word_1_307' title='bbox 718 3950 832 4019; x_wconf 78' lang='lat' dir='ltr'><strong>l3).</strong></span> <span class='ocrx_word' id='word_1_308' title='bbox 865 3949 1033 4016; x_wconf 87' lang='lat' dir='ltr'><strong>Quam</strong></span> <span class='ocrx_word' id='word_1_309' title='bbox 1059 3950 1283 4006; x_wconf 64' lang='lat' dir='ltr'><strong>diversae</strong></span> <span class='ocrx_word' id='word_1_310' title='bbox 1310 3953 1558 4008; x_wconf 88' lang='lat' dir='ltr'><strong>videntur</strong></span> <span class='ocrx_word' id='word_1_311' title='bbox 1591 3955 1874 4025; x_wconf 70' lang='lat' dir='ltr'><strong>Scriptum</strong></span> <span class='ocrx_word' id='word_1_312' title='bbox 1903 3973 2000 4012; x_wconf 87' lang='lat' dir='ltr'><strong>vo-</strong></span> 
     </span>
    </p>
   </div>
   <div class='ocr_carea' id='block_1_41' title="bbox 421 4043 2000 4120">
    <p class='ocr_par' dir='ltr' id='par_1_41' title="bbox 421 4043 2000 4120">
     <span class='ocr_line' id='line_1_41' title="bbox 421 4043 2000 4120; baseline 0.004 -22"><span class='ocrx_word' id='word_1_313' title='bbox 421 4055 533 4107; x_wconf 75' lang='lat' dir='ltr'><strong>ces,</strong></span> <span class='ocrx_word' id='word_1_314' title='bbox 559 4050 614 4096; x_wconf 87' lang='lat' dir='ltr'><strong>et</strong></span> <span class='ocrx_word' id='word_1_315' title='bbox 639 4043 692 4095; x_wconf 93' lang='lat' dir='ltr'><strong>in</strong></span> <span class='ocrx_word' id='word_1_316' title='bbox 719 4056 878 4096; x_wconf 85' lang='lat' dir='ltr'><strong>unam</strong></span> <span class='ocrx_word' id='word_1_317' title='bbox 909 4045 1224 4098; x_wconf 86' lang='lat' dir='ltr'><strong>sententiam</strong></span> <span class='ocrx_word' id='word_1_318' title='bbox 1269 4046 1348 4100; x_wconf 90' lang='lat' dir='ltr'><strong>sic</strong></span> <span class='ocrx_word' id='word_1_319' title='bbox 1384 4047 1656 4102; x_wconf 81' lang='lat' dir='ltr'><strong>conﬂuunt</strong></span> <span class='ocrx_word' id='word_1_320' title='bbox 1684 4059 1842 4120; x_wconf 91' lang='lat' dir='ltr'><strong>atque</strong></span> <span class='ocrx_word' id='word_1_321' title='bbox 1871 4067 2000 4106; x_wconf 89' lang='lat' dir='ltr'><strong>con-</strong></span> 
     </span>
    </p>
   </div>
   <div class='ocr_carea' id='block_1_42' title="bbox 420 4135 2000 4208">
    <p class='ocr_par' dir='ltr' id='par_1_42' title="bbox 420 4135 2000 4208">
     <span class='ocr_line' id='line_1_42' title="bbox 420 4135 2000 4208; baseline 0.006 -18"><span class='ocrx_word' id='word_1_322' title='bbox 420 4143 661 4201; x_wconf 85' lang='lat' dir='ltr'><strong>currunt,</strong></span> <span class='ocrx_word' id='word_1_323' title='bbox 688 4135 1012 4205; x_wconf 85' lang='lat' dir='ltr'><strong>utquidquid</strong></span> <span class='ocrx_word' id='word_1_324' title='bbox 1030 4137 1213 4192; x_wconf 89' lang='lat' dir='ltr'><strong>audire</strong></span> <span class='ocrx_word' id='word_1_325' title='bbox 1230 4141 1466 4208; x_wconf 83' lang='lat' dir='ltr'><strong>potueris</strong></span> <span class='ocrx_word' id='word_1_326' title='bbox 1485 4141 1550 4196; x_wconf 90' lang='lat' dir='ltr'><strong>de</strong></span> <span class='ocrx_word' id='word_1_327' title='bbox 1568 4141 1712 4196; x_wconf 81' lang='lat' dir='ltr'><strong>fonte</strong></span> <span class='ocrx_word' id='word_1_328' title='bbox 1734 4142 1824 4198; x_wconf 93' lang='lat' dir='ltr'><strong>illo</strong></span> <span class='ocrx_word' id='word_1_329' title='bbox 1846 4144 2000 4199; x_wconf 83' lang='lat' dir='ltr'><strong>uber-</strong></span> 
     </span>
    </p>
   </div>
   <div class='ocr_carea' id='block_1_43' title="bbox 421 4225 2000 4304">
    <p class='ocr_par' dir='ltr' id='par_1_43' title="bbox 421 4225 2000 4304">
     <span class='ocr_line' id='line_1_43' title="bbox 421 4225 2000 4304; baseline 0.009 -26"><span class='ocrx_word' id='word_1_330' title='bbox 421 4225 579 4291; x_wconf 86' lang='lat' dir='ltr'><strong>rimo,</strong></span> <span class='ocrx_word' id='word_1_331' title='bbox 601 4225 907 4294; x_wconf 84' lang='lat' dir='ltr'><strong>acquiescas</strong></span> <span class='ocrx_word' id='word_1_332' title='bbox 926 4235 979 4280; x_wconf 92' lang='lat' dir='ltr'><strong>et</strong></span> <span class='ocrx_word' id='word_1_333' title='bbox 996 4235 1072 4293; x_wconf 91' lang='lat' dir='ltr'><strong>tu,</strong></span> <span class='ocrx_word' id='word_1_334' title='bbox 1095 4229 1385 4284; x_wconf 89' lang='lat' dir='ltr'><strong>concordes</strong></span> <span class='ocrx_word' id='word_1_335' title='bbox 1403 4231 1607 4285; x_wconf 80' lang='lat' dir='ltr'><strong>veritati</strong></span> <span class='ocrx_word' id='word_1_336' title='bbox 1627 4233 1848 4300; x_wconf 88' lang='lat' dir='ltr'><strong>amicus,</strong></span> <span class='ocrx_word' id='word_1_337' title='bbox 1871 4251 2000 4304; x_wconf 88' lang='lat' dir='ltr'><strong>pace</strong></span> 
     </span>
    </p>
   </div>
   <div class='ocr_carea' id='block_1_44' title="bbox 423 4313 1968 4383">
    <p class='ocr_par' dir='ltr' id='par_1_44' title="bbox 423 4313 1968 4383">
     <span class='ocr_line' id='line_1_44' title="bbox 423 4313 1968 4383; baseline 0.008 -16"><span class='ocrx_word' id='word_1_338' title='bbox 423 4313 634 4383; x_wconf 87' lang='lat' dir='ltr'><strong>plenus,</strong></span> <span class='ocrx_word' id='word_1_339' title='bbox 659 4313 916 4370; x_wconf 86' lang='lat' dir='ltr'><strong>charitate</strong></span> <span class='ocrx_word' id='word_1_340' title='bbox 945 4315 1195 4383; x_wconf 82' lang='lat' dir='ltr'><strong>fervidus,</strong></span> <span class='ocrx_word' id='word_1_341' title='bbox 1227 4329 1410 4373; x_wconf 91' lang='lat' dir='ltr'><strong>contra</strong></span> <span class='ocrx_word' id='word_1_342' title='bbox 1443 4320 1687 4376; x_wconf 89' lang='lat' dir='ltr'><strong>scandala</strong></span> <span class='ocrx_word' id='word_1_343' title='bbox 1715 4325 1968 4380; x_wconf 90' lang='lat' dir='ltr'><strong>munitus.</strong></span> 
     </span>
    </p>
   </div>
   <div class='ocr_carea' id='block_1_45' title="bbox 492 4405 1996 4476">
    <p class='ocr_par' dir='ltr' id='par_1_45' title="bbox 492 4405 1996 4476">
     <span class='ocr_line' id='line_1_45' title="bbox 492 4405 1996 4476; baseline 0.011 -18"><span class='ocrx_word' id='word_1_344' title='bbox 492 4405 547 4459; x_wconf 74' lang='grc'><strong>2.</strong></span> <span class='ocrx_word' id='word_1_345' title='bbox 593 4405 741 4460; x_wconf 72' lang='lat' dir='ltr'><strong>Miles</strong></span> <span class='ocrx_word' id='word_1_346' title='bbox 807 4408 861 4461; x_wconf 88' lang='lat' dir='ltr'><strong>in</strong></span> <span class='ocrx_word' id='word_1_347' title='bbox 928 4423 1178 4476; x_wconf 74' lang='lat' dir='ltr'><strong>pressura,</strong></span> <span class='ocrx_word' id='word_1_348' title='bbox 1221 4419 1394 4464; x_wconf 77' lang='lat' dir='ltr'><strong>contra</strong></span> <span class='ocrx_word' id='word_1_349' title='bbox 1457 4414 1754 4469; x_wconf 88' lang='lat' dir='ltr'><strong>scandalum</strong></span> <span class='ocrx_word' id='word_1_350' title='bbox 1817 4420 1996 4474; x_wconf 84' lang='lat' dir='ltr'><strong>securi.</strong></span> 
     </span>
    </p>
   </div>
   <div class='ocr_carea' id='block_1_46' title="bbox 423 4495 1996 4580">
    <p class='ocr_par' dir='ltr' id='par_1_46' title="bbox 423 4495 1996 4580">
     <span class='ocr_line' id='line_1_46' title="bbox 423 4495 1996 4580; baseline 0.009 -28"><span class='ocrx_word' id='word_1_351' title='bbox 423 4495 764 4566; x_wconf 85' lang='lat' dir='ltr'><strong>Propositum</strong></span> <span class='ocrx_word' id='word_1_352' title='bbox 791 4506 874 4552; x_wconf 91' lang='lat' dir='ltr'><strong>est</strong></span> <span class='ocrx_word' id='word_1_353' title='bbox 897 4513 1026 4569; x_wconf 87' lang='lat' dir='ltr'><strong>ergo</strong></span> <span class='ocrx_word' id='word_1_354' title='bbox 1042 4501 1243 4569; x_wconf 89' lang='lat' dir='ltr'><strong>videre,</strong></span> <span class='ocrx_word' id='word_1_355' title='bbox 1264 4503 1346 4558; x_wconf 88' lang='lat' dir='ltr'><strong>vel</strong></span> <span class='ocrx_word' id='word_1_356' title='bbox 1373 4519 1632 4574; x_wconf 82' lang='lat' dir='ltr'><strong>quaerere,</strong></span> <span class='ocrx_word' id='word_1_357' title='bbox 1663 4508 1749 4562; x_wconf 93' lang='lat' dir='ltr'><strong>vel</strong></span> <span class='ocrx_word' id='word_1_358' title='bbox 1767 4508 1996 4580; x_wconf 88' lang='lat' dir='ltr'><strong>discere,</strong></span> 
     </span>
    </p>
   </div>
   <div class='ocr_carea' id='block_1_47' title="bbox 422 4587 1998 4670">
    <p class='ocr_par' dir='ltr' id='par_1_47' title="bbox 422 4587 1998 4670">
     <span class='ocr_line' id='line_1_47' title="bbox 422 4587 1998 4670; baseline 0.012 -31"><span class='ocrx_word' id='word_1_359' title='bbox 422 4587 689 4656; x_wconf 80' lang='lat' dir='ltr'><strong>quomodo</strong></span> <span class='ocrx_word' id='word_1_360' title='bbox 710 4589 868 4645; x_wconf 83' lang='lat' dir='ltr'><strong>mites</strong></span> <span class='ocrx_word' id='word_1_361' title='bbox 894 4604 1015 4646; x_wconf 89' lang='lat' dir='ltr'><strong>esse</strong></span> <span class='ocrx_word' id='word_1_362' title='bbox 1041 4592 1298 4649; x_wconf 87' lang='lat' dir='ltr'><strong>debemus</strong></span> <span class='ocrx_word' id='word_1_363' title='bbox 1326 4611 1339 4648; x_wconf 90' lang='lat'><strong>:</strong></span> <span class='ocrx_word' id='word_1_364' title='bbox 1371 4604 1427 4650; x_wconf 90' lang='lat' dir='ltr'><strong>et</strong></span> <span class='ocrx_word' id='word_1_365' title='bbox 1449 4611 1513 4651; x_wconf 84' lang='lat' dir='ltr'><strong>ex</strong></span> <span class='ocrx_word' id='word_1_366' title='bbox 1541 4597 1642 4653; x_wconf 87' lang='lat' dir='ltr'><strong>hoc</strong></span> <span class='ocrx_word' id='word_1_367' title='bbox 1665 4601 1807 4670; x_wconf 90' lang='lat' dir='ltr'><strong>quod</strong></span> <span class='ocrx_word' id='word_1_368' title='bbox 1839 4604 1998 4659; x_wconf 90' lang='lat' dir='ltr'><strong>modo</strong></span> 
     </span>
    </p>
   </div>
   <div class='ocr_carea' id='block_1_48' title="bbox 419 4678 1999 4754">
    <p class='ocr_par' dir='ltr' id='par_1_48' title="bbox 419 4678 1999 4754">
     <span class='ocr_line' id='line_1_48' title="bbox 419 4678 1999 4754; baseline 0.009 -18"><span class='ocrx_word' id='word_1_369' title='bbox 419 4678 490 4736; x_wconf 83' lang='lat' dir='ltr'><strong>de</strong></span> <span class='ocrx_word' id='word_1_370' title='bbox 533 4679 821 4750; x_wconf 86' lang='lat' dir='ltr'><strong>Scripturis</strong></span> <span class='ocrx_word' id='word_1_371' title='bbox 856 4686 1308 4754; x_wconf 89' lang='lat' dir='ltr'><strong>commemoravi,</strong></span> <span class='ocrx_word' id='word_1_372' title='bbox 1358 4688 1710 4746; x_wconf 88' lang='lat' dir='ltr'><strong>admonemur</strong></span> <span class='ocrx_word' id='word_1_373' title='bbox 1761 4693 1999 4751; x_wconf 88' lang='lat' dir='ltr'><strong>invenire</strong></span> 
     </span>
    </p>
   </div>
   <div class='ocr_carea' id='block_1_49' title="bbox 421 4770 1994 4853">
    <p class='ocr_par' dir='ltr' id='par_1_49' title="bbox 421 4770 1994 4853">
     <span class='ocr_line' id='line_1_49' title="bbox 421 4770 1994 4853; baseline 0.01 -29"><span class='ocrx_word' id='word_1_374' title='bbox 421 4770 562 4840; x_wconf 89' lang='lat' dir='ltr'><strong>quod</strong></span> <span class='ocrx_word' id='word_1_375' title='bbox 582 4773 886 4842; x_wconf 65' lang='lat' dir='ltr'><strong>quaerimus.</strong></span> <span class='ocrx_word' id='word_1_376' title='bbox 919 4773 1121 4830; x_wconf 81' lang='lat' dir='ltr'><strong>intenta</strong></span> <span class='ocrx_word' id='word_1_377' title='bbox 1143 4777 1212 4832; x_wconf 91' lang='lat' dir='ltr'><strong>sit</strong></span> <span class='ocrx_word' id='word_1_378' title='bbox 1233 4778 1506 4849; x_wconf 88' lang='lat' dir='ltr'><strong>paululum</strong></span> <span class='ocrx_word' id='word_1_379' title='bbox 1528 4779 1772 4837; x_wconf 84' lang='lat' dir='ltr'><strong>Charitas</strong></span> <span class='ocrx_word' id='word_1_380' title='bbox 1797 4796 1994 4853; x_wconf 89' lang='lat' dir='ltr'><strong>vestra;</strong></span> 
     </span>
    </p>
   </div>
   <div class='ocr_carea' id='block_1_50' title="bbox 421 4867 1994 4936">
    <p class='ocr_par' dir='ltr' id='par_1_50' title="bbox 421 4867 1994 4936">
     <span class='ocr_line' id='line_1_50' title="bbox 421 4867 1994 4936; baseline 0.011 -20"><span class='ocrx_word' id='word_1_381' title='bbox 421 4877 610 4933; x_wconf 84' lang='lat' dir='ltr'><strong>magna</strong></span> <span class='ocrx_word' id='word_1_382' title='bbox 639 4880 725 4920; x_wconf 83' lang='lat' dir='ltr'><strong>res</strong></span> <span class='ocrx_word' id='word_1_383' title='bbox 752 4867 944 4936; x_wconf 88' lang='lat' dir='ltr'><strong>agitur,</strong></span> <span class='ocrx_word' id='word_1_384' title='bbox 967 4876 1028 4922; x_wconf 92' lang='lat' dir='ltr'><strong>ut</strong></span> <span class='ocrx_word' id='word_1_385' title='bbox 1061 4869 1218 4924; x_wconf 89' lang='lat' dir='ltr'><strong>mites</strong></span> <span class='ocrx_word' id='word_1_386' title='bbox 1257 4871 1422 4926; x_wconf 90' lang='lat' dir='ltr'><strong>simus</strong></span> <span class='ocrx_word' id='word_1_387' title='bbox 1454 4889 1467 4926; x_wconf 92' lang='lat'><strong>:</strong></span> <span class='ocrx_word' id='word_1_388' title='bbox 1499 4875 1798 4929; x_wconf 86' lang='lat' dir='ltr'><strong>necessaria</strong></span> <span class='ocrx_word' id='word_1_389' title='bbox 1827 4893 1914 4932; x_wconf 90' lang='lat' dir='ltr'><strong>res</strong></span> <span class='ocrx_word' id='word_1_390' title='bbox 1942 4880 1994 4934; x_wconf 89' lang='lat' dir='ltr'><strong>in</strong></span> 
     </span>
    </p>
   </div>
   <div class='ocr_carea' id='block_1_51' title="bbox 421 4953 1999 5035">
    <p class='ocr_par' dir='ltr' id='par_1_51' title="bbox 421 4953 1999 5035">
     <span class='ocr_line' id='line_1_51' title="bbox 421 4953 1999 5035; baseline 0.011 -28"><span class='ocrx_word' id='word_1_391' title='bbox 421 4953 680 5010; x_wconf 81' lang='lat' dir='ltr'><strong>adversis.</strong></span> <span class='ocrx_word' id='word_1_392' title='bbox 716 4955 900 5026; x_wconf 88' lang='lat' dir='ltr'><strong>Neque</strong></span> <span class='ocrx_word' id='word_1_393' title='bbox 935 4958 1076 5013; x_wconf 91' lang='lat' dir='ltr'><strong>enim</strong></span> <span class='ocrx_word' id='word_1_394' title='bbox 1119 4973 1208 5014; x_wconf 88' lang='lat' dir='ltr'><strong>res</strong></span> <span class='ocrx_word' id='word_1_395' title='bbox 1245 4959 1482 5017; x_wconf 67' lang='lat' dir='ltr'><strong>adversae</strong></span> <span class='ocrx_word' id='word_1_396' title='bbox 1511 4965 1690 5019; x_wconf 69' lang='lat' dir='ltr'><strong>saeculi</strong></span> <span class='ocrx_word' id='word_1_397' title='bbox 1721 4965 1876 5035; x_wconf 82' lang='lat' dir='ltr'><strong>hujus</strong></span> <span class='ocrx_word' id='word_1_398' title='bbox 1904 4984 1999 5024; x_wconf 83' lang='lat' dir='ltr'><strong>vo—</strong></span> 
     </span>
    </p>
   </div>
   <div class='ocr_carea' id='block_1_52' title="bbox 421 5048 2000 5121">
    <p class='ocr_par' dir='ltr' id='par_1_52' title="bbox 421 5048 2000 5121">
     <span class='ocr_line' id='line_1_52' title="bbox 421 5048 2000 5121; baseline 0.011 -22"><span class='ocrx_word' id='word_1_399' title='bbox 421 5055 609 5100; x_wconf 87' lang='lat' dir='ltr'><strong>cantur</strong></span> <span class='ocrx_word' id='word_1_400' title='bbox 637 5048 884 5103; x_wconf 86' lang='lat' dir='ltr'><strong>scandala</strong></span> <span class='ocrx_word' id='word_1_401' title='bbox 914 5065 928 5102; x_wconf 91' lang='lat'><strong>:</strong></span> <span class='ocrx_word' id='word_1_402' title='bbox 950 5048 1195 5104; x_wconf 88' lang='lat' dir='ltr'><strong>scandala</strong></span> <span class='ocrx_word' id='word_1_403' title='bbox 1218 5065 1337 5121; x_wconf 71' lang='lat' dir='ltr'><strong>quae</strong></span> <span class='ocrx_word' id='word_1_404' title='bbox 1359 5053 1484 5120; x_wconf 90' lang='lat' dir='ltr'><strong>sint,</strong></span> <span class='ocrx_word' id='word_1_405' title='bbox 1509 5055 1786 5112; x_wconf 87' lang='lat' dir='ltr'><strong>advertite.</strong></span> <span class='ocrx_word' id='word_1_406' title='bbox 1810 5058 2000 5118; x_wconf 86' lang='lat' dir='ltr'><strong>Nescio</strong></span> 
     </span>
    </p>
   </div>
   <div class='ocr_carea' id='block_1_53' title="bbox 423 5137 1998 5217">
    <p class='ocr_par' dir='ltr' id='par_1_53' title="bbox 423 5137 1998 5217">
     <span class='ocr_line' id='line_1_53' title="bbox 423 5137 1998 5217; baseline 0.011 -26"><span class='ocrx_word' id='word_1_407' title='bbox 423 5137 544 5206; x_wconf 86' lang='lat' dir='ltr'><strong>quis</strong></span> <span class='ocrx_word' id='word_1_408' title='bbox 567 5176 583 5202; x_wconf 95' lang='lat'><strong>,</strong></span> <span class='ocrx_word' id='word_1_409' title='bbox 614 5139 762 5194; x_wconf 88' lang='lat' dir='ltr'><strong>verbi</strong></span> <span class='ocrx_word' id='word_1_410' title='bbox 803 5141 994 5209; x_wconf 86' lang='lat' dir='ltr'><strong>gratia,</strong></span> <span class='ocrx_word' id='word_1_411' title='bbox 1043 5140 1096 5195; x_wconf 92' lang='lat' dir='ltr'><strong>in</strong></span> <span class='ocrx_word' id='word_1_412' title='bbox 1143 5144 1457 5200; x_wconf 86' lang='lat' dir='ltr'><strong>necessitate</strong></span> <span class='ocrx_word' id='word_1_413' title='bbox 1479 5146 1652 5217; x_wconf 89' lang='lat' dir='ltr'><strong>aliqua</strong></span> <span class='ocrx_word' id='word_1_414' title='bbox 1679 5152 1998 5210; x_wconf 90' lang='lat' dir='ltr'><strong>constitutus</strong></span> 
     </span>
    </p>
   </div>
   <div class='ocr_carea' id='block_1_54' title="bbox 425 5231 1997 5314">
    <p class='ocr_par' dir='ltr' id='par_1_54' title="bbox 425 5231 1997 5314">
     <span class='ocr_line' id='line_1_54' title="bbox 425 5231 1997 5314; baseline 0.011 -31"><span class='ocrx_word' id='word_1_415' title='bbox 425 5238 640 5296; x_wconf 82' lang='lat' dir='ltr'><strong>urgetur</strong></span> <span class='ocrx_word' id='word_1_416' title='bbox 666 5244 937 5300; x_wconf 71' lang='lat' dir='ltr'><strong>pressim.</strong></span> <span class='ocrx_word' id='word_1_417' title='bbox 964 5231 1080 5287; x_wconf 81' lang='lat' dir='ltr'><strong>Non</strong></span> <span class='ocrx_word' id='word_1_418' title='bbox 1107 5242 1192 5290; x_wconf 89' lang='lat' dir='ltr'><strong>est</strong></span> <span class='ocrx_word' id='word_1_419' title='bbox 1211 5234 1314 5291; x_wconf 88' lang='lat' dir='ltr'><strong>hoc</strong></span> <span class='ocrx_word' id='word_1_420' title='bbox 1336 5237 1663 5308; x_wconf 87' lang='lat' dir='ltr'><strong>scandalum,</strong></span> <span class='ocrx_word' id='word_1_421' title='bbox 1694 5243 1815 5313; x_wconf 89' lang='lat' dir='ltr'><strong>quia</strong></span> <span class='ocrx_word' id='word_1_422' title='bbox 1845 5259 1997 5314; x_wconf 89' lang='lat' dir='ltr'><strong>pres-</strong></span> 
     </span>
    </p>
   </div>
   <div class='ocr_carea' id='block_1_55' title="bbox 423 5383 2002 5496">
    <p class='ocr_par' dir='ltr' id='par_1_55' title="bbox 423 5383 2002 5496">
     <span class='ocr_line' id='line_1_55' title="bbox 423 5383 2002 5496; baseline 0.013 -66"><span class='ocrx_word' id='word_1_423' title='bbox 423 5383 780 5496; x_wconf 46' lang='grc' dir='ltr'><strong>8³1’ἒῃεοιιιιθιιῐιιδ</strong></span> <span class='ocrx_word' id='word_1_424' title='bbox 813 5385 876 5436; x_wconf 87' lang='lat' dir='ltr'><strong>ad</strong></span> <span class='ocrx_word' id='word_1_425' title='bbox 925 5388 1233 5439; x_wconf 85' lang='lat' dir='ltr'><strong>Petavianum</strong></span> <span class='ocrx_word' id='word_1_426' title='bbox 1270 5396 1322 5442; x_wconf 86' lang='lat' dir='ltr'><strong>et</strong></span> <span class='ocrx_word' id='word_1_427' title='bbox 1340 5389 1664 5446; x_wconf 78' lang='lat' dir='ltr'><strong>Golberunum</strong></span> <span class='ocrx_word' id='word_1_428' title='bbox 1717 5408 1844 5459; x_wconf 58' lang='lat' dir='ltr'><strong>mas,</strong></span> <span class='ocrx_word' id='word_1_429' title='bbox 1867 5405 1921 5448; x_wconf 87' lang='lat' dir='ltr'><strong>et</strong></span> <span class='ocrx_word' id='word_1_430' title='bbox 1938 5405 2002 5449; x_wconf 78' lang='lat' dir='ltr'><strong>ao</strong></span> 
     </span>
    </p>
   </div>
   <div class='ocr_carea' id='block_1_56' title="bbox 506 5506 1256 5564">
    <p class='ocr_par' dir='ltr' id='par_1_56' title="bbox 506 5506 1256 5564">
     <span class='ocr_line' id='line_1_56' title="bbox 506 5506 1256 5564; baseline 0.008 -8"><span class='ocrx_word' id='word_1_431' title='bbox 506 5508 560 5564; x_wconf 84' lang='grc' dir='ltr'><strong>α)</strong></span> <span class='ocrx_word' id='word_1_432' title='bbox 584 5506 722 5564; x_wconf 75' lang='lat' dir='ltr'><strong>Alias,</strong></span> <span class='ocrx_word' id='word_1_433' title='bbox 745 5521 808 5557; x_wconf 83' lang='lat' dir='ltr'><strong>ox</strong></span> <span class='ocrx_word' id='word_1_434' title='bbox 823 5510 1159 5562; x_wconf 83' lang='lat' dir='ltr'><strong>Sirmondianis</strong></span> <span class='ocrx_word' id='word_1_435' title='bbox 1179 5513 1256 5562; x_wconf 76' lang='grc'><strong>35.</strong></span> 
     </span>
    </p>
   </div>
   <div class='ocr_carea' id='block_1_57' title="bbox 481 5508 1999 5640">
    <p class='ocr_par' dir='ltr' id='par_1_57' title="bbox 481 5508 1999 5640">
     <span class='ocr_line' id='line_1_57' title="bbox 506 5508 1256 5564; baseline 0.008 -8"><span class='ocrx_word' id='word_1_436' title='bbox 506 5520 539 5556; x_wconf 89' lang='lat' dir='ltr'><strong>a</strong></span> <span class='ocrx_word' id='word_1_437' title='bbox 584 5508 722 5564; x_wconf 75' lang='lat' dir='ltr'><strong>Alias,</strong></span> <span class='ocrx_word' id='word_1_438' title='bbox 745 5521 808 5557; x_wconf 83' lang='lat' dir='ltr'><strong>ox</strong></span> <span class='ocrx_word' id='word_1_439' title='bbox 823 5510 1159 5562; x_wconf 83' lang='lat' dir='ltr'><strong>Sirmondianis</strong></span> <span class='ocrx_word' id='word_1_440' title='bbox 1179 5513 1256 5562; x_wconf 76' lang='grc'><strong>35.</strong></span> 
     </span>
     <span class='ocr_line' id='line_1_58' title="bbox 481 5508 1999 5640; baseline 0.009 -22"><span class='ocrx_word' id='word_1_441' title='bbox 481 5508 560 5631; x_wconf 59' lang='lat' dir='ltr'><strong>ibi</strong></span> <span class='ocrx_word' id='word_1_442' title='bbox 582 5568 959 5640; x_wconf 41' lang='lat' dir='ltr'><strong>(atatyrarl‘orp</strong></span> <span class='ocrx_word' id='word_1_443' title='bbox 981 5573 1038 5621; x_wconf 85' lang='lat' dir='ltr'><strong>ad</strong></span> <span class='ocrx_word' id='word_1_444' title='bbox 1065 5583 1188 5640; x_wconf 64' lang='lat' dir='ltr'><strong>nom,</strong></span> <span class='ocrx_word' id='word_1_445' title='bbox 1215 5591 1281 5626; x_wconf 82' lang='lat' dir='ltr'><strong>nr.</strong></span> <span class='ocrx_word' id='word_1_446' title='bbox 1307 5577 1504 5640; x_wconf 60' lang='lat' dir='ltr'><strong>gabitus</strong></span> <span class='ocrx_word' id='word_1_447' title='bbox 1525 5591 1554 5628; x_wconf 86' lang='lat' dir='ltr'><strong>a</strong></span> <span class='ocrx_word' id='word_1_448' title='bbox 1585 5581 1829 5630; x_wconf 79' lang='lat' dir='ltr'><strong>Sirmondo</strong></span> <span class='ocrx_word' id='word_1_449' title='bbox 1861 5596 1999 5638; x_wconf 75' lang='lat' dir='ltr'><strong>nora-</strong></span> 
     </span>
    </p>
   </div>
   <div class='ocr_carea' id='block_1_58' title="bbox 425 5629 2000 5700">
    <p class='ocr_par' dir='ltr' id='par_1_58' title="bbox 425 5629 2000 5700">
     <span class='ocr_line' id='line_1_59' title="bbox 425 5629 2000 5700; baseline 0.013 -24"><span class='ocrx_word' id='word_1_450' title='bbox 425 5629 653 5700; x_wconf 56' lang='lat' dir='ltr'><strong>turanno</strong></span> <span class='ocrx_word' id='word_1_451' title='bbox 670 5629 836 5700; x_wconf 72' lang='lat' dir='ltr'><strong>Christi</strong></span> <span class='ocrx_word' id='word_1_452' title='bbox 857 5631 964 5700; x_wconf 38' lang='lat' dir='ltr'><strong>illo,</strong></span> <span class='ocrx_word' id='word_1_453' title='bbox 990 5643 1095 5695; x_wconf 83' lang='lat' dir='ltr'><strong>post</strong></span> <span class='ocrx_word' id='word_1_454' title='bbox 1112 5639 1284 5686; x_wconf 88' lang='lat' dir='ltr'><strong>urbem</strong></span> <span class='ocrx_word' id='word_1_455' title='bbox 1303 5629 1484 5700; x_wconf 67' lang='lat' dir='ltr'><strong>(raptam</strong></span> <span class='ocrx_word' id='word_1_456' title='bbox 1508 5653 1535 5688; x_wconf 92' lang='lat' dir='ltr'><strong>a</strong></span> <span class='ocrx_word' id='word_1_457' title='bbox 1557 5642 1717 5691; x_wconf 87' lang='lat' dir='ltr'><strong>Gothis</strong></span> <span class='ocrx_word' id='word_1_458' title='bbox 1733 5629 1840 5693; x_wconf 81' lang='lat' dir='ltr'><strong>cum</strong></span> <span class='ocrx_word' id='word_1_459' title='bbox 1856 5629 2000 5696; x_wconf 45' lang='lat' dir='ltr'><strong>aliato</strong></span> 
     </span>
    </p>
   </div>
   <div class='ocr_carea' id='block_1_59' title="bbox 424 5691 2000 5803">
    <p class='ocr_par' dir='ltr' id='par_1_59' title="bbox 424 5691 2000 5803">
     <span class='ocr_line' id='line_1_60' title="bbox 424 5691 2000 5803; baseline 0.015 -66"><span class='ocrx_word' id='word_1_460' title='bbox 718 5692 826 5755; x_wconf 67' lang='lat' dir='ltr'><strong>ejus</strong></span> <span class='ocrx_word' id='word_1_461' title='bbox 838 5691 1194 5760; x_wconf 55' lang='lat' dir='ltr'><strong>dadis&#39;nuntlo,</strong></span> <span class='ocrx_word' id='word_1_462' title='bbox 1212 5691 1582 5754; x_wconf 64' lang='lat' dir='ltr'><strong>Rom&#39;ftmditus</strong></span> <span class='ocrx_word' id='word_1_463' title='bbox 1604 5691 1776 5756; x_wconf 81' lang='lat' dir='ltr'><strong>eversa</strong></span> <span class='ocrx_word' id='word_1_464' title='bbox 1791 5691 2000 5768; x_wconf 66' lang='lat' dir='ltr'><strong>periisse</strong></span> 
     </span>
    </p>
   </div>
   <div class='ocr_carea' id='block_1_60' title="bbox 1651 328 2454 393">
    <p class='ocr_par' dir='ltr' id='par_1_60' title="bbox 1651 328 2454 393">
     <span class='ocr_line' id='line_1_61' title="bbox 1651 328 2454 393; baseline 0 -2"><span class='ocrx_word' id='word_1_465' title='bbox 1651 335 1710 391; x_wconf 91' lang='lat' dir='ltr'><strong>S.</strong></span> <span class='ocrx_word' id='word_1_466' title='bbox 1749 328 2116 391; x_wconf 69' lang='grc' dir='ltr'><strong>Αυουςτιηι</strong></span> <span class='ocrx_word' id='word_1_467' title='bbox 2155 330 2454 393; x_wconf 78' lang='lat' dir='ltr'><strong>EPISCOPI</strong></span> 
     </span>
    </p>
   </div>
   <div class='ocr_carea' id='block_1_61' title="bbox 3574 343 3680 404">
    <p class='ocr_par' dir='ltr' id='par_1_61' title="bbox 3574 343 3680 404">
     <span class='ocr_line' id='line_1_62' title="bbox 3574 343 3680 404; baseline 0 0"><span class='ocrx_word' id='word_1_468' title='bbox 3574 343 3680 404; x_wconf 82' lang='lat'><strong>500</strong></span> 
     </span>
    </p>
   </div>
   <div class='ocr_carea' id='block_1_62' title="bbox 2107 449 3678 530">
    <p class='ocr_par' dir='ltr' id='par_1_62' title="bbox 2107 449 3678 530">
     <span class='ocr_line' id='line_1_63' title="bbox 2107 449 3678 530; baseline 0.012 -28"><span class='ocrx_word' id='word_1_469' title='bbox 2107 461 2230 503; x_wconf 86' lang='lat' dir='ltr'><strong>sura</strong></span> <span class='ocrx_word' id='word_1_470' title='bbox 2258 459 2488 521; x_wconf 77' lang='lat' dir='ltr'><strong>urgetur.</strong></span> <span class='ocrx_word' id='word_1_471' title='bbox 2517 449 2765 509; x_wconf 86' lang='lat' dir='ltr'><strong>Pressura</strong></span> <span class='ocrx_word' id='word_1_472' title='bbox 2791 461 2846 510; x_wconf 90' lang='lat' dir='ltr'><strong>et</strong></span> <span class='ocrx_word' id='word_1_473' title='bbox 2869 463 3126 530; x_wconf 83' lang='lat' dir='ltr'><strong>martyres</strong></span> <span class='ocrx_word' id='word_1_474' title='bbox 3165 459 3531 529; x_wconf 86' lang='lat' dir='ltr'><strong>pressi&#39;sunt,</strong></span> <span class='ocrx_word' id='word_1_475' title='bbox 3581 462 3678 520; x_wconf 83' lang='lat' dir='ltr'><strong>sed</strong></span> 
     </span>
    </p>
   </div>
   <div class='ocr_carea' id='block_1_63' title="bbox 2107 540 3674 620">
    <p class='ocr_par' dir='ltr' id='par_1_63' title="bbox 2107 540 3674 620">
     <span class='ocr_line' id='line_1_64' title="bbox 2107 540 3674 620; baseline 0.011 -29"><span class='ocrx_word' id='word_1_476' title='bbox 2107 552 2213 593; x_wconf 90' lang='lat' dir='ltr'><strong>non</strong></span> <span class='ocrx_word' id='word_1_477' title='bbox 2237 540 2495 608; x_wconf 88' lang='lat' dir='ltr'><strong>oppressi.</strong></span> <span class='ocrx_word' id='word_1_478' title='bbox 2511 541 2826 598; x_wconf 88' lang='lat' dir='ltr'><strong>Scandalum</strong></span> <span class='ocrx_word' id='word_1_479' title='bbox 2847 560 2995 612; x_wconf 85' lang='lat' dir='ltr'><strong>cave,</strong></span> <span class='ocrx_word' id='word_1_480' title='bbox 3022 563 3129 603; x_wconf 92' lang='lat' dir='ltr'><strong>non</strong></span> <span class='ocrx_word' id='word_1_481' title='bbox 3140 549 3292 604; x_wconf 84' lang='lat' dir='ltr'><strong>valde</strong></span> <span class='ocrx_word' id='word_1_482' title='bbox 3309 566 3610 620; x_wconf 88' lang='lat' dir='ltr'><strong>pressuram</strong></span> <span class='ocrx_word' id='word_1_483' title='bbox 3630 555 3674 608; x_wconf 79' lang='grc'><strong>⁸.</strong></span> 
     </span>
    </p>
   </div>
   <div class='ocr_carea' id='block_1_64' title="bbox 2107 629 3675 714">
    <p class='ocr_par' dir='ltr' id='par_1_64' title="bbox 2107 629 3675 714">
     <span class='ocr_line' id='line_1_65' title="bbox 2107 629 3675 714; baseline 0.01 -31"><span class='ocrx_word' id='word_1_484' title='bbox 2107 629 2360 685; x_wconf 87' lang='lat' dir='ltr'><strong>Pressura</strong></span> <span class='ocrx_word' id='word_1_485' title='bbox 2402 633 2591 701; x_wconf 90' lang='lat' dir='ltr'><strong>premit</strong></span> <span class='ocrx_word' id='word_1_486' title='bbox 2631 643 2720 702; x_wconf 86' lang='lat' dir='ltr'><strong>te,</strong></span> <span class='ocrx_word' id='word_1_487' title='bbox 2765 638 3069 693; x_wconf 89' lang='lat' dir='ltr'><strong>scandalum</strong></span> <span class='ocrx_word' id='word_1_488' title='bbox 3119 643 3368 710; x_wconf 84' lang='lat' dir='ltr'><strong>opprimit</strong></span> <span class='ocrx_word' id='word_1_489' title='bbox 3417 650 3488 698; x_wconf 90' lang='lat' dir='ltr'><strong>te.</strong></span> <span class='ocrx_word' id='word_1_490' title='bbox 3537 643 3675 714; x_wconf 86' lang='lat' dir='ltr'><strong>Quid</strong></span> 
     </span>
    </p>
   </div>
   <div class='ocr_carea' id='block_1_65' title="bbox 2108 725 3685 806">
    <p class='ocr_par' dir='ltr' id='par_1_65' title="bbox 2108 725 3685 806">
     <span class='ocr_line' id='line_1_66' title="bbox 2108 725 3685 806; baseline 0.009 -28"><span class='ocrx_word' id='word_1_491' title='bbox 2108 738 2236 792; x_wconf 81' lang='lat' dir='ltr'><strong>ergo</strong></span> <span class='ocrx_word' id='word_1_492' title='bbox 2263 725 2480 792; x_wconf 78' lang='lat' dir='ltr'><strong>interest</strong></span> <span class='ocrx_word' id='word_1_493' title='bbox 2507 728 2645 783; x_wconf 90' lang='lat' dir='ltr'><strong>inter</strong></span> <span class='ocrx_word' id='word_1_494' title='bbox 2679 745 2976 799; x_wconf 90' lang='lat' dir='ltr'><strong>pressuram</strong></span> <span class='ocrx_word' id='word_1_495' title='bbox 3000 741 3052 788; x_wconf 90' lang='lat' dir='ltr'><strong>et</strong></span> <span class='ocrx_word' id='word_1_496' title='bbox 3077 734 3425 789; x_wconf 81' lang='lat' dir='ltr'><strong>scandalum?</strong></span> <span class='ocrx_word' id='word_1_497' title='bbox 3448 735 3504 790; x_wconf 91' lang='lat' dir='ltr'><strong>ln</strong></span> <span class='ocrx_word' id='word_1_498' title='bbox 3535 751 3685 806; x_wconf 85' lang='lat' dir='ltr'><strong>pres-</strong></span> 
     </span>
    </p>
   </div>
   <div class='ocr_carea' id='block_1_66' title="bbox 2106 818 3679 898">
    <p class='ocr_par' dir='ltr' id='par_1_66' title="bbox 2106 818 3679 898">
     <span class='ocr_line' id='line_1_67' title="bbox 2106 818 3679 898; baseline 0.01 -30"><span class='ocrx_word' id='word_1_499' title='bbox 2106 829 2226 869; x_wconf 84' lang='lat' dir='ltr'><strong>sura</strong></span> <span class='ocrx_word' id='word_1_500' title='bbox 2263 818 2483 886; x_wconf 85' lang='lat' dir='ltr'><strong>parabas</strong></span> <span class='ocrx_word' id='word_1_501' title='bbox 2509 835 2722 876; x_wconf 79' lang='lat' dir='ltr'><strong>servare</strong></span> <span class='ocrx_word' id='word_1_502' title='bbox 2744 824 3071 893; x_wconf 88' lang='lat' dir='ltr'><strong>patientiam,</strong></span> <span class='ocrx_word' id='word_1_503' title='bbox 3100 835 3281 882; x_wconf 87' lang='lat' dir='ltr'><strong>tenere</strong></span> <span class='ocrx_word' id='word_1_504' title='bbox 3305 829 3679 898; x_wconf 88' lang='lat' dir='ltr'><strong>constantiam,</strong></span> 
     </span>
    </p>
   </div>
   <div class='ocr_carea' id='block_1_67' title="bbox 2107 909 3684 988">
    <p class='ocr_par' dir='ltr' id='par_1_67' title="bbox 2107 909 3684 988">
     <span class='ocr_line' id='line_1_68' title="bbox 2107 909 3684 988; baseline 0.011 -28"><span class='ocrx_word' id='word_1_505' title='bbox 2107 922 2212 961; x_wconf 84' lang='lat' dir='ltr'><strong>non</strong></span> <span class='ocrx_word' id='word_1_506' title='bbox 2240 909 2538 980; x_wconf 86' lang='lat' dir='ltr'><strong>relinquere</strong></span> <span class='ocrx_word' id='word_1_507' title='bbox 2565 911 2746 980; x_wconf 84' lang='lat' dir='ltr'><strong>fidem,</strong></span> <span class='ocrx_word' id='word_1_508' title='bbox 2771 929 2876 970; x_wconf 91' lang='lat' dir='ltr'><strong>non</strong></span> <span class='ocrx_word' id='word_1_509' title='bbox 2903 919 3202 974; x_wconf 86' lang='lat' dir='ltr'><strong>consentire</strong></span> <span class='ocrx_word' id='word_1_510' title='bbox 3225 930 3460 988; x_wconf 85' lang='lat' dir='ltr'><strong>peccato.</strong></span> <span class='ocrx_word' id='word_1_511' title='bbox 3493 921 3606 976; x_wconf 85' lang='lat' dir='ltr'><strong>Hoc</strong></span> <span class='ocrx_word' id='word_1_512' title='bbox 3635 921 3684 978; x_wconf 83' lang='lat' dir='ltr'><strong>si</strong></span> 
     </span>
    </p>
   </div>
   <div class='ocr_carea' id='block_1_68' title="bbox 2105 1007 3684 1080">
    <p class='ocr_par' dir='ltr' id='par_1_68' title="bbox 2105 1007 3684 1080">
     <span class='ocr_line' id='line_1_69' title="bbox 2105 1007 3684 1080; baseline 0.009 -25"><span class='ocrx_word' id='word_1_513' title='bbox 2105 1014 2307 1067; x_wconf 85' lang='lat' dir='ltr'><strong>servas,</strong></span> <span class='ocrx_word' id='word_1_514' title='bbox 2351 1012 2442 1058; x_wconf 89' lang='lat' dir='ltr'><strong>aut</strong></span> <span class='ocrx_word' id='word_1_515' title='bbox 2486 1007 2530 1059; x_wconf 92' lang='lat' dir='ltr'><strong>si</strong></span> <span class='ocrx_word' id='word_1_516' title='bbox 2570 1008 2903 1076; x_wconf 87' lang='lat' dir='ltr'><strong>servaveris,</strong></span> <span class='ocrx_word' id='word_1_517' title='bbox 2957 1025 3204 1080; x_wconf 85' lang='lat' dir='ltr'><strong>pressura</strong></span> <span class='ocrx_word' id='word_1_518' title='bbox 3245 1013 3339 1068; x_wconf 88' lang='lat' dir='ltr'><strong>tibi</strong></span> <span class='ocrx_word' id='word_1_519' title='bbox 3379 1014 3531 1068; x_wconf 88' lang='lat' dir='ltr'><strong>ruina</strong></span> <span class='ocrx_word' id='word_1_520' title='bbox 3574 1029 3684 1070; x_wconf 89' lang='lat' dir='ltr'><strong>non</strong></span> 
     </span>
    </p>
   </div>
   <div class='ocr_carea' id='block_1_69' title="bbox 2105 1097 3686 1176">
    <p class='ocr_par' dir='ltr' id='par_1_69' title="bbox 2105 1097 3686 1176">
     <span class='ocr_line' id='line_1_70' title="bbox 2105 1097 3686 1176; baseline 0.008 -28"><span class='ocrx_word' id='word_1_521' title='bbox 2105 1097 2209 1149; x_wconf 90' lang='lat' dir='ltr'><strong>erit</strong></span> <span class='ocrx_word' id='word_1_522' title='bbox 2241 1114 2256 1150; x_wconf 87' lang='lat'>:</span> <span class='ocrx_word' id='word_1_523' title='bbox 2289 1097 2380 1152; x_wconf 85' lang='lat' dir='ltr'><strong>sed</strong></span> <span class='ocrx_word' id='word_1_524' title='bbox 2410 1098 2475 1151; x_wconf 89' lang='lat' dir='ltr'><strong>ad</strong></span> <span class='ocrx_word' id='word_1_525' title='bbox 2515 1099 2617 1154; x_wconf 86' lang='lat' dir='ltr'><strong>hoc</strong></span> <span class='ocrx_word' id='word_1_526' title='bbox 2644 1101 2837 1156; x_wconf 88' lang='lat' dir='ltr'><strong>valebit</strong></span> <span class='ocrx_word' id='word_1_527' title='bbox 2861 1102 2946 1156; x_wconf 89' lang='lat' dir='ltr'><strong>illa</strong></span> <span class='ocrx_word' id='word_1_528' title='bbox 2975 1117 3244 1172; x_wconf 86' lang='lat' dir='ltr'><strong>pressura,</strong></span> <span class='ocrx_word' id='word_1_529' title='bbox 3272 1103 3339 1159; x_wconf 90' lang='lat' dir='ltr'><strong>ad</strong></span> <span class='ocrx_word' id='word_1_530' title='bbox 3368 1105 3510 1176; x_wconf 91' lang='lat' dir='ltr'><strong>quod</strong></span> <span class='ocrx_word' id='word_1_531' title='bbox 3538 1105 3686 1162; x_wconf 88' lang='lat' dir='ltr'><strong>valet</strong></span> 
     </span>
    </p>
   </div>
   <div class='ocr_carea' id='block_1_70' title="bbox 2107 1187 3680 1264">
    <p class='ocr_par' dir='ltr' id='par_1_70' title="bbox 2107 1187 3680 1264">
     <span class='ocr_line' id='line_1_71' title="bbox 2107 1187 3680 1264; baseline 0.009 -23"><span class='ocrx_word' id='word_1_532' title='bbox 2107 1187 2160 1241; x_wconf 89' lang='lat' dir='ltr'><strong>in</strong></span> <span class='ocrx_word' id='word_1_533' title='bbox 2185 1190 2427 1244; x_wconf 90' lang='lat' dir='ltr'><strong>torculari</strong></span> <span class='ocrx_word' id='word_1_534' title='bbox 2450 1234 2462 1255; x_wconf 97' lang='lat'><strong>,</strong></span> <span class='ocrx_word' id='word_1_535' title='bbox 2499 1207 2600 1246; x_wconf 89' lang='lat' dir='ltr'><strong>non</strong></span> <span class='ocrx_word' id='word_1_536' title='bbox 2643 1203 2699 1247; x_wconf 91' lang='lat' dir='ltr'><strong>ut</strong></span> <span class='ocrx_word' id='word_1_537' title='bbox 2736 1195 2870 1250; x_wconf 87' lang='lat' dir='ltr'><strong>oliva</strong></span> <span class='ocrx_word' id='word_1_538' title='bbox 2909 1196 3262 1264; x_wconf 89' lang='lat' dir='ltr'><strong>opprimatur,</strong></span> <span class='ocrx_word' id='word_1_539' title='bbox 3294 1197 3388 1252; x_wconf 89' lang='lat' dir='ltr'><strong>sed</strong></span> <span class='ocrx_word' id='word_1_540' title='bbox 3418 1206 3476 1252; x_wconf 90' lang='lat' dir='ltr'><strong>ut</strong></span> <span class='ocrx_word' id='word_1_541' title='bbox 3495 1199 3680 1256; x_wconf 90' lang='lat' dir='ltr'><strong>oleum</strong></span> 
     </span>
    </p>
   </div>
   <div class='ocr_carea' id='block_1_71' title="bbox 2106 1279 3681 1356">
    <p class='ocr_par' dir='ltr' id='par_1_71' title="bbox 2106 1279 3681 1356">
     <span class='ocr_line' id='line_1_72' title="bbox 2106 1279 3681 1356; baseline 0.009 -24"><span class='ocrx_word' id='word_1_542' title='bbox 2106 1279 2352 1348; x_wconf 71' lang='lat' dir='ltr'><strong>lique-tur.</strong></span> <span class='ocrx_word' id='word_1_543' title='bbox 2380 1283 2614 1352; x_wconf 89' lang='lat' dir='ltr'><strong>Denique</strong></span> <span class='ocrx_word' id='word_1_544' title='bbox 2636 1285 2682 1338; x_wconf 90' lang='lat' dir='ltr'><strong>si</strong></span> <span class='ocrx_word' id='word_1_545' title='bbox 2701 1286 2754 1340; x_wconf 91' lang='lat' dir='ltr'><strong>in</strong></span> <span class='ocrx_word' id='word_1_546' title='bbox 2781 1286 2875 1339; x_wconf 90' lang='lat' dir='ltr'><strong>ista</strong></span> <span class='ocrx_word' id='word_1_547' title='bbox 2899 1301 3146 1356; x_wconf 88' lang='lat' dir='ltr'><strong>pressura</strong></span> <span class='ocrx_word' id='word_1_548' title='bbox 3171 1288 3353 1344; x_wconf 89' lang='lat' dir='ltr'><strong>laudes</strong></span> <span class='ocrx_word' id='word_1_549' title='bbox 3382 1289 3489 1344; x_wconf 89' lang='lat' dir='ltr'><strong>Deo</strong></span> <span class='ocrx_word' id='word_1_550' title='bbox 3511 1290 3681 1356; x_wconf 85' lang='lat' dir='ltr'><strong>dicas,</strong></span> 
     </span>
    </p>
   </div>
   <div class='ocr_carea' id='block_1_72' title="bbox 2105 1371 3686 1448">
    <p class='ocr_par' dir='ltr' id='par_1_72' title="bbox 2105 1371 3686 1448">
     <span class='ocr_line' id='line_1_73' title="bbox 2105 1371 3686 1448; baseline 0.011 -28"><span class='ocrx_word' id='word_1_551' title='bbox 2105 1383 2261 1436; x_wconf 87' lang='lat' dir='ltr'><strong>quam</strong></span> <span class='ocrx_word' id='word_1_552' title='bbox 2290 1371 2417 1425; x_wconf 90' lang='lat' dir='ltr'><strong>utile</strong></span> <span class='ocrx_word' id='word_1_553' title='bbox 2447 1374 2651 1442; x_wconf 91' lang='lat' dir='ltr'><strong>prelum</strong></span> <span class='ocrx_word' id='word_1_554' title='bbox 2672 1418 2686 1441; x_wconf 95' lang='lat'><strong>,</strong></span> <span class='ocrx_word' id='word_1_555' title='bbox 2714 1377 2853 1430; x_wconf 88' lang='lat' dir='ltr'><strong>unde</strong></span> <span class='ocrx_word' id='word_1_556' title='bbox 2891 1393 2918 1430; x_wconf 90' lang='lat' dir='ltr'><strong>a</strong></span> <span class='ocrx_word' id='word_1_557' title='bbox 2953 1386 3001 1432; x_wconf 92' lang='lat' dir='ltr'><strong>te</strong></span> <span class='ocrx_word' id='word_1_558' title='bbox 3030 1379 3200 1448; x_wconf 81' lang='lat' dir='ltr'><strong>liquor</strong></span> <span class='ocrx_word' id='word_1_559' title='bbox 3227 1381 3482 1435; x_wconf 87' lang='lat' dir='ltr'><strong>emanat?</strong></span> <span class='ocrx_word' id='word_1_560' title='bbox 3509 1380 3686 1438; x_wconf 86' lang='lat' dir='ltr'><strong>Sede-</strong></span> 
     </span>
    </p>
   </div>
   <div class='ocr_carea' id='block_1_73' title="bbox 2107 1459 3690 1544">
    <p class='ocr_par' dir='ltr' id='par_1_73' title="bbox 2107 1459 3690 1544">
     <span class='ocr_line' id='line_1_74' title="bbox 2107 1459 3690 1544; baseline 0.009 -32"><span class='ocrx_word' id='word_1_561' title='bbox 2107 1459 2230 1514; x_wconf 85' lang='lat' dir='ltr'><strong>bant</strong></span> <span class='ocrx_word' id='word_1_562' title='bbox 2252 1461 2303 1513; x_wconf 92' lang='lat' dir='ltr'><strong>in</strong></span> <span class='ocrx_word' id='word_1_563' title='bbox 2326 1476 2575 1531; x_wconf 88' lang='lat' dir='ltr'><strong>pressura</strong></span> <span class='ocrx_word' id='word_1_564' title='bbox 2599 1465 2835 1534; x_wconf 85' lang='lat' dir='ltr'><strong>Apostoli</strong></span> <span class='ocrx_word' id='word_1_565' title='bbox 2873 1469 3122 1536; x_wconf 86' lang='lat' dir='ltr'><strong>catenati,</strong></span> <span class='ocrx_word' id='word_1_566' title='bbox 3153 1478 3310 1539; x_wconf 85' lang='lat' dir='ltr'><strong>atque</strong></span> <span class='ocrx_word' id='word_1_567' title='bbox 3337 1471 3390 1524; x_wconf 92' lang='lat' dir='ltr'><strong>in</strong></span> <span class='ocrx_word' id='word_1_568' title='bbox 3417 1471 3502 1525; x_wconf 90' lang='lat' dir='ltr'><strong>illa</strong></span> <span class='ocrx_word' id='word_1_569' title='bbox 3534 1487 3690 1544; x_wconf 86' lang='lat' dir='ltr'><strong>pres-</strong></span> 
     </span>
    </p>
   </div>
   <div class='ocr_carea' id='block_1_74' title="bbox 2105 1556 3690 1632">
    <p class='ocr_par' dir='ltr' id='par_1_74' title="bbox 2105 1556 3690 1632">
     <span class='ocr_line' id='line_1_75' title="bbox 2105 1556 3690 1632; baseline 0.007 -25"><span class='ocrx_word' id='word_1_570' title='bbox 2105 1567 2226 1607; x_wconf 89' lang='lat' dir='ltr'><strong>sura</strong></span> <span class='ocrx_word' id='word_1_571' title='bbox 2267 1556 2548 1610; x_wconf 82' lang='lat' dir='ltr'><strong>cantabant</strong></span> <span class='ocrx_word' id='word_1_572' title='bbox 2593 1556 2848 1628; x_wconf 89' lang='lat' dir='ltr'><strong>hymnum</strong></span> <span class='ocrx_word' id='word_1_573' title='bbox 2903 1560 3011 1614; x_wconf 90' lang='lat' dir='ltr'><strong>Deo</strong></span> <span class='ocrx_word' id='word_1_574' title='bbox 3061 1563 3101 1613; x_wconf 81' lang='grc'><strong>².</strong></span> <span class='ocrx_word' id='word_1_575' title='bbox 3139 1561 3275 1628; x_wconf 87' lang='lat' dir='ltr'><strong>Quid</strong></span> <span class='ocrx_word' id='word_1_576' title='bbox 3304 1564 3690 1632; x_wconf 80' lang='lat' dir='ltr'><strong>premebatur?</strong></span> 
     </span>
    </p>
   </div>
   <div class='ocr_carea' id='block_1_75' title="bbox 2104 1645 3692 1724">
    <p class='ocr_par' dir='ltr' id='par_1_75' title="bbox 2104 1645 3692 1724">
     <span class='ocr_line' id='line_1_76' title="bbox 2104 1645 3692 1724; baseline 0.009 -27"><span class='ocrx_word' id='word_1_577' title='bbox 2104 1645 2228 1714; x_wconf 90' lang='lat' dir='ltr'><strong>quid</strong></span> <span class='ocrx_word' id='word_1_578' title='bbox 2267 1646 2636 1716; x_wconf 82' lang='lat' dir='ltr'><strong>eliquabatur?</strong></span> <span class='ocrx_word' id='word_1_579' title='bbox 2673 1648 2901 1706; x_wconf 87' lang='lat' dir='ltr'><strong>Sedebat</strong></span> <span class='ocrx_word' id='word_1_580' title='bbox 2939 1651 3038 1706; x_wconf 89' lang='lat' dir='ltr'><strong>sub</strong></span> <span class='ocrx_word' id='word_1_581' title='bbox 3077 1668 3265 1722; x_wconf 88' lang='lat' dir='ltr'><strong>magna</strong></span> <span class='ocrx_word' id='word_1_582' title='bbox 3308 1669 3554 1724; x_wconf 88' lang='lat' dir='ltr'><strong>pressura</strong></span> <span class='ocrx_word' id='word_1_583' title='bbox 3583 1655 3692 1711; x_wconf 87' lang='lat' dir='ltr'><strong>Job</strong></span> 
     </span>
    </p>
   </div>
   <div class='ocr_carea' id='block_1_76' title="bbox 2105 1737 3688 1813">
    <p class='ocr_par' dir='ltr' id='par_1_76' title="bbox 2105 1737 3688 1813">
     <span class='ocr_line' id='line_1_77' title="bbox 2105 1737 3688 1813; baseline 0.007 -22"><span class='ocrx_word' id='word_1_584' title='bbox 2105 1737 2156 1791; x_wconf 93' lang='lat' dir='ltr'><strong>in</strong></span> <span class='ocrx_word' id='word_1_585' title='bbox 2175 1747 2429 1805; x_wconf 86' lang='lat' dir='ltr'><strong>stercore,</strong></span> <span class='ocrx_word' id='word_1_586' title='bbox 2447 1739 2618 1809; x_wconf 88' lang='lat' dir='ltr'><strong>inops,</strong></span> <span class='ocrx_word' id='word_1_587' title='bbox 2634 1741 2748 1796; x_wconf 91' lang='lat' dir='ltr'><strong>sine</strong></span> <span class='ocrx_word' id='word_1_588' title='bbox 2765 1757 2887 1812; x_wconf 82' lang='lat' dir='ltr'><strong>Ope,</strong></span> <span class='ocrx_word' id='word_1_589' title='bbox 2906 1743 3021 1798; x_wconf 89' lang='lat' dir='ltr'><strong>sine</strong></span> <span class='ocrx_word' id='word_1_590' title='bbox 3046 1745 3359 1812; x_wconf 76' lang='lat' dir='ltr'><strong>substantia,</strong></span> <span class='ocrx_word' id='word_1_591' title='bbox 3381 1745 3496 1801; x_wconf 89' lang='lat' dir='ltr'><strong>sine</strong></span> <span class='ocrx_word' id='word_1_592' title='bbox 3521 1747 3647 1801; x_wconf 81' lang='lat' dir='ltr'><strong>ﬁliis</strong></span> <span class='ocrx_word' id='word_1_593' title='bbox 3670 1765 3688 1813; x_wconf 89' lang='lat'><strong>;</strong></span> 
     </span>
    </p>
   </div>
   <div class='ocr_carea' id='block_1_77' title="bbox 2105 1830 3693 1908">
    <p class='ocr_par' dir='ltr' id='par_1_77' title="bbox 2105 1830 3693 1908">
     <span class='ocr_line' id='line_1_78' title="bbox 2105 1830 3693 1908; baseline 0.009 -26"><span class='ocrx_word' id='word_1_594' title='bbox 2105 1830 2292 1898; x_wconf 90' lang='lat' dir='ltr'><strong>plenus</strong></span> <span class='ocrx_word' id='word_1_595' title='bbox 2316 1873 2330 1895; x_wconf 94' lang='lat'><strong>,</strong></span> <span class='ocrx_word' id='word_1_596' title='bbox 2387 1832 2479 1886; x_wconf 91' lang='lat' dir='ltr'><strong>sed</strong></span> <span class='ocrx_word' id='word_1_597' title='bbox 2517 1836 2784 1890; x_wconf 91' lang='lat' dir='ltr'><strong>vermibus</strong></span> <span class='ocrx_word' id='word_1_598' title='bbox 2807 1878 2821 1901; x_wconf 92' lang='lat'><strong>,</strong></span> <span class='ocrx_word' id='word_1_599' title='bbox 2871 1837 3010 1907; x_wconf 83' lang='lat' dir='ltr'><strong>quod</strong></span> <span class='ocrx_word' id='word_1_600' title='bbox 3051 1839 3260 1908; x_wconf 88' lang='lat' dir='ltr'><strong>quidem</strong></span> <span class='ocrx_word' id='word_1_601' title='bbox 3310 1839 3374 1894; x_wconf 89' lang='lat' dir='ltr'><strong>ad</strong></span> <span class='ocrx_word' id='word_1_602' title='bbox 3412 1840 3693 1897; x_wconf 89' lang='lat' dir='ltr'><strong>hominem</strong></span> 
     </span>
    </p>
   </div>
   <div class='ocr_carea' id='block_1_78' title="bbox 2103 1923 3693 2003">
    <p class='ocr_par' dir='ltr' id='par_1_78' title="bbox 2103 1923 3693 2003">
     <span class='ocr_line' id='line_1_79' title="bbox 2103 1923 3693 2003; baseline 0.009 -28"><span class='ocrx_word' id='word_1_603' title='bbox 2103 1923 2334 1992; x_wconf 88' lang='lat' dir='ltr'><strong>pertinet</strong></span> <span class='ocrx_word' id='word_1_604' title='bbox 2377 1928 2714 1982; x_wconf 75' lang='lat' dir='ltr'><strong>exteriorem.</strong></span> <span class='ocrx_word' id='word_1_605' title='bbox 2752 1928 2855 1984; x_wconf 88' lang='lat' dir='ltr'><strong>Sed</strong></span> <span class='ocrx_word' id='word_1_606' title='bbox 2899 1932 3024 2000; x_wconf 89' lang='lat' dir='ltr'><strong>quia</strong></span> <span class='ocrx_word' id='word_1_607' title='bbox 3071 1941 3125 1985; x_wconf 92' lang='lat' dir='ltr'><strong>et</strong></span> <span class='ocrx_word' id='word_1_608' title='bbox 3163 1932 3302 1986; x_wconf 87' lang='lat' dir='ltr'><strong>intus</strong></span> <span class='ocrx_word' id='word_1_609' title='bbox 3343 1933 3452 1987; x_wconf 89' lang='lat' dir='ltr'><strong>Dco</strong></span> <span class='ocrx_word' id='word_1_610' title='bbox 3493 1935 3693 2003; x_wconf 90' lang='lat' dir='ltr'><strong>plenus</strong></span> 
     </span>
    </p>
   </div>
   <div class='ocr_carea' id='block_1_79' title="bbox 2105 2017 3694 2092">
    <p class='ocr_par' dir='ltr' id='par_1_79' title="bbox 2105 2017 3694 2092">
     <span class='ocr_line' id='line_1_80' title="bbox 2105 2017 3694 2092; baseline 0.008 -23"><span class='ocrx_word' id='word_1_611' title='bbox 2105 2024 2244 2079; x_wconf 89' lang='lat' dir='ltr'><strong>erat,</strong></span> <span class='ocrx_word' id='word_1_612' title='bbox 2291 2017 2540 2072; x_wconf 86' lang='lat' dir='ltr'><strong>laudabat</strong></span> <span class='ocrx_word' id='word_1_613' title='bbox 2573 2020 2738 2074; x_wconf 90' lang='lat' dir='ltr'><strong>Deum</strong></span> <span class='ocrx_word' id='word_1_614' title='bbox 2761 2062 2774 2085; x_wconf 97' lang='lat'><strong>,</strong></span> <span class='ocrx_word' id='word_1_615' title='bbox 2817 2029 2870 2076; x_wconf 90' lang='lat' dir='ltr'><strong>et</strong></span> <span class='ocrx_word' id='word_1_616' title='bbox 2908 2037 3153 2092; x_wconf 82' lang='lat' dir='ltr'><strong>pressura</strong></span> <span class='ocrx_word' id='word_1_617' title='bbox 3197 2024 3286 2078; x_wconf 90' lang='lat' dir='ltr'><strong>illa</strong></span> <span class='ocrx_word' id='word_1_618' title='bbox 3327 2040 3430 2078; x_wconf 91' lang='lat' dir='ltr'><strong>non</strong></span> <span class='ocrx_word' id='word_1_619' title='bbox 3465 2025 3538 2079; x_wconf 90' lang='lat' dir='ltr'><strong>illi</strong></span> <span class='ocrx_word' id='word_1_620' title='bbox 3569 2035 3694 2081; x_wconf 86' lang='lat' dir='ltr'><strong>erat</strong></span> 
     </span>
    </p>
   </div>
   <div class='ocr_carea' id='block_1_80' title="bbox 2104 2106 3694 2182">
    <p class='ocr_par' dir='ltr' id='par_1_80' title="bbox 2104 2106 3694 2182">
     <span class='ocr_line' id='line_1_81' title="bbox 2104 2106 3694 2182; baseline 0.008 -22"><span class='ocrx_word' id='word_1_621' title='bbox 2104 2106 2434 2162; x_wconf 89' lang='lat' dir='ltr'><strong>scandalum.</strong></span> <span class='ocrx_word' id='word_1_622' title='bbox 2468 2108 2568 2164; x_wconf 90' lang='lat' dir='ltr'><strong>Ubi</strong></span> <span class='ocrx_word' id='word_1_623' title='bbox 2601 2127 2727 2180; x_wconf 84' lang='lat' dir='ltr'><strong>ergo</strong></span> <span class='ocrx_word' id='word_1_624' title='bbox 2757 2113 3107 2167; x_wconf 85' lang='lat' dir='ltr'><strong>scandalum?</strong></span> <span class='ocrx_word' id='word_1_625' title='bbox 3131 2114 3352 2182; x_wconf 85' lang='lat' dir='ltr'><strong>Quando</strong></span> <span class='ocrx_word' id='word_1_626' title='bbox 3381 2118 3609 2172; x_wconf 87' lang='lat' dir='ltr'><strong>accessit</strong></span> <span class='ocrx_word' id='word_1_627' title='bbox 3637 2117 3694 2173; x_wconf 89' lang='lat' dir='ltr'><strong>ei</strong></span> 
     </span>
    </p>
   </div>
   <div class='ocr_carea' id='block_1_81' title="bbox 2104 2197 3695 2271">
    <p class='ocr_par' dir='ltr' id='par_1_81' title="bbox 2104 2197 3695 2271">
     <span class='ocr_line' id='line_1_82' title="bbox 2104 2197 3695 2271; baseline 0.009 -22"><span class='ocrx_word' id='word_1_628' title='bbox 2104 2210 2239 2249; x_wconf 86' lang='lat' dir='ltr'><strong>uxor</strong></span> <span class='ocrx_word' id='word_1_629' title='bbox 2273 2197 2314 2263; x_wconf 85' lang='grc'>³,</span> <span class='ocrx_word' id='word_1_630' title='bbox 2345 2208 2400 2253; x_wconf 87' lang='lat' dir='ltr'><strong>et</strong></span> <span class='ocrx_word' id='word_1_631' title='bbox 2433 2200 2527 2264; x_wconf 85' lang='lat' dir='ltr'><strong>ait,</strong></span> <span class='ocrx_word' id='word_1_632' title='bbox 2559 2199 2652 2254; x_wconf 88' lang='lat' dir='ltr'><strong>Dic</strong></span> <span class='ocrx_word' id='word_1_633' title='bbox 2679 2201 2871 2270; x_wconf 80' lang='lat' dir='ltr'><strong>aliquid</strong></span> <span class='ocrx_word' id='word_1_634' title='bbox 2895 2204 2949 2256; x_wconf 87' lang='lat' dir='ltr'><strong>in</strong></span> <span class='ocrx_word' id='word_1_635' title='bbox 2969 2203 3166 2271; x_wconf 81' lang='lat' dir='ltr'><strong>Deum,</strong></span> <span class='ocrx_word' id='word_1_636' title='bbox 3191 2215 3237 2258; x_wconf 87' lang='lat' dir='ltr'><strong>et</strong></span> <span class='ocrx_word' id='word_1_637' title='bbox 3264 2223 3472 2262; x_wconf 84' lang='lat' dir='ltr'><strong>morere.</strong></span> <span class='ocrx_word' id='word_1_638' title='bbox 3500 2208 3695 2264; x_wconf 79' lang='lat' dir='ltr'><strong>Omni-</strong></span> 
     </span>
    </p>
   </div>
   <div class='ocr_carea' id='block_1_82' title="bbox 2105 2284 3694 2360">
    <p class='ocr_par' dir='ltr' id='par_1_82' title="bbox 2105 2284 3694 2360">
     <span class='ocr_line' id='line_1_83' title="bbox 2105 2284 3694 2360; baseline 0.011 -21"><span class='ocrx_word' id='word_1_639' title='bbox 2105 2284 2204 2340; x_wconf 88' lang='lat' dir='ltr'><strong>bus</strong></span> <span class='ocrx_word' id='word_1_640' title='bbox 2233 2289 2426 2358; x_wconf 88' lang='lat' dir='ltr'><strong>quippe</strong></span> <span class='ocrx_word' id='word_1_641' title='bbox 2463 2289 2653 2344; x_wconf 89' lang='lat' dir='ltr'><strong>ablatis</strong></span> <span class='ocrx_word' id='word_1_642' title='bbox 2687 2308 2717 2346; x_wconf 92' lang='lat' dir='ltr'><strong>a</strong></span> <span class='ocrx_word' id='word_1_643' title='bbox 2755 2293 2984 2360; x_wconf 87' lang='lat' dir='ltr'><strong>diabolo,</strong></span> <span class='ocrx_word' id='word_1_644' title='bbox 3016 2297 3304 2352; x_wconf 80' lang='lat' dir='ltr'><strong>exercitato</strong></span> <span class='ocrx_word' id='word_1_645' title='bbox 3335 2298 3442 2353; x_wconf 87' lang='lat' dir='ltr'><strong>Eva</strong></span> <span class='ocrx_word' id='word_1_646' title='bbox 3473 2309 3694 2358; x_wconf 83' lang='lat' dir='ltr'><strong>servata</strong></span> 
     </span>
    </p>
   </div>
   <div class='ocr_carea' id='block_1_83' title="bbox 2105 2382 3692 2453">
    <p class='ocr_par' dir='ltr' id='par_1_83' title="bbox 2105 2382 3692 2453">
     <span class='ocr_line' id='line_1_84' title="bbox 2105 2382 3692 2453; baseline 0.008 -20"><span class='ocrx_word' id='word_1_647' title='bbox 2105 2388 2188 2433; x_wconf 87' lang='lat' dir='ltr'><strong>est</strong></span> <span class='ocrx_word' id='word_1_648' title='bbox 2209 2420 2224 2445; x_wconf 94' lang='lat'><strong>,</strong></span> <span class='ocrx_word' id='word_1_649' title='bbox 2252 2397 2358 2435; x_wconf 88' lang='lat' dir='ltr'><strong>non</strong></span> <span class='ocrx_word' id='word_1_650' title='bbox 2389 2382 2453 2436; x_wconf 92' lang='lat' dir='ltr'><strong>ad</strong></span> <span class='ocrx_word' id='word_1_651' title='bbox 2483 2384 2930 2453; x_wconf 90' lang='lat' dir='ltr'><strong>consolationem,</strong></span> <span class='ocrx_word' id='word_1_652' title='bbox 2969 2388 3060 2442; x_wconf 91' lang='lat' dir='ltr'><strong>scd</strong></span> <span class='ocrx_word' id='word_1_653' title='bbox 3098 2389 3164 2443; x_wconf 91' lang='lat' dir='ltr'><strong>ad</strong></span> <span class='ocrx_word' id='word_1_654' title='bbox 3196 2391 3533 2447; x_wconf 90' lang='lat' dir='ltr'><strong>tentationem</strong></span> <span class='ocrx_word' id='word_1_655' title='bbox 3561 2392 3692 2446; x_wconf 90' lang='lat' dir='ltr'><strong>viri.</strong></span> 
     </span>
    </p>
   </div>
   <div class='ocr_carea' id='block_1_84' title="bbox 2108 2473 3693 2554">
    <p class='ocr_par' dir='ltr' id='par_1_84' title="bbox 2108 2473 3693 2554">
     <span class='ocr_line' id='line_1_85' title="bbox 2108 2473 3693 2554; baseline 0.008 -27"><span class='ocrx_word' id='word_1_656' title='bbox 2108 2473 2246 2529; x_wconf 89' lang='lat' dir='ltr'><strong>Ecce</strong></span> <span class='ocrx_word' id='word_1_657' title='bbox 2296 2475 2384 2530; x_wconf 91' lang='lat' dir='ltr'><strong>ubi</strong></span> <span class='ocrx_word' id='word_1_658' title='bbox 2449 2478 2776 2532; x_wconf 88' lang='lat' dir='ltr'><strong>scandalum.</strong></span> <span class='ocrx_word' id='word_1_659' title='bbox 2833 2479 3180 2550; x_wconf 80' lang='lat' dir='ltr'><strong>Exaggeravit</strong></span> <span class='ocrx_word' id='word_1_660' title='bbox 3233 2484 3474 2540; x_wconf 87' lang='lat' dir='ltr'><strong>miserias</strong></span> <span class='ocrx_word' id='word_1_661' title='bbox 3515 2485 3638 2554; x_wconf 82' lang='lat' dir='ltr'><strong>ejus</strong></span> <span class='ocrx_word' id='word_1_662' title='bbox 3674 2527 3693 2554; x_wconf 96' lang='lat'><strong>,</strong></span> 
     </span>
    </p>
   </div>
   <div class='ocr_carea' id='block_1_85' title="bbox 2107 2568 3694 2646">
    <p class='ocr_par' dir='ltr' id='par_1_85' title="bbox 2107 2568 3694 2646">
     <span class='ocr_line' id='line_1_86' title="bbox 2107 2568 3694 2646; baseline 0.007 -27"><span class='ocrx_word' id='word_1_663' title='bbox 2107 2568 2346 2622; x_wconf 89' lang='lat' dir='ltr'><strong>miserias</strong></span> <span class='ocrx_word' id='word_1_664' title='bbox 2402 2569 2558 2622; x_wconf 89' lang='lat' dir='ltr'><strong>etiam</strong></span> <span class='ocrx_word' id='word_1_665' title='bbox 2612 2585 2733 2624; x_wconf 90' lang='lat' dir='ltr'><strong>suas</strong></span> <span class='ocrx_word' id='word_1_666' title='bbox 2782 2586 2901 2625; x_wconf 92' lang='lat' dir='ltr'><strong>cum</strong></span> <span class='ocrx_word' id='word_1_667' title='bbox 2950 2571 3130 2637; x_wconf 89' lang='lat' dir='ltr'><strong>illius,</strong></span> <span class='ocrx_word' id='word_1_668' title='bbox 3168 2581 3223 2628; x_wconf 91' lang='lat' dir='ltr'><strong>et</strong></span> <span class='ocrx_word' id='word_1_669' title='bbox 3259 2575 3419 2645; x_wconf 72' lang='lat' dir='ltr'><strong>cmpit</strong></span> <span class='ocrx_word' id='word_1_670' title='bbox 3458 2591 3694 2646; x_wconf 84' lang='lat' dir='ltr'><strong>persua-</strong></span> 
     </span>
    </p>
   </div>
   <div class='ocr_carea' id='block_1_86' title="bbox 2106 2661 3696 2739">
    <p class='ocr_par' dir='ltr' id='par_1_86' title="bbox 2106 2661 3696 2739">
     <span class='ocr_line' id='line_1_87' title="bbox 2106 2661 3696 2739; baseline 0.006 -24"><span class='ocrx_word' id='word_1_671' title='bbox 2106 2661 2232 2716; x_wconf 87' lang='lat' dir='ltr'><strong>dere</strong></span> <span class='ocrx_word' id='word_1_672' title='bbox 2261 2662 2662 2732; x_wconf 88' lang='lat' dir='ltr'><strong>blasphemiam.</strong></span> <span class='ocrx_word' id='word_1_673' title='bbox 2705 2664 2785 2718; x_wconf 90' lang='lat' dir='ltr'><strong>llli</strong></span> <span class='ocrx_word' id='word_1_674' title='bbox 2824 2673 3018 2731; x_wconf 89' lang='lat' dir='ltr'><strong>autem,</strong></span> <span class='ocrx_word' id='word_1_675' title='bbox 3061 2667 3149 2736; x_wconf 91' lang='lat' dir='ltr'><strong>qui</strong></span> <span class='ocrx_word' id='word_1_676' title='bbox 3187 2678 3298 2721; x_wconf 88' lang='lat' dir='ltr'><strong>erat</strong></span> <span class='ocrx_word' id='word_1_677' title='bbox 3341 2668 3516 2736; x_wconf 90' lang='lat' dir='ltr'><strong>mitis,</strong></span> <span class='ocrx_word' id='word_1_678' title='bbox 3561 2671 3696 2739; x_wconf 88' lang='lat' dir='ltr'><strong>quia</strong></span> 
     </span>
    </p>
   </div>
   <div class='ocr_carea' id='block_1_87' title="bbox 2107 2757 3696 2829">
    <p class='ocr_par' dir='ltr' id='par_1_87' title="bbox 2107 2757 3696 2829">
     <span class='ocr_line' id='line_1_88' title="bbox 2107 2757 3696 2829; baseline 0.003 -17"><span class='ocrx_word' id='word_1_679' title='bbox 2107 2757 2244 2812; x_wconf 87' lang='lat' dir='ltr'><strong>Deus</strong></span> <span class='ocrx_word' id='word_1_680' title='bbox 2291 2773 2360 2810; x_wconf 83' lang='lat' dir='ltr'><strong>ex</strong></span> <span class='ocrx_word' id='word_1_681' title='bbox 2401 2757 2513 2827; x_wconf 81' lang='lat' dir='ltr'><strong>lege</strong></span> <span class='ocrx_word' id='word_1_682' title='bbox 2550 2773 2644 2811; x_wconf 89' lang='lat' dir='ltr'><strong>sua</strong></span> <span class='ocrx_word' id='word_1_683' title='bbox 2681 2757 2934 2811; x_wconf 86' lang='lat' dir='ltr'><strong>docuerat</strong></span> <span class='ocrx_word' id='word_1_684' title='bbox 2971 2774 3130 2822; x_wconf 90' lang='lat' dir='ltr'><strong>eum,</strong></span> <span class='ocrx_word' id='word_1_685' title='bbox 3182 2768 3235 2814; x_wconf 90' lang='lat' dir='ltr'><strong>ct</strong></span> <span class='ocrx_word' id='word_1_686' title='bbox 3279 2760 3608 2829; x_wconf 81' lang='lat' dir='ltr'><strong>mitigaverat</strong></span> <span class='ocrx_word' id='word_1_687' title='bbox 3662 2777 3696 2817; x_wconf 86' lang='lat' dir='ltr'><strong>a</strong></span> 
     </span>
    </p>
   </div>
   <div class='ocr_carea' id='block_1_88' title="bbox 2109 2850 3696 2923">
    <p class='ocr_par' dir='ltr' id='par_1_88' title="bbox 2109 2850 3696 2923">
     <span class='ocr_line' id='line_1_89' title="bbox 2109 2850 3696 2923; baseline 0.003 -18"><span class='ocrx_word' id='word_1_688' title='bbox 2109 2850 2296 2906; x_wconf 89' lang='lat' dir='ltr'><strong>diebus</strong></span> <span class='ocrx_word' id='word_1_689' title='bbox 2325 2851 2586 2920; x_wconf 83' lang='lat' dir='ltr'><strong>malignis,</strong></span> <span class='ocrx_word' id='word_1_690' title='bbox 2630 2867 2729 2920; x_wconf 85' lang='lat' dir='ltr'><strong>pax</strong></span> <span class='ocrx_word' id='word_1_691' title='bbox 2769 2852 2929 2905; x_wconf 87' lang='lat' dir='ltr'><strong>multa</strong></span> <span class='ocrx_word' id='word_1_692' title='bbox 2969 2861 3081 2905; x_wconf 87' lang='lat' dir='ltr'><strong>erat</strong></span> <span class='ocrx_word' id='word_1_693' title='bbox 3119 2852 3168 2905; x_wconf 91' lang='lat' dir='ltr'><strong>in</strong></span> <span class='ocrx_word' id='word_1_694' title='bbox 3213 2852 3371 2907; x_wconf 89' lang='lat' dir='ltr'><strong>corde</strong></span> <span class='ocrx_word' id='word_1_695' title='bbox 3408 2852 3522 2923; x_wconf 82' lang='lat' dir='ltr'><strong>ejus</strong></span> <span class='ocrx_word' id='word_1_696' title='bbox 3559 2854 3696 2910; x_wconf 89' lang='lat' dir='ltr'><strong>dili-</strong></span> 
     </span>
    </p>
   </div>
   <div class='ocr_carea' id='block_1_89' title="bbox 2104 2945 3696 3015">
    <p class='ocr_par' dir='ltr' id='par_1_89' title="bbox 2104 2945 3696 3015">
     <span class='ocr_line' id='line_1_90' title="bbox 2104 2945 3696 3015; baseline 0.003 -17"><span class='ocrx_word' id='word_1_697' title='bbox 2104 2945 2274 3015; x_wconf 79' lang='lat' dir='ltr'><strong>gentis</strong></span> <span class='ocrx_word' id='word_1_698' title='bbox 2305 2947 2475 3015; x_wconf 86' lang='lat' dir='ltr'><strong>lcgcm</strong></span> <span class='ocrx_word' id='word_1_699' title='bbox 2518 2946 2644 3009; x_wconf 89' lang='lat' dir='ltr'><strong>Dei,</strong></span> <span class='ocrx_word' id='word_1_700' title='bbox 2687 2955 2741 2999; x_wconf 88' lang='lat' dir='ltr'><strong>et</strong></span> <span class='ocrx_word' id='word_1_701' title='bbox 2781 2961 2884 3000; x_wconf 88' lang='lat' dir='ltr'><strong>non</strong></span> <span class='ocrx_word' id='word_1_702' title='bbox 2931 2955 3046 2999; x_wconf 89' lang='lat' dir='ltr'><strong>erat</strong></span> <span class='ocrx_word' id='word_1_703' title='bbox 3090 2946 3162 2998; x_wconf 92' lang='lat' dir='ltr'><strong>illi</strong></span> <span class='ocrx_word' id='word_1_704' title='bbox 3209 2947 3536 3002; x_wconf 84' lang='lat' dir='ltr'><strong>scandalum.</strong></span> <span class='ocrx_word' id='word_1_705' title='bbox 3591 2948 3696 3003; x_wconf 85' lang='lat' dir='ltr'><strong>Illa</strong></span> 
     </span>
    </p>
   </div>
   <div class='ocr_carea' id='block_1_90' title="bbox 2105 3035 3694 3106">
    <p class='ocr_par' dir='ltr' id='par_1_90' title="bbox 2105 3035 3694 3106">
     <span class='ocr_line' id='line_1_91' title="bbox 2105 3035 3694 3106; baseline 0.001 -16"><span class='ocrx_word' id='word_1_706' title='bbox 2105 3035 2412 3090; x_wconf 88' lang='lat' dir='ltr'><strong>scandalum</strong></span> <span class='ocrx_word' id='word_1_707' title='bbox 2440 3045 2573 3101; x_wconf 89' lang='lat' dir='ltr'><strong>erat,</strong></span> <span class='ocrx_word' id='word_1_708' title='bbox 2597 3036 2689 3089; x_wconf 82' lang='lat' dir='ltr'><strong>sed</strong></span> <span class='ocrx_word' id='word_1_709' title='bbox 2713 3035 2782 3088; x_wconf 89' lang='lat' dir='ltr'><strong>illi</strong></span> <span class='ocrx_word' id='word_1_710' title='bbox 2808 3051 2908 3089; x_wconf 88' lang='lat' dir='ltr'><strong>non</strong></span> <span class='ocrx_word' id='word_1_711' title='bbox 2931 3045 3062 3090; x_wconf 88' lang='lat' dir='ltr'><strong>erat.</strong></span> <span class='ocrx_word' id='word_1_712' title='bbox 3086 3035 3321 3106; x_wconf 87' lang='lat' dir='ltr'><strong>Denique</strong></span> <span class='ocrx_word' id='word_1_713' title='bbox 3344 3037 3460 3092; x_wconf 80' lang='lat' dir='ltr'><strong>vide</strong></span> <span class='ocrx_word' id='word_1_714' title='bbox 3477 3038 3694 3102; x_wconf 88' lang='lat' dir='ltr'><strong>mitem,</strong></span> 
     </span>
    </p>
   </div>
   <div class='ocr_carea' id='block_1_91' title="bbox 2106 3125 3692 3197">
    <p class='ocr_par' dir='ltr' id='par_1_91' title="bbox 2106 3125 3692 3197">
     <span class='ocr_line' id='line_1_92' title="bbox 2106 3125 3692 3197; baseline 0.001 -16"><span class='ocrx_word' id='word_1_715' title='bbox 2106 3125 2230 3182; x_wconf 90' lang='lat' dir='ltr'><strong>vide</strong></span> <span class='ocrx_word' id='word_1_716' title='bbox 2282 3126 2544 3181; x_wconf 88' lang='lat' dir='ltr'><strong>eruditum</strong></span> <span class='ocrx_word' id='word_1_717' title='bbox 2596 3128 2646 3179; x_wconf 94' lang='lat' dir='ltr'><strong>in</strong></span> <span class='ocrx_word' id='word_1_718' title='bbox 2696 3126 2810 3196; x_wconf 85' lang='lat' dir='ltr'><strong>lege</strong></span> <span class='ocrx_word' id='word_1_719' title='bbox 2849 3127 2970 3191; x_wconf 89' lang='lat' dir='ltr'><strong>Dei,</strong></span> <span class='ocrx_word' id='word_1_720' title='bbox 3012 3127 3126 3197; x_wconf 86' lang='lat' dir='ltr'><strong>lege</strong></span> <span class='ocrx_word' id='word_1_721' title='bbox 3170 3128 3262 3182; x_wconf 87' lang='lat' dir='ltr'><strong>Dei</strong></span> <span class='ocrx_word' id='word_1_722' title='bbox 3303 3127 3420 3182; x_wconf 89' lang='lat' dir='ltr'><strong>dico</strong></span> <span class='ocrx_word' id='word_1_723' title='bbox 3460 3137 3692 3182; x_wconf 69' lang='lat' dir='ltr'><strong>acterna.</strong></span> 
     </span>
    </p>
   </div>
   <div class='ocr_carea' id='block_1_92' title="bbox 2103 3218 3698 3276">
    <p class='ocr_par' dir='ltr' id='par_1_92' title="bbox 2103 3218 3698 3276">
     <span class='ocr_line' id='line_1_93' title="bbox 2103 3218 3698 3276; baseline 0.003 -4"><span class='ocrx_word' id='word_1_724' title='bbox 2103 3218 2235 3272; x_wconf 88' lang='lat' dir='ltr'><strong>Nam</strong></span> <span class='ocrx_word' id='word_1_725' title='bbox 2263 3219 2343 3273; x_wconf 85' lang='lat' dir='ltr'><strong>lex</strong></span> <span class='ocrx_word' id='word_1_726' title='bbox 2376 3218 2460 3272; x_wconf 85' lang='lat' dir='ltr'><strong>illa</strong></span> <span class='ocrx_word' id='word_1_727' title='bbox 2493 3219 2542 3272; x_wconf 93' lang='lat' dir='ltr'><strong>in</strong></span> <span class='ocrx_word' id='word_1_728' title='bbox 2573 3218 2764 3272; x_wconf 87' lang='lat' dir='ltr'><strong>tabulis</strong></span> <span class='ocrx_word' id='word_1_729' title='bbox 2790 3219 2908 3272; x_wconf 87' lang='lat' dir='ltr'><strong>data</strong></span> <span class='ocrx_word' id='word_1_730' title='bbox 2939 3219 3134 3274; x_wconf 58' lang='lat' dir='ltr'><strong>ludatis</strong></span> <span class='ocrx_word' id='word_1_731' title='bbox 3158 3219 3387 3276; x_wconf 89' lang='lat' dir='ltr'><strong>nondum</strong></span> <span class='ocrx_word' id='word_1_732' title='bbox 3411 3229 3524 3276; x_wconf 89' lang='lat' dir='ltr'><strong>erat</strong></span> <span class='ocrx_word' id='word_1_733' title='bbox 3551 3230 3698 3276; x_wconf 89' lang='lat' dir='ltr'><strong>tem-</strong></span> 
     </span>
    </p>
   </div>
   <div class='ocr_carea' id='block_1_93' title="bbox 2105 3310 3697 3381">
    <p class='ocr_par' dir='ltr' id='par_1_93' title="bbox 2105 3310 3697 3381">
     <span class='ocr_line' id='line_1_94' title="bbox 2105 3310 3697 3381; baseline 0.003 -16"><span class='ocrx_word' id='word_1_734' title='bbox 2105 3311 2322 3381; x_wconf 89' lang='lat' dir='ltr'><strong>poribus</strong></span> <span class='ocrx_word' id='word_1_735' title='bbox 2346 3310 2466 3376; x_wconf 87' lang='lat' dir='ltr'><strong>Job,</strong></span> <span class='ocrx_word' id='word_1_736' title='bbox 2498 3310 2589 3364; x_wconf 89' lang='lat' dir='ltr'><strong>sed</strong></span> <span class='ocrx_word' id='word_1_737' title='bbox 2621 3311 2867 3366; x_wconf 88' lang='lat' dir='ltr'><strong>manebat</strong></span> <span class='ocrx_word' id='word_1_738' title='bbox 2891 3311 3062 3366; x_wconf 90' lang='lat' dir='ltr'><strong>adhuc</strong></span> <span class='ocrx_word' id='word_1_739' title='bbox 3092 3313 3175 3367; x_wconf 81' lang='lat' dir='ltr'><strong>lex</strong></span> <span class='ocrx_word' id='word_1_740' title='bbox 3208 3311 3230 3343; x_wconf 70' lang='lat'><strong>‘</strong></span> <span class='ocrx_word' id='word_1_741' title='bbox 3256 3323 3452 3368; x_wconf 81' lang='lat' dir='ltr'><strong>aeterna</strong></span> <span class='ocrx_word' id='word_1_742' title='bbox 3481 3314 3530 3368; x_wconf 92' lang='lat' dir='ltr'><strong>in</strong></span> <span class='ocrx_word' id='word_1_743' title='bbox 3561 3329 3697 3370; x_wconf 79' lang='lat' dir='ltr'><strong>cor-</strong></span> 
     </span>
    </p>
   </div>
   <div class='ocr_carea' id='block_1_94' title="bbox 2104 3399 3696 3473">
    <p class='ocr_par' dir='ltr' id='par_1_94' title="bbox 2104 3399 3696 3473">
     <span class='ocr_line' id='line_1_95' title="bbox 2104 3399 3696 3473; baseline 0.004 -19"><span class='ocrx_word' id='word_1_744' title='bbox 2104 3399 2259 3454; x_wconf 91' lang='lat' dir='ltr'><strong>dibus</strong></span> <span class='ocrx_word' id='word_1_745' title='bbox 2287 3401 2513 3469; x_wconf 91' lang='lat' dir='ltr'><strong>piorum,</strong></span> <span class='ocrx_word' id='word_1_746' title='bbox 2538 3400 2677 3454; x_wconf 90' lang='lat' dir='ltr'><strong>unde</strong></span> <span class='ocrx_word' id='word_1_747' title='bbox 2705 3401 2788 3454; x_wconf 92' lang='lat' dir='ltr'><strong>illa</strong></span> <span class='ocrx_word' id='word_1_748' title='bbox 2812 3400 3075 3470; x_wconf 87' lang='lat' dir='ltr'><strong>descripta</strong></span> <span class='ocrx_word' id='word_1_749' title='bbox 3105 3409 3185 3456; x_wconf 90' lang='lat' dir='ltr'><strong>est</strong></span> <span class='ocrx_word' id='word_1_750' title='bbox 3210 3418 3327 3472; x_wconf 68' lang='lat' dir='ltr'><strong>qua:</strong></span> <span class='ocrx_word' id='word_1_751' title='bbox 3350 3403 3545 3473; x_wconf 89' lang='lat' dir='ltr'><strong>populo</strong></span> <span class='ocrx_word' id='word_1_752' title='bbox 3560 3403 3696 3461; x_wconf 86' lang='lat' dir='ltr'><strong>data</strong></span> 
     </span>
    </p>
   </div>
   <div class='ocr_carea' id='block_1_95' title="bbox 2104 3490 3694 3560">
    <p class='ocr_par' dir='ltr' id='par_1_95' title="bbox 2104 3490 3694 3560">
     <span class='ocr_line' id='line_1_96' title="bbox 2104 3490 3694 3560; baseline 0.004 -16"><span class='ocrx_word' id='word_1_753' title='bbox 2104 3499 2204 3544; x_wconf 90' lang='lat' dir='ltr'><strong>est.</strong></span> <span class='ocrx_word' id='word_1_754' title='bbox 2242 3490 2372 3557; x_wconf 87' lang='lat' dir='ltr'><strong>Quia</strong></span> <span class='ocrx_word' id='word_1_755' title='bbox 2400 3505 2525 3560; x_wconf 87' lang='lat' dir='ltr'><strong>ergo</strong></span> <span class='ocrx_word' id='word_1_756' title='bbox 2555 3491 2820 3560; x_wconf 86' lang='lat' dir='ltr'><strong>mitigatus</strong></span> <span class='ocrx_word' id='word_1_757' title='bbox 2853 3501 2967 3546; x_wconf 88' lang='lat' dir='ltr'><strong>erat</strong></span> <span class='ocrx_word' id='word_1_758' title='bbox 3007 3492 3122 3560; x_wconf 84' lang='lat' dir='ltr'><strong>lege</strong></span> <span class='ocrx_word' id='word_1_759' title='bbox 3161 3492 3255 3548; x_wconf 85' lang='lat' dir='ltr'><strong>Dei</strong></span> <span class='ocrx_word' id='word_1_760' title='bbox 3295 3509 3324 3548; x_wconf 89' lang='lat' dir='ltr'><strong>a</strong></span> <span class='ocrx_word' id='word_1_761' title='bbox 3354 3493 3540 3552; x_wconf 87' lang='lat' dir='ltr'><strong>diebus</strong></span> <span class='ocrx_word' id='word_1_762' title='bbox 3566 3512 3694 3552; x_wconf 86' lang='lat' dir='ltr'><strong>ma-</strong></span> 
     </span>
    </p>
   </div>
   <div class='ocr_carea' id='block_1_96' title="bbox 2104 3581 3695 3655">
    <p class='ocr_par' dir='ltr' id='par_1_96' title="bbox 2104 3581 3695 3655">
     <span class='ocr_line' id='line_1_97' title="bbox 2104 3581 3695 3655; baseline 0.006 -21"><span class='ocrx_word' id='word_1_763' title='bbox 2104 3581 2280 3652; x_wconf 85' lang='lat' dir='ltr'><strong>lignis,</strong></span> <span class='ocrx_word' id='word_1_764' title='bbox 2309 3588 2362 3634; x_wconf 89' lang='lat' dir='ltr'><strong>et</strong></span> <span class='ocrx_word' id='word_1_765' title='bbox 2391 3595 2494 3650; x_wconf 86' lang='lat' dir='ltr'><strong>pax</strong></span> <span class='ocrx_word' id='word_1_766' title='bbox 2521 3582 2566 3635; x_wconf 91' lang='lat' dir='ltr'><strong>ei</strong></span> <span class='ocrx_word' id='word_1_767' title='bbox 2600 3583 2760 3636; x_wconf 92' lang='lat' dir='ltr'><strong>multa</strong></span> <span class='ocrx_word' id='word_1_768' title='bbox 2792 3590 2906 3637; x_wconf 88' lang='lat' dir='ltr'><strong>erat</strong></span> <span class='ocrx_word' id='word_1_769' title='bbox 2942 3582 3179 3654; x_wconf 86' lang='lat' dir='ltr'><strong>diligenti</strong></span> <span class='ocrx_word' id='word_1_770' title='bbox 3212 3585 3380 3655; x_wconf 87' lang='lat' dir='ltr'><strong>legem</strong></span> <span class='ocrx_word' id='word_1_771' title='bbox 3411 3586 3525 3653; x_wconf 84' lang='lat' dir='ltr'><strong>Dei,</strong></span> <span class='ocrx_word' id='word_1_772' title='bbox 3561 3587 3695 3644; x_wconf 86' lang='lat' dir='ltr'><strong>vide</strong></span> 
     </span>
    </p>
   </div>
   <div class='ocr_carea' id='block_1_97' title="bbox 2105 3670 3694 3748">
    <p class='ocr_par' dir='ltr' id='par_1_97' title="bbox 2105 3670 3694 3748">
     <span class='ocr_line' id='line_1_98' title="bbox 2105 3670 3694 3748; baseline 0.006 -24"><span class='ocrx_word' id='word_1_773' title='bbox 2105 3686 2263 3741; x_wconf 90' lang='lat' dir='ltr'><strong>quam</strong></span> <span class='ocrx_word' id='word_1_774' title='bbox 2290 3671 2362 3726; x_wconf 90' lang='lat' dir='ltr'><strong>sit</strong></span> <span class='ocrx_word' id='word_1_775' title='bbox 2390 3670 2567 3736; x_wconf 90' lang='lat' dir='ltr'><strong>mitis,</strong></span> <span class='ocrx_word' id='word_1_776' title='bbox 2599 3672 2724 3742; x_wconf 89' lang='lat' dir='ltr'><strong>quid</strong></span> <span class='ocrx_word' id='word_1_777' title='bbox 2756 3673 3058 3743; x_wconf 81' lang='lat' dir='ltr'><strong>respondet.</strong></span> <span class='ocrx_word' id='word_1_778' title='bbox 3093 3674 3187 3729; x_wconf 79' lang='lat' dir='ltr'><strong>llic</strong></span> <span class='ocrx_word' id='word_1_779' title='bbox 3214 3675 3360 3732; x_wconf 91' lang='lat' dir='ltr'><strong>disce</strong></span> <span class='ocrx_word' id='word_1_780' title='bbox 3390 3677 3526 3746; x_wconf 90' lang='lat' dir='ltr'><strong>quod</strong></span> <span class='ocrx_word' id='word_1_781' title='bbox 3556 3693 3694 3748; x_wconf 86' lang='lat' dir='ltr'><strong>pro-</strong></span> 
     </span>
    </p>
   </div>
   <div class='ocr_carea' id='block_1_98' title="bbox 2103 3761 3694 3839">
    <p class='ocr_par' dir='ltr' id='par_1_98' title="bbox 2103 3761 3694 3839">
     <span class='ocr_line' id='line_1_99' title="bbox 2103 3761 3694 3839; baseline 0.007 -25"><span class='ocrx_word' id='word_1_782' title='bbox 2103 3761 2276 3832; x_wconf 89' lang='lat' dir='ltr'><strong>posui,</strong></span> <span class='ocrx_word' id='word_1_783' title='bbox 2309 3764 2399 3830; x_wconf 90' lang='lat' dir='ltr'><strong>qui</strong></span> <span class='ocrx_word' id='word_1_784' title='bbox 2430 3761 2536 3816; x_wconf 89' lang='lat' dir='ltr'><strong>sint</strong></span> <span class='ocrx_word' id='word_1_785' title='bbox 2564 3764 2736 3818; x_wconf 85' lang='lat' dir='ltr'><strong>mites.</strong></span> <span class='ocrx_word' id='word_1_786' title='bbox 2772 3764 2960 3819; x_wconf 85' lang='lat' dir='ltr'><strong>Locuta</strong></span> <span class='ocrx_word' id='word_1_787' title='bbox 2990 3783 3060 3830; x_wconf 89' lang='lat' dir='ltr'><strong>es,</strong></span> <span class='ocrx_word' id='word_1_788' title='bbox 3094 3767 3283 3837; x_wconf 90' lang='lat' dir='ltr'><strong>inquit,</strong></span> <span class='ocrx_word' id='word_1_789' title='bbox 3314 3777 3548 3839; x_wconf 88' lang='lat' dir='ltr'><strong>tanquam</strong></span> <span class='ocrx_word' id='word_1_790' title='bbox 3577 3787 3694 3825; x_wconf 82' lang='lat' dir='ltr'><strong>una</strong></span> 
     </span>
    </p>
   </div>
   <div class='ocr_carea' id='block_1_99' title="bbox 2103 3855 3695 3932">
    <p class='ocr_par' dir='ltr' id='par_1_99' title="bbox 2103 3855 3695 3932">
     <span class='ocr_line' id='line_1_100' title="bbox 2103 3855 3695 3932; baseline 0.006 -23"><span class='ocrx_word' id='word_1_791' title='bbox 2103 3871 2166 3909; x_wconf 76' lang='lat' dir='ltr'><strong>ea:</strong></span> <span class='ocrx_word' id='word_1_792' title='bbox 2189 3855 2534 3926; x_wconf 84' lang='lat' dir='ltr'><strong>insipientibus</strong></span> <span class='ocrx_word' id='word_1_793' title='bbox 2559 3856 2864 3913; x_wconf 87' lang='lat' dir='ltr'><strong>mulieribus.</strong></span> <span class='ocrx_word' id='word_1_794' title='bbox 2891 3857 2950 3914; x_wconf 90' lang='lat' dir='ltr'><strong>Si</strong></span> <span class='ocrx_word' id='word_1_795' title='bbox 2967 3859 3095 3912; x_wconf 88' lang='lat' dir='ltr'><strong>bona</strong></span> <span class='ocrx_word' id='word_1_796' title='bbox 3115 3863 3424 3932; x_wconf 81' lang='lat' dir='ltr'><strong>percepimus</strong></span> <span class='ocrx_word' id='word_1_797' title='bbox 3448 3862 3510 3916; x_wconf 88' lang='lat' dir='ltr'><strong>de</strong></span> <span class='ocrx_word' id='word_1_798' title='bbox 3527 3879 3695 3918; x_wconf 79' lang='lat' dir='ltr'><strong>manu</strong></span> 
     </span>
    </p>
   </div>
   <div class='ocr_carea' id='block_1_100' title="bbox 2102 3944 3437 4023">
    <p class='ocr_par' dir='ltr' id='par_1_100' title="bbox 2102 3944 3437 4023">
     <span class='ocr_line' id='line_1_101' title="bbox 2102 3944 3437 4023; baseline 0.006 -23"><span class='ocrx_word' id='word_1_799' title='bbox 2102 3944 2331 4013; x_wconf 85' lang='lat' dir='ltr'><strong>Domini,</strong></span> <span class='ocrx_word' id='word_1_800' title='bbox 2362 3946 2501 4000; x_wconf 87' lang='lat' dir='ltr'><strong>mala</strong></span> <span class='ocrx_word' id='word_1_801' title='bbox 2527 3965 2625 4002; x_wconf 89' lang='lat' dir='ltr'><strong>non</strong></span> <span class='ocrx_word' id='word_1_802' title='bbox 2654 3950 2950 4004; x_wconf 86' lang='lat' dir='ltr'><strong>sustinemus</strong></span> <span class='ocrx_word' id='word_1_803' title='bbox 2985 3949 3103 4022; x_wconf 85' lang='lat' dir='ltr'><strong>(Job</strong></span> <span class='ocrx_word' id='word_1_804' title='bbox 3133 3968 3187 4018; x_wconf 79' lang='grc' dir='ltr'><strong>ιι,</strong></span> <span class='ocrx_word' id='word_1_805' title='bbox 3220 3952 3273 4018; x_wconf 92' lang='lat'><strong>9,</strong></span> <span class='ocrx_word' id='word_1_806' title='bbox 3306 3951 3437 4023; x_wconf 84' lang='lat' dir='ltr'><strong>l0)?</strong></span> 
     </span>
    </p>
   </div>
   <div class='ocr_carea' id='block_1_101' title="bbox 2173 4039 3688 4112">
    <p class='ocr_par' dir='ltr' id='par_1_101' title="bbox 2173 4039 3688 4112">
     <span class='ocr_line' id='line_1_102' title="bbox 2173 4039 3688 4112; baseline 0.004 -18"><span class='ocrx_word' id='word_1_807' title='bbox 2173 4039 2227 4094; x_wconf 71' lang='grc' dir='ltr'><strong>ὅ.</strong></span> <span class='ocrx_word' id='word_1_808' title='bbox 2261 4039 2410 4094; x_wconf 74' lang='lat' dir='ltr'><strong>Miles</strong></span> <span class='ocrx_word' id='word_1_809' title='bbox 2437 4041 2642 4112; x_wconf 86' lang='lat' dir='ltr'><strong>quinam</strong></span> <span class='ocrx_word' id='word_1_810' title='bbox 2670 4042 2786 4094; x_wconf 88' lang='lat' dir='ltr'><strong>sint.</strong></span> <span class='ocrx_word' id='word_1_811' title='bbox 2820 4041 3043 4097; x_wconf 78' lang='lat' dir='ltr'><strong>Mundus</strong></span> <span class='ocrx_word' id='word_1_812' title='bbox 3071 4041 3227 4098; x_wconf 88' lang='lat' dir='ltr'><strong>bonus</strong></span> <span class='ocrx_word' id='word_1_813' title='bbox 3255 4053 3302 4098; x_wconf 91' lang='lat' dir='ltr'><strong>et</strong></span> <span class='ocrx_word' id='word_1_814' title='bbox 3331 4044 3545 4100; x_wconf 88' lang='lat' dir='ltr'><strong>mundus</strong></span> <span class='ocrx_word' id='word_1_815' title='bbox 3572 4062 3688 4100; x_wconf 87' lang='lat' dir='ltr'><strong>ma-</strong></span> 
     </span>
    </p>
   </div>
   <div class='ocr_carea' id='block_1_102' title="bbox 2103 4132 3696 4206">
    <p class='ocr_par' dir='ltr' id='par_1_102' title="bbox 2103 4132 3696 4206">
     <span class='ocr_line' id='line_1_103' title="bbox 2103 4132 3696 4206; baseline 0.006 -19"><span class='ocrx_word' id='word_1_816' title='bbox 2103 4133 2202 4188; x_wconf 90' lang='lat' dir='ltr'><strong>lus.</strong></span> <span class='ocrx_word' id='word_1_817' title='bbox 2259 4132 2570 4188; x_wconf 84' lang='lat' dir='ltr'><strong>Audivimus</strong></span> <span class='ocrx_word' id='word_1_818' title='bbox 2614 4135 2855 4204; x_wconf 80' lang='lat' dir='ltr'><strong>exemplo</strong></span> <span class='ocrx_word' id='word_1_819' title='bbox 2918 4137 3007 4206; x_wconf 88' lang='lat' dir='ltr'><strong>qui</strong></span> <span class='ocrx_word' id='word_1_820' title='bbox 3063 4137 3167 4192; x_wconf 90' lang='lat' dir='ltr'><strong>sint</strong></span> <span class='ocrx_word' id='word_1_821' title='bbox 3229 4139 3696 4197; x_wconf 81' lang='lat' dir='ltr'><strong>miteszdelinia-</strong></span> 
     </span>
    </p>
   </div>
   <div class='ocr_carea' id='block_1_103' title="bbox 2100 4225 3690 4302">
    <p class='ocr_par' dir='ltr' id='par_1_103' title="bbox 2100 4225 3690 4302">
     <span class='ocr_line' id='line_1_104' title="bbox 2100 4225 3690 4302; baseline 0.008 -24"><span class='ocrx_word' id='word_1_822' title='bbox 2100 4238 2221 4278; x_wconf 92' lang='lat' dir='ltr'><strong>mus</strong></span> <span class='ocrx_word' id='word_1_823' title='bbox 2264 4238 2358 4280; x_wconf 91' lang='lat' dir='ltr'><strong>eos</strong></span> <span class='ocrx_word' id='word_1_824' title='bbox 2393 4225 2591 4291; x_wconf 90' lang='lat' dir='ltr'><strong>verbis,</strong></span> <span class='ocrx_word' id='word_1_825' title='bbox 2620 4226 2663 4280; x_wconf 90' lang='lat' dir='ltr'><strong>si</strong></span> <span class='ocrx_word' id='word_1_826' title='bbox 2694 4241 2988 4295; x_wconf 89' lang='lat' dir='ltr'><strong>possumus.</strong></span> <span class='ocrx_word' id='word_1_827' title='bbox 3034 4227 3184 4284; x_wconf 84' lang='lat' dir='ltr'><strong>Mites</strong></span> <span class='ocrx_word' id='word_1_828' title='bbox 3217 4239 3360 4298; x_wconf 89' lang='lat' dir='ltr'><strong>sunt,</strong></span> <span class='ocrx_word' id='word_1_829' title='bbox 3405 4233 3598 4302; x_wconf 90' lang='lat' dir='ltr'><strong>quibus</strong></span> <span class='ocrx_word' id='word_1_830' title='bbox 3625 4234 3690 4291; x_wconf 90' lang='lat' dir='ltr'><strong>in</strong></span> 
     </span>
    </p>
   </div>
   <div class='ocr_carea' id='block_1_104' title="bbox 2103 4315 3686 4396">
    <p class='ocr_par' dir='ltr' id='par_1_104' title="bbox 2103 4315 3686 4396">
     <span class='ocr_line' id='line_1_105' title="bbox 2103 4315 3686 4396; baseline 0.007 -26"><span class='ocrx_word' id='word_1_831' title='bbox 2103 4315 2256 4370; x_wconf 88' lang='lat' dir='ltr'><strong>factis</strong></span> <span class='ocrx_word' id='word_1_832' title='bbox 2285 4317 2530 4373; x_wconf 90' lang='lat' dir='ltr'><strong>omnibus</strong></span> <span class='ocrx_word' id='word_1_833' title='bbox 2557 4317 2739 4386; x_wconf 89' lang='lat' dir='ltr'><strong>bonis,</strong></span> <span class='ocrx_word' id='word_1_834' title='bbox 2771 4319 2822 4374; x_wconf 92' lang='lat' dir='ltr'><strong>in</strong></span> <span class='ocrx_word' id='word_1_835' title='bbox 2848 4320 3094 4375; x_wconf 90' lang='lat' dir='ltr'><strong>omnibus</strong></span> <span class='ocrx_word' id='word_1_836' title='bbox 3133 4337 3252 4392; x_wconf 83' lang='lat' dir='ltr'><strong>qua:</strong></span> <span class='ocrx_word' id='word_1_837' title='bbox 3279 4323 3413 4380; x_wconf 89' lang='lat' dir='ltr'><strong>bene</strong></span> <span class='ocrx_word' id='word_1_838' title='bbox 3438 4325 3636 4380; x_wconf 84' lang='lat' dir='ltr'><strong>faciunt</strong></span> <span class='ocrx_word' id='word_1_839' title='bbox 3666 4370 3686 4396; x_wconf 92' lang='lat'><strong>,</strong></span> 
     </span>
    </p>
   </div>
   <div class='ocr_carea' id='block_1_105' title="bbox 2103 4409 3684 4486">
    <p class='ocr_par' dir='ltr' id='par_1_105' title="bbox 2103 4409 3684 4486">
     <span class='ocr_line' id='line_1_106' title="bbox 2103 4409 3684 4486; baseline 0.006 -24"><span class='ocrx_word' id='word_1_840' title='bbox 2103 4422 2208 4462; x_wconf 91' lang='lat' dir='ltr'><strong>non</strong></span> <span class='ocrx_word' id='word_1_841' title='bbox 2231 4409 2400 4478; x_wconf 86' lang='lat' dir='ltr'><strong>placet</strong></span> <span class='ocrx_word' id='word_1_842' title='bbox 2425 4409 2524 4464; x_wconf 90' lang='lat' dir='ltr'><strong>nisi</strong></span> <span class='ocrx_word' id='word_1_843' title='bbox 2553 4409 2723 4476; x_wconf 88' lang='lat' dir='ltr'><strong>Deus;</strong></span> <span class='ocrx_word' id='word_1_844' title='bbox 2752 4412 2803 4464; x_wconf 92' lang='lat' dir='ltr'><strong>in</strong></span> <span class='ocrx_word' id='word_1_845' title='bbox 2830 4412 3073 4466; x_wconf 90' lang='lat' dir='ltr'><strong>omnibus</strong></span> <span class='ocrx_word' id='word_1_846' title='bbox 3092 4429 3208 4482; x_wconf 64' lang='lat' dir='ltr'><strong>qua:</strong></span> <span class='ocrx_word' id='word_1_847' title='bbox 3232 4414 3366 4468; x_wconf 89' lang='lat' dir='ltr'><strong>mala</strong></span> <span class='ocrx_word' id='word_1_848' title='bbox 3385 4416 3684 4486; x_wconf 86' lang='lat' dir='ltr'><strong>patiuntur,</strong></span> 
     </span>
    </p>
   </div>
   <div class='ocr_carea' id='block_1_106' title="bbox 2104 4500 3687 4570">
    <p class='ocr_par' dir='ltr' id='par_1_106' title="bbox 2104 4500 3687 4570">
     <span class='ocr_line' id='line_1_107' title="bbox 2104 4500 3687 4570; baseline 0.007 -17"><span class='ocrx_word' id='word_1_849' title='bbox 2104 4513 2210 4554; x_wconf 91' lang='lat' dir='ltr'><strong>non</strong></span> <span class='ocrx_word' id='word_1_850' title='bbox 2237 4500 2482 4570; x_wconf 88' lang='lat' dir='ltr'><strong>displicet</strong></span> <span class='ocrx_word' id='word_1_851' title='bbox 2519 4501 2680 4556; x_wconf 89' lang='lat' dir='ltr'><strong>Deus.</strong></span> <span class='ocrx_word' id='word_1_852' title='bbox 2721 4501 2837 4565; x_wconf 88' lang='lat' dir='ltr'><strong>Eia,</strong></span> <span class='ocrx_word' id='word_1_853' title='bbox 2881 4500 3091 4568; x_wconf 88' lang='lat' dir='ltr'><strong>fratres,</strong></span> <span class='ocrx_word' id='word_1_854' title='bbox 3138 4505 3392 4561; x_wconf 90' lang='lat' dir='ltr'><strong>attendite</strong></span> <span class='ocrx_word' id='word_1_855' title='bbox 3433 4506 3498 4561; x_wconf 90' lang='lat' dir='ltr'><strong>ad</strong></span> <span class='ocrx_word' id='word_1_856' title='bbox 3543 4507 3687 4564; x_wconf 87' lang='lat' dir='ltr'><strong>hanc</strong></span> 
     </span>
    </p>
   </div>
   <div class='ocr_carea' id='block_1_107' title="bbox 2103 4593 3685 4670">
    <p class='ocr_par' dir='ltr' id='par_1_107' title="bbox 2103 4593 3685 4670">
     <span class='ocr_line' id='line_1_108' title="bbox 2103 4593 3685 4670; baseline 0.004 -23"><span class='ocrx_word' id='word_1_857' title='bbox 2103 4593 2360 4662; x_wconf 84' lang='lat' dir='ltr'><strong>regulam,</strong></span> <span class='ocrx_word' id='word_1_858' title='bbox 2384 4593 2449 4647; x_wconf 90' lang='lat' dir='ltr'><strong>ad</strong></span> <span class='ocrx_word' id='word_1_859' title='bbox 2470 4593 2604 4648; x_wconf 90' lang='lat' dir='ltr'><strong>hanc</strong></span> <span class='ocrx_word' id='word_1_860' title='bbox 2627 4609 2895 4660; x_wconf 88' lang='lat' dir='ltr'><strong>normam;</strong></span> <span class='ocrx_word' id='word_1_861' title='bbox 2924 4596 3271 4651; x_wconf 83' lang='lat' dir='ltr'><strong>extendamus</strong></span> <span class='ocrx_word' id='word_1_862' title='bbox 3296 4612 3393 4652; x_wconf 94' lang='lat' dir='ltr'><strong>nos</strong></span> <span class='ocrx_word' id='word_1_863' title='bbox 3418 4598 3483 4653; x_wconf 89' lang='lat' dir='ltr'><strong>ad</strong></span> <span class='ocrx_word' id='word_1_864' title='bbox 3508 4599 3685 4670; x_wconf 82' lang='lat' dir='ltr'><strong>illam,</strong></span> 
     </span>
    </p>
   </div>
   <div class='ocr_carea' id='block_1_108' title="bbox 2104 4687 3684 4762">
    <p class='ocr_par' dir='ltr' id='par_1_108' title="bbox 2104 4687 3684 4762">
     <span class='ocr_line' id='line_1_109' title="bbox 2104 4687 3684 4762; baseline 0.007 -22"><span class='ocrx_word' id='word_1_865' title='bbox 2104 4701 2402 4756; x_wconf 80' lang='lat' dir='ltr'><strong>quaeramus</strong></span> <span class='ocrx_word' id='word_1_866' title='bbox 2441 4687 2846 4753; x_wconf 88' lang='lat' dir='ltr'><strong>incrementum,</strong></span> <span class='ocrx_word' id='word_1_867' title='bbox 2885 4697 2941 4742; x_wconf 89' lang='lat' dir='ltr'><strong>ut</strong></span> <span class='ocrx_word' id='word_1_868' title='bbox 2971 4689 3282 4759; x_wconf 90' lang='lat' dir='ltr'><strong>impleamus</strong></span> <span class='ocrx_word' id='word_1_869' title='bbox 3326 4691 3490 4748; x_wconf 88' lang='lat' dir='ltr'><strong>illam.</strong></span> <span class='ocrx_word' id='word_1_870' title='bbox 3541 4693 3684 4762; x_wconf 65' lang='lat' dir='ltr'><strong>Qui»:</strong></span> 
     </span>
    </p>
   </div>
   <div class='ocr_carea' id='block_1_109' title="bbox 2102 4776 3690 4851">
    <p class='ocr_par' dir='ltr' id='par_1_109' title="bbox 2102 4776 3690 4851">
     <span class='ocr_line' id='line_1_110' title="bbox 2102 4776 3690 4851; baseline 0.006 -18"><span class='ocrx_word' id='word_1_871' title='bbox 2102 4779 2245 4834; x_wconf 89' lang='lat' dir='ltr'><strong>enim</strong></span> <span class='ocrx_word' id='word_1_872' title='bbox 2286 4776 2516 4848; x_wconf 87' lang='lat' dir='ltr'><strong>prodest,</strong></span> <span class='ocrx_word' id='word_1_873' title='bbox 2548 4777 2667 4846; x_wconf 88' lang='lat' dir='ltr'><strong>quia</strong></span> <span class='ocrx_word' id='word_1_874' title='bbox 2699 4777 2992 4846; x_wconf 88' lang='lat' dir='ltr'><strong>plantamus</strong></span> <span class='ocrx_word' id='word_1_875' title='bbox 3018 4789 3068 4836; x_wconf 92' lang='lat' dir='ltr'><strong>et</strong></span> <span class='ocrx_word' id='word_1_876' title='bbox 3099 4781 3356 4851; x_wconf 87' lang='lat' dir='ltr'><strong>rigamus,</strong></span> <span class='ocrx_word' id='word_1_877' title='bbox 3396 4783 3495 4839; x_wconf 90' lang='lat' dir='ltr'><strong>nisi</strong></span> <span class='ocrx_word' id='word_1_878' title='bbox 3539 4785 3690 4842; x_wconf 80' lang='lat' dir='ltr'><strong>Deus</strong></span> 
     </span>
    </p>
   </div>
   <div class='ocr_carea' id='block_1_110' title="bbox 2103 4866 3688 4944">
    <p class='ocr_par' dir='ltr' id='par_1_110' title="bbox 2103 4866 3688 4944">
     <span class='ocr_line' id='line_1_111' title="bbox 2103 4866 3688 4944; baseline 0.003 -21"><span class='ocrx_word' id='word_1_879' title='bbox 2103 4867 2486 4923; x_wconf 88' lang='lat' dir='ltr'><strong>incrementum</strong></span> <span class='ocrx_word' id='word_1_880' title='bbox 2514 4866 2750 4922; x_wconf 79' lang='lat' dir='ltr'><strong>dederit?</strong></span> <span class='ocrx_word' id='word_1_881' title='bbox 2783 4867 2959 4939; x_wconf 86' lang='lat' dir='ltr'><strong>Neque</strong></span> <span class='ocrx_word' id='word_1_882' title='bbox 2985 4870 3072 4939; x_wconf 87' lang='lat' dir='ltr'><strong>qui</strong></span> <span class='ocrx_word' id='word_1_883' title='bbox 3105 4872 3299 4941; x_wconf 84' lang='lat' dir='ltr'><strong>plantat</strong></span> <span class='ocrx_word' id='word_1_884' title='bbox 3338 4883 3411 4927; x_wconf 83' lang='lat' dir='ltr'><strong>est</strong></span> <span class='ocrx_word' id='word_1_885' title='bbox 3447 4875 3640 4944; x_wconf 87' lang='lat' dir='ltr'><strong>aliquid</strong></span> <span class='ocrx_word' id='word_1_886' title='bbox 3666 4914 3688 4943; x_wconf 86' lang='lat'><strong>,</strong></span> 
     </span>
    </p>
   </div>
   <div class='ocr_carea' id='block_1_111' title="bbox 2101 4957 3685 5037">
    <p class='ocr_par' dir='ltr' id='par_1_111' title="bbox 2101 4957 3685 5037">
     <span class='ocr_line' id='line_1_112' title="bbox 2101 4957 3685 5037; baseline 0.004 -24"><span class='ocrx_word' id='word_1_887' title='bbox 2101 4975 2261 5032; x_wconf 87' lang='lat' dir='ltr'><strong>neque</strong></span> <span class='ocrx_word' id='word_1_888' title='bbox 2281 4959 2366 5028; x_wconf 90' lang='lat' dir='ltr'><strong>qui</strong></span> <span class='ocrx_word' id='word_1_889' title='bbox 2399 4959 2564 5029; x_wconf 80' lang='lat' dir='ltr'><strong>rigat;</strong></span> <span class='ocrx_word' id='word_1_890' title='bbox 2589 4957 2678 5012; x_wconf 83' lang='lat' dir='ltr'><strong>sed</strong></span> <span class='ocrx_word' id='word_1_891' title='bbox 2702 4959 2788 5027; x_wconf 92' lang='lat' dir='ltr'><strong>qui</strong></span> <span class='ocrx_word' id='word_1_892' title='bbox 2808 4962 3164 5014; x_wconf 85' lang='lat' dir='ltr'><strong>incrementum</strong></span> <span class='ocrx_word' id='word_1_893' title='bbox 3197 4962 3284 5018; x_wconf 88' lang='lat' dir='ltr'><strong>dat</strong></span> <span class='ocrx_word' id='word_1_894' title='bbox 3321 4962 3456 5018; x_wconf 85' lang='lat' dir='ltr'><strong>Deus</strong></span> <span class='ocrx_word' id='word_1_895' title='bbox 3488 4965 3536 5037; x_wconf 86' lang='grc' dir='ltr'><strong>(Ι</strong></span> <span class='ocrx_word' id='word_1_896' title='bbox 3557 4962 3685 5021; x_wconf 84' lang='lat' dir='ltr'><strong>Cor.</strong></span> 
     </span>
    </p>
   </div>
   <div class='ocr_carea' id='block_1_112' title="bbox 2101 5050 3687 5128">
    <p class='ocr_par' dir='ltr' id='par_1_112' title="bbox 2101 5050 3687 5128">
     <span class='ocr_line' id='line_1_113' title="bbox 2101 5050 3687 5128; baseline 0.005 -21"><span class='ocrx_word' id='word_1_897' title='bbox 2101 5067 2179 5118; x_wconf 77' lang='lat' dir='ltr'><strong>tu,</strong></span> <span class='ocrx_word' id='word_1_898' title='bbox 2213 5052 2291 5121; x_wconf 81' lang='lat'><strong>7).</strong></span> <span class='ocrx_word' id='word_1_899' title='bbox 2319 5051 2476 5117; x_wconf 89' lang='lat' dir='ltr'><strong>Audi,</strong></span> <span class='ocrx_word' id='word_1_900' title='bbox 2517 5050 2606 5119; x_wconf 88' lang='lat' dir='ltr'><strong>qui</strong></span> <span class='ocrx_word' id='word_1_901' title='bbox 2642 5051 2722 5105; x_wconf 90' lang='lat' dir='ltr'><strong>vis</strong></span> <span class='ocrx_word' id='word_1_902' title='bbox 2763 5051 2903 5106; x_wconf 92' lang='lat' dir='ltr'><strong>mitis</strong></span> <span class='ocrx_word' id='word_1_903' title='bbox 2949 5067 3105 5121; x_wconf 86' lang='lat' dir='ltr'><strong>esse,</strong></span> <span class='ocrx_word' id='word_1_904' title='bbox 3151 5055 3240 5126; x_wconf 92' lang='lat' dir='ltr'><strong>qui</strong></span> <span class='ocrx_word' id='word_1_905' title='bbox 3279 5055 3358 5111; x_wconf 92' lang='lat' dir='ltr'><strong>vis</strong></span> <span class='ocrx_word' id='word_1_906' title='bbox 3395 5057 3627 5128; x_wconf 84' lang='lat' dir='ltr'><strong>mitigari</strong></span> <span class='ocrx_word' id='word_1_907' title='bbox 3652 5076 3687 5115; x_wconf 83' lang='lat' dir='ltr'><strong>a</strong></span> 
     </span>
    </p>
   </div>
   <div class='ocr_carea' id='block_1_113' title="bbox 2102 5143 3688 5216">
    <p class='ocr_par' dir='ltr' id='par_1_113' title="bbox 2102 5143 3688 5216">
     <span class='ocr_line' id='line_1_114' title="bbox 2102 5143 3688 5216; baseline 0.006 -16"><span class='ocrx_word' id='word_1_908' title='bbox 2102 5145 2289 5200; x_wconf 90' lang='lat' dir='ltr'><strong>diebus</strong></span> <span class='ocrx_word' id='word_1_909' title='bbox 2320 5144 2560 5214; x_wconf 86' lang='lat' dir='ltr'><strong>malignis</strong></span> <span class='ocrx_word' id='word_1_910' title='bbox 2579 5186 2593 5210; x_wconf 94' lang='lat'><strong>,</strong></span> <span class='ocrx_word' id='word_1_911' title='bbox 2627 5143 2715 5214; x_wconf 92' lang='lat' dir='ltr'><strong>qui</strong></span> <span class='ocrx_word' id='word_1_912' title='bbox 2756 5143 2929 5215; x_wconf 89' lang='lat' dir='ltr'><strong>diligis</strong></span> <span class='ocrx_word' id='word_1_913' title='bbox 2959 5145 3126 5216; x_wconf 85' lang='lat' dir='ltr'><strong>legem</strong></span> <span class='ocrx_word' id='word_1_914' title='bbox 3156 5147 3282 5216; x_wconf 91' lang='lat' dir='ltr'><strong>Dei;</strong></span> <span class='ocrx_word' id='word_1_915' title='bbox 3311 5158 3369 5204; x_wconf 91' lang='lat' dir='ltr'><strong>ut</strong></span> <span class='ocrx_word' id='word_1_916' title='bbox 3395 5167 3498 5204; x_wconf 91' lang='lat' dir='ltr'><strong>non</strong></span> <span class='ocrx_word' id='word_1_917' title='bbox 3529 5151 3600 5206; x_wconf 91' lang='lat' dir='ltr'><strong>sit</strong></span> <span class='ocrx_word' id='word_1_918' title='bbox 3627 5152 3688 5209; x_wconf 80' lang='lat' dir='ltr'><strong>in</strong></span> 
     </span>
    </p>
   </div>
   <div class='ocr_carea' id='block_1_114' title="bbox 2103 5235 3687 5310">
    <p class='ocr_par' dir='ltr' id='par_1_114' title="bbox 2103 5235 3687 5310">
     <span class='ocr_line' id='line_1_115' title="bbox 2103 5235 3687 5310; baseline 0.005 -21"><span class='ocrx_word' id='word_1_919' title='bbox 2103 5243 2156 5289; x_wconf 89' lang='lat' dir='ltr'><strong>te</strong></span> <span class='ocrx_word' id='word_1_920' title='bbox 2180 5235 2516 5298; x_wconf 88' lang='lat' dir='ltr'><strong>scandalum,</strong></span> <span class='ocrx_word' id='word_1_921' title='bbox 2544 5243 2598 5290; x_wconf 88' lang='lat' dir='ltr'><strong>et</strong></span> <span class='ocrx_word' id='word_1_922' title='bbox 2623 5235 2691 5288; x_wconf 92' lang='lat' dir='ltr'><strong>sit</strong></span> <span class='ocrx_word' id='word_1_923' title='bbox 2719 5235 2811 5289; x_wconf 90' lang='lat' dir='ltr'><strong>tibi</strong></span> <span class='ocrx_word' id='word_1_924' title='bbox 2840 5252 2938 5306; x_wconf 82' lang='lat' dir='ltr'><strong>pax</strong></span> <span class='ocrx_word' id='word_1_925' title='bbox 2969 5238 3162 5305; x_wconf 89' lang='lat' dir='ltr'><strong>multa,</strong></span> <span class='ocrx_word' id='word_1_926' title='bbox 3195 5249 3252 5293; x_wconf 94' lang='lat' dir='ltr'><strong>ut</strong></span> <span class='ocrx_word' id='word_1_927' title='bbox 3276 5241 3544 5310; x_wconf 86' lang='lat' dir='ltr'><strong>possideas</strong></span> <span class='ocrx_word' id='word_1_928' title='bbox 3574 5253 3687 5297; x_wconf 87' lang='lat' dir='ltr'><strong>ter-</strong></span> 
     </span>
    </p>
   </div>
   <div class='ocr_carea' id='block_1_115' title="bbox 2102 5325 3683 5402">
    <p class='ocr_par' dir='ltr' id='par_1_115' title="bbox 2102 5325 3683 5402">
     <span class='ocr_line' id='line_1_116' title="bbox 2102 5325 3683 5402; baseline 0.006 -22"><span class='ocrx_word' id='word_1_929' title='bbox 2102 5339 2235 5389; x_wconf 85' lang='lat' dir='ltr'><strong>ram,</strong></span> <span class='ocrx_word' id='word_1_930' title='bbox 2267 5335 2320 5380; x_wconf 90' lang='lat' dir='ltr'><strong>et</strong></span> <span class='ocrx_word' id='word_1_931' title='bbox 2348 5325 2626 5380; x_wconf 88' lang='lat' dir='ltr'><strong>delecteris</strong></span> <span class='ocrx_word' id='word_1_932' title='bbox 2655 5325 2708 5378; x_wconf 88' lang='lat' dir='ltr'><strong>in</strong></span> <span class='ocrx_word' id='word_1_933' title='bbox 2739 5327 3071 5382; x_wconf 90' lang='lat' dir='ltr'><strong>multitudine</strong></span> <span class='ocrx_word' id='word_1_934' title='bbox 3102 5330 3281 5400; x_wconf 89' lang='lat' dir='ltr'><strong>pacis:</strong></span> <span class='ocrx_word' id='word_1_935' title='bbox 3308 5331 3449 5397; x_wconf 90' lang='lat' dir='ltr'><strong>audi,</strong></span> <span class='ocrx_word' id='word_1_936' title='bbox 3479 5331 3568 5402; x_wconf 86' lang='lat' dir='ltr'><strong>qui</strong></span> <span class='ocrx_word' id='word_1_937' title='bbox 3600 5333 3683 5389; x_wconf 86' lang='lat' dir='ltr'><strong>vis</strong></span> 
     </span>
    </p>
   </div>
   <div class='ocr_carea' id='block_1_116' title="bbox 2103 5417 3683 5493">
    <p class='ocr_par' dir='ltr' id='par_1_116' title="bbox 2103 5417 3683 5493">
     <span class='ocr_line' id='line_1_117' title="bbox 2103 5417 3683 5493; baseline 0.006 -21"><span class='ocrx_word' id='word_1_938' title='bbox 2103 5417 2247 5472; x_wconf 91' lang='lat' dir='ltr'><strong>mitis</strong></span> <span class='ocrx_word' id='word_1_939' title='bbox 2271 5433 2408 5472; x_wconf 88' lang='lat' dir='ltr'><strong>esse.</strong></span> <span class='ocrx_word' id='word_1_940' title='bbox 2442 5417 2706 5488; x_wconf 90' lang='lat' dir='ltr'><strong>Quidquid</strong></span> <span class='ocrx_word' id='word_1_941' title='bbox 2730 5418 2852 5474; x_wconf 87' lang='lat' dir='ltr'><strong>boni</strong></span> <span class='ocrx_word' id='word_1_942' title='bbox 2876 5419 3026 5489; x_wconf 85' lang='lat' dir='ltr'><strong>facis,</strong></span> <span class='ocrx_word' id='word_1_943' title='bbox 3050 5436 3153 5476; x_wconf 90' lang='lat' dir='ltr'><strong>non</strong></span> <span class='ocrx_word' id='word_1_944' title='bbox 3176 5422 3266 5476; x_wconf 89' lang='lat' dir='ltr'><strong>tibi</strong></span> <span class='ocrx_word' id='word_1_945' title='bbox 3295 5425 3520 5493; x_wconf 90' lang='lat' dir='ltr'><strong>placeas.</strong></span> <span class='ocrx_word' id='word_1_946' title='bbox 3537 5425 3683 5484; x_wconf 75' lang='lat' dir='ltr'><strong>Deus</strong></span> 
     </span>
    </p>
   </div>
   <div class='ocr_carea' id='block_1_117' title="bbox 2166 5523 3678 5594">
    <p class='ocr_par' dir='ltr' id='par_1_117' title="bbox 2166 5523 3678 5594">
     <span class='ocr_line' id='line_1_118' title="bbox 2166 5523 3678 5594; baseline 0.009 -24"><span class='ocrx_word' id='word_1_947' title='bbox 2166 5523 2186 5594; x_wconf 64' lang='grc' dir='ltr'><strong>ξ</strong></span> <span class='ocrx_word' id='word_1_948' title='bbox 2209 5524 2280 5594; x_wconf 77' lang='lat' dir='ltr'><strong>sic</strong></span> <span class='ocrx_word' id='word_1_949' title='bbox 2301 5529 2406 5572; x_wconf 66' lang='lat' dir='ltr'><strong>Mss.</strong></span> <span class='ocrx_word' id='word_1_950' title='bbox 2434 5524 2664 5594; x_wconf 7' lang='lat' dir='ltr'><strong>Atgsirm,</strong></span> <span class='ocrx_word' id='word_1_951' title='bbox 2687 5525 2973 5594; x_wconf 70' lang='lat' dir='ltr'><strong>scandalum</strong></span> <span class='ocrx_word' id='word_1_952' title='bbox 2995 5540 3133 5594; x_wconf 75' lang='lat' dir='ltr'><strong>caue,</strong></span> <span class='ocrx_word' id='word_1_953' title='bbox 3173 5542 3265 5579; x_wconf 89' lang='lat' dir='ltr'><strong>non</strong></span> <span class='ocrx_word' id='word_1_954' title='bbox 3287 5529 3410 5581; x_wconf 81' lang='lat' dir='ltr'><strong>valet</strong></span> <span class='ocrx_word' id='word_1_955' title='bbox 3430 5544 3678 5594; x_wconf 86' lang='lat' dir='ltr'><strong>pressura.</strong></span> 
     </span>
    </p>
   </div>
   <div class='ocr_carea' id='block_1_118' title="bbox 2165 5584 3681 5659">
    <p class='ocr_par' dir='ltr' id='par_1_118' title="bbox 2165 5584 3681 5659">
     <span class='ocr_line' id='line_1_119' title="bbox 2165 5584 3681 5659; baseline 0.009 -27"><span class='ocrx_word' id='word_1_956' title='bbox 2165 5586 2187 5616; x_wconf 79' lang='grc'>³</span> <span class='ocrx_word' id='word_1_957' title='bbox 2207 5587 2365 5659; x_wconf 53' lang='lat' dir='ltr'><strong>sint},</strong></span> <span class='ocrx_word' id='word_1_958' title='bbox 2389 5584 2642 5636; x_wconf 71' lang='lat' dir='ltr'><strong>undabant</strong></span> <span class='ocrx_word' id='word_1_959' title='bbox 2679 5585 2729 5636; x_wconf 85' lang='lat' dir='ltr'><strong>in</strong></span> <span class='ocrx_word' id='word_1_960' title='bbox 2754 5596 2922 5638; x_wconf 75' lang='lat' dir='ltr'><strong>Deum.</strong></span> <span class='ocrx_word' id='word_1_961' title='bbox 2953 5584 3128 5639; x_wconf 80' lang='lat' dir='ltr'><strong>Melius</strong></span> <span class='ocrx_word' id='word_1_962' title='bbox 3147 5597 3274 5654; x_wconf 66' lang='lat' dir='ltr'><strong>Mss,</strong></span> <span class='ocrx_word' id='word_1_963' title='bbox 3299 5584 3552 5644; x_wconf 65' lang='lat' dir='ltr'><strong>contribam</strong></span> <span class='ocrx_word' id='word_1_964' title='bbox 3587 5594 3681 5659; x_wconf 77' lang='lat' dir='ltr'><strong>Ity-</strong></span> 
     </span>
    </p>
   </div>
   <div class='ocr_carea' id='block_1_119' title="bbox 2165 5655 3188 5772">
    <p class='ocr_par' dir='ltr' id='par_1_119' title="bbox 2165 5655 3188 5772">
     <span class='ocr_line' id='line_1_120' title="bbox 2165 5655 3188 5772; baseline 0.01 -16"><span class='ocrx_word' id='word_1_965' title='bbox 2165 5655 2505 5772; x_wconf 48' lang='lat' dir='ltr'><strong>ruciilbtgtinus</strong></span> <span class='ocrx_word' id='word_1_966' title='bbox 2527 5714 2627 5769; x_wconf 77' lang='lat' dir='ltr'><strong>Ms.,</strong></span> <span class='ocrx_word' id='word_1_967' title='bbox 2651 5711 2843 5772; x_wconf 87' lang='lat' dir='ltr'><strong>quando</strong></span> <span class='ocrx_word' id='word_1_968' title='bbox 2861 5712 3056 5764; x_wconf 84' lang='lat' dir='ltr'><strong>accessit</strong></span> <span class='ocrx_word' id='word_1_969' title='bbox 3079 5724 3188 5766; x_wconf 77' lang='lat' dir='ltr'><strong>Eva.</strong></span> 
     </span>
    </p>
   </div>
   <div class='ocr_carea' id='block_1_120' title="bbox 2163 5769 3673 5844">
    <p class='ocr_par' dir='ltr' id='par_1_120' title="bbox 2163 5769 3673 5844">
     <span class='ocr_line' id='line_1_121' title="bbox 2163 5769 3673 5844; baseline 0.017 -31"><span class='ocrx_word' id='word_1_970' title='bbox 2163 5774 2187 5810; x_wconf 70' lang='grc' dir='ltr'><strong>ι</strong></span> <span class='ocrx_word' id='word_1_971' title='bbox 2208 5773 2282 5822; x_wconf 84' lang='lat' dir='ltr'><strong>sic</strong></span> <span class='ocrx_word' id='word_1_972' title='bbox 2298 5769 2601 5828; x_wconf 80' lang='lat' dir='ltr'><strong>colbertinus</strong></span> <span class='ocrx_word' id='word_1_973' title='bbox 2610 5769 2688 5824; x_wconf 77' lang='lat' dir='ltr'><strong>Ms.</strong></span> <span class='ocrx_word' id='word_1_974' title='bbox 2711 5775 2928 5830; x_wconf 64' lang='lat' dir='ltr'><strong>usum.</strong></span> <span class='ocrx_word' id='word_1_975' title='bbox 2942 5777 3028 5827; x_wconf 82' lang='lat' dir='ltr'><strong>sed</strong></span> <span class='ocrx_word' id='word_1_976' title='bbox 3042 5779 3262 5832; x_wconf 69' lang='lat' dir='ltr'><strong>marcebat</strong></span> <span class='ocrx_word' id='word_1_977' title='bbox 3270 5781 3401 5844; x_wconf 82' lang='lat' dir='ltr'><strong>apud</strong></span> <span class='ocrx_word' id='word_1_978' title='bbox 3413 5789 3565 5836; x_wconf 78' lang='lat' dir='ltr'><strong>Dawn</strong></span> <span class='ocrx_word' id='word_1_979' title='bbox 3574 5780 3673 5844; x_wconf 62' lang='lat' dir='ltr'><strong>les;</strong></span> 
     </span>
    </p>
   </div>
  </div>
