4032 6332
247 239 345 294 501

247 358 391 416 enim
435 352 682 425 superbis
719 351 938 417 resistit,
978 347 1263 403 humilibus
1285 351 1460 400 autem
1489 340 1584 404 dat
1600 341 1826 414 gratiam

255 447 458 522 (Jacobi
497 462 572 512 ιν,
613 445 691 515 6).
737 444 879 513 Ergo
923 439 1175 512 quidquid
1223 438 1348 493 boni
1391 436 1556 503 facis,
1599 449 1702 504 non
1737 432 1828 522 tibi

251 521 457 611 placeat
497 535 598 591 nisi
636 534 815 589 Deus:
848 530 1102 603 quidquid
1146 529 1271 584 mali
1318 527 1514 598 pateris
1537 569 1553 594 ,
1593 541 1696 580 non
1737 521 1831 577 tibi

250 633 533 704 displiceat
575 629 733 683 Deus.
765 620 902 696 Quid
941 623 1126 696 plura?
1155 624 1266 678 Hoc
1293 621 1410 688 fac,
1439 628 1492 676 et
1517 620 1682 674 vives.
1714 616 1830 671 Non

251 735 306 780 te
342 723 706 780 absorbebunt
750 720 864 775 dies
901 719 1149 788 maligni;
1190 715 1382 772 evades
1410 715 1427 746 ¹
1457 711 1596 784 quod
1635 710 1832 764 dictum

251 826 356 885 est,
396 816 488 871 νω
513 816 704 870 mundo
732 814 794 868 ab
817 811 1090 868 scandalis.
1121 810 1217 866 Cui
1248 807 1444 863 mundo
1471 807 1612 861 enim
1648 803 1734 858 Va:
1771 801 1833 854 ab

251 909 533 971 modulis,
566 907 668 963 nisi
693 907 760 961 de
786 921 888 976 quo
917 905 1113 958 dictum
1141 909 1240 965 est,
1265 899 1333 953 Et
1359 897 1574 952 mundus
1600 911 1712 950 eum
1734 909 1836 946 non

253 1002 485 1073 cognovit
516 999 691 1072 (Joan.
721 1015 760 1066 t,
797 997 910 1068 10)?
928 997 1043 1052 Non
1072 995 1150 1051 illi
1176 993 1393 1060 mundo,
1419 991 1487 1046 de
1513 1005 1616 1060 quo
1638 988 1835 1042 dictum

261 1103 374 1160 est,
428 1093 566 1147 Deus
610 1101 714 1146 erat
748 1092 802 1145 in
844 1089 1041 1145 Christo
1081 1088 1322 1143 mundum
1366 1082 1694 1138 reconcilians
1745 1078 1837 1132 sibi

259 1184 339 1258 (ll
367 1183 488 1238 Cor.
516 1200 570 1251 v,
602 1184 713 1253 l9).
742 1181 965 1237 Mundus
988 1181 1175 1245 malus,
1200 1177 1426 1232 mundus
1451 1175 1620 1229 bonus
1648 1190 1659 1225 :
1685 1186 1839 1224 mun-

258 1276 356 1332 dus
387 1277 581 1342 malus,
611 1290 796 1330 onines
818 1275 869 1328 in
893 1273 1090 1328 mundo
1119 1271 1276 1336 mali;
1306 1278 1360 1324 et
1392 1267 1620 1324 mundus
1640 1265 1832 1330 bonus,

259 1384 448 1424 omnes
477 1369 529 1424 in
561 1369 759 1422 mundo
798 1368 936 1422 boni.
977 1368 1127 1422 Sicut
1166 1364 1486 1432 attendimus
1530 1361 1841 1431 plerumque

264 1475 466 1531 agrum.
507 1461 702 1515 Plenus
738 1469 818 1514 est
857 1475 986 1531 ager
1021 1460 1118 1515 iste
1164 1476 1178 1513 :
1217 1473 1320 1529 quo
1369 1453 1579 1509 fructu?
1621 1451 1838 1505 Tritiao.

265 1553 502 1624 Itemque
527 1554 771 1621 dicimus,
805 1563 858 1609 et
902 1569 1083 1608 verum
1115 1552 1359 1617 dicimus,
1391 1549 1586 1603 Plenus
1611 1553 1692 1600 est
1716 1545 1768 1621 ri
1784 1559 1843 1598 er

266 1645 364 1700 iste
391 1647 562 1715 palea.
606 1647 779 1700 Arbor
806 1655 922 1713 est,
973 1646 1125 1715 plena
1171 1652 1251 1698 est
1280 1642 1470 1696 fructu.
1497 1639 1647 1694 Alter
1673 1637 1799 1691 dicit
1825 1676 1842 1702 ,

266 1739 426 1794 Plena
455 1749 538 1794 est
567 1737 723 1792 foliis.
754 1740 817 1793 Et
845 1739 930 1807 qui
961 1739 1107 1802 dicit,
1136 1737 1296 1791 Plena
1322 1742 1404 1789 est
1440 1733 1630 1798 fructu,
1661 1742 1842 1783 verum

267 1832 389 1886 dicit
420 1850 433 1884 :
466 1840 520 1886 et
550 1832 636 1900 qui
664 1831 810 1894 dicit,
840 1831 998 1885 Plena
1039 1839 1120 1884 est
1159 1829 1316 1892 foliis,
1347 1841 1528 1880 verum
1554 1823 1697 1877 dicit.
1735 1819 1843 1874 Nec

268 1900 540 1992 [denitudo
569 1923 810 1976 foliorum
841 1922 1058 1976 abstulit
1099 1920 1284 1974 fructui
1321 1920 1513 1982 locum,
1544 1930 1640 1969 nec
1670 1912 1844 1984 pleni-

269 2015 394 2082 tudo
409 2014 678 2069 fructuum
702 2016 906 2069 turbam
929 2015 1129 2083 expulit
1146 2013 1409 2066 foliorum.
1439 2010 1671 2079 Utroque
1692 2008 1846 2077 plena

269 2116 348 2159 est
378 2123 390 2158 :
421 2105 515 2159 sed
541 2105 680 2158 aliud
707 2087 895 2174 quairit
918 2111 1127 2168 ventus,
1154 2101 1294 2156 aliud
1324 2101 1494 2156 cultor
1519 2098 1736 2168 colligit.
1759 2095 1847 2150 Sic

271 2211 417 2266 ergo,
450 2211 570 2251 cum
597 2196 771 2261 audis,
798 2194 888 2249 γω
909 2196 1097 2248 mundo
1123 2194 1184 2246 ab
1210 2193 1482 2258 scandulis,
1507 2191 1613 2246 noli
1635 2188 1842 2254 terreri;

272 2288 432 2358 dilige
462 2289 635 2358 legem
663 2289 778 2354 Dei',
810 2304 917 2342 non
949 2287 1038 2341 tibi
1071 2287 1172 2342 erit
1200 2285 1528 2340 scandalum.

311 2383 392 2435 ‘4.
445 2380 758 2435 Scantiniam
812 2384 873 2434 ab
912 2380 1077 2444 oculo,
1113 2396 1144 2432 a
1178 2395 1328 2432 manu
1376 2387 1421 2431 et
1475 2394 1504 2428 α
1547 2375 1688 2446 pede.
1735 2373 1843 2429 Sed

271 2475 500 2529 occurrit
529 2489 678 2538 uxor,
724 2475 903 2528 nescio
941 2472 1065 2542 quid
1110 2471 1231 2524 mali
1281 2468 1622 2539 persuadens.
1665 2467 1847 2536 Diligis

271 2581 409 2630 eam,
451 2566 586 2618 sicut
620 2574 831 2634 oportet
872 2562 1016 2633 diligi
1061 2577 1280 2615 uxorem
1314 2578 1326 2614 :
1359 2561 1654 2614 membrum
1702 2568 1848 2612 tuum

271 2667 371 2711 est.
417 2655 524 2711 Sed
568 2657 613 2709 si
655 2657 828 2710 oculus
869 2665 982 2707 tuus
1024 2653 1332 2707 scandalizat
1363 2661 1437 2717 te,
1477 2651 1521 2704 si
1559 2665 1738 2702 manus
1765 2658 1852 2701 tua

272 2750 582 2802 scandalizat
603 2757 666 2814 te,
695 2748 740 2801 si
765 2743 988 2818 pes‘tuus
1017 2745 1326 2799 scandalizat
1363 2753 1439 2810 te,
1469 2741 1627 2795 modo
1658 2739 1852 2795 audisti

275 2842 614 2912 Evangelium
637 2883 652 2909 ,
704 2849 912 2911 amputa
942 2882 956 2907 ,
1003 2838 1192 2909 projice
1230 2835 1317 2889 abs
1355 2847 1420 2890 te.
1461 2833 1706 2906 Quisquis
1757 2833 1852 2888 tibi

274 2939 467 2994 cbarus
495 2946 581 2993 est
607 2979 620 3002 ,
666 2937 905 3007 quisquis
953 2935 1044 2988 tibi
1089 2949 1183 3002 pro
1228 2945 1418 3002 magno
1450 2930 1670 2984 habetur
1696 2944 1724 2984 a
1754 2937 1802 2982 te
1831 2967 1849 2996 ,

275 3029 472 3083 tamdiu
498 3042 718 3096 magnus
736 3028 804 3080 sit
825 3029 866 3093 ’,
893 3025 1089 3079 tamdiu
1111 3023 1364 3077 dilectum
1387 3022 1680 3076 metnbrum
1707 3031 1851 3076 tuum

275 3121 359 3184 sit,
391 3120 646 3190 quamdiu
680 3133 787 3174 non
826 3118 1048 3187 coeperit
1089 3114 1467 3178 scandalizare,
1509 3113 1561 3168 id
1593 3123 1691 3178 est,
1728 3111 1853 3172 mali

277 3215 470 3284 aliquid
496 3214 742 3268 suadere.
775 3213 966 3267 Audite
989 3211 1110 3281 quia
1132 3209 1233 3264 hoc
1255 3217 1334 3264 est
1359 3207 1686 3264 scandalum.
1706 3205 1853 3260 Con-
1877 3268 1887 3288 γ

276 3307 541 3360 stitnimus
571 3305 872 3375 exemplum
919 3303 986 3357 de
1030 3302 1129 3357 Job
1177 3313 1230 3356 et
1265 3315 1426 3356 uxore
1471 3298 1585 3369 ejus
1615 3316 1627 3352 :
1661 3298 1754 3354 sed
1783 3298 1853 3352 ibi

276 3414 375 3452 non
420 3405 504 3452 est
532 3397 860 3451 nominatum
905 3394 1230 3452 scandalum.
1277 3391 1414 3446 Audi
1464 3389 1849 3460 Evangelium:

278 3489 534 3544 Dominus
575 3503 694 3544 cum
726 3488 790 3542 de
831 3489 1077 3557 passione
1126 3500 1218 3539 sua
1267 3483 1609 3554 przedicaret,
1664 3482 1854 3536 Petrus

276 3581 434 3652 caspit
475 3581 548 3634 illi
591 3580 814 3636 suadere
852 3593 920 3635 ne
959 3587 1242 3648 pateretur.
1274 3574 1405 3630 Redi
1435 3585 1587 3640 retro,
1614 3582 1852 3639 satanas,

275 3673 571 3728 scandalum
611 3673 734 3725 mihi
781 3688 851 3739 es.
904 3673 1126 3725 Prorsus
1175 3668 1354 3724 docuit
1383 3676 1434 3722 te
1464 3667 1736 3733 Dominus,
1765 3665 1855 3737 qui

277 3763 369 3817 tibi
399 3762 602 3817 vivendi
619 3762 921 3831 exemplum
947 3760 1190 3830 praebuit,
1215 3767 1266 3814 et
1287 3758 1411 3832 quid
1436 3758 1505 3813 sit
1525 3757 1851 3822 scandalum,

277 3864 329 3912 et
352 3856 621 3926 quomodo
651 3865 899 3910 caveatur
939 3853 1268 3909 scandalum.
1317 3853 1414 3908 Cui
1456 3852 1662 3906 dixerat
1701 3851 1857 3919 paulo

277 3958 421 4014 ante,
446 3947 635 4002 Beatus
655 3963 724 4012 es,
758 3946 935 4001 Simon
956 3944 1225 4002 Bar-Jona
1254 3942 1465 4013 (Matt/1.
1498 3959 1602 4009 xvr,
1627 3941 1714 4006 25,
1740 3941 1854 4012 17),

280 4038 588 4094 ostenderat
615 4038 765 4092 illum
791 4038 1087 4091 membrum
1126 4051 1278 4090 suum
1320 4050 1456 4090 esse.
1485 4036 1554 4090 At
1581 4028 1668 4090 ubi
1697 4033 1859 4104 coepit

278 4133 584 4188 scandalum
613 4147 764 4197 esse,
811 4130 1048 4200 przecidit
1093 4129 1388 4183 membrum
1418 4145 1429 4180 :
1461 4127 1644 4183 refecit
1684 4143 1856 4182 mem-

277 4225 430 4277 brum
455 4265 470 4289 ,
523 4223 764 4292 reposuit
805 4221 1102 4275 membrum
1137 4219 1230 4292 (α).
1263 4218 1579 4274 Scandalum
1609 4235 1734 4289 ergo
1766 4219 1858 4276 tibi

278 4317 360 4371 ille
387 4317 515 4384 erit,
545 4315 635 4386 qui
666 4296 757 4369 tibi
784 4315 908 4368 mali
936 4311 1136 4384 aliquid
1165 4311 1388 4367 suadere
1417 4312 1656 4381 coeperit.
1689 4312 1755 4365 Et
1780 4311 1860 4368 in-

279 4408 460 4462 tendat
486 4404 729 4461 Charitas
758 4414 932 4459 vestra
967 4423 978 4458 :
1013 4403 1070 4462 lit
1111 4404 1211 4458 hoc
1249 4404 1580 4476 plerumque,
1610 4419 1716 4460 non
1740 4421 1857 4458 ma-

279 4501 584 4566 levolentia,
615 4497 710 4554 sed
740 4513 987 4569 perversa
1020 4497 1405 4552 benevolentia.
1440 4497 1595 4554 Videt
1631 4497 1772 4553 enim
1811 4509 1860 4553 te

279 4592 480 4644 amicus
509 4599 649 4656 tuus,
683 4590 771 4659 qui
804 4598 853 4643 te
878 4589 1064 4658 diligit,
1093 4588 1431 4658 vicissimque
1451 4603 1481 4642 a
1509 4597 1560 4644 te
1589 4588 1856 4659 diligitur,

280 4691 428 4752 pater
455 4691 599 4749 tuus,
629 4681 792 4735 frater
820 4689 960 4747 tuus,
991 4679 1130 4733 filius
1159 4690 1298 4747 tuus,
1329 4680 1520 4752 conjux
1563 4689 1650 4736 tua
1672 4722 1689 4748 ,
1721 4681 1862 4738 videt

280 4785 334 4829 te
360 4777 412 4829 in
440 4775 605 4840 malo,
638 4782 692 4828 et
729 4773 841 4828 vult
879 4781 933 4828 te
971 4772 1144 4828 facere
1181 4773 1396 4827 malum.
1434 4773 1569 4840 Quid
1593 4783 1692 4839 est,
1720 4774 1862 4830 videt

281 4878 332 4924 te
355 4872 408 4924 in
439 4868 616 4923 malo?
662 4867 816 4922 Videt
862 4875 912 4922 te
948 4867 1000 4921 in
1048 4867 1224 4938 aliqua
1249 4883 1514 4937 pressura.
1549 4868 1858 4924 Pressuram

281 4960 448 5030 ipsam
473 4967 690 5030 propter
713 4958 970 5029 justitiam
1000 4957 1218 5012 forsitan
1247 4959 1441 5028 pateris
1475 4978 1488 5014 :
1517 4959 1636 5014 ideo
1665 4962 1861 5030 pateris

233 5050 244 5062 ’
280 5067 606 5122 pressuram,
637 5051 760 5120 quia
805 5066 911 5104 non
937 5051 1016 5106 vis
1051 5049 1228 5104 dicere
1258 5049 1446 5107 falsum
1477 5051 1857 5110 testimonium.

281 5143 438 5203 Verbi
482 5145 651 5218 gratia
697 5145 942 5200 dixerim.
989 5143 1272 5199 Abundant
1313 5146 1574 5216 exempla,
1614 5148 1738 5219 quia
1775 5146 1863 5203 Va:

282 5241 468 5293 munda
493 5239 556 5292 ab
580 5236 852 5293 scandulis.
879 5237 1040 5305 Ecce,
1070 5237 1217 5292 verbi
1243 5237 1430 5308 gratia,
1456 5247 1647 5311 potens
1671 5241 1862 5312 aliquis

281 5333 469 5404 quierit
496 5348 528 5386 a
569 5343 640 5400 te,
685 5338 902 5402 propter
926 5329 1158 5401 praedam
1187 5345 1358 5396 suam,
1382 5341 1598 5402 prapter
1620 5334 1861 5403 rapinam

283 5438 434 5479 suam
461 5467 476 5492 ,
503 5423 860 5478 ministerium
893 5420 1009 5474 falsi
1041 5421 1345 5478 testimonii.
1372 5421 1546 5494 Negas
1573 5433 1627 5479 tu
1657 5442 1672 5478 :
1700 5441 1861 5497 negas
1908 5457 1912 5462 ν

343 5535 362 5566 ι
386 5541 436 5582 to
458 5534 734 5585 Colbertino
754 5541 858 5596 Ms,
883 5541 983 5585 Non
1012 5537 1057 5584 te
1093 5530 1374 5586 obsorbeam
1395 5533 1501 5589 dies
1521 5535 1720 5602 maligni
1750 5551 1860 5590 eva-

287 5595 692 5734 άαῗίὲἓῖξξνθίω
714 5667 819 5734 “‘1'.
1041 5657 1232 5722 ⁸9⁸⁸⁸⁸³
1251 5657 1359 5722 Μ·

345 5718 417 5784 (a)
442 5722 638 5773 videtur
658 5718 875 5774 nonnihil
895 5718 1090 5772 deesse:

1589 216 1817 277 SERMO
1854 213 2089 273 LXXXI.

3401 215 3508 272 502

1935 333 2150 402 falsum,
2199 345 2266 396 ne
2310 347 2472 402 neges
2518 347 2722 388 verum.
2772 331 2851 389 Ne
2894 332 3073 388 multis
3121 333 3390 397 immorer,
3425 331 3515 388 ille

1936 424 2202 499 irascitur,
2225 433 2413 494 potens
2437 432 2536 491 est,
2563 426 2774 495 premit.
2803 426 3022 481 Accedit
3044 426 3263 491 amicus,
3288 425 3376 496 qui
3405 438 3512 479 non

1937 516 2049 569 vult
2087 523 2135 570 te
2175 530 2293 570 esse
2335 516 2386 569 in
2432 531 2674 585 pressura
2698 558 2712 582 ,
2741 533 2845 572 non
2873 518 2984 572 vult
3009 527 3060 572 te
3083 533 3203 572 esse
3243 517 3296 570 in
3334 516 3512 570 malo:

1938 607 2088 680 Rogo
2119 616 2190 675 te,
2240 609 2320 663 fac
2367 609 2507 678 quod
2549 610 2639 665 tibi
2684 610 2909 677 dicitur;
2941 611 3066 681 quid
3101 626 3349 682 magnum
3389 611 3516 666 est?

1938 699 2053 756 Jam
2084 700 2219 754 forte
2240 700 2504 770 quomodo
2529 711 2582 754 et
2621 711 2830 757 satanas
2879 702 3123 767 Domino,
3159 702 3418 772 Scriptum
3447 709 3513 754 est

1944 791 2005 845 de
2033 801 2096 855 te,
2133 792 2249 860 quia
2276 792 2480 862 Angelis
2505 793 2608 847 suis
2634 794 2888 847 mandavit
2916 794 2978 847 de
3008 804 3053 847 te
3072 837 3084 858 ,
3115 811 3174 848 ne
3195 793 3424 860 offendas
3453 793 3520 846 ad

1942 879 2158 951 lapidem
2187 881 2360 950 pedem
2383 892 2523 935 tuum
2548 881 2755 950 (Matth.
2787 899 2858 948 ιν,
2893 883 2969 957 6).
3004 884 3162 939 Forte
3183 893 3238 940 et
3263 884 3361 939 iste
3383 884 3520 937 ami-

1941 988 2037 1028 cus
2061 983 2200 1038 tuus,
2233 974 2353 1042 quia
2384 973 2522 1026 videt
2564 981 2614 1027 te
2656 973 3028 1041 christianum,
3062 975 3128 1029 de
3156 975 3272 1044 lege
3295 975 3388 1029 tibi
3410 975 3522 1028 vult

1943 1063 2283 1134 persuadere,
2313 1062 2453 1132 quod
2498 1072 2644 1132 putat
2688 1073 2738 1118 te
2783 1064 2979 1120 debere
3021 1065 3212 1120 facere.
3244 1066 3348 1120 Fac
3381 1065 3522 1134 quod

1943 1153 2088 1209 dicit.
2113 1155 2282 1221 Quid?
2313 1155 2422 1208 Hoc
2443 1155 2582 1224 quod
2612 1155 2724 1209 vult
2744 1156 2832 1210 ille
2862 1157 2902 1207 *.
2933 1155 3039 1210 Sed
3064 1147 3396 1210 mendacium
3419 1165 3519 1218 est,

1945 1243 2136 1299 falsum
2167 1253 2270 1300 est.
2310 1245 2424 1299 Non
2472 1245 2665 1315 legisti,
2712 1244 2888 1302 Omnis
2931 1247 3080 1300 homo
3107 1247 3322 1299 mendas:
3351 1245 3521 1318 (Psal.

1945 1353 2066 1400 cxv,
2103 1338 2228 1406 ll)?
2250 1337 2364 1391 .lam
2393 1338 2491 1391 iste
2515 1337 2824 1392 scandalum
2869 1347 2967 1392 est.
3012 1339 3226 1392 Amicus
3253 1346 3366 1404 est,
3397 1338 3524 1408 quid

1948 1429 2180 1484 facturus
2206 1444 2266 1484 es
2288 1429 2310 1483 ?
2331 1428 2525 1484 Oculus
2549 1437 2649 1495 est,
2681 1443 2870 1484 manus
2893 1437 2976 1483 est
3004 1446 3018 1481 :
3061 1430 3303 1499 Amputa,
3323 1437 3368 1482 et
3407 1444 3528 1499 pro-

1938 1521 2043 1592 jice
2067 1522 2158 1576 abs
2201 1531 2267 1576 te.
2315 1521 2451 1589 Quid
2490 1531 2570 1576 est
2593 1564 2607 1587 ,
2629 1521 2866 1592 Amputa,
2896 1532 2942 1575 et
2968 1523 3156 1593 projice
3182 1522 3269 1576 abs
3296 1522 3383 1574 te?
3409 1520 3530 1576 Noli

1947 1613 2264 1668 consentire.
2280 1613 2391 1667 Hoc
2401 1612 2680 1683 significat,
2702 1613 2939 1683 Amputa,
2959 1622 3004 1666 et
3017 1614 3205 1683 projice
3228 1612 3315 1666 abs
3337 1619 3402 1677 te,
3422 1611 3530 1666 noli

1949 1705 2270 1758 consentire.
2314 1704 2548 1760 Membra
2577 1705 2716 1759 enim
2761 1714 2942 1759 nostra
2986 1706 3037 1759 in
3077 1720 3301 1775 corpore
3344 1712 3531 1758 nostro

1949 1797 2298 1849 consensione
2346 1795 2545 1849 faciunt
2595 1796 2881 1860 unitatem,
2923 1797 3276 1851 consensione
3307 1796 3528 1860 vivunt,

1949 1886 2302 1941 consensione
2328 1887 2552 1939 invicem
2582 1896 2988 1942 connectuntur.
3022 1887 3122 1941 Ubi
3147 1885 3429 1953 dissensio,
3460 1885 3532 1942 ibi

1951 1979 2170 2032 morbus
2199 1988 2291 2031 aut
2318 1978 2512 2030 vulnus
2549 1987 2650 2033 est.
2700 1980 2840 2048 Ergo
2877 1978 3174 2033 membrum
3212 1985 3358 2032 tuum
3402 1986 3485 2032 est
3516 1993 3546 2030 :-

1952 2069 2141 2138 diliges
2169 2085 2311 2124 eum.
2341 2069 2447 2124 Sed
2477 2069 2798 2126 scandalizat
2829 2079 2910 2133 te;
2947 2070 3166 2139 Amputa
3191 2085 3325 2135 eum,
3349 2078 3399 2122 et
3418 2084 3534 2138 pro-

1943 2161 2048 2232 jice
2069 2161 2157 2215 abs
2182 2169 2247 2213 te.
2277 2160 2396 2215 Noli
2430 2161 2762 2228 consentire;
2802 2170 2984 2217 averte
3022 2161 3173 2215 illum
3213 2161 3283 2216 ab
3317 2160 3535 2215 auribus

1957 2253 2079 2316 tuis,
2111 2252 2250 2307 forte
2279 2261 2549 2308 correctus
2579 2253 2767 2308 rediet.

2023 2344 2417 2402 5.1llendacium
2456 2347 2627 2400 divina
2666 2347 2770 2417 lege
2787 2347 3011 2400 vetitum.
3045 2343 3323 2412 Quomodo
3365 2342 3532 2397 iactu-

1954 2451 2047 2492 rus
2075 2454 2134 2492 es
2159 2437 2259 2492 hoc
2303 2437 2442 2506 quod
2468 2437 2606 2501 dico,
2641 2445 3025 2507 amputaturus,
3053 2443 3109 2491 et
3133 2435 3454 2505 abjecturus,
3484 2442 3538 2488 et

1955 2544 2020 2584 eo
2061 2528 2287 2584 fortasse
2330 2531 2717 2585 correcturus?
2767 2529 3044 2595 Quomodo
3094 2527 3331 2583 facturus
3356 2541 3539 2592 es,re«

1955 2622 2174 2692 Sponde.
2200 2623 2274 2677 De
2295 2621 2434 2691 Lege
2459 2623 2624 2677 voluit
2649 2622 2875 2677 suadere
2896 2621 3249 2676 mendacium.
3281 2620 3370 2674 Ille
3393 2618 3538 2677 enim

1957 2715 2051 2782 ait,
2095 2714 2204 2769 Dic.
2238 2715 2304 2769 Et
2325 2714 2463 2770 forte
2491 2730 2596 2769 non
2622 2730 2782 2769 ausus
2823 2724 2905 2770 est
2954 2714 3152 2780 dicere,
3204 2713 3297 2766 Dic
3323 2710 3539 2766 menda-

1956 2807 2134 2861 cium:
2163 2805 2254 2860 sed
2302 2806 2398 2872 sic,
2431 2807 2525 2862 Dic
2552 2806 2692 2877 quod
2718 2808 2845 2860 vult.
2880 2806 2958 2860 Tn
2987 2806 3138 2872 dicis,
3186 2803 3291 2859 Sed
3319 2801 3539 2858 menda-

1957 2897 2094 2951 cium
2119 2905 2218 2952 est.
2251 2898 2318 2952 Et
2341 2897 2450 2964 ille,
2478 2905 2536 2951 ut
2563 2906 2802 2961 excuset,
2829 2897 3004 2951 Omnis
3034 2897 3182 2949 homo
3203 2895 3440 2948 mendax.
3470 2894 3536 2948 Et

1959 2997 2012 3043 tu
2042 2997 2247 3053 contra,
2288 2988 2466 3054 frater,
2523 2989 2593 3042 Os
2644 2989 2777 3058 quod
2803 2989 3060 3051 mentitur,
3090 2988 3270 3041 occidit
3319 2987 3541 3039 animant

1959 3079 1977 3151 (
2009 3081 2137 3151 Sap.
2169 3097 2206 3146 ι,
2238 3080 2346 3152 ii).
2381 3080 2626 3146 Attende,
2672 3096 2775 3134 non
2803 3094 2882 3135 est
2912 3081 3028 3135 leve
3063 3080 3203 3150 quod
3233 3079 3446 3143 aud-isti,
3473 3078 3541 3132 Os

1959 3174 2092 3242 quod
2117 3175 2372 3238 mentitur,
2403 3173 2584 3226 occidit
2610 3173 2852 3226 animam.
2882 3173 3018 3240 Quid
3053 3172 3182 3226 mihi
3211 3171 3333 3225 facit
3361 3170 3538 3226 inimi-

1958 3283 2053 3323 cus
2083 3269 2179 3323 iste
2218 3277 2428 3339 potens,
2461 3268 2549 3336 qui
2578 3283 2660 3321 me
2684 3267 2895 3336 premit,
2920 3267 3038 3335 quia
3061 3265 3328 3319 miseraris
3349 3279 3453 3326 me,
3491 3273 3542 3318 et

1959 3361 2171 3415 miseret
2196 3359 2512 3414 conditionis
2533 3360 2585 3413 in
2615 3361 2755 3425 me”,
2785 3367 2838 3413 et
2861 3374 2962 3412 non
2993 3359 3071 3412 vis
3091 3373 3176 3412 me
3202 3372 3318 3412 esse
3345 3357 3396 3410 in
3425 3371 3540 3410 ma-

1949 3449 2050 3509 ‘lo:
2097 3466 2216 3504 cmn
2264 3450 2394 3503 velis
2425 3464 2508 3503 me
2531 3430 2914 3504 essemalum?
2941 3448 3078 3516 Quid
3125 3449 3256 3502 mihi
3298 3448 3422 3502 facit
3449 3462 3542 3517 po—

1961 3549 2079 3596 tens
2130 3543 2227 3596 iste
2255 3542 2278 3594 ?
2307 3541 2444 3608 Quid
2489 3541 2722 3611 premit?
2753 3541 3007 3596 Carnem.
3035 3542 3259 3610 Corpus,
3287 3541 3418 3596 dicis
3463 3548 3543 3607 tu,

1961 3632 2184 3702 premit:
2211 3631 2330 3686 dico
2359 3647 2474 3702 ego,
2495 3631 2727 3702 perimit.
2757 3631 2963 3699 Quanto
2992 3633 3170 3686 mitius
3197 3648 3404 3686 mecum
3435 3635 3544 3706 agit

1962 3722 2068 3786 ille,
2098 3738 2256 3791 quam
2283 3737 2384 3792 ego
2411 3723 2456 3775 si
2482 3723 2733 3776 mentitus
2772 3721 2960 3776 fuero?
3000 3721 3094 3776 llle
3119 3721 3307 3776 occidit
3329 3738 3544 3778 carnem

1961 3830 2166 3870 meam:
2199 3830 2298 3886 ego
2321 3814 2508 3870 occido
2527 3815 2756 3869 animam
2786 3830 2979 3869 meam.
3005 3812 3172 3868 iratus
3196 3824 3382 3884 potens
3405 3812 3544 3868 occi-

1961 3906 2039 3961 dit
2061 3921 2253 3976 corpus
2285 3925 2300 3961 :
2332 3906 2402 3960 Us
2423 3906 2558 3977 quod
2569 3907 2824 3972 mentitur,
2856 3906 3037 3960 occidit
3067 3907 3311 3960 animam.
3339 3906 3546 3975 Corpus

1961 3997 2154 4053 occidit
2181 4014 2195 4063 ;
2233 3998 2550 4052 moriturum
2580 4007 2710 4064 erat,
2747 3998 2845 4052 etsi
2877 4013 2984 4053 non
3009 3997 3344 4054 occideretur
3375 4014 3387 4051 :
3425 3999 3542 4052 ani-

1961 4104 2102 4144 mam
2147 4105 2275 4145 vero
2318 4105 2478 4160 quam
2526 4105 2632 4144 non
2657 4089 2851 4144 occidit
2890 4090 3158 4160 iniquitas,
3203 4091 3257 4144 in
3288 4099 3546 4145 aeternum

1963 4181 2158 4252 excipit
2197 4183 2412 4237 veritas.
2449 4182 2610 4238 Serva
2642 4195 2768 4253 ergo
2788 4181 2928 4253 quod
2955 4196 3170 4237 servare
3197 4190 3346 4252 potes
3377 4200 3388 4234 :
3421 4197 3545 4252 per-

1961 4281 2048 4328 eat
2076 4272 2215 4343 quod
2242 4272 2557 4343 quandoque
2600 4273 2891 4343 periturum
2942 4281 3042 4327 est.
3089 4271 3467 4342 Respondisti;
3496 4280 3549 4328 et

1963 4369 2140 4417 tamen
2167 4363 2346 4418 Omnis
2365 4365 2513 4418 homo
2538 4363 2760 4417 mendax
2785 4379 2889 4417 non
2911 4363 3136 4418 solvisti.
3165 4363 3446 4434 Responde
3475 4363 3547 4419 illi

1963 4463 2017 4511 et
2035 4455 2101 4511 ad
2127 4455 2249 4523 hoc,
2282 4471 2349 4511 ne
2374 4455 2616 4512 videatur
2645 4456 2744 4511 sibi
2770 4455 2966 4526 aliquid
2993 4455 3193 4512 dixisse
3213 4456 3279 4510 ad
3309 4456 3547 4512 suaden-

1967 4548 2091 4604 dum
2117 4549 2471 4617 mendacium,
2506 4550 2866 4604 testimonium
2885 4549 2949 4604 de
2975 4549 3113 4620 Lege
3137 4548 3430 4620 proferens,
3455 4564 3545 4604 ur-

1963 4657 2092 4713 gens
2124 4650 2176 4697 te
2196 4641 2264 4697 de
2290 4641 2432 4712 Lege
2477 4651 2665 4696 contra
2707 4641 2925 4712 Legem.
2981 4641 3036 4694 ln
3066 4639 3207 4711 Lege
3243 4640 3383 4695 enim
3412 4641 3545 4694 scri-

1964 4743 2112 4806 ptum
2165 4743 2265 4802 est,
2317 4733 2530 4788 Falsum
2577 4733 2940 4788 Testimonium
2980 4747 3043 4786 ne
3097 4732 3235 4786 dicas
3264 4732 3282 4801 (
3311 4730 3463 4786 Deut.
3491 4749 3543 4798 ν,

1963 4825 2034 4881 20
2062 4826 2082 4897 )
2115 4843 2128 4879 :
2160 4826 2289 4881 etin
2319 4825 2458 4895 Lege
2489 4825 2742 4894 scriptum
2770 4834 2874 4891 est,
2907 4823 3084 4878 Omnis
3126 4826 3276 4877 homo
3300 4822 3540 4879 mendax.

1963 4917 2190 4988 Respice
2222 4917 2287 4972 ad
2313 4918 2443 4973 illud
2470 4918 2610 4989 quod
2639 4919 2798 4989 paulo
2829 4927 2952 4972 ante
2979 4917 3304 4982 commonui,
3333 4916 3546 4987 quando

1965 5009 2147 5064 mitem
2173 5007 2441 5064 hominem
2488 5009 2662 5064 verbis
2705 5010 2895 5082 quibus
2925 5009 3091 5079 potui,
3125 5007 3422 5063 terminavi.
3455 5007 3548 5062 Mi-

1967 5099 2034 5155 tis
2058 5108 2155 5166 est,
2186 5099 2271 5155 cui
2300 5101 2351 5154 in
2375 5100 2620 5154 omnibus
2650 5117 2768 5170 quae
2795 5100 2931 5155 bene
2954 5098 3099 5164 facit,
3125 5114 3234 5154 non
3257 5099 3434 5170 placet
3464 5098 3546 5158 ni-

1965 5191 2012 5247 si
2040 5191 2180 5245 Deus
2210 5207 2226 5258 ;
2260 5191 2312 5245 in
2342 5191 2587 5246 omnibus
2615 5207 2732 5261 qua:
2759 5190 2895 5245 male
2924 5191 3137 5260 patitur,
3168 5205 3273 5245 non
3304 5187 3552 5260 diSplicet

1963 5283 2125 5340 Deus.
2159 5284 2268 5338 Hoc
2287 5298 2415 5354 ergo
2449 5284 2498 5338 ei
2526 5283 2812 5353 reSponde,
2845 5282 2932 5352 qni
2959 5281 3106 5348 dicit,
3130 5280 3374 5345 Mentire,
3407 5281 3529 5351 quia

1963 5375 2217 5446 scriptum
2243 5382 2341 5441 est,
2370 5373 2547 5430 Omnis
2567 5373 2714 5430 homo
2738 5371 2957 5428 mendax
2977 5387 2996 5426 :
3028 5371 3143 5426 Non
3155 5373 3405 5437 mentior,
3423 5373 3548 5442 quia

1967 5469 2225 5540 scriptum
2248 5476 2358 5536 est,
2388 5467 2460 5522 Os
2493 5467 2627 5539 quod
2652 5465 2905 5532 mentitur,
2937 5465 3120 5519 occidit
3165 5466 3406 5520 animam.
3433 5464 3550 5518 Non

2029 5604 2048 5666 ξ
2073 5601 2334 5666 SteFlorus
2355 5609 2417 5666 et
2428 5601 2737 5666 golbertinus
2754 5608 2837 5651 Ms.
2870 5607 2925 5652 At
2944 5603 3102 5665 Sirm.,
3127 5611 3240 5664 Fac,
3265 5599 3423 5666 quid?
3453 5601 3551 5653 dict

1963 5662 2497 5740 quiillfwﬁ‘mifle-
2553 5731 2566 5740 _
2622 5725 2649 5740 ί.
3145 5724 3157 5740 ,

2028 5727 2052 5760 ³
2070 5725 2374 5779 Colbertinus
2393 5733 2494 5792 Ms,
2520 5731 2568 5779 et
2583 5725 2964 5779 misericordiam
2984 5725 3117 5793 ponis
3137 5725 3187 5777 in
3211 5740 3304 5778 nte.
