3980 6432
488 414 593 472 505

487 528 736 596 mentior,
764 528 885 599 quia
911 526 1165 599 scriptum
1203 534 1305 594 est,
1338 524 1528 582 Perdes
1550 541 1721 583 omnes
1739 526 1824 597 qui
1838 526 2052 597 loquun—

486 629 569 676 tur
588 620 944 691 mendacium(
973 619 1119 676 Psal.
1146 636 1201 687 v,
1232 620 1324 690 7).
1353 619 1467 676 Non
1488 621 1735 685 mentior,
1778 619 1898 691 quia
1924 618 2057 673 scri-

484 721 631 781 ptum
658 719 760 777 est,
792 709 1005 765 Falsum
1044 712 1379 766 testimonium
1398 730 1497 767 non
1527 713 1683 768 dices.
1713 711 1909 782 Urgeat
1934 709 2057 765 licet

483 805 743 871 pressuris
793 816 1006 857 carnem
1052 817 1225 858 meam
1274 804 1359 859 cui
1411 803 1663 875 displiceo
1690 804 1740 858 in
1781 802 2052 857 veritate:

482 893 638 946 audio
669 893 948 948 Dominum
978 909 1175 960 meum,
1226 894 1402 950 Nolite
1448 897 1619 951 timere
1656 912 1738 952 eos
1763 897 1848 968 qui
1872 910 2055 965 corpus

481 982 713 1037 occidunt
743 984 761 1053 (
789 984 973 1038 Matth.
1000 1002 1055 1051 x,
1083 985 1153 1041 28
1176 985 1218 1058 ).

559 1095 612 1149 6.
670 1093 908 1150 Homines
956 1107 1129 1168 agant,
1173 1113 1275 1152 non
1321 1108 1375 1152 ut
1417 1098 1674 1163 homines,
1720 1097 1808 1150 sed
1854 1104 1909 1151 ut
1958 1094 2054 1166 filii

490 1183 600 1238 Dei.
650 1184 930 1251 Quomodo
970 1202 1097 1259 ergo
1135 1189 1309 1245 omnis
1358 1188 1518 1244 homo
1543 1187 1806 1245 mendax?
1848 1188 1929 1242 An
1946 1186 2055 1241 for-

483 1284 532 1331 te
568 1294 670 1333 non
702 1296 760 1335 es
786 1280 944 1336 homo
970 1284 993 1336 ?
1022 1283 1304 1353 Responde
1346 1283 1470 1348 cito,
1502 1292 1556 1338 et
1575 1297 1779 1346 verum,
1806 1282 1873 1336 Et
1893 1281 2053 1335 homo

481 1384 586 1425 non
616 1373 739 1436 sim,
768 1389 835 1427 ne
860 1374 1084 1429 mendax
1106 1375 1225 1429 sim.
1255 1373 1442 1431 Videte
1467 1375 1609 1429 enim
1641 1392 1654 1428 :
1692 1373 1830 1427 Deus
1846 1372 1907 1426 de
1928 1371 2052 1425 caelo

478 1465 737 1534 prospexit
778 1482 929 1536 super
949 1464 1081 1535 ﬁlios
1108 1466 1384 1533 hominum,
1416 1476 1466 1519 ut
1495 1466 1682 1520 videret
1709 1468 1751 1520 si
1771 1474 1841 1519 est
1862 1464 2052 1519 intelli-

478 1568 601 1623 gens
649 1562 694 1607 et
724 1556 980 1624 requirens
1025 1556 1207 1609 Deum.
1250 1556 1434 1611 Omnes
1480 1556 1869 1622 declinaverunt,
1900 1553 2053 1608 simul

474 1642 680 1697 inutiles
705 1646 828 1714 facti
857 1655 971 1699 sunt
996 1661 1136 1700 :uon
1161 1648 1345 1716 estqui
1384 1647 1537 1718 faciat
1586 1646 1790 1711 bonum,
1833 1661 1934 1698 non
1978 1653 2051 1698 est

474 1748 630 1803 usque
670 1735 738 1787 ad
781 1752 937 1789 unum
968 1735 1151 1806 (Psal.
1182 1753 1295 1803 xui,
1325 1737 1381 1801 2,
1422 1735 1513 1808 5).
1542 1736 1757 1803 Quare?
1782 1734 1929 1802 Quia
1957 1733 2050 1788 lilii

476 1824 750 1881 hominum
798 1842 916 1882 esse
962 1829 1262 1883 voluerunt.
1300 1828 1367 1885 Ut
1406 1836 1581 1884 autem
1612 1842 1704 1883 eos
1742 1826 1809 1881 ab
1838 1826 1921 1881 his
1944 1825 2050 1879 ini-

471 1918 756 1987 quitatibus
782 1919 1007 1986 tolleret,
1038 1920 1343 1988 redimeret,
1357 1928 1588 1987 curaret,
1620 1926 1849 1983 sanaret,
1877 1925 2049 1973 muta-

473 2019 553 2062 ret
597 2010 733 2064 tilios
775 2011 1068 2075 hominum,
1118 2013 1266 2067 dedit
1311 2013 1390 2067 eis
1442 2019 1757 2083 potestatem
1788 2010 1925 2066 ﬁlios
1952 2010 2048 2065 Dei

472 2102 585 2156 ﬁeri
619 2103 815 2173 (Joan.
838 2121 873 2169 ι,
908 2096 976 2159 t2
1000 2103 1043 2174 ).
1066 2105 1202 2173 Quid
1219 2120 1346 2177 ergo
1386 2104 1616 2160 mirum?
1648 2104 1897 2159 Homines
1924 2116 2047 2157 era-

471 2193 556 2256 tis,
588 2193 631 2247 si
662 2196 821 2249 cratis
849 2196 939 2249 lilii
983 2196 1255 2250 hominum
1288 2214 1299 2249 :
1329 2210 1516 2251 omnes
1564 2195 1813 2249 homines
1860 2194 2041 2258 eratis,

469 2284 753 2339 mendaces
774 2287 933 2341 cratis
961 2303 974 2352 ;
1005 2290 1177 2341 omnis
1205 2288 1345 2342 enim
1364 2286 1525 2341 homo
1552 2285 1800 2340 mendax.
1830 2283 2047 2339 Accedit

467 2375 616 2429 vobis
630 2376 796 2444 gratia
826 2377 939 2439 Dei,
958 2377 1102 2432 dedit
1122 2377 1271 2432 vobis
1298 2385 1614 2447 potestatem
1633 2376 1769 2431 ﬁlios
1791 2375 1884 2429 Dei
1903 2373 2040 2429 ﬁeri.

468 2466 660 2523 Audite
677 2484 859 2524 vocem
886 2470 1058 2525 Patris
1086 2472 1187 2525 mei
1217 2471 1467 2538 dicentis,
1494 2470 1606 2542 Ego
1639 2472 1765 2533 dixi,
1790 2469 1878 2523 Dii
1906 2470 2039 2536 estis,

464 2568 509 2609 et
530 2560 625 2627 ﬁlii
645 2559 889 2615 Attissinii
914 2579 1082 2617 omnes
1107 2563 1125 2633 (
1155 2562 1296 2617 Psal.
1325 2579 1503 2627 um,
1527 2564 1559 2617 6
1594 2563 1633 2633 ).
1657 2562 1915 2629 Quoniam
1944 2561 2036 2615 ho-

463 2649 634 2704 mines
650 2649 738 2704 ﬁlii
757 2650 1049 2716 hominum,
1070 2653 1115 2708 si
1138 2669 1242 2708 non
1266 2653 1356 2708 ﬁlii
1386 2654 1664 2720 Altissimi,
1684 2653 1967 2709 mendaces
1981 2653 1997 2685 ²
2020 2669 2037 2720 ;

464 2738 584 2806 quia
613 2741 784 2795 omnis
807 2741 965 2797 homo
991 2742 1235 2797 mendax.
1269 2743 1323 2798 Si
1343 2742 1434 2796 ﬁlii
1453 2743 1567 2809 Dei,
1595 2744 1638 2797 si
1659 2743 1826 2812 gratia
1852 2742 2038 2798 Salva-

464 2830 593 2883 toris
643 2830 923 2900 redempti,
970 2834 1015 2887 si
1054 2834 1295 2904 pretioso
1323 2835 1580 2905 sanguine
1627 2833 1938 2905 comparati,
1991 2833 2037 2889 si

461 2934 598 2989 aqua
625 2930 679 2976 ct
735 2923 935 2993 Spiritu
981 2927 1172 2992 renati,
1201 2926 1245 2980 si
1275 2926 1343 2981 ad
1381 2926 1741 2982 liaereditatem
1771 2925 2037 2982 caelorum

464 3011 845 3078 prindestinati,
892 3015 1072 3085 utique
1104 3016 1195 3069 ﬁlii
1226 3016 1339 3070 Dei.
1385 3016 1527 3086 Ergo
1562 3016 1673 3087 jam
1722 3016 1793 3071 dii
1820 3018 1864 3069 ³.
1895 3015 2037 3084 Quid

460 3098 528 3153 ad
548 3108 599 3154 te
614 3102 723 3155 vult
741 3104 1069 3159 mendacium
1090 3107 1113 3159 ?
1142 3105 1307 3160 Adam
1324 3107 1467 3161 enim
1492 3122 1653 3176 purus
1677 3106 1861 3174 homo,
1882 3104 2039 3163 Chri-

461 3198 573 3245 stus
600 3191 757 3247 homo
785 3193 944 3262 Deus,
970 3204 1178 3251 creator
1203 3198 1377 3252 omnis
1398 3206 1656 3254 creaturae
1676 3199 1836 3254 Deus.
1866 3199 2036 3255 Adam

460 3280 640 3348 homo,
669 3284 913 3340 Christus
952 3285 1111 3341 homo
1154 3288 1415 3344 mediator
1460 3290 1575 3355 Dei,
1630 3290 1801 3344 Filius
1849 3290 2037 3346 unicus

464 3371 656 3441 Patris,
708 3375 848 3431 Deus
892 3376 1076 3432 homo.
1116 3379 1252 3434 Ecce
1299 3388 1353 3434 tu
1381 3380 1538 3451 longe
1570 3395 1599 3435 a
1632 3381 1741 3435 Deo
1769 3381 1949 3448 homo,
1969 3389 2025 3436 et

462 3462 605 3518 Deus
649 3479 859 3520 sursum
892 3467 1048 3538 longe
1072 3469 1139 3523 ab
1169 3466 1420 3525 homine:
1460 3471 1514 3525 in
1567 3470 1743 3527 medio
1772 3487 1831 3527 se
1860 3472 2037 3542 posuit

464 3552 606 3609 Deus
655 3554 836 3611 homo.
888 3559 1129 3629 Agnosce
1184 3560 1490 3630 Christum,
1537 3570 1593 3618 et
1618 3578 1716 3634 per
1764 3564 2034 3621 hominem

457 3647 687 3702 ascende
702 3648 768 3703 ad
790 3650 978 3705 Deum.

526 3739 578 3791 7.
612 3737 937 3810 Paganorum
974 3744 1270 3799 scandalum
1312 3761 1373 3801 ex
1413 3746 1658 3817 pressaris
1683 3747 1878 3802 mundi.
1914 3748 2032 3804 Jam

456 3843 582 3899 ergo
626 3834 872 3900 correcti,
921 3835 1046 3889 etsi
1102 3836 1301 3907 aliquid
1325 3838 1549 3907 egimus,
1606 3840 1783 3905 mites,
1843 3847 2034 3896 tenea-

454 3934 573 3973 mus
637 3921 1058 3979 indeclinabilem
1130 3926 1541 3983 confessionem.
1622 3929 1909 4000 Diligamus
1956 3930 2035 3986 le-

453 4025 574 4079 gem
606 4012 719 4078 Dei,
746 4022 804 4068 ut
822 4015 1108 4071 evadamus
1130 4018 1270 4086 quod
1290 4017 1488 4073 dictum
1514 4027 1613 4073 est.
1650 4017 1739 4074 Va:
1762 4020 1949 4075 mundo
1970 4021 2033 4075 ab

454 4103 729 4158 scandatis.
783 4104 1091 4176 Loquamur
1132 4109 1331 4178 aliquid
1375 4110 1443 4165 de
1492 4110 1790 4179 scandalis,
1840 4113 2033 4183 quibus

454 4192 684 4247 mundus
710 4194 898 4263 plenus
922 4206 1024 4262 est,
1055 4206 1104 4253 et
1125 4200 1393 4268 quomodo
1420 4201 1764 4256 crebrescant
1803 4203 2031 4259 scanda-

457 4283 532 4349 la,
575 4284 847 4342 abnndent
883 4304 1165 4358 pressurae.
1223 4291 1467 4347 Vastatur
1508 4294 1756 4361 mundus,
1799 4296 2034 4354 calcatur

456 4377 711 4431 torcular.
732 4378 848 4447 Eia,
881 4379 1191 4448 ehristiane,
1217 4383 1436 4440 caeleste
1455 4400 1693 4455 germen,
1728 4387 2026 4457 peregrinis

452 4464 510 4518 in
542 4473 707 4531 terra,
738 4467 827 4537 qui
869 4469 1135 4525 civitatem
1162 4471 1214 4525 in
1240 4473 1377 4529 ccelo
1402 4475 1658 4544 quaeritis,
1689 4477 1779 4547 qui
1803 4478 2022 4550 Angelis

451 4556 650 4611 sanctis
702 4557 893 4613 sociari
923 4558 1257 4630 desideratis,
1293 4564 1569 4637 intelligite
1594 4581 1691 4622 vos
1718 4567 1795 4623 sic
1821 4570 2030 4626 venisse

450 4652 507 4698 ut
548 4644 854 4702 discedatis.
886 4648 1144 4705 Transitis
1199 4667 1295 4723 per
1341 4655 1617 4724 mundum,
1662 4667 1916 4715 conantes
1958 4660 2027 4717 ad

446 4749 568 4792 eum
596 4738 684 4809 qui
700 4740 900 4795 creavit
928 4742 1203 4799 mundum.
1225 4744 1338 4800 Non
1358 4762 1457 4804 vos
1486 4750 1795 4818 perturbent
1819 4762 2025 4809 amato-

446 4844 534 4884 res
565 4831 770 4901 mundi,
796 4833 888 4904 qui
917 4834 1100 4890 volunt
1125 4836 1177 4891 in
1200 4839 1397 4893 mundo
1436 4855 1739 4912 remanere,
1778 4854 1833 4901 et
1859 4847 2027 4903 velint

446 4918 635 4987 nolint,
685 4933 944 4993 coguntur
993 4925 1222 4998 migrare
1256 4945 1269 4983 :
1300 4944 1404 4986 non
1455 4947 1552 4988 vos
1595 4933 1882 5005 decipiant,
1915 4953 2022 4994 non

442 5009 715 5066 seducant.
748 5013 1025 5071 Pressura:
1075 5019 1191 5073 ista:
1236 5034 1341 5075 non
1396 5031 1521 5077 sunt
1563 5024 1833 5082 scandala.
1882 5028 2022 5086 Justi

442 5108 633 5168 estote,
665 5112 719 5158 et
740 5105 1150 5163 exercitationes
1168 5120 1342 5166 erunt.
1365 5110 1660 5169 Tribulatio
1686 5117 1831 5172 venit
1849 5136 1862 5171 :
1878 5120 2020 5184 quod

440 5193 672 5252 volueris
709 5198 833 5267 erit,
857 5208 947 5255 aut
981 5202 1309 5271 exercitatio,
1349 5215 1441 5259 aut
1484 5206 1773 5266 damnatio.
1798 5211 2018 5278 Qualem

441 5290 495 5338 te
516 5284 801 5355 invenerit,
821 5290 943 5346 talis
969 5293 1088 5347 erit.
1123 5293 1415 5351 Tribulatio
1437 5297 1571 5368 ignis
1588 5310 1671 5356 est
1706 5318 1718 5355 :
1750 5316 1939 5359 aurum
1960 5312 2018 5360 te

500 5432 630 5508 ἶ
651 5445 743 5508 99s
756 5446 818 5506 ex,
832 5436 1275 5508 Golbcrtmoveteri
1294 5444 1479 5508 codice,
1491 5444 1583 5508 filii
1596 5446 1819 5499 1W
1835 5461 2015 5505 W3.

940 5502 1143 5567 messis
1164 5503 1313 5567 habet
1333 5493 1503 5567 simi

436 5552 966 5668 Scaiafiuagahagzain,
988 5552 1082 5624 ﬁlii
1112 5552 1356 5616 hominem"
1272 5552 1309 5554 "
1336 5552 1490 5629 ’ξ’ἱῖοῆ
1511 5552 2017 5633 ῆιὲἷῖειιὶῖὥῗηῖὲὲἷέ

471 5627 598 5667 aces.
623 5630 753 5667 ausa.
780 5627 873 5667 etc.

498 5630 974 5761 {ciiinﬂig‘iﬁde
998 5686 1282 5761 Fanendatnr
1296 5704 1390 5761 ope
1407 5690 2012 5761 mlhertinimanuscripti,

433 5737 682 5820 qui-paulo
706 5737 976 5820 posthahet
989 5747 1061 5797 sic
1080 5762 1107 5820 :_
1120 5752 1273 5800 Adam
1291 5737 1460 5811 homo,

434 5806 579 5879 gens,
600 5808 790 5879 creator;
800 5804 971 5877 omnis
979 5816 1215 5879 creatura;
1239 5822 1387 5879 ])eu_s._
1408 5804 1559 5864 .i'dam
1580 5804 2011 5879 ΙιοηιὸξῙιόἧιόἦιεῖ

431 5856 588 5914 diutor
610 5864 701 5917 Dei
717 5863 865 5917 iuius
888 5856 1828 5949 unicus'bciiis'ﬁéi'iiciﬁcl'iz'cﬁféii}

1688 407 1747 467 S.
1787 400 2149 467 AUGUSTINI
2185 403 2488 469 EPISCOPI

3632 425 3738 489 504

2168 525 2412 584 invenit?
2448 528 2638 587 sordes
2655 529 2826 590 tollit:
2850 533 3056 608 paleam
3085 546 3139 599 te
3158 542 3397 606 invenit?
3423 548 3477 609 in
3501 554 3735 623 cinerem

2160 616 2353 709 vertit.
2374 619 2516 692 Ergo
2536 637 2798 693 pressurae
2817 642 2934 699 qua:
2952 630 3245 705 abundant,
3284 655 3390 697 non
3429 654 3554 703 sunt

2160 707 2306 763 dala.
2336 708 2442 767 Sed
2461 726 2579 783 qua:
2608 725 2732 771 sunt
2754 720 3046 779 scandala?
3083 725 3405 790 Locutiones
3438 734 3566 807 illae,
3606 707 3734 800 ver-

2159 799 2226 855 ba
2257 801 2367 894 illa,
2398 804 2589 874 quibus
2608 808 2759 866 nobis
2783 810 2976 870 dicitur
3006 834 3020 872 ε
3048 817 3188 877 Ecce
3214 824 3341 894 quid
3368 799 3564 888 faciunt
3599 799 3736 892 icci-

2162 905 2294 961 pora
2322 893 2629 965 christiana,
2662 915 2786 958 ecce
2830 920 2948 975 qua:
2997 920 3121 966 sunt
3180 893 3449 975 scandala.
3496 924 3579 981 Ad
3626 926 3733 987 hoc

2159 983 2300 1038 enim
2332 986 2424 1042 tibi
2441 988 2655 1060 dicitur,
2678 1002 2736 1048 ut
2763 1004 2839 1063 tu,
2863 998 2907 1053 si
2936 1015 3084 1059 amas
3104 983 3735 1089 mundum,blasphemes

2159 1075 2447 1135 Christum.
2475 1082 2540 1137 Et
2564 1084 2691 1141 dicit
2721 1087 2812 1144 tibi
2839 1089 2942 1148 hoc
2973 1096 3175 1155 amicus
3208 1108 3350 1172 tuus,
3366 1075 3724 1170 consiliarius

2160 1173 2279 1223 tuus
2312 1187 2327 1225 :
2362 1185 2486 1242 ergo
2504 1175 2688 1232 oculus
2706 1188 2844 1236 tuus.
2869 1182 3008 1239 Dicit
3043 1188 3135 1244 tibi
3158 1189 3260 1247 hoc
3300 1196 3542 1255 minister
3578 1213 3723 1275 tuus,

2156 1264 2494 1328 cooperarius
2522 1274 2643 1322 tuus
2667 1285 2680 1322 :
2712 1285 2839 1341 ergo
2853 1289 3042 1333 manus
3070 1288 3175 1335 tua.
3205 1284 3339 1341 Dicit
3367 1289 3459 1345 tibi
3488 1290 3591 1350 hoc
3609 1264 3729 1350 for;

2157 1357 2210 1404 te
2228 1351 2389 1419 quite
2414 1364 2692 1425 sustentat,
2721 1362 2811 1432 qui
2836 1372 2888 1419 te
2903 1365 2971 1421 ab
2997 1366 3295 1431 humilitate
3322 1384 3532 1437 terrena
3557 1384 3733 1442 suble-

2155 1448 2245 1539 vat
2273 1459 2286 1492 :
2320 1457 2446 1512 ergo
2464 1458 2556 1514 pes
2583 1454 2722 1504 tuus.
2752 1451 2942 1523 Abjice,
2962 1469 3189 1530 amputa,
3218 1468 3409 1539 projice
3431 1470 3518 1526 abs
3538 1483 3603 1539 te,
3632 1491 3738 1533 no-

2155 1529 2191 1637 li
2220 1538 2539 1637 consentire.
2562 1539 2844 1612 Responde
2870 1549 3079 1617 talibus,
3134 1529 3400 1626 quomodo
3436 1529 3735 1637 responde-

2155 1621 2247 1677 bat
2270 1623 2379 1692 ille,
2413 1630 2497 1684 cui
2524 1633 2840 1692 suadebatur
2859 1639 3049 1699 falsum
3071 1621 3453 1712 testimonium.
3485 1621 3736 1732 Respon-

2155 1713 2242 1820 d‘e,
2275 1724 2329 1770 et
2356 1727 2409 1772 tu
2442 1737 2454 1772 :
2488 1721 2575 1777 dic
2597 1722 2799 1783 homini
2828 1730 3027 1789 dicenti
3072 1737 3186 1806 tibi,
3215 1740 3355 1800 Ecce

2154 1804 2454 1866 christianis
2487 1821 2648 1870 tantae
2702 1835 2964 1889 pressum
3015 1804 3431 1900 sunt,rvastatur
3466 1804 3733 1905 miundus:

2153 1900 2416 2005 responde
2457 1912 2530 1971 tu,
2559 1905 2671 1963 Hoc
2699 1910 2826 1967 mihi
2869 1925 3150 1990 antequam
3181 1929 3441 2000 eveniret,
3480 1900 3736 2005 praedixit

2152 1986 2412 2047 Christus.

2220 2083 2273 2187 .8.
2316 2084 2575 2145 Pressime
2631 2092 2906 2164 deﬁcientis
2972 2105 3149 2161 mundi
3208 2112 3481 2180 pradictte.
3556 2106 3763 2187 Quare.

2150 2175 2290 2229 enim
2333 2180 2598 2237 turbaris?
2637 2186 2907 2249 Pressuris
2943 2198 3128 2254 mundi
3171 2203 3411 2263 turbatur
3436 2223 3530 2265 cor
3558 2222 3737 2289 tuum,

2149 2271 2415 2336 quomodo
2440 2275 2587 2330 navis
2608 2277 2716 2345 illa,
2745 2281 2830 2336 ubi
2852 2283 3147 2346 dormiebat
3163 2292 3423 2353 Christus.
3448 2300 3586 2360 Ecce
3607 2271 3738 2377 qua;

2148 2373 2306 2415 causa
2335 2372 2435 2431 est,
2464 2365 2623 2424 homo
2651 2373 2883 2442 cordate,
2916 2387 2972 2434 ut
2992 2382 3231 2441 turbetur
3257 2404 3354 2446 cor
3381 2401 3527 2450 tuum
3558 2416 3572 2451 :
3602 2365 3737 2459 ecce

2147 2466 2265 2521 quae
2293 2469 2451 2511 causa
2481 2469 2581 2516 est.
2609 2462 2765 2520 Navis
2792 2467 2911 2535 ista,
2938 2472 3112 2544 inqua
3136 2477 3376 2542 Christus
3394 2486 3611 2559 dormit,
3634 2510 3740 2553 cor

2146 2545 2336 2645 esttibi
2366 2548 2496 2605 ﬁdes
2522 2552 2734 2611 dormit.
2766 2559 2900 2627 Quid
2927 2566 3067 2622 enim
3090 2570 3181 2626 tibi
3204 2576 3328 2631 novi
3352 2545 3740 2651 (ΙὶίσίιιιιιξιιΙιιῖὶζ

2144 2634 2355 2690 stiane?
2379 2639 2502 2709 quid
2533 2644 2672 2699 enim
2697 2647 2789 2702 tibi
2808 2653 2930 2706 novi
2957 2654 3189 2714 dicitur?
3218 2634 3739 2738 Temporibus

2143 2724 2328 2781 stianis
2348 2740 2581 2787 vastatur
2602 2738 2851 2807 mundus,
2875 2743 3053 2802 deﬁcit
3069 2753 3318 2811 mundus.
3340 2724 3459 2817 hicn

2143 2814 2399 2875 Dominus
2420 2830 2560 2889 tuus,
2591 2825 2894 2887 Vastabitur
2917 2840 3182 2898 mundus?
3209 2845 3324 2904 Non

2143 2907 2317 2964 minus
2343 2919 2481 2978 tuus,
2510 2915 2731 2975 Deﬁciet
2756 2925 3016 2983 mundus?
3044 2929 3217 2999 Quare
3237 2907 3733 3017 credebas

2142 3000 2577 3075 promittebatur,
2609 3018 2663 3064 et
2701 3012 2932 3072 turbaris
2970 3023 3183 3090 quando
3221 3000 3735 3113 conipleturIH‘ii-go

2142 3094 2429 3159 tempestas
2456 3097 2612 3151 sazvit
2652 3099 2703 3154 in
2734 3117 2826 3157 cor
2854 3113 2999 3163 tuum
3030 3127 3043 3161 :
3072 3126 3201 3171 cave
3229 3094 3557 3194 naufragium
3577 3169 3594 3196 ,
3620 3094 3732 3187 εἶ-

2140 3178 2243 3291 ἶίιιι
2259 3179 2545 3241 Christum.
2568 3186 2827 3262 Habitare,
2852 3195 3019 3267 inquit
3036 3201 3337 3274 Apostolus,

2140 3269 2361 3371 (idem-in
2379 3277 2613 3371 cordibus
2636 3285 2807 3339 vestris
2832 3285 3046 3359 (Ep/les.
3070 3269 3147 3362 in,
3178 3298 3289 3371 l7).
3321 3269 3423 3358 se.
3444 3269 3606 3363 nunc
3626 3269 3735 3369 ὗξξ

2139 3359 2270 3416 bitat
2298 3363 2351 3418 in
2380 3373 2430 3421 te
2450 3366 2708 3427 Christus.
2740 3374 2894 3433 Fides
2914 3359 3167 3454 praesens,
3198 3359 3433 3458 praesens
3458 3359 3542 3453 est

2139 3458 2253 3563 s‘tus
2276 3454 2444 3556 aﬁdes
2466 3460 2704 3530 vigilans,
2728 3465 2952 3536 vigilans
2975 3483 3056 3528 est
3076 3454 3316 3537 Christus
3343 3501 3355 3537 :
3380 3485 3509 3543 lides
3531 3454 3728 3563 oblita,

2139 3539 2409 3602 dormiens
2441 3557 2524 3603 est
2555 3549 2815 3614 Christus.
2848 3557 3125 3634 Excitare,
3153 3583 3489 3633 commovere
3510 3581 3527 3612 ¹
3547 3622 3564 3648 ,
3592 3539 3730 3643 die;

2138 3631 2385 3741 Domine,
2404 3641 2622 3709 perimus
2652 3644 2861 3717 (Matth.
2885 3668 2994 3719 vin,
3019 3631 3238 3732 μεως
3268 3663 3403 3724 Ecce
3423 3631 3732 3741 ριᾷωήξῖίξ

2138 3722 2539 3840 dicpnltLl’agani
2574 3753 2586 3789 :
2617 3752 2735 3807 qua:
2775 3743 2928 3800 nobis
2955 3722 3339 3826 dicunt,'quod
3370 3722 3456 3818 έεῖ
3481 3722 3731 3840 gravii-is:

2138 3816 2261 3931 ἘξιΙὶ
2290 3816 2593 3930 Christiani.
2634 3827 2902 3904 Exsurge,
2933 3816 3181 3910 Domine,
3210 3816 3461 3917 perimus.
3481 3816 3735 3931 Ἐξίέεῖξῖ

2138 3905 2271 4023 fides
2294 3918 2413 4023 tua,
2460 3916 2642 3990 incipit
2685 3923 2776 3979 tibi
2825 3927 2964 3999 loqui
3009 3905 3269 3998 Christds.

2138 4000 2317 4059 baris?
2363 4008 2485 4109 ilice
2553 4016 2728 4070 omnia
2769 4022 2988 4090 pra-dixi
3031 4028 3144 4086 tibi.
3192 4000 3735 4113 “comi-aedis;

2138 4106 2258 4149 cum
2282 4097 2553 4156 venissent
2578 4106 2715 4161 mala
2733 4148 2749 4175 ,
2777 4124 3020 4180 sperares
3045 4118 3181 4176 bona
3200 4165 3216 4190 ,
3242 4136 3302 4183 ut
3328 4097 3434 4187 non
3461 4097 3733 4198 deﬁcere:

2137 4182 2192 4237 in
2263 4187 2433 4244 malis.
2493 4192 2696 4251 Miraris
2738 4202 2860 4270 quia
2932 4206 3112 4267 deﬁcit
3184 4219 3469 4279 mundus?
3521 4182 3734 4290 mira;

2135 4277 2258 4346 quia
2305 4283 2478 4337 senuit
2534 4288 2779 4347 mundus.
2818 4293 2989 4353 Homo
3012 4305 3163 4373 est',
3215 4313 3471 4384 nascitur,
3497 4324 3730 4395 crescit.

2135 4371 2358 4395 ιιΑοιΑηι-ξι
2411 4372 2599 4395 Λ--ζμ-1
2790 4384 2824 4395 ,Α
2904 4388 2917 4395 -

2134 4371 2381 4484 senescit.
2410 4372 2650 4442 Querelie
2698 4384 2876 4441 multae
2903 4388 2954 4443 in
2976 4405 3188 4453 senecta
3220 4416 3235 4453 :
3281 4371 3470 4473 tussis,
3503 4371 3729 4484 pituita:

2133 4458 2412 4531 lippitudo,
2444 4469 2751 4541 anxietudo,
2772 4475 3039 4538 lassitudo
3064 4486 3220 4544 inest.
3244 4492 3383 4567 Ergo
3416 4458 3732 4563 senii-ill:

2132 4568 2259 4663 nio;
2305 4560 2537 4628 querelis
2562 4564 2749 4633 plenus
2773 4579 2891 4626 est:
2925 4579 3101 4634 senuit
3143 4560 3370 4644 mundus
3398 4605 3414 4655 ;
3445 4599 3729 4663 pressuris

2132 4644 2321 4715 plenus
2349 4660 2451 4705 est.
2481 4653 2673 4712 Parum
2716 4661 2807 4716 tibi
2834 4669 3081 4733 praestitit
3109 4672 3272 4744 Deus,
3301 4644 3423 4749 quia
3445 4644 3507 4740 in

2132 4748 2274 4795 ctute
2312 4746 2493 4801 mundi
2538 4750 2682 4806 misit
2707 4754 2798 4810 tibi
2829 4756 3117 4834 Christum,
3162 4777 3222 4824 ut
3245 4746 3371 4829 tunc
3403 4784 3453 4831 te
3482 4746 3725 4853 reﬁciat,

2131 4834 2345 4901 quando
2390 4850 2578 4895 cuncta
2619 4843 2908 4906 deﬁciunt?
2938 4852 3123 4913 Nescis
3150 4857 3253 4917 hoc
3300 4834 3727 4938 signiﬁcasse};

2128 4924 2331 5037 semine
2357 4928 2629 5037 Abralim?
2664 4936 2795 4992 Nam
2823 4955 3005 5000 semen
3036 4947 3264 5009 Abrahae
3301 4924 3378 5011 ait

2127 5015 2273 5125 quod
2288 5028 2360 5071 est
2388 5018 2630 5079 Christus.
2666 5026 2785 5084 Non
2802 5032 2941 5103 dicit,
2971 5036 3040 5092 Et
3063 5043 3354 5118 seminibus,

2125 5106 2297 5215 mtiltis
2316 5126 2338 5176 ;
2358 5112 2447 5165 sed
2493 5122 2729 5187 tanquam
2754 5122 2807 5175 in
2849 5139 2970 5193 uno,
3016 5128 3081 5184 Et
3104 5134 3283 5191 semini
3310 5106 3415 5209 tuo,
3457 5106 3730 5215 es;

2125 5194 2353 5299 Christus
2381 5202 2589 5299 (Colat.
2617 5222 2696 5279 ιιι,
2727 5211 2793 5267 l6
2817 5216 2866 5285 ).
2897 5216 3019 5273 ldeo
3038 5223 3155 5277 seni
3196 5194 3425 5287 Abrahae
3442 5194 3598 5293 datus

2127 5287 2299 5357 ﬁlius,
2330 5294 2451 5364 quia
2477 5306 2592 5353 erat
2632 5300 2812 5374 utique
2834 5307 3077 5368 Christus
3105 5313 3157 5370 in
3188 5316 3353 5389 ipsius
3611 5287 3726 5391 se:

2123 5489 2317 5577 novum
2357 5485 2410 5535 te
2446 5480 2589 5539 fecit.
2632 5485 2741 5544 Res
2776 5489 2935 5562 facta,
2964 5511 3050 5553 res
3083 5501 3318 5573 condita,
3351 5522 3437 5563 res
3463 5480 3721 5579 peritura

2114 5565 2225 5635 jam
2248 5572 2500 5642 vergebat
2542 5577 2594 5632 in
2622 5594 2891 5639 occasum.
2915 5586 3145 5648 Necesse
3170 5603 3286 5649 erat
3303 5565 3371 5652 'ut
3396 5565 3715 5664 abundare;

2118 5659 2383 5719 laboribus
2413 5684 2425 5721 :
2456 5671 2601 5726 venit
2626 5673 2713 5728 ille
2744 5684 2799 5731 et
2817 5681 3080 5738 consolari
3131 5694 3181 5741 te
3215 5686 3353 5745 inter
3378 5692 3604 5761 labores.
3635 5707 3714 5758 et

2180 5765 2199 5835 ξ
2222 5772 2271 5835 tn
2292 5768 2562 5835 Colbertino
2585 5781 2685 5835 Ms.,
2709 5790 3018 5835 commonere.

2115 5890 2342 5955 mundus,
2367 5890 2463 5944 non
2486 5900 2726 5961 repetitur
2754 5890 3325 5975 meismeis?”
3344 5890 3433 5930 ω’
3458 5890 3553 5918 ω’
3580 5890 3725 5928 WX'
