3980 6456
214 534 521 610 promittere
547 530 643 590 tibi
670 530 725 589 in
755 529 1138 604 sempiternum
1167 530 1416 603 quietem.
1464 529 1584 587 Noli
1607 529 1788 585 adhae-

213 644 328 688 rere
354 627 495 684 velle
524 626 639 683 seni
664 624 888 695 mundo,
921 633 975 682 et
1002 624 1146 681 nolle
1175 623 1526 697 iuvenescere
1553 623 1606 678 in
1632 621 1791 679 Chri-

215 733 311 788 sto,
333 719 425 792 qui
482 719 577 775 tibi
608 717 737 775 dicit
766 736 781 774 :
810 718 954 774 Perit
980 716 1211 773 mundus
1230 760 1245 786 ,
1277 716 1513 773 senescit
1536 713 1790 781 mundus,

211 813 379 870 deﬁcit
396 810 653 877 mundus,
686 809 1138 867 Iaboratanhelitu
1163 808 1472 867 senectutis.
1492 804 1611 862 Noli
1638 806 1793 861 time-

209 923 293 972 re,
339 904 689 962 renovabitur
754 904 1004 976 juventus
1056 911 1147 959 tua
1199 903 1338 959 sicut
1375 900 1567 974 aquilae
1598 897 1619 973 (
1645 897 1792 953 Psal.

209 1016 287 1063 cu,
313 1001 347 1055 5
375 1000 419 1069 ).

272 1092 324 1148 9.
348 1090 689 1164 Paganorum
715 1092 770 1147 in
806 1090 1149 1148 Christianam
1172 1090 1461 1163 religionem
1483 1086 1699 1161 querelae
1732 1101 1797 1141 ea:

210 1184 479 1239 sanatione
507 1184 688 1239 Romae
712 1184 869 1250 Ecce,
908 1184 1096 1254 inquit,
1115 1181 1418 1238 christianis
1468 1178 1795 1250 temporibus

210 1276 367 1331 Roma
398 1276 564 1346 perit.
609 1276 770 1331 Forte
797 1276 963 1330 Roma
1009 1290 1117 1330 non
1154 1276 1326 1346 perit:
1359 1273 1494 1329 forte
1533 1273 1796 1344 flagellata

210 1377 318 1434 est,
343 1384 456 1425 non
478 1369 802 1438 interempta
828 1388 840 1424 :
864 1366 999 1423 forte
1024 1367 1278 1437 castigata
1319 1374 1434 1432 est,
1465 1380 1570 1421 non
1600 1364 1793 1420 deleta.

210 1458 362 1515 Forte
402 1460 577 1515 Roma
603 1475 707 1515 non
738 1460 875 1531 perit
895 1501 910 1527 ,
943 1460 988 1516 si
1014 1459 1239 1514 Romani
1280 1473 1384 1513 non
1415 1465 1650 1528 pereant.
1680 1455 1794 1510 Non

209 1554 342 1608 enim
384 1554 677 1623 peribunt,
727 1552 773 1607 si
816 1553 981 1609 Deum
1028 1552 1358 1607 laudabunt:
1400 1552 1689 1622 peribunt,
1751 1549 1795 1604 si

208 1643 674 1713 blasphemabunt.
708 1644 880 1699 Roma
902 1643 1042 1698 enim
1073 1643 1199 1714 quid
1225 1652 1338 1709 est,
1379 1642 1481 1697 nisi
1522 1640 1748 1696 Romani
1774 1641 1798 1695 ?

208 1734 313 1790 Non
357 1737 507 1791 enim
547 1736 617 1791 de
660 1736 925 1806 lapidibus
953 1745 1006 1791 et
1046 1736 1201 1805 lignis
1230 1735 1435 1805 agitur,
1468 1733 1534 1789 de
1571 1732 1798 1789 excelsis

208 1827 389 1883 insulis
417 1830 435 1860 ¹
466 1838 522 1883 et
545 1828 891 1899 amplissimis
909 1828 1191 1884 moenibus.
1213 1828 1326 1882 Iloc
1351 1827 1428 1881 sic
1447 1834 1562 1881 erat
1581 1825 1794 1888 factum,

208 1927 261 1973 ut
287 1930 430 1976 esset
459 1920 753 1991 aliquando
800 1920 1087 1976 ruiturum.
1124 1920 1297 1975 Homo
1325 1935 1445 1975 cum
1474 1919 1761 1974 aediﬁcaret
1780 1960 1796 1985 ,

207 2014 379 2083 posuit
420 2014 659 2087 lapidem
717 2029 878 2085 super
931 2013 1199 2084 lapidem;
1229 2022 1283 2068 et
1325 2012 1487 2067 homo
1516 2028 1636 2067 cum
1678 2012 1802 2067 des-

207 2116 438 2171 trueret,
468 2106 679 2176 expulit
708 2105 935 2176 lapidem
965 2120 997 2160 a
1042 2104 1237 2174 lapide.
1268 2103 1441 2159 Homo
1475 2103 1602 2159 illud
1630 2102 1754 2157 fecit
1782 2144 1797 2169 ,

208 2197 363 2273 homo
392 2198 527 2253 illud
558 2198 841 2253 destruxit.
867 2197 1062 2268 Injuria
1089 2197 1145 2251 ﬁt
1171 2196 1354 2251 Roma:
1374 2239 1389 2263 ,
1419 2195 1540 2266 quia
1567 2194 1765 2250 dicitur
1783 2238 1797 2262 ,

206 2288 397 2344 Cadit?
424 2289 545 2344 Non
569 2289 756 2346 Romae
780 2332 794 2353 ,
823 2288 918 2345 sed
947 2288 1080 2345 forte
1127 2288 1317 2343 artiﬁci
1346 2286 1482 2358 ejus.
1528 2286 1800 2342 Conditori

206 2380 319 2449 ejus
371 2381 600 2436 facimus
644 2382 893 2451 injuriam
914 2424 927 2447 ,
978 2382 1117 2452 quia
1155 2382 1380 2437 dicimus
1401 2423 1415 2446 ,
1448 2380 1615 2435 Roma
1645 2381 1752 2435 ruit
1781 2423 1799 2449 ,

204 2488 360 2542 quam
387 2473 627 2528 condidit
656 2474 951 2529 Romulus?
975 2473 1199 2528 Mundus
1215 2489 1431 2529 arsurus
1457 2483 1537 2529 est
1565 2476 1615 2542 ',
1641 2488 1801 2544 quem

206 2566 443 2621 condidit
488 2568 653 2622 Deus.
682 2567 789 2623 Sed
820 2583 919 2623 nec
947 2567 1087 2638 quod
1116 2566 1241 2623 fecit
1265 2568 1428 2623 homo
1451 2608 1467 2633 ,
1516 2567 1622 2622 ruit
1652 2609 1667 2633 ,
1698 2565 1804 2621 nisi

205 2661 419 2731 quando
438 2662 824 2719 volueritDeus
849 2681 863 2730 ;
895 2679 992 2719 nec
1020 2663 1161 2735 quod
1182 2663 1306 2720 fecit
1330 2665 1503 2732 Deus,
1536 2663 1675 2730 ruit,
1699 2661 1803 2718 nisi

208 2754 419 2822 quando
471 2754 699 2808 voluerit
743 2754 901 2809 Deus.
945 2755 997 2811 Si
1043 2756 1185 2811 enim
1230 2754 1461 2810 hominis
1500 2770 1633 2824 opus
1690 2768 1802 2810 non

206 2847 519 2911 cadit,sine
571 2848 844 2903 voluntate
870 2849 999 2914 Dei,
1052 2866 1185 2919 opus
1232 2850 1324 2905 Dei
1367 2849 1579 2921 quando
1626 2858 1805 2920 potest

205 2931 400 2986 cadere
423 2948 518 3002 per
552 2932 880 2988 voluntatem
927 2934 1204 2991 hominis?
1234 2934 1433 2990 Tamen
1463 2944 1515 2991 et
1546 2935 1801 2990 mundum

207 3022 337 3078 fecit
369 3023 462 3078 tibi
498 3024 636 3079 Deus
664 3040 910 3079 casurum
942 3043 956 3091 ;
989 3034 1042 3081 et
1072 3025 1191 3080 ideo
1223 3035 1272 3081 te
1298 3026 1535 3082 condidit
1576 3026 1803 3082 moritu-

205 3133 329 3172 rum
356 3117 394 3173 ³.
425 3116 541 3188 Ipse
589 3119 749 3172 homo
778 3130 1147 3174 ornamentum
1188 3121 1414 3176 civitatis
1434 3161 1448 3187 ,
1506 3121 1615 3190 ipse
1644 3119 1805 3175 homo

206 3210 566 3279 inhabitator,
595 3222 772 3268 rector
791 3255 806 3280 ,
837 3214 1165 3283 gubernator
1184 3214 1412 3271 civitatis
1436 3258 1450 3283 ,
1475 3216 1553 3271 sic
1576 3215 1721 3270 venit
1747 3224 1807 3270 ut

207 3315 291 3361 eat
313 3348 332 3371 ,
378 3306 455 3360 sic
479 3314 562 3362 est
588 3314 743 3361 natus
773 3317 829 3361 ut
878 3308 1134 3363 moriatur
1157 3348 1172 3371 .
1216 3308 1294 3363 sic
1322 3318 1404 3363 est
1450 3308 1719 3379 ingressus
1748 3315 1807 3363 ut

208 3406 468 3454 transeat.
495 3398 700 3453 leum
750 3408 804 3454 et
844 3408 982 3455 terra
1012 3400 1312 3456 transibunt
1363 3401 1586 3471 (Matth.
1639 3417 1803 3469 xxrv,

205 3491 297 3561 35)
341 3510 360 3547 :
387 3491 512 3562 quid
535 3507 662 3563 ergo
683 3493 875 3547 mirum
897 3535 911 3559 ,
937 3492 981 3547 si
1004 3484 1287 3564 aliquando
1303 3492 1423 3549 ﬁnis
1446 3502 1528 3549 est
1554 3494 1752 3549 civitati
1782 3495 1807 3549 τ

206 3583 273 3639 Et
296 3583 440 3638 forte
466 3598 569 3639 non
598 3584 758 3639 modo
787 3584 906 3640 ﬁnis
932 3593 1014 3641 est
1038 3586 1237 3641 civitati
1272 3605 1285 3641 :
1318 3596 1494 3642 tamen
1524 3586 1808 3658 aliquando

204 3673 340 3729 ﬁnis
360 3675 461 3729 erit
485 3675 817 3731 civitati.Sed
842 3692 1008 3747 quare
1034 3678 1171 3733 inter
1189 3678 1446 3734 sacriﬁcia
1472 3677 1805 3736 Christiano-

204 3781 344 3821 rum
374 3766 505 3835 perit
547 3767 757 3821 Roma?
783 3767 959 3836 Quare
988 3770 1127 3825 inter
1159 3770 1421 3826 sacriﬁcia
1474 3771 1804 3840 Paganorum

202 3857 349 3912 arsit
375 3867 543 3912 mater
580 3858 696 3929 ejus
726 3858 925 3930 Troja?
976 3860 1090 3929 Dii,
1131 3860 1184 3916 in
1224 3862 1417 3932 quibus
1464 3878 1612 3933 spem
1654 3878 1805 3918 suam

204 3948 444 4003 Romani
491 3960 813 4019 posuerunt,
841 3953 1058 4006 omnino
1087 3952 1311 4009 Romani
1356 3953 1464 4021 dii,
1516 3954 1569 4008 in
1616 3955 1808 4025 quibus

203 4057 367 4112 spem
395 4041 592 4112 Pagani
621 4043 845 4099 Romani
876 4054 1193 4116 posuerunt,
1220 4047 1286 4102 ad
1308 4047 1532 4102 Romam
1567 4047 1808 4103 conden-

205 4134 329 4189 dam
365 4134 435 4190 de
462 4134 621 4205 Troja
649 4137 862 4193 incensa
907 4139 1287 4210 migraverunt.
1334 4140 1414 4195 Dii
1443 4140 1666 4195 Romani
1708 4141 1809 4211 ipsi

207 4224 431 4282 fuerunt
459 4226 631 4296 primo
662 4226 732 4282 dii
778 4228 1014 4298 Trojani.
1051 4232 1199 4285 Arsit
1232 4230 1390 4301 Troja
1412 4273 1426 4296 ,
1455 4232 1578 4287 tulit
1606 4232 1810 4288 IEneas

205 4315 341 4373 deos
372 4316 627 4387 fugitivos
660 4337 674 4375 :
703 4319 811 4373 imo
842 4320 957 4375 tulit
984 4320 1114 4377 deos
1134 4320 1377 4392 fugiens‘
1397 4322 1637 4377 stolidos.
1673 4322 1807 4379 Por-

205 4411 311 4465 tari
365 4411 517 4466 enim
555 4427 584 4466 a
615 4410 845 4482 fugiente
865 4423 1153 4484 potuerunt
1185 4432 1197 4469 :
1230 4413 1410 4486 fugere
1452 4416 1550 4485 ipsi
1581 4432 1687 4471 non
1716 4431 1809 4487 po-

206 4510 456 4558 tuerunt.
514 4501 722 4558 Etcum
755 4504 883 4574 ipsis
908 4505 1009 4560 diis
1050 4506 1272 4561 veniens
1319 4506 1371 4561 in
1415 4506 1640 4573 Italiam,
1686 4521 1809 4563 cum

203 4594 311 4649 diis
338 4594 499 4650 falsis
524 4594 758 4650 condidit
796 4595 1040 4651 Romam.
1091 4596 1330 4667 Longum
1358 4606 1441 4653 est
1463 4606 1653 4653 caetera
1682 4614 1810 4670 per-

206 4689 400 4758 sequi:
445 4686 683 4743 breviter
728 4696 903 4742 tamen
929 4688 1072 4759 quod
1114 4689 1348 4759 ipsorum
1395 4688 1585 4744 littera:
1612 4689 1813 4746 habent

206 4795 657 4836 commemorem.
690 4781 889 4836 Auctor
936 4782 1172 4852 ipsorum
1223 4783 1470 4839 omnibus
1521 4792 1678 4840 notus
1734 4785 1814 4843 sic

206 4873 451 4945 loquitur
479 4892 494 4927 :
535 4892 553 4926 ι
589 4873 784 4931 Urbem
812 4875 1034 4931 Romam
1055 4920 1071 4942 ,
1104 4876 1241 4933 sicut
1267 4892 1367 4948 ego
1390 4879 1596 4948 accepi,
1627 4879 1814 4935 condi-

209 4984 230 5018 ι
268 4966 406 5023 dere
433 4977 599 5037 atque
624 4966 857 5024 habuere
879 4968 1028 5023 initio
1048 4969 1265 5041 Trojani
1285 5012 1299 5037 ,
1328 4971 1418 5042 qui
1439 5013 1453 5036 ,
1477 4971 1648 5027 linea
1677 4972 1814 5030 duce

208 5081 230 5114 σ
270 5062 749 5133 profugi,sedibus
778 5064 992 5120 incertis
1021 5064 1346 5135 vagabantur
1365 5085 1383 5118 ι
1416 5065 1811 5137 (δαιικσωειι.

199 5154 367 5210 Catil.
431 5170 552 5223 cap.
598 5154 680 5223 4.)
733 5155 1011 5211 Habebunt
1045 5172 1173 5227 ergo
1224 5156 1352 5212 deos
1420 5171 1634 5225 secum,
1681 5173 1813 5214 con-

200 5246 472 5302 diderunt
527 5244 750 5302 Romam
802 5247 853 5301 in
906 5247 1092 5315 Latio,
1125 5258 1417 5319 posuerunt
1458 5249 1530 5306 ibi
1558 5250 1814 5309 colendos

266 5404 284 5434 ι
304 5402 450 5474 apud
462 5402 603 5474 sirm.
617 5404 790 5474 omissa
804 5412 1002 5474 estvogt,
1016 5404 1200 5474 insulis,
1217 5420 1327 5471 qua
1337 5408 1415 5458 hic
1425 5410 1817 5474 inmanuscriptis

196 5464 401 5523 exstat,
425 5464 490 5513 ad
516 5466 819 5526 signiﬁcanda
837 5466 1034 5516 aediﬁcia
1057 5464 1313 5532 iraacipua,
1337 5483 1447 5533 qua),
1466 5464 1817 5523 insularum'in-

189 5536 320 5597 ﬂat“
330 5534 569 5597 separata
591 5534 833 5597 a_ca_:tens
855 5536 1076 5579 constant
1098 5532 1292 5593 proprio
1322 5532 1568 5582 murorum
1597 5536 1781 5586 ambitu
1795 5570 1813 5597 ,

191 5590 440 5649 undique
468 5589 599 5637 vicos
628 5589 870 5639 habentia.

260 5649 619 5760 :ugeg‘vianus
639 5658 744 5712 us,
775 5665 978 5704 casurus
996 5659 1083 5705 est.
1108 5655 1225 5705 tlinc
1240 5655 1544 5707 Oolbertinus
1565 5668 1812 5724 corrupte,

260 5746 730 5837 5:5traolhertiuus
744 5782 829 5824 Ms.
856 5784 907 5826 Al.
920 5778 1055 5827 sirm.
1078 5792 1090 5827 :
1122 5785 1291 5831 Tamen
1313 5781 1546 5832 mundum
1568 5782 1656 5834 tibi
1672 5799 1812 5837 casu-

184 5833 590 5912 ηπεοεςραίιέςιΣ
608 5844 712 5912 lese
733 5838 889 5912 aonio,
915 5848 1031 5912 etc,
1245 5846 1426 5912 verbis,
1438 5850 1484 5895 et
1505 5844 1616 5912 ideo
1630 5833 1807 5912 ῥεξέιὶ.

1613 408 1845 471 SERHO
1868 408 2129 470 LXXXII.

3365 416 3475 480 606

1897 525 2028 585 deos
2058 532 2074 563 ¹
2094 573 2112 599 ,
2142 531 2231 603 qui
2260 532 2568 592 colebantur
2590 534 2644 592 in
2672 533 2851 611 Troja.
2872 533 3147 595 Inducitur
3167 552 3199 595 a
3224 544 3377 611 poeta
3395 539 3479 612 ip-

1897 640 2078 777 ωτὲιω
2106 624 2245 684 Juno
2270 628 2504 688 irascens
2533 630 2721 689 Encas
2748 640 2804 690 et
2829 631 3075 705 Troianis
3115 632 3437 707 fugientibus
3459 676 3480 705 .

1898 728 1952 776 et
2015 720 2136 777 icit.

1898 728 1952 776 et
1977 720 2136 787 dicit,

2168 854 2357 923 inimica
2379 856 2496 906 mihi
2518 857 2816 923 Tyrrhenum
2838 858 3034 922 navigat
3047 870 3231 923 aequor.

2024 914 2160 965 Ilium
2181 917 2232 966 in
2254 916 2433 980 Italiam
2456 914 2653 980 portans
2675 922 2923 980 victosque
2946 914 3181 972 Fenatés:

2331 978 2546 1046 (Virgil,
2572 979 2776 1042 Λῑηείά..
2801 978 2885 1032 lib.
2911 983 2958 1044 1,
2981 995 3104 1033 vers.
3127 983 3208 1045 67,
3227 982 3330 1049 68.)

1902 1111 1954 1167 id
1974 1120 2094 1180 est,
2126 1112 2255 1169 deos
2304 1113 2474 1169 victos
2515 1123 2734 1184 portans
2762 1131 2942 1172 secum
2970 1118 3023 1172 in
3073 1116 3298 1173 Italiam.
3364 1115 3484 1174 1am

1901 1204 2112 1276 quando
2134 1204 2209 1260 dii
2230 1206 2282 1260 in
2313 1207 2515 1262 Italiam
2544 1208 2665 1262 victi
2691 1208 3073 1279 portabantur,
3101 1224 3298 1265 numen
3322 1216 3441 1265 erat
3460 1249 3480 1279 ,

1902 1312 1969 1351 an
1995 1312 2155 1353 omen
2178 1299 2197 1329 ’
2224 1298 2247 1351 2
2278 1299 2488 1369 Diligite
2516 1314 2645 1371 ergo
2673 1300 2845 1371 legem
2876 1300 2973 1356 Dei
2990 1342 3007 1367 ,
3033 1309 3087 1356 et
3111 1316 3216 1356 non
3242 1302 3311 1357 sit
3334 1300 3487 1357 vobis

1902 1391 2229 1446 scandalum.
2262 1392 2532 1463 Rogamus
2552 1408 2650 1449 vos
2672 1436 2688 1462 ,
2743 1394 3086 1450 obsecramus
3112 1408 3242 1460 vos,
3291 1393 3488 1450 exhor-

1903 1489 2078 1537 tamur
2114 1498 2210 1539 vos
2229 1523 2244 1549 ,
2274 1493 2447 1539 estote
2476 1485 2633 1541 mites
2658 1520 2674 1553 ,
2722 1485 3092 1556 compatimini
3123 1485 3443 1556 patientibus
3466 1522 3486 1552 ,

1902 1576 2153 1645 suscipite
2174 1575 2411 1631 inﬁrmos
2433 1585 2518 1632 :et
2538 1578 2592 1631 in
2621 1577 2720 1633 ista
2737 1577 3016 1633 occasione
3040 1576 3327 1633 multorum
3353 1591 3484 1647 per-

1903 1667 2206 1737 egrinorum
2233 1710 2247 1734 ,
2294 1670 2561 1739 egentium
2586 1711 2601 1735 ,
2631 1669 2985 1727 laborantium
3003 1712 3019 1739 ,
3042 1670 3276 1726 abundet
3302 1670 3486 1741 hospi-

1904 1759 2079 1814 talitas
2105 1769 2276 1815 vestra
2298 1802 2312 1825 ,
2344 1761 2616 1817 abundent
2640 1762 2776 1817 bona
2803 1777 2966 1833 opera
2987 1770 3185 1817 vestra.
3211 1760 3363 1830 Quod
3399 1759 3491 1831 ju-

1904 1848 1995 1905 bet
2021 1850 2261 1908 Christus
2284 1894 2299 1917 ,
2334 1852 2528 1909 faciant
2554 1852 2879 1922 Christiani,
2905 1863 2960 1911 et
2989 1862 3194 1911 tantum
3220 1868 3321 1910 suo
3348 1852 3491 1910 malo

1904 1940 2275 2014 blasphemant
2297 1945 2493 2016 Pagani
2524 1946 2565 1999 ³.

2351 2060 2583 2116 sermo
2621 2060 2862 2118 Lxxxn
2892 2065 2911 2086 ·
2937 2062 3040 2133 (α).

1905 2147 1984 2205 De
2030 2152 2190 2207 verbis
2241 2152 2508 2226 Evangelii
2553 2155 2819 2224 Matthxi,
2848 2172 2965 2228 cap.
2995 2171 3160 2223 xvnt,
3207 2155 3406 2222 15-18,
3434 2154 3492 2212 Si

1978 2248 2277 2317 peccaverit
2303 2247 2356 2303 in
2399 2258 2449 2304 te
2493 2249 2658 2305 frater
2686 2258 2806 2305 tuus
2829 2292 2844 2317 ,
2872 2251 3084 2321 corripe
3123 2266 3243 2305 eum
3275 2249 3414 2305 inter
3442 2256 3495 2304 te

1977 2351 2031 2397 ct
2066 2343 2239 2413 ipsum
2292 2344 2494 2410 solum,
2525 2354 2618 2400 etc.
2651 2343 2721 2399 Et
2764 2344 2827 2399 de
2850 2344 3009 2400 verbis
3037 2344 3355 2411 Salomonis,
3386 2344 3495 2398 An-

1977 2452 2151 2493 nuens
2180 2438 2352 2492 oculis
2378 2452 2497 2492 cum
2527 2437 2681 2503 dolo,
2712 2440 2952 2509 congerit
2976 2437 3280 2493 hominibus
3300 2436 3496 2492 maesti-

1978 2530 2104 2585 ﬁam
2138 2549 2151 2587 :
2179 2531 2268 2601 qui
2300 2540 2475 2587 autem
2503 2532 2678 2601 arguit
2704 2531 2909 2600 palam,
2942 2545 3127 2601 pacem
3156 2528 3297 2584 facit.
3334 2526 3490 2582 Prov.

1979 2639 2093 2691 cap.
2124 2637 2190 2685 ι,
2238 2622 2273 2689 Ῡ
2298 2622 2448 2687 .10,
2475 2639 2574 2676 sec.
2604 2621 2758 2676 LXX
2780 2621 2880 2695 (ὁ).

1979 2714 2202 2771 CAPUT
2222 2713 2504 2771 PRIMUM.
2528 2745 2598 2755 -—
2615 2716 2638 2769 1
2655 2755 2667 2768 .
2690 2714 2981 2770 Observatio
3012 2712 3217 2784 prmia.
3246 2710 3492 2775 Festum,

1907 2812 2019 2877 ira;
2044 2806 2227 2876 trabes,
2256 2809 2446 2863 odium.
2481 2809 2742 2864 Admonet
2760 2822 2858 2863 nos
2878 2806 3134 2862 Dominus
3162 2814 3492 2860 noster'non

1909 2902 2173 2972 negligere
2196 2901 2419 2956 invicem
2441 2909 2623 2956 nostra
2646 2910 2859 2970 peccata
2881 2942 2896 2966 ,
2925 2914 3032 2954 non
3061 2895 3350 2970 quaarendo
3369 2894 3495 2967 quid

1909 2994 2268 3067 reprehendas
2288 3037 2303 3063 ,
2337 2994 2429 3049 sed
2458 2994 2688 3050 videndo
2709 2994 2833 3064 quid
2864 2994 3120 3063 corrigas.
3151 2992 3279 3062 Ejus
3301 2990 3497 3063 quippe

1908 3087 2040 3142 dixit
2067 3094 2279 3141 acutum
2306 3087 2520 3141 oculum
2550 3084 2616 3139 ad
2637 3084 2948 3154 ejiciendam
2976 3083 3232 3139 festucam
3257 3082 3322 3137 de
3345 3079 3500 3135 oculo

1909 3180 2088 3236 fratris
2112 3180 2229 3245 sui,
2258 3179 2346 3250 qui
2374 3179 2573 3233 trabem
2606 3178 2658 3232 in
2686 3176 2840 3231 oculo
2868 3191 2968 3232 suo
3014 3190 3121 3231 non
3152 3173 3329 3229 habet.
3364 3169 3499 3239 Quid

1908 3278 2086 3326 autem
2109 3270 2210 3325 hoc
2231 3270 2331 3334 sit,
2359 3268 2597 3323 breviter
2617 3266 2829 3322 insinuo
2855 3264 3108 3322 Charitati
3130 3271 3341 3319 vestrm.
3374 3260 3503 3316 Fes-

1909 3373 2031 3420 tuca
2062 3365 2114 3419 in
2150 3364 2340 3427 'oculo,
2375 3363 2453 3418 ira
2480 3370 2563 3419 est
2593 3380 2606 3417 :
2637 3361 2815 3417 trabes
2858 3361 2911 3416 in
2942 3360 3130 3425 oculo,
3175 3357 3357 3414 odium
3398 3363 3500 3411 est.

1910 3455 2134 3525 Quando
2158 3470 2285 3526 ergo
2316 3454 2404 3525 qui
2432 3453 2545 3509 odit
2583 3451 2928 3523 reprehendit
2955 3451 3310 3514 irascentem,
3340 3445 3505 3503 festu-

1910 3563 2025 3604 cam
2052 3548 2167 3603 vult
2190 3548 2256 3603 de
2277 3547 2431 3603 ocqu
2458 3545 2635 3601 fratris
2664 3544 2746 3599 sui
2773 3543 2959 3598 tollere
2989 3560 3001 3597 :
3035 3540 3128 3597 sed
3155 3539 3305 3595 trabe
3335 3538 3507 3609 impe-

1910 3642 2095 3706 ditur,
2125 3656 2281 3711 quam
2314 3640 2428 3710 ipse
2470 3646 2649 3709 portat
2694 3638 2747 3691 in
2794 3634 2951 3691 oculo
2998 3648 3094 3689 suo
3124 3630 3337 3705 (Matth.
3394 3645 3501 3699 vu,

1912 3732 2057 3806 5-5).
2087 3732 2312 3788 Festuca
2342 3729 2550 3784 initium
2597 3725 2763 3782 trabis
2788 3733 2886 3781 est.
2920 3724 3053 3780 Nam
3080 3722 3257 3778 trabes
3292 3718 3505 3792 quando

1912 3825 2147 3881 nascitur
2166 3866 2180 3887 ,
2229 3822 2385 3893 prius
2408 3819 2608 3875 festuca
2639 3827 2740 3874 est.
2771 3815 3013 3887 Rigando
3041 3814 3296 3870 festucam
3321 3853 3337 3879 ,
3382 3824 3504 3880 per-

1912 3915 2062 3971 ducis
2106 3914 2170 3969 ad
2199 3913 2400 3968 trabem
2436 3930 2447 3966 :
2478 3910 2670 3967 alendo
2706 3910 2841 3965 iram
2865 3908 3020 3963 malis
3062 3902 3454 3977 suspicionibus
3485 3943 3502 3971 ,

1914 4007 2160 4079 perducis
2182 4005 2248 4061 ad
2273 4005 2479 4061 odium.

1984 4098 2210 4157 CAPUT
2235 4098 2430 4154 II.-—‘2.
2463 4095 2737 4152 Peccatum
2762 4095 3021 4151 irascentis
3051 4109 3070 4149 :
3097 4092 3366 4149 crudelitas
3386 4090 3504 4145 odio

1916 4192 2161 4247 habentis.
2203 4190 2424 4246 Multum
2455 4199 2631 4245 autem
2663 4187 2885 4244 interest
2930 4186 3069 4242 inter
3092 4192 3367 4256 peccatum
3399 4182 3504 4237 ira-

1916 4286 2143 4351 scentis,
2173 4293 2226 4340 et
2274 4281 2642 4338 crudelitatem
2689 4279 2812 4335 odio
2838 4278 3100 4334 habentis.
3133 4275 3264 4331 Nam
3294 4282 3348 4330 et
3381 4273 3506 4329 ﬁliis

1917 4379 2113 4434 nostris
2163 4377 2482 4432 irascimur:
2513 4372 2692 4429 odisse
2747 4371 2886 4427 ﬁlios
2924 4370 3040 4442 quis
3093 4368 3405 4425 invenitur?
3447 4366 3506 4423 In

1918 4470 2050 4539 ipsis
2078 4481 2287 4538 quoque
2333 4464 2615 4536 pecoribus
2644 4470 2816 4519 mater
2843 4458 3129 4533 aliquando
3170 4459 3363 4515 bucula
3417 4473 3506 4513 su-

1920 4568 2132 4633 gentcm
2166 4557 2383 4613 vitulum
2410 4555 2569 4610 tzedio
2604 4553 2832 4625 quodam
2872 4551 3065 4608 avertit
3100 4551 3338 4607 irascens
3370 4567 3383 4603 :
3412 4546 3505 4603 sed

1918 4654 2211 4710 visceribus
2240 4651 2576 4722 amplectitur
2621 4648 2826 4703 matris.
2870 4646 3029 4715 Quasi
3074 4645 3287 4701 taedium
3338 4641 3504 4705 facit,

1918 4763 2037 4802 cum
2066 4744 2309 4815 impingit
2333 4761 2345 4798 :
2371 4742 2625 4813 qumritur
2652 4739 2674 4773 ⁸
2695 4749 2868 4795 tamen
2886 4782 2901 4807 ,
2924 4739 2967 4793 si
2995 4737 3164 4794 deost.
3187 4736 3293 4792 Nec
3317 4734 3506 4789 damus

1920 4842 2074 4896 aliter
2100 4839 2221 4893 ﬁliis
2248 4836 2580 4907 disciplinam
2607 4878 2622 4903 ,
2656 4834 2756 4890 nisi
2787 4833 3112 4903 aliquantum
3146 4825 3422 4883 irascendo
3452 4832 3503 4880 et

1922 4929 2284 5001 indignando:
2319 4942 2417 4982 nec
2460 4935 2636 4981 tamen
2678 4923 2929 4979 daremus
2980 4918 3347 4989 disciplinam,
3404 4914 3503 4970 nisi

1921 5022 2170 5079 amando.
2201 5020 2382 5091 Usque
2410 5017 2545 5074 adeo
2570 5033 2675 5073 non
2705 5016 2880 5072 omnis
2907 5013 2999 5085 qui
3029 5012 3272 5068 irascitur
3297 5050 3311 5073 ,
3346 5006 3457 5062 odit
3486 5022 3502 5073 ;

1920 5125 1980 5173 ut
2008 5114 2294 5187 aliquando
2323 5113 2490 5185 magis
2515 5111 2692 5168 odisse
2717 5110 3063 5167 convincatur
3081 5147 3095 5172 ,
3122 5104 3165 5160 si
3192 5119 3296 5158 non
3326 5101 3506 5157 irasci-

1988 5276 2005 5307 ⁸
2027 5273 2331 5324 colbertlnns
2350 5278 2455 5333 Ms,
2481 5269 2796 5321 condiderunt
2829 5274 3023 5317 Roman
3037 5301 3052 5326 ,
3087 5268 3134 5314 et
3167 5260 3509 5312 constituerim

1922 5336 2552 5411 ἰδὲθριεηάοδιάεωίηηη
2600 5397 2694 5411 ---.
2722 5391 2763 5411 οι
2794 5401 2926 5411 -..η-
2972 5388 3241 5411 nmmum..-
3264 5385 3311 5411 t.:

1986 5384 2307 5448 1|'s'irmondus
2324 5384 2363 5446 ἶ
2386 5408 2556 5446 nomen
2590 5397 2694 5444 erat
2722 5391 2763 5411 “
2789 5401 2943 5440 omen.
2972 5388 3241 5437 nesarcitur
3264 5385 3342 5435 hic
3373 5384 3510 5436 locus

1924 5460 2458 5525 pereolbertinumMs.
2520 5524 2527 5525 γ
2816 5512 2829 5525 ,
2878 5512 2921 5525 ,,

1988 5524 2010 5557 ³
2034 5522 2163 5580 Apud
2185 5523 2341 5580 sirm.,
2365 5527 2411 5570 et
2428 5524 2710 5569 tantumstto
2728 5512 2856 5565 malo
2873 5510 3196 5577 blasphematl
3214 5510 3412 5576 mgatti.
3446 5513 3508 5559 ll.

1988 5584 2011 5616 ⁸
2036 5584 2233 5646 Aliquot;
2244 5590 2369 5646 bss,
2394 5586 2628 5646 queritur.

1987 5646 2004 5666 '
2030 5636 2182 5694 scrin.
2207 5643 2285 5702 82,
2308 5636 2371 5692 83
2393 5636 2445 5692 ét
2465 5642 2527 5690 84
2556 5640 2788 5690 reoensiti
2818 5644 2931 5689 sum
2962 5636 3021 5688 ad
3044 5644 3149 5688 tres
3190 5636 3258 5685 bn
3302 5640 3353 5684 et
3390 5645 3511 5696 qua-

1924 5717 2033 5760 tuor
2047 5706 2108 5756 cI.
2134 5707 2193 5756 ad
2216 5719 2260 5755 a.
2280 5707 2357 5755 eb.
2376 5704 2409 5753 f.
2436 5706 2485 5754 tl.
2503 5717 2550 5767 g.
2571 5702 2632 5751 lr.
2652 5716 2716 5750 m.
2738 5716 2812 5764 pr.
2831 5714 2922 5751 rm.
2944 5702 3024 5751 vd.
3049 5710 3150 5749 Am.
3172 5706 3249 5747 Er.
3270 5706 3372 5746 Par.
3394 5702 3508 5746 ων.

2009 5789 2060 5844 a)
2084 5787 2226 5844 Alias,
2249 5786 2314 5837 de
2337 5786 2505 5835 Verbis
2525 5784 2708 5833 Domini
2734 5783 2808 5833 16.

2009 5804 2040 5837 a
2084 5789 2226 5844 Alias,
2249 5789 2314 5837 de
2337 5789 2505 5835 Verbis
2525 5789 2708 5833 Domini
2734 5789 2808 5833 16.

1922 5789 2060 5963 ι
2083 5850 2291 5901 Meminit
2312 5847 2547 5898 Possidius
2566 5848 2618 5896 in
2641 5846 2870 5910 lndiculo,
2893 5860 2999 5910 cap.
3023 5845 3073 5908 8,
3099 5852 3152 5897 et
3180 5841 3343 5895 για-ω
3362 5839 3511 5896 variis
