3980 6428
495 481 600 531 tur.
629 467 738 539 Fac
760 465 904 524 enim
928 477 1159 547 puerum
1178 458 1317 527 velle
1340 458 1394 519 in
1417 472 1552 543 aqua
1583 457 1815 521 numinis
1846 456 2029 521 ludere
2049 496 2066 527 ,

494 561 647 634 cujus
670 559 868 630 impetu
922 563 1105 635 pereat
1124 572 1149 625 1;
1175 561 1233 610 tu
1274 552 1319 608 si
1340 552 1487 615 vides
1519 595 1533 620 ,
1562 560 1616 607 et
1656 553 1917 629 patienter
1944 565 2068 635 per:

493 622 659 708 mittis
682 692 697 719 ,
724 622 883 706 odisti
902 622 1038 715 {tua
1060 622 1307 718 patientia
1330 686 1347 711 ,
1378 644 1518 699 illius
1554 622 1700 698 mors
1729 654 1830 698 est.
1856 622 2079 712 Quantd

493 743 683 799 melius
698 749 782 798 est
799 742 843 795 si
867 740 1114 795 irasceris
1128 747 1182 794 et
1200 737 1420 807 corrigis
1438 779 1454 805 ,
1466 744 1634 806 quam
1658 749 1763 789 non
1790 732 2070 789 irascendo

496 833 715 890 interire
736 831 1040 903 permittis!
1058 829 1253 886 Odium
1274 837 1552 900 ergo-ante
1590 827 1774 883 omnia
1794 825 2067 881 vitandum

494 936 611 993 est,
656 927 838 989 trabes
885 925 952 989 de
999 925 1154 989 ocqu
1204 924 1459 1001 ejiciendo
1496 932 1597 987 est.
1630 921 1848 985 Multum
1871 920 2069 991 quippe

493 1017 632 1073 aliud
680 1027 763 1072 est
788 1057 802 1081 ,
855 1016 1068 1087 quando
1113 1017 1337 1086 quisque
1361 1016 1597 1070 irascens
1640 1014 1693 1069 in
1718 1014 1895 1085 aliquo
1915 1011 2067 1068 verbi

492 1109 711 1165 modum
732 1107 980 1176 medit,
1020 1107 1161 1177 quod
1190 1117 1373 1178 postea
1420 1106 1595 1162 deleat
1640 1104 1973 1175 paenitendo;
2014 1109 2069 1158 et

490 1200 637 1259 aliud
655 1208 747 1256 est
766 1242 781 1267 ,
812 1212 1029 1255 servare
1050 1198 1272 1253 insidias
1300 1198 1534 1253 inclusas
1560 1197 1612 1251 in
1634 1196 1814 1251 corde.
1846 1194 2066 1250 Multum

491 1300 765 1362 postremo
788 1290 1013 1346 interest
1034 1288 1179 1343 inter
1204 1289 1317 1345 hare
1346 1287 1501 1343 verba
1522 1286 1811 1357 Scriptum
1837 1326 1850 1349 ,
1883 1284 2070 1338 Turba-

486 1392 568 1438 ω.
591 1393 668 1437 ut
693 1398 801 1455 pra
824 1384 906 1437 ira
942 1384 1117 1438 autut
1146 1399 1282 1438 meus
1308 1381 1483 1452 (Paul.
1514 1397 1598 1448 v1,
1630 1381 1705 1452 8).
1739 1381 1812 1435 De
1855 1379 1947 1433 illo
1966 1393 2066 1433 au-

488 1482 598 1531 tem
630 1474 760 1545 quid
795 1475 995 1531 dictu
1020 1475 1143 1531 est?
1165 1473 1267 1541 Qui
1308 1474 1415 1528 odit
1443 1478 1649 1544 fratrem
1688 1488 1835 1526 suum
1855 1512 1870 1538 ,
1904 1469 2068 1525 Itami-

487 1565 793 1637 ridecatﬂ
829 1566 986 1622 Iesu.
1009 1583 1097 1634 m,
1141 1568 1255 1638 45).
1286 1566 1505 1622 Multum
1535 1567 1753 1622 interest
1779 1566 1918 1620 inter
1952 1572 2067 1618 tur-

491 1656 670 1715 batum
716 1658 953 1726 oculum,
971 1666 1028 1715 et
1046 1659 1383 1714 exstinctum.
1406 1656 1632 1713 Festuca
1662 1656 1864 1722 turbat,
1887 1654 2065 1709 trabes

484 1748 793 1819 exstinguit.

557 1841 613 1895 δ.
645 1840 833 1896 Mum
860 1842 912 1897 ei
929 1843 1017 1913 qui
1043 1843 1155 1897 odit
1175 1843 1376 1914 gravius
1394 1850 1565 1910 nocet,
1596 1858 1749 1913 quam
1774 1840 1936 1895 alteri.
1955 1839 2067 1894 Hoc

486 1945 615 2002 ergo
636 1935 862 2001 primum
890 1933 1044 1989 nobis
1074 1935 1486 2005 persuadeamus
1505 1975 1520 1999 ,
1546 1942 1604 1989 ut
1626 1933 1767 2004 quod
1786 1933 1944 1988 hodie
1968 1932 2064 1987 ad-

485 2025 671 2079 moniti
696 2038 879 2080 sumus
902 2068 918 2093 ,
946 2025 1086 2089 boue
1121 2026 1298 2087 facere
1323 2036 1483 2099 atque
1509 2027 1730 2096 implere
1763 2027 2028 2098 possimus
2047 2067 2063 2093 ,

485 2124 609 2173 ante
633 2117 809 2173 omma
836 2132 945 2177 non
966 2117 1166 2183 odisse.
1192 2118 1340 2181 Tune
1364 2120 1506 2175 enim
1527 2118 1737 2188 quando
1756 2118 1936 2174 trahes
1962 2132 2067 2172 non

483 2218 566 2273 est
596 2210 649 2269 in
677 2211 832 2267 oculo
858 2221 984 2279 tuo,
1016 2211 1165 2273 vides
1190 2222 1341 2271 recte
1363 2211 1615 2283 quidquid
1642 2210 1803 2271 fuerit
1828 2211 1882 2267 iu
1908 2211 2066 2267 oculo

485 2301 664 2359 fratris
676 2304 791 2373 tui;
819 2313 875 2361 et
900 2304 1007 2367 vim
1032 2305 1253 2376 pateris.
1280 2304 1456 2365 donec
1480 2305 1664 2375 ejicias
1691 2305 1758 2360 de
1780 2304 1935 2361 oculo
1955 2304 2062 2359 fra-

484 2397 582 2455 tris
610 2397 688 2453 tui
707 2438 723 2463 ,
753 2398 897 2468 quod
935 2398 1086 2461 Vides
1115 2414 1307 2459 nocere
1344 2399 1498 2461 oculo
1527 2397 1711 2456 fratris
1736 2399 1833 2454 tui.
1862 2397 2067 2455 Lumen

484 2489 625 2561 quod
646 2490 699 2544 in
725 2502 776 2546 te
802 2499 884 2547 est
902 2530 921 2559 ,
947 2506 1052 2551 non
1083 2499 1134 2547 te
1164 2491 1423 2560 permittit
1448 2491 1726 2562 negligere
1752 2490 1933 2547 lumen
1959 2489 2066 2546 fra-

485 2580 580 2635 tris
611 2580 704 2635 tui.
731 2579 863 2635 Nam
904 2581 949 2637 si
979 2581 1172 2650 odisti,
1219 2591 1272 2637 et
1315 2582 1403 2657 vis
1444 2583 1750 2653 corripere,
1803 2580 2069 2653 quomodo

485 2671 739 2731 emendas
764 2672 943 2731 lumen
960 2713 976 2738 ,
1004 2672 1095 2745 qui
1124 2673 1398 2744 perdidisti
1422 2674 1644 2732 lumen?
1666 2674 1808 2729 Dixit
1845 2673 1987 2731 enim
2014 2680 2069 2727 et

486 2762 588 2819 hoc
632 2773 817 2835 aperte
857 2764 1044 2829 eadem
1080 2766 1359 2837 Scriptura
1379 2810 1395 2837 ,
1422 2768 1514 2824 ubi
1542 2768 1795 2836 scriptum
1822 2776 1937 2834 est,
1970 2767 2070 2835 Qui

487 2854 593 2915 Odit
613 2858 1017 2927 patrandum,
1050 2857 1304 2923 homicida
1326 2868 1418 2914 est.
1444 2859 1547 2927 Qui
1576 2858 1702 2924 odit,
1730 2858 1932 2929 inquit,
1963 2862 2072 2929 [ra-

488 2953 613 3000 trem
659 2962 806 3002 suum
827 2987 844 3015 ,
874 2947 927 3005 in
957 2946 1167 3007 tenebris
1192 2957 1266 3009 est
1307 2965 1466 3023 usque
1490 2948 1659 3003 adhuc
1704 2947 1812 3019 (Id.
1865 2964 1902 3003 tt
1923 2987 1940 3013 ,
1990 2946 2068 3019 9).

487 3034 716 3104 Odium,
747 3040 982 3099 tenebrae
1008 3051 1150 3097 sunt.
1180 3041 1297 3103 Non
1324 3051 1497 3112 potest
1539 3051 1716 3099 autem
1755 3042 1866 3097 fieri
1899 3049 1953 3101 ut
1978 3042 2070 3111 qui

488 3128 604 3187 odit
644 3129 869 3186 alterum
889 3172 905 3194 ,
926 3146 1034 3195 non
1058 3132 1168 3189 sibi
1199 3133 1345 3203 prius
1372 3140 1580 3188 noceat.
1617 3133 1765 3188 illum
1802 3133 1945 3191 enim
1974 3133 2071 3187 lac-

488 3218 619 3277 dere
643 3230 866 3279 conatur
884 3223 1237 3290 extrinsecus,
1264 3239 1322 3285 se
1341 3232 1512 3279 vastat
1534 3223 1871 3280 intrinsecus.
1892 3224 2071 3293 Quan-

490 3317 602 3373 tum
629 3320 807 3371 autem
836 3312 1045 3373 animus
1073 3322 1253 3377 uoster
1274 3329 1503 3384 corpore
1529 3315 1698 3387 major
1721 3323 1805 3370 est
1821 3357 1836 3380 ,
1868 3323 2068 3371 tantum

489 3400 540 3457 ei
562 3401 864 3472 prospicere
886 3402 1142 3467 debemus
1163 3445 1181 3469 ,
1206 3420 1275 3469 ne
1299 3404 1415 3476 ipse
1435 3405 1674 3465 laedatur.
1708 3405 1874 3461 Lmdit
1892 3415 2069 3469 autem

489 3494 725 3555 animum
750 3508 922 3561 suum,
954 3482 1044 3566 qui
1063 3495 1176 3557 odit
1199 3496 1447 3563 alterum.
1478 3497 1544 3561 Et
1582 3498 1706 3567 quid
1738 3497 1970 3555 facturus
1988 3507 2073 3557 est

489 3586 540 3642 ei
583 3603 742 3658 quem
772 3588 917 3651 odit?
936 3588 1064 3661 quid
1092 3589 1363 3653 facturus?
1388 3589 1552 3649 Tollit
1574 3591 1852 3664 pecuniam
1872 3632 1886 3656 ,
1912 3607 2070 3649 num-

490 3677 619 3753 ςὶιίςί
654 3677 859 3745 ﬁdem!
908 3680 1077 3747 Ludit
1101 3680 1293 3749 famam
1313 3721 1330 3750 .
1370 3682 1626 3754 numquid
1651 3682 2072 3743 consulentium?

490 3771 756 3845 Quidquid
778 3782 974 3845 notet,
1018 3774 1315 3843 forinsecus
1340 3784 1500 3835 nocet
1531 3793 1544 3831 :
1576 3775 1675 3833 sibi
1700 3776 1920 3837 attende
1943 3774 2071 3847 quid

490 3872 703 3935 noceat.
726 3863 878 3933 littus
900 3866 1177 3935 enititaibi
1206 3866 1321 3940 ipse
1342 3865 1590 3925 inimicus
1614 3876 1718 3933 est,
1742 3868 1831 3937 qui
1859 3866 1973 3925 odit
1996 3867 2074 3922 al-

490 3961 683 4010 terum.
711 3955 818 4010 Sed
847 3957 970 4027 quia
1000 3972 1103 4011 non
1141 3961 1303 4012 sentit
1339 3957 1464 4028 quid
1498 3957 1600 4021 sibi
1630 3958 1757 4019 mali
1782 3956 1976 4027 faciat,
2016 3959 2072 4015 in

490 4044 717 4109 alterum
739 4045 925 4123 savii,
942 4061 1015 4105 eo
1034 4047 1380 4118 periculosius
1409 4048 1593 4107 vivens
1610 4089 1627 4113 ,
1649 4064 1755 4118 quo
1779 4063 1887 4105 non
1913 4050 2074 4109 sentit

491 4134 618 4206 quid
660 4148 843 4201 secum
868 4135 995 4195 mali
1017 4136 1162 4209 agit;
1188 4137 1312 4207 quia
1337 4144 1393 4192 et
1420 4137 1687 4199 saeviendo
1710 4153 1926 4197 sensum
1947 4155 2071 4210 per-

490 4224 644 4287 didit.
668 4225 877 4291 vaisti
905 4226 958 4285 in
986 4227 1255 4287 inimicum
1292 4238 1441 4289 tuum
1470 4247 1483 4283 :
1510 4238 1562 4287 te
1582 4230 1835 4289 saeviente
1858 4231 1948 4293 ille
1976 4248 2074 4293 nu-

491 4315 646 4375 datus
671 4325 783 4383 est.
810 4325 869 4379 tu
886 4317 1105 4391 iniquus
1133 4334 1213 4381 es.
1235 4320 1455 4383 Multum
1480 4321 1700 4383 interest
1716 4322 1860 4385 inter
1874 4324 2073 4383 nudum

492 4409 843 4482 et-iniquum.
874 4409 968 4479 ille
996 4410 1225 4485 perdidit
1264 4413 1561 4485 pecquam.
1591 4422 1649 4479 tu
1691 4416 2071 4477 innocentiam.

492 4500 684 4571 Quam
710 4502 832 4575 quis
868 4503 1357 4579 graviusdamnutn
1387 4520 1671 4579 perpessus
1693 4517 1792 4567 est.
1822 4509 1920 4567 ille
1949 4526 2071 4581 per-

492 4594 625 4650 didit
648 4609 766 4653 rem
790 4595 1083 4668 perituram
1103 4637 1120 4665 ,
1154 4606 1210 4653 tu
1234 4598 1402 4661 lactus
1421 4614 1480 4659 es
1504 4601 1788 4673 periturus.

563 4685 792 4745 CAPUT
826 4686 915 4749 lli.
940 4716 1020 4743 η-η-
1058 4689 1113 4751 4.
1148 4688 1260 4757 Quo
1292 4691 1471 4747 animo
1509 4696 1666 4765 frater
1705 4696 2070 4767 corripiendus.

492 4774 767 4841 hecaten:
802 4780 856 4836 in
893 4780 1143 4847 hominm
1166 4799 1269 4841 non
1299 4786 1731 4845 contemnendum.
1758 4787 1886 4846 ideo
1906 4790 2073 4849 debe-

494 4886 614 4931 mus
642 4872 870 4931 amando
909 4875 1217 4945 corripere;
1257 4891 1363 4935 non
1404 4879 1630 4947 nocendi
1657 4881 1943 4950 aviditate,
1976 4883 2072 4940 sed

493 4961 668 5020 studio
695 4964 1013 5036 corrigendi.
1046 4965 1203 5037 Tales
1238 4968 1284 5023 si
1313 4967 1602 5038 fuerimus,
1628 4972 1826 5042 optime
1852 4972 2072 5037 facimus

491 5053 631 5126 quod
660 5053 820 5113 hodie
844 5056 1101 5119 admoniti
1122 5074 1304 5127 stultus
1333 5078 1349 5115 :
1386 5060 1447 5123 Si
1483 5064 1753 5134 peccauerit
1772 5064 1828 5119 in
1850 5072 1898 5119 te
1913 5064 2087 5139 frater.

493 5152 638 5210 tuus,
661 5146 856 5217 corripe
873 5146 1017 5202 illum
1035 5149 1165 5203 inter
1190 5159 1236 5204 te
1258 5159 1305 5205 et
1329 5150 1494 5222 ipsum
1520 5153 1702 5207 solum.
1728 5154 1902 5223 Quare
1924 5156 2071 5211 illum

490 5235 741 5304 Wfilin?
759 5236 895 5304 Quia
920 5245 975 5294 te
993 5237 1151 5296 doles
1168 5240 1209 5306 ³,
1229 5241 1372 5311 quod
1399 5244 1695 5311 peccaverit
1710 5244 1763 5299 in
1787 5246 1875 5300 te?
1894 5246 2067 5302 Absit.

495 5325 553 5385 Si
573 5340 755 5385 arnore
781 5330 856 5389 tui
884 5329 937 5393 id
959 5330 1113 5403 facis,
1140 5333 1273 5401 nihil
1288 5334 1446 5395 .facis.
1477 5334 1535 5393 Si
1553 5352 1735 5395 amore
1761 5338 1900 5395 illius
1919 5339 2068 5408 facis,

493 5416 693 5486 Optime
736 5416 884 5475 facis.
931 5422 1169 5495 Denique
1195 5425 1247 5480 in
1275 5425 1405 5497 ipsis
1444 5427 1621 5483 verbis
1647 5429 1889 5495 attende,
1918 5431 2072 5501 cujus

495 5520 680 5561 amore
706 5507 759 5562 id
788 5507 962 5569 facere
1004 5514 1236 5586 debeas,
1267 5527 1443 5576 utrum
1471 5520 1583 5587 tui,
1612 5535 1678 5583 an
1717 5522 1880 5579 illius.
1922 5524 1982 5581 Si
2020 5534 2073 5580 te

493 5597 747 5664 audierit,
785 5600 987 5672 inquit.
1019 5607 1239 5668 tum
1266 5628 1320 5667 es
1354 5616 1558 5683 frctus
1586 5621 1750 5669 tum.
1780 5614 1925 5686 Ergo
1949 5632 2072 5687 pro-

497 5696 618 5784 pter
641 5688 786 5745 illum
812 5691 924 5784 fac,
954 5706 1012 5754 ut
1038 5699 1260 5759 luet-eris
1284 5702 1455 5762 illum.
1477 5704 1534 5762 Si
1560 5704 1801 5767 faciendo
1827 5708 2066 5784 lucraris,

558 5777 1464 5867 ‘RomdetVennquiatudotes.
1524 5803 1583 5859 at.

1684 342 1744 400 S-
1782 333 2151 411 Αιιαυδτιιει
2184 337 2489 405 EPISCOPI

3646 345 3755 417 ωε

2174 454 2275 509 nisi
2314 453 2534 515 fecisses
2580 452 2828 531 perierat.
2870 454 3007 531 Quid
3038 464 3131 519 .cst
3176 470 3305 533 ergo
3334 457 3478 530 (βοὰ
3513 459 3757 535 plerique

2174 546 2419 609 homines
2465 548 2564 605 ista
2606 558 2821 623 peccata
2858 559 3238 623 contemnunt,
3277 561 3331 617 et
3370 552 3571 621 dictum
3614 555 3755 623 Quid

2173 654 2419 711 magnum
2445 639 2540 699 feci
2559 641 2582 695 ?
2604 639 2656 699 in
2685 640 3213 721 hominem'pcccavi.
3248 644 3364 705 Noti
3390 656 3751 709 contemnere.

2175 730 2232 785 in
2276 730 2542 795 hominem
2571 734 2798 805 peccasti
2846 753 2858 789 :
2902 736 2984 795 vis
3019 751 3177 797 nosse
3215 736 3337 809 quia
3380 737 3434 799 in
3485 737 3753 798 hominem

2173 824 2439 895 peccando
2467 827 2689 896 peristi?
2716 826 2773 883 Si
2802 836 2853 888 te
2884 828 2976 887 ille
3004 830 3058 891 in
3082 845 3239 903 quem
3279 832 3510 901 peccasti
3530 874 3545 897 ,
3583 833 3754 893 corti-

2173 918 2346 986 puerit
2374 918 2512 974 inter
2539 928 2592 976 te
2619 929 2674 975 et
2698 920 2869 991 ipsum
2895 922 3063 978 solum
3083 965 3098 990 ,
3123 935 3178 978 et
3201 923 3431 980 audieris
3456 925 3601 985 illum
3621 966 3638 994 ,
3669 926 3754 982 lu-

2172 1018 2351 1071 cratus
2369 1018 2451 1065 est
2480 1019 2550 1067 te.
2582 1011 2719 1083 Quid
2746 1021 2849 1083 est,
2878 1013 3110 1077 lucratus
3134 1024 3216 1077 est
3238 1024 3329 1085 te;
3359 1017 3460 1079 nisi
3479 1017 3603 1088 quia
3625 1033 3752 1087 pc-

2173 1100 2346 1177 ieras,
2374 1103 2419 1159 si
2474 1121 2577 1165 non
2602 1104 2899 1169 lucraretur
2938 1109 3031 1164 te?
3068 1108 3201 1167 Nam
3239 1109 3284 1169 si
3327 1124 3433 1175 non
3478 1111 3753 1179 Perieras.

2170 1194 2437 1269 quomodo
2489 1205 2540 1252 te
2585 1196 2818 1255 lucratus
2864 1199 2982 1254 est?
3025 1197 3195 1259 Nemo
3236 1215 3366 1271 ergo
3407 1210 3754 1269 contemnat,

2171 1286 2382 1355 quando
2424 1298 2609 1359 peccat
2652 1289 2703 1344 in
2746 1290 2984 1346 fratrem.
3033 1290 3121 1357 Ait
3174 1291 3313 1349 enim
3361 1292 3587 1363 quodam
3635 1293 3759 1355 loco

2171 1379 2485 1453 Apostolus,
2523 1380 2609 1435 Sic
2637 1393 2804 1437 autem
2830 1393 3089 1457 peccantes
3110 1383 3160 1441 in
3184 1387 3389 1455 fratres,
3416 1394 3460 1439 ct
3476 1384 3761 1456 percutiat.

2171 1480 2244 1527 tes
2271 1474 2625 1527 conscientia»:
2652 1492 2823 1529 eorum
2851 1477 3105 1549 inﬁrmam
3128 1518 3143 1544 ,
3184 1478 3234 1529 in
3263 1477 3513 1534 Christum
3538 1477 3759 1549 peccatis

2172 1564 2213 1637 (Ι
2240 1565 2356 1621 Cor.
2396 1583 2484 1621 vni
2508 1606 2522 1629 ,
2553 1568 2639 1639 12)
2671 1586 2684 1621 :
2721 1568 2842 1624 ideo
2886 1570 3008 1641 quia
3054 1567 3289 1631 membra
3331 1568 3527 1627 Christi
3565 1582 3758 1633 manes

2169 1655 2292 1711 facti
2323 1672 2525 1712 sumus.
2553 1656 2829 1724 Quomodo
2863 1675 2968 1712 non
2994 1673 3186 1732 peccas
3227 1657 3278 1713 in
3304 1656 3575 1719 Christum
3598 1700 3616 1728 ,
3664 1656 3759 1730 qui

2169 1762 2357 1818 peccas
2388 1747 2440 1802 in
2472 1748 2766 1804 membrum
2791 1749 3027 1804 Christi?

2240 1838 2293 1893 5.
2338 1836 2506 1909 Hujus
2574 1840 2767 1911 peccati
2816 1841 3114 1907 remedium,
3163 1841 3329 1897 Nemo
3401 1855 3529 1912 ergo
3572 1838 3759 1909 dicat,

2169 1930 2290 2000 quia
2318 1946 2421 1984 non
2451 1931 2661 2001 peccavi
2685 1933 2735 1986 in
2769 1933 2957 1999 Deum,
2982 1934 3072 1991 scd
3102 1936 3310 2004 peccavi
3342 1935 3391 1989 in
3423 1933 3664 2001 fratrem,
3695 1932 3751 1991 in

2170 2021 2440 2077 homirnam
2484 2024 2743 2093 peccavi:
2774 2025 2890 2080 leve
2933 2034 3203 2099 peccatum
3258 2036 3372 2093 est,
3421 2025 3503 2081 vel
3549 2025 3755 2082 nullum

2170 2123 2444 2182 peccatum
2488 2104 2585 2169 est.
2616 2114 2776 2171 Forte
2819 2106 2943 2171 inde
2981 2116 3134 2184 dicis,
3167 2117 3303 2175 Leve
3342 2126 3442 2184 est,
3485 2115 3606 2187 quia
3648 2114 3760 2171 cito

2170 2215 2403 2261 curatur.
2438 2207 2675 2263 Pcccasti
2703 2208 2754 2263 in
2788 2207 3002 2264 fratrem
3027 2227 3040 2269 :
3070 2209 3153 2265 t‘ac
3177 2210 3326 2277 satis,
3357 2216 3646 2271 etsenatus
3675 2221 3758 2263 es.

2174 2295 2291 2353 Cito
2325 2296 2494 2352 fecisti
2526 2298 2854 2357 mortiferam
2882 2315 3015 2366 rem,
3045 2299 3139 2355 sed
3165 2299 3453 2355 remedium
3476 2300 3582 2354 cito
3605 2297 3761 2353 inve-

2170 2387 2316 2442 listi.
2348 2366 2477 2457 Qliis
2522 2398 2760 2444 nostrum
2802 2400 2983 2463 speret
3006 2407 3227 2462 regnum
3259 2391 3535 2457 caelorum,
3564 2389 3761 2447 fratres

2172 2480 2296 2547 mei,
2328 2481 2538 2552 quando
2563 2481 2691 2537 dicit
2720 2482 3084 2553 Evangelium,
3117 2483 3214 2549 Qui
3243 2483 3422 2538 dixerit
3453 2482 3599 2555 fratri
3639 2498 3758 2543 suo,

2172 2569 2354 2639 Fatue,
2397 2588 2511 2627 reus
2553 2574 2647 2626 erit
2672 2574 2910 2644 gehenna:
2949 2573 3116 2646 ignis?
3153 2574 3371 2646 Magnus
3408 2583 3617 2639 terror;
3665 2572 3762 2628 sed

2170 2664 2293 2719 vide
2324 2665 2391 2719 ibi
2414 2666 2711 2721 remedium
2744 2686 2757 2722 :
2788 2666 2849 2722 Si
2867 2668 3101 2723 obtuleris
3124 2685 3304 2723 manus
3327 2679 3464 2725 tuum
3486 2668 3553 2721 ad
3572 2668 3765 2734 altare,

2171 2765 2220 2809 et
2246 2756 2314 2810 ibi
2349 2757 2641 2811 recordatus
2682 2759 2856 2831 fuerit,
2884 2761 3001 2830 quia
3035 2759 3192 2829 frater
3231 2768 3345 2813 tuus
3383 2757 3528 2812 habet
3563 2756 3766 2828 aliquid

2170 2848 2435 2901 adversam
2464 2857 2545 2912 te;
2570 2848 2795 2919 relinque
2819 2850 2887 2905 ibi
2917 2867 3097 2904 manus
3119 2859 3259 2905 tuum
3285 2858 3400 2904 ante
3426 2850 3601 2903 altare.
3642 2847 3762 2903 Non

2173 2939 2417 2996 irascitur
2436 2941 2577 2998 Deus
2606 2942 2726 3012 quia
2762 2941 2942 2997 diﬂ'ers
2971 2942 3243 3013 imponere
3267 2956 3460 2996 munus
3489 2952 3634 2996 tuum
3665 2959 3678 2994 :
3710 2951 3762 2996 te

2173 3031 2362 3101 quaerit
2386 3031 2525 3085 Deus
2554 3033 2721 3103 magis
2741 3048 2896 3103 quam
2926 3048 3114 3088 munus
3148 3043 3313 3088 tuum.
3337 3032 3463 3087 Nam
3487 3035 3530 3086 si
3558 3033 3765 3089 malunt

2172 3122 2406 3177 animum
2456 3140 2645 3194 gerens
2701 3126 2955 3181 adversus
3003 3126 3220 3181 fratrem
3268 3138 3436 3193 tuum,
3478 3127 3767 3189 adveneris

2171 3230 2292 3270 cum
2321 3233 2540 3272 munere
2554 3217 2622 3272 ad
2648 3217 2813 3273 Deum
2849 3230 3015 3286 tuum,
3049 3219 3331 3290 respondet
3358 3219 3447 3274 tibi
3475 3238 3488 3272 :
3516 3220 3597 3274 Tu
3626 3236 3758 3290 per-

2171 3306 2279 3373 isti,
2325 3307 2453 3362 mitti
2495 3308 2619 3378 quid
2659 3311 2919 3365 attulisti?
2947 3309 3117 3366 Offers
3161 3326 3353 3366 munus
3407 3322 3574 3378 tuum,
3612 3320 3674 3366 et
3702 3322 3763 3376 tu

2174 3414 2279 3455 non
2320 3414 2379 3455 es
2404 3416 2594 3457 munus
2621 3402 2735 3458 Dei.
2767 3403 2891 3459 Plus
2917 3405 3106 3476 quaerit
3131 3402 3369 3459 Christus
3407 3421 3561 3479 quem
3602 3405 3768 3460 redcc

2174 3492 2272 3545 mit
2307 3493 2563 3564 sanguine
2590 3510 2707 3560 suo,
2750 3510 2909 3567 quam
2940 3496 3078 3565 quod
3121 3503 3177 3554 tu
3205 3496 3449 3551 invenisti
3477 3495 3526 3555 iu
3564 3494 3770 3551 horreo

2176 3591 2286 3637 tuo.
2310 3583 2447 3651 Ergo
2475 3585 2699 3657 relinque
2728 3586 2793 3640 ibi
2821 3604 3001 3647 manus
3031 3596 3171 3641 tuum
3197 3596 3314 3641 ante
3348 3587 3522 3654 altare,
3567 3596 3612 3641 et
3637 3586 3775 3641 uade

2174 3675 2317 3744 prius
2347 3677 2659 3730 reconciliari
2682 3679 2832 3749 fratri
2853 3688 2936 3732 tuo
2952 3695 2973 3751 _;
2992 3688 3039 3733 et
3067 3678 3139 3731 sic
3164 3678 3361 3733 veniens
3382 3675 3558 3744 offeres
3580 3693 3772 3744 inunita

2176 3774 2313 3818 tuum
2363 3764 2574 3838 (Matth.
2618 3785 2670 3835 v,
2711 3767 2928 3841 2224).
2977 3769 3116 3835 Ecce
3158 3769 3248 3825 ille
3286 3777 3461 3821 reatus
3502 3766 3774 3839 gehennae

2174 3872 2331 3926 quam
2377 3858 2483 3913 cito
2528 3860 2733 3916 solutus
2778 3868 2879 3916 est.
2924 3860 3167 3917 Nondum
3211 3858 3600 3924 reconciliatus,
3644 3873 3775 3919 eras

2174 3949 2432 4020 gehennae
2480 3967 2605 4007 reus
2644 3954 3080 4023 :reconciliatus,
3126 3968 3343 4010 securus
3371 3951 3533 4007 oﬂers
3569 3965 3776 4008 munus

2176 4048 2323 4096 tuum
2349 4041 2414 4097 ad
2444 4042 2635 4099 altare.

2244 4132 2471 4191 CAPUT
2507 4134 2596 4192 IV.
2622 4136 2764 4194 —6.
2809 4137 2945 4204 Quid
2983 4155 3131 4215 agerc
3179 4140 3372 4207 debeat,
3413 4142 3498 4212 qui
3519 4141 3777 4214 iujuriam

2176 4240 2356 4297 passus
2414 4235 2504 4282 est.
2563 4227 2814 4284 Homines
2875 4239 3049 4285 autem
3113 4230 3296 4295 faciles
3342 4241 3466 4288 sunt
3499 4232 3567 4293 ad
3622 4233 3777 4297 irro-

2174 4318 2373 4390 gandas
2411 4318 2649 4390 injurias,
2706 4331 2760 4376 et
2806 4320 3049 4378 difficiles
3084 4323 3150 4378 ad
3195 4324 3529 4380 concordiam
3574 4325 3773 4397 requi-

2176 4410 2415 4465 rendam.
2465 4409 2615 4478 Pete,
2652 4412 2840 4493 inquit,
2872 4414 3083 4473 veniam
3121 4414 3187 4471 ab
3218 4417 3431 4472 homine
3466 4433 3622 4493 quem
3682 4418 3773 4479 of-

2175 4500 2411 4567 fendisti,
2454 4501 2521 4556 ab
2565 4476 2805 4558 homine.
2822 4476 2977 4574 quem
3023 4504 3225 4567 lzcsisti.
3266 4476 3609 4579 Respondet:
3642 4476 3777 4567 Non

2176 4606 2263 4647 me
2289 4591 2595 4648 humiliabo.
2623 4592 2719 4648 Vel
2749 4594 2915 4649 Deum
2945 4603 3091 4649 tuum
3117 4595 3261 4665 audi,
3294 4598 3337 4651 si
3368 4597 3584 4654 fratrem
3608 4607 3773 4657 tuum

2175 4684 2473 4739 contemnis
2499 4703 2512 4739 :
2535 4683 2635 4751 Qui
2662 4701 2715 4739 se
2738 4686 2987 4754 bumiliat,
3010 4687 3310 4742 excitabitur
3334 4687 3481 4759 (Luc.
3512 4705 3619 4755 xw,
3646 4692 3770 4766 Η).

2175 4774 2291 4830 Non
2322 4776 2403 4830 vis
2439 4782 2491 4830 te
2531 4775 2813 4832 humiliare
2838 4781 2927 4848 qui
2968 4778 3246 4833 cecidisti?
3274 4779 3492 4837 Multum
3536 4780 3777 4840 interest

2176 4868 2317 4924 inter
2339 4882 2397 4923 se
2422 4868 2790 4926 humiliantem
2818 4878 2873 4925 et
2901 4870 3337 4942 interiacentem.
3368 4872 3484 4929 iam
3504 4873 3677 4947 jaces,
3712 4888 3777 4933 et

2177 4959 2452 5016 humiliare
2473 4969 2525 5017 te
2549 4976 2656 5017 non
2677 4961 2795 5016 vis?
2818 4961 2962 5018 Bene
2985 4960 3209 5032 diceres,
3232 4963 3365 5021 Nolo
3393 4964 3771 5034 descendere;

2174 5053 2221 5109 si
2245 5051 2509 5109 noluisses
2531 5068 2707 5109 ruere.
2752 5098 2755 5099 ν

2244 5144 2301 5199 ⁸1.
2342 5144 2486 5200 Idem
2545 5154 2793 5200 tractatur
2830 5154 3196 5219 argumentum.
3255 5146 3371 5204 Hoc
3414 5164 3540 5222 ergo
3597 5150 3775 5209 debet

2175 5235 2382 5302 facere,
2435 5237 2525 5307 qui
2570 5236 2694 5293 fecit
2744 5237 3009 5309 iniuriam.
3051 5237 3152 5307 Qui
3194 5248 3369 5296 autem
3418 5256 3602 5312 passus
3651 5255 3764 5321 est,

2174 5329 2300 5399 quid
2338 5328 2534 5384 debet?
2568 5329 2720 5399 Quod
2776 5330 3071 5395 audivimus
3123 5330 3282 5389 hodie
3324 5331 3433 5388 ε.ςί
3480 5336 3775 5403 peccauerit

2187 5423 2317 5481 inte
2360 5424 3773 5495 fretum,corripcmniateruetipmso-

2177 5512 2302 5568 tum.
2342 5513 2400 5568 Si
2444 5513 2761 5583 neglexeris,
2818 5513 2967 5584 pejor
3002 5528 3079 5571 es.
3134 5514 3227 5571 Ille
3252 5514 3500 5586 iniuriam
3527 5515 3679 5585 fecit,
3712 5528 3780 5577 et

2177 5606 2426 5676 iniuriam
2450 5604 2695 5665 faciendo
2730 5606 2881 5677 gravi
2904 5606 3167 5677 se'ipeum
3193 5607 3415 5664 vulnere
3448 5611 3721 5679 percussit
3756 5630 3771 5666 :

2175 5708 2234 5754 tu
2253 5700 2449 5757 vulnus
2472 5695 2653 5754 fratris
2679 5700 2751 5754 tui
2775 5699 3113 5757 contemnis?
3137 5699 3216 5758 Tu
3239 5717 3362 5763 eum
3387 5701 3532 5763 vides
3554 5703 3773 5776 perire,

2178 5790 2267 5855 vel
2291 5791 2521 5865 perisse,
2559 5801 2619 5855 et
2641 5794 2899 5869 uestigia?
2922 5794 3085 5871 Peior
3102 5809 3167 5854 es
3191 5796 3439 5871 tacendo,
3477 5811 3633 5875 quam
3664 5798 3777 5875 ille
