4032 6332
217 263 321 320 509

215 372 584 432 conviciando.
611 370 833 444 Quando
868 383 996 442 ergo
1031 369 1084 424 in
1111 381 1210 424 nos
1237 366 1423 438 aliquis
1447 374 1654 437 peccat,
1695 363 1796 420 ha-

216 467 440 521 beamus
462 480 707 536 magnam
736 479 939 531 curam,
971 477 1079 518 non
1113 478 1207 534 pro
1237 460 1416 526 nobis;
1455 475 1578 516 nam
1603 457 1796 529 glorio-

216 577 333 617 sum
376 569 459 620 est
493 558 716 632 injurias
749 555 988 612 oblivisci
1016 572 1028 608 :
1058 554 1152 610 sed
1193 553 1506 612 obliviscere
1550 551 1795 622 injuriam

218 662 382 718 tuam,
415 666 522 705 non
552 650 744 705 vulnus
783 646 961 702 fratris
990 646 1084 701 tui.
1121 645 1262 716 Ergo
1303 645 1496 714 corripe
1523 659 1637 700 eum
1667 642 1796 696 inter

218 751 264 797 te
309 751 357 798 et
398 742 568 812 ipsum
613 740 794 805 solum,
836 737 1117 793 intendens
1155 736 1522 800 correctioni‘,
1570 747 1793 804 parcens

217 832 425 906 pudori.
460 832 620 888 Forte
643 833 783 894 enim
809 847 919 906 pne
947 829 1261 885 verecundia
1300 829 1482 900 incipit
1507 826 1792 886 defendere

219 933 492 998 peccatum
515 940 690 990 suum,
718 933 772 978 et
797 939 953 994 quem
985 923 1063 976 vis
1094 923 1264 984 facere
1288 922 1682 985 correctiorem,
1713 920 1792 980 fa-

221 1017 292 1071 cis
313 1015 578 1085 pejorem.
609 1013 816 1083 Corripe
840 1029 967 1088 ergo
997 1029 1108 1066 eum
1138 1013 1264 1065 inter
1288 1023 1333 1066 te
1355 1021 1398 1065 et
1423 1012 1585 1082 ipsum
1607 1011 1792 1066 solum.

219 1108 279 1164 Si
300 1119 348 1162 te
368 1107 604 1175 audierit,
641 1107 860 1163 lucratus
879 1124 929 1161 es
953 1108 1159 1180 fratrem
1188 1113 1365 1162 tuum:
1394 1107 1514 1174 quia
1547 1103 1793 1172 perierat,

218 1203 317 1258 nisi
348 1201 576 1256 faceres.
627 1201 688 1256 Si
726 1210 891 1256 autem
917 1217 1017 1254 non
1045 1209 1092 1252 te
1120 1197 1353 1262 audierit,
1389 1197 1440 1250 id
1478 1204 1577 1263 est,
1610 1210 1798 1264 pecca-

220 1303 330 1350 tum
346 1309 501 1348 suum
524 1293 674 1364 quasi
687 1293 945 1363 justitiam
963 1292 1272 1358 defenderit,
1298 1289 1477 1346 adhibe
1494 1299 1653 1342 tecum
1674 1288 1799 1344 duos

220 1387 293 1440 vel
321 1397 460 1452 tres;
489 1386 607 1456 quia
629 1385 683 1438 in
707 1401 792 1440 ore
813 1384 1026 1437 duorum
1047 1383 1121 1437 vel
1147 1383 1294 1435 trium
1315 1383 1509 1436 testium
1537 1389 1633 1435 stat
1655 1395 1800 1433 omne

220 1478 443 1532 verbum.
491 1475 551 1531 Si
589 1493 677 1530 nec
704 1476 840 1546 ipsos
880 1473 1112 1542 audierit,
1153 1476 1285 1545 refer
1322 1475 1388 1525 ad
1418 1470 1800 1526 Ecclesiam:si

221 1583 307 1624 nec
336 1569 616 1624 Ecclesium
644 1569 877 1632 audierit,
908 1569 972 1622 sit
998 1567 1083 1620 tibi
1113 1568 1237 1620 sicut
1263 1566 1484 1620 ethnicus
1505 1575 1551 1618 et
1575 1565 1802 1636 publica-

222 1680 334 1716 nus.
363 1662 482 1716 Noli
511 1661 660 1714 ἰΙΙιιιιι
691 1661 946 1730 deputare
965 1661 1075 1729 jam
1102 1660 1156 1713 in
1185 1673 1409 1713 numero
1437 1657 1655 1712 fratrum
1683 1666 1800 1713 tuo-

219 1771 358 1810 rum.
396 1754 507 1810 Nec
533 1754 654 1809 ideo
684 1764 859 1808 tamen
889 1753 1028 1806 salus
1058 1753 1173 1820 ejus
1199 1750 1507 1822 negligenda
1535 1761 1636 1805 est.
1669 1749 1800 1805 Nam

221 1854 274 1899 et
301 1845 450 1915 ipsos
505 1844 781 1910 Ethnicos,
811 1843 864 1898 id
891 1853 990 1909 est,
1013 1841 1250 1898 Gentiles
1277 1851 1330 1896 et
1367 1842 1600 1912 Paganus
1627 1842 1676 1894 in
1709 1857 1806 1894 nu-

221 1951 374 1991 mero
419 1936 634 2006 quidem
681 1936 904 1990 fratrum
947 1950 1052 1989 non
1096 1934 1441 2004 deputamus;
1488 1933 1581 1988 sed
1627 1943 1801 1988 tamen

221 2043 407 2084 eorum
442 2029 666 2082 salutem
693 2043 906 2097 semper
933 2027 1264 2097 inquirimus.
1301 2027 1411 2081 Hoc
1451 2043 1574 2098 ergo
1602 2026 1803 2082 audivi-

222 2135 340 2174 mus
362 2121 644 2174 Dominum
664 2121 732 2173 ita
760 2127 1084 2183 monentem,
1109 2128 1161 2174 et
1185 2129 1328 2173 tanta
1355 2135 1478 2173 cura
1503 2119 1804 2188 praecipien-

223 2219 350 2277 tem,
384 2221 440 2264 ut
464 2212 624 2265 etiam
651 2210 751 2264 hoc
779 2209 1263 2264 addcretcontinuo
1289 2227 1299 2262 :
1325 2210 1482 2262 Amen
1504 2210 1615 2264 dico
1638 2209 1800 2286 pubis,

221 2317 543 2371 quacumque
577 2301 843 2372 figuret-itis
880 2316 1031 2370 super
1068 2308 1270 2365 terram,
1314 2300 1467 2370 ﬁgata
1505 2309 1647 2354 erunt
1680 2311 1724 2354 et
1752 2301 1805 2354 in

223 2393 378 2457 mlo;
400 2402 448 2446 et
467 2408 790 2462 quwcumque
818 2391 1061 2444 solveritis
1081 2391 1132 2444 in
1155 2401 1306 2458 terra,
1331 2391 1492 2444 soluta
1518 2400 1662 2444 erunt
1682 2399 1726 2444 et
1752 2392 1805 2445 in
1831 2433 1846 2446 .

223 2483 612 2552 ccio.Cmpisti
644 2483 840 2537 habere
869 2483 1083 2537 fratrem
1114 2492 1258 2537 tuum
1289 2491 1533 2552 tanquam
1565 2483 1802 2552 publica-

225 2592 372 2642 num,
408 2577 539 2647 ligas
575 2577 719 2630 illum
763 2576 815 2628 in
845 2584 983 2630 terra
1011 2593 1026 2630 :
1055 2576 1147 2630 sed
1175 2584 1233 2630 ut
1251 2575 1391 2645 juste
1418 2577 1620 2646 alliges,
1661 2576 1798 2631 vide.

226 2665 356 2720 Nam
405 2667 600 2736 injusta
628 2667 834 2722 vincula
873 2667 1153 2736 disrumpit
1175 2668 1399 2735 justitia.
1447 2667 1577 2722 Cum
1627 2679 1803 2724 autem

221 2760 540 2822 correxeris,
579 2768 633 2814 et
670 2759 1077 2814 concordaveris
1103 2776 1221 2815 cum
1256 2759 1418 2816 fratre
1452 2769 1562 2829 tuo,
1600 2763 1804 2818 solvisti

225 2849 370 2906 illum
411 2852 463 2904 in
495 2859 658 2906 terra.
697 2849 829 2906 Cum
868 2853 1089 2906 solveris
1119 2852 1171 2905 in
1200 2860 1360 2920 terra,
1391 2855 1595 2908 solutus
1623 2854 1724 2909 erit
1752 2863 1806 2911 et

227 2940 280 2994 in
293 2942 452 2995 «nlo.
483 2941 699 2996 Multum
724 2953 962 3011 praestas,
985 2959 1090 2996 non
1118 2943 1231 3008 tibi,
1262 2945 1353 2998 sed
1382 2945 1490 3010 illi;
1521 2947 1639 3016 quia
1664 2947 1806 3001 mul-

229 3041 336 3086 tum
364 3033 566 3096 nocuit,
597 3048 702 3088 non
729 3034 846 3100 tibi,
876 3033 968 3088 sed
996 3035 1117 3088 sibi.

293 3125 524 3181 CAPUT
560 3125 626 3180 Ὗ.
652 3157 722 3166 -
747 3127 798 3181 8.
827 3125 1134 3182 Conciliatur
1155 3126 1488 3198 Evangelium
1515 3145 1626 3183 cum
1654 3129 1798 3185 Salo-

227 3232 389 3270 mare.
429 3217 557 3271 Huic
597 3232 716 3271 cum
758 3219 826 3271 ita
868 3219 990 3282 sint,
1047 3219 1168 3288 quid
1224 3229 1304 3274 est
1343 3221 1482 3289 quod
1546 3221 1618 3275 ait
1653 3221 1806 3276 Salo-

228 3321 373 3374 mon,
399 3307 542 3377 quod
569 3307 726 3363 hodie
751 3324 813 3362 ex
834 3309 934 3362 alia
959 3309 1184 3363 lectione
1214 3310 1455 3378 primitus
1476 3311 1803 3366 audivimus:

227 3398 465 3454 Annaeus
507 3398 666 3450 oculis
700 3414 812 3451 euut
860 3399 996 3464 dolo,
1046 3399 1266 3470 congerit
1305 3400 1586 3455 hominibus
1627 3403 1810 3456 intesti-

228 3491 346 3551 tiam
369 3507 388 3544 :
411 3491 501 3560 qui
525 3501 690 3544 autem
729 3492 894 3561 arguit
935 3492 1128 3560 palam,
1175 3509 1346 3561 pacem
1386 3493 1542 3563 facit?
1583 3493 1639 3550 Si
1683 3510 1809 3566 ergo

227 3582 312 3649 qui
334 3581 504 3652 arguit
533 3580 725 3650 palam,
750 3599 922 3652 pacem
942 3583 1097 3651 facit;
1124 3583 1411 3652 quomodo,
1437 3583 1642 3652 Corripe
1666 3586 1811 3640 illum

227 3676 360 3728 iam
385 3683 433 3728 te
459 3685 504 3727 et
527 3675 693 3744 ipsum
715 3674 880 3728 auiam
898 3676 925 3728 .9
950 3675 1284 3730 Metuendum
1324 3685 1424 3740 est,
1456 3693 1520 3732 ne
1549 3677 1647 3732 sibi
1677 3693 1809 3734 con-

223 3759 390 3814 traria
424 3759 532 3814 sint
557 3768 818 3832 prmoepta
845 3759 1042 3813 divina.
1075 3759 1180 3814 Sed
1211 3761 1562 3830 intelligamus
1592 3768 1708 3817 eBse
1739 3763 1811 3826 ibi

228 3864 490 3908 summam
505 3852 864 3918 concordiam,
883 3866 990 3906 non
1003 3852 1447 3922 quemadmodum
1464 3855 1676 3925 quidam
1689 3856 1811 3912 vani

234 3941 302 4013 (α)
334 3942 628 4012 sapiamus,
667 3943 769 4012 .qui
819 3955 1062 3999 errantes
1100 3944 1386 4014 opinantur
1408 3947 1672 4019 contraria
1711 3948 1811 4003 sibi

231 4047 346 4088 esse
374 4032 484 4088 duo
508 4033 846 4088 Testamenta
870 4033 924 4088 in
949 4033 1124 4089 Libris
1153 4035 1422 4090 veteribus
1443 4045 1497 4090 et
1524 4038 1676 4090 novis
1709 4055 1722 4092 :
1752 4046 1812 4093 ut

234 4123 349 4181 ideo
380 4131 635 4193 putemus
654 4124 760 4178 hoc
777 4139 897 4180 esse
919 4126 1268 4193 contrarium,
1298 4127 1546 4196 quoniam
1577 4127 1706 4182 illud
1731 4137 1812 4184 est

233 4215 284 4272 in
310 4214 616 4270 Salomonis
643 4215 799 4282 libro,
829 4217 930 4271 hoc
956 4217 1011 4271 in
1039 4216 1346 4288 Evangelia.
1378 4217 1434 4274 Si
1453 4219 1596 4273 enim
1623 4220 1811 4291 aliquis

234 4305 513 4374 imperitus
531 4314 589 4362 et
607 4307 959 4363 calumniator
977 4307 1274 4364 divinarum
1300 4310 1694 4380 Scripturarum
1725 4311 1808 4366 di-

236 4407 397 4465 ceret,
441 4397 583 4454 Ecce
623 4399 716 4454 ubi
761 4399 860 4454 sibi
898 4401 1268 4456 contradicunt
1307 4401 1412 4456 duo
1444 4402 1808 4458 Testamenta.

239 4487 496 4544 Dominus
519 4489 667 4555 dicit,
696 4489 904 4560 Corripe
934 4491 1079 4544 illum
1117 4493 1246 4544 inter
1285 4501 1332 4545 te
1369 4501 1415 4546 et
1439 4493 1602 4562 ipsum
1628 4493 1811 4549 solum.

239 4576 486 4633 Salomon
531 4581 679 4648 dicit,
731 4581 830 4646 Qui
873 4583 1037 4652 arguit
1077 4583 1268 4653 palam,
1303 4598 1475 4653 pacem
1502 4584 1642 4654 facit.
1677 4585 1815 4654 Ergo

240 4673 397 4726 nescit
419 4673 677 4728 Dominus
699 4674 823 4744 quid
852 4675 1140 4746 praecepit?
1161 4675 1410 4732 Salomon
1431 4676 1539 4730 vult
1559 4676 1812 4732 contundi

242 4755 463 4823 frontem
510 4768 777 4838 peccantis
821 4785 833 4821 :
874 4767 1116 4826 Christus
1171 4769 1339 4839 parcit
1384 4769 1573 4839 pudori
1625 4770 1815 4826 erube-

242 4859 453 4914 scentis.
479 4859 556 4914 lbi
587 4859 728 4915 enim
759 4861 1011 4932 scriptum
1039 4868 1138 4926 est,
1175 4859 1272 4924 Qui
1308 4862 1473 4931 arguit
1502 4860 1694 4932 palam,
1726 4878 1818 4932 pa-

244 4965 340 5002 cem
365 4943 492 5022 facit
516 4966 537 5006 :
565 4950 651 5007 hic
691 4959 890 5026 autem,
918 4950 1124 5022 Corripe
1150 4952 1292 5008 illum
1319 4953 1447 5006 inter
1482 4962 1530 5007 te
1570 4963 1616 5008 et
1653 4953 1817 5022 ipsum

245 5042 433 5108 solum;
482 5058 591 5098 non
632 5042 827 5114 palam,
873 5043 968 5100 sed
1013 5045 1067 5100 in
1117 5053 1324 5102 secreto
1365 5053 1419 5100 et
1454 5045 1678 5102 occulte.
1726 5045 1817 5104 Vis

247 5122 414 5199 nosse,
443 5135 686 5205 quisquis
719 5135 840 5191 talia
869 5136 1091 5206 cogitas,
1134 5151 1238 5191 non
1264 5135 1362 5190 sibi
1391 5151 1684 5206 repugnare
1711 5136 1817 5193 duo

247 5222 604 5293 Testamenta,
647 5225 769 5296 quia
813 5226 940 5282 illud
980 5227 1033 5282 in
1075 5226 1210 5282 libro
1253 5226 1575 5295 Salomonis,
1620 5227 1720 5282 hoc
1763 5228 1817 5284 in

250 5313 530 5389 Evangelio
556 5318 856 5388 reperitur?
886 5318 1199 5389 Apostolum
1225 5317 1372 5374 audi.
1401 5319 1557 5376 Certe
1585 5321 1815 5389 Aposto-

250 5408 324 5466 lus
349 5411 593 5466 minister
621 5423 702 5467 est
727 5411 858 5468 Novi
887 5411 1231 5468 Testamenti.
1275 5412 1411 5470 Audi
1449 5428 1576 5483 ergo
1605 5423 1818 5482 aposto-

250 5499 351 5558 lum
399 5505 623 5560 Paulum
670 5504 949 5563 Timotheo
993 5505 1386 5577 prmcipicntem
1433 5515 1486 5562 et
1533 5506 1814 5578 dicentem,

309 5621 325 5648 ι
346 5618 465 5667 Editi
491 5627 592 5666 Am.
617 5625 692 5667 Er.
716 5625 770 5672 et
788 5632 959 5672 omnes
977 5626 1104 5684 Mss,
1129 5619 1316 5672 intuens
1337 5617 1633 5673 correctioni.

309 5698 377 5764 (ι)
407 5701 669 5752 amicitiai.

1489 216 1496 222 ”
1579 245 1808 310 SERMO
1841 244 2103 310 LXXXII.

3353 261 3472 322 MO

1901 362 2170 420 Peccautes
2198 380 2370 422 coram
2403 368 2836 450 omnibusaratte,
2875 379 2932 434 ul
2967 380 3014 435 et
3045 374 3212 436 ceteri
3246 375 3475 440 amem

1900 457 2114 510 habeant
2157 455 2203 531 (ι
2236 457 2365 515 Tim.
2407 475 2461 527 v,
2504 460 2618 532 20).
2671 461 2790 518 lam
2837 478 2941 522 non
2992 464 3290 530 Salomonis
3333 467 3467 526 liber

1900 563 2019 604 cum
2063 549 2369 622 Evangelia,
2417 550 2510 608 sed
2556 553 2703 608 Pauli
2749 555 2973 626 apostoli
3002 556 3240 630 Epistula
3265 555 3476 622 videtur

1901 641 2204 720 conﬂigere.
2238 643 2574 702 Salomonem
2599 647 2869 716 paululum
2895 649 3009 708 sine
3030 649 3220 719 injuria
3249 665 3474 722 sepona-

1903 749 2018 790 mus
2045 753 2058 790 :
2086 735 2352 792 Christum
2383 737 2661 794 Dominum
2685 749 2738 795 et
2764 741 2984 798 Paulum
3005 759 3218 806 servum
3241 744 3358 822 eius
3381 759 3474 810 au-

1900 824 2128 890 diamus.
2159 825 2294 894 Quid
2324 827 2473 891 dicis,
2504 828 2762 888 Domine?
2790 831 2850 886 Si
2873 835 3153 903 peccaverit
3172 836 3223 890 in
3249 845 3296 891 te
3318 840 3476 908 frater

1903 924 2037 982 tuus,
2064 917 2258 987 corripe
2285 917 2426 972 illum
2452 919 2580 972 inter
2604 928 2651 973 te
2676 929 2722 974 et
2745 920 2912 991 ipsum
2936 922 3119 984 soluat.
3150 924 3287 994 Quid
3320 925 3473 994 dicis,

1901 1005 2198 1074 Apostolc?
2224 1003 2493 1062 Peccautes
2509 1025 2680 1068 coram
2701 1012 2926 1066 omnibus
2955 1029 3128 1086 argue,
3163 1024 3217 1074 ut
3241 1024 3288 1076 et
3311 1015 3476 1072 ceteri

1903 1096 2129 1150 timorem
2156 1096 2386 1152 habeant.
2419 1098 2554 1166 Quid
2585 1098 2838 1154 facimus?
2865 1102 3291 1170 Controversiam
3319 1106 3474 1164 istam

1902 1186 2038 1239 velut
2061 1186 2265 1256 judices
2288 1187 2576 1243 audimus?
2604 1191 2776 1245 Absit.
2810 1192 2920 1249 lmo
2946 1193 3044 1249 sub
3071 1194 3249 1266 judice
3272 1197 3478 1252 consti-

1902 1277 1998 1331 tuti
2029 1279 2315 1346 pulsemus,
2343 1280 2420 1335 uti
2464 1281 2628 1350 nobis
2659 1284 2854 1354 aperiri
2885 1286 3232 1355 impetremus
3261 1307 3273 1342 :
3309 1289 3476 1362 fugia-

1903 1385 2019 1423 mus
2045 1371 2142 1424 sub
2166 1372 2278 1426 alas
2308 1372 2514 1426 Domini
2547 1373 2638 1428 Dei
2681 1377 2865 1431 nostri.
2905 1377 3021 1432 Non
3046 1379 3189 1438 enim
3223 1379 3479 1456 Apostolo

1903 1475 1998 1515 suo
2037 1463 2361 1518 contrarium
2394 1465 2598 1521 locutus
2626 1475 2725 1532 est,
2755 1469 2874 1538 quia
2907 1479 2960 1525 et
2989 1471 3042 1524 in
3073 1471 3162 1525 illo
3195 1470 3308 1546 ipse
3341 1471 3479 1534 locu.

1904 1561 1985 1607 tus
2013 1562 2113 1620 est,
2147 1553 2282 1608 sicut
2307 1553 2433 1609 dicit
2463 1574 2476 1609 :
2510 1556 2587 1609 An
2610 1557 2756 1612 vultis
2792 1560 3186 1629 experimentum
3211 1562 3320 1634 ejus
3349 1561 3481 1626 acci-

1905 1661 2037 1715 pere,
2070 1647 2155 1716 qui
2206 1648 2258 1700 in
2312 1665 2389 1702 me
2429 1650 2652 1722 loquitur
2704 1651 2931 1707 Christus
2972 1653 3036 1725 (Il
3069 1652 3188 1711 Cor.
3225 1671 3342 1724 xm,
3367 1653 3481 1730 5)?

1904 1736 2144 1792 Christus
2186 1738 2237 1792 in
2280 1738 2586 1809 Evangelia,
2623 1741 2867 1796 Christus
2910 1743 2965 1797 in
3007 1745 3264 1813 Apostolo
3290 1762 3302 1799 :
3327 1744 3479 1806 Chri-

1903 1838 2017 1884 stus
2059 1845 2183 1900 crgo
2223 1839 2505 1900 utrumque
2539 1832 2714 1897 dixit;
2747 1850 2908 1888 unum
2945 1850 3039 1891 ore
3083 1851 3204 1904 suo,
3249 1837 3476 1900 alterum

1903 1936 1995 1976 ore
2027 1922 2282 1990 prmconis
2307 1924 2406 1979 sui.
2434 1924 2565 1990 Quia
2587 1924 2796 1993 quando
2820 1941 2992 1994 praeco
3013 1926 3080 1982 de
3104 1927 3355 1984 tribunali
3376 1928 3476 1982 ali-

1903 2013 2027 2084 quid
2054 2013 2198 2079 dicit,
2228 2029 2330 2069 non
2359 2015 2604 2069 scribitur
2637 2015 2689 2070 in
2721 2015 2914 2083 Gestis,
2948 2017 3128 2072 Przeco
3171 2016 3309 2072 dixit
3335 2036 3348 2072 :
3379 2017 3474 2074 sed

1905 2105 1992 2160 ille
2020 2105 2216 2161 dixisse
2242 2106 2509 2175 scribitur,
2535 2108 2624 2178 qui
2659 2108 2888 2178 praeconi
2913 2109 3054 2180 quod
3084 2108 3287 2166 diceret
3314 2110 3482 2182 impe-

1905 2196 2055 2250 ravit.

1976 2287 2206 2342 CAPUT
2251 2286 2338 2342 Vl.
2373 2317 2443 2328 —
2463 2288 2518 2343 9.
2542 2287 2801 2361 Correptio
2828 2291 2956 2346 alios
2989 2300 3199 2358 secreta,
3225 2293 3354 2347 alias
3384 2310 3482 2366 pu-

1905 2379 2038 2434 blica
2090 2397 2193 2435 esse
2244 2380 2400 2436 debet.
2457 2381 2572 2436 Duo
2625 2398 2753 2453 ergo
2794 2383 2892 2438 ista
2939 2394 3224 2456 praecepta,
3263 2385 3477 2454 fratres,

1908 2474 1982 2528 sic
2007 2473 2304 2538 audiamus,
2347 2481 2407 2528 ut
2432 2475 2804 2546 intelligamus,
2833 2485 2886 2531 ct
2923 2477 3061 2531 inter
3087 2487 3309 2550 utraque
3340 2495 3477 2552 prm-

1907 2575 2056 2638 cepta
2108 2567 2275 2636 pacati
2331 2568 2736 2623 constituamur.
2783 2567 2912 2624 Cum
2959 2572 3120 2626 corde
3157 2583 3342 2628 nostro
3386 2587 3483 2628 nos

1907 2659 2314 2726 concordemus,
2345 2668 2398 2715 et
2421 2659 2693 2730 Scriptura
2723 2671 2904 2715 sancta
2932 2662 2983 2716 in
3025 2663 3166 2720 nulla
3196 2673 3344 2736 parte
3365 2662 3478 2725 dis-

1907 2753 2106 2807 cordat.
2132 2752 2330 2808 Verum
2382 2763 2462 2808 est
2483 2755 2718 2819 omnino,
2741 2763 3020 2827 utrumque
3040 2773 3223 2812 verum
3248 2766 3329 2814 est
3353 2777 3366 2813 :
3390 2758 3486 2816 sed

1907 2844 2208 2899 discernere
2234 2845 2506 2910 debemus,
2557 2845 2837 2916 aliquando
2869 2847 3017 2915 illud,
3047 2848 3329 2920 aliquando
3358 2848 3486 2904 illud

1908 2955 2025 2995 esse
2054 2937 2385 3003 faciendum;
2422 2939 2704 3009 aliquando
2729 2940 3121 3012 corripiendum
3151 2941 3366 2998 fratrem
3401 2942 3485 2998 in-

1910 3041 1989 3086 ter
2015 3041 2064 3086 tc
2096 3042 2149 3086 et
2185 3033 2357 3101 ipsum
2387 3033 2579 3098 solum,
2625 3033 2905 3104 aliquando
2950 3033 3342 3104 corripiendum
3385 3033 3489 3089 fra-

1909 3132 2042 3177 trem
2070 3139 2245 3178 coram
2270 3123 2536 3187 omnibus,
2564 3133 2619 3177 ut
2657 3135 2709 3179 et
2736 3125 2913 3180 czeteri
2954 3125 3196 3180 timorem
3235 3126 3484 3184 habeant.

1908 3212 1962 3269 Si
2008 3213 2290 3284 aliquando
2328 3213 2482 3279 illud,
2527 3215 2809 3284 aliquando
2838 3215 2965 3270 illud
3005 3214 3322 3282 fecerimus;
3356 3231 3487 3271 con-

1910 3305 2144 3360 cordiam
2169 3306 2558 3375 Scripturarum
2583 3306 2900 3374 tenebimus,
2921 3317 2971 3362 et
2995 3308 3045 3361 in
3071 3307 3310 3363 faciendo
3331 3318 3489 3378 atque

1911 3395 2331 3465 obtemperando
2360 3413 2461 3450 non
2488 3397 2806 3452 errabimus.
2825 3397 2932 3453 Sed
2957 3397 3086 3453 dicit
3107 3400 3235 3454 mihi
3265 3399 3485 3470 aliquis:

1911 3487 2133 3556 Quando
2173 3489 2308 3544 facio
2335 3488 2482 3558 illud,
2519 3491 2729 3561 quando
2759 3491 2887 3546 illud
2914 3509 2926 3544 :
2953 3507 3020 3546 ne
3048 3501 3173 3547 tunc
3204 3493 3488 3563 corripiam

1911 3581 2052 3634 inter
2079 3595 2164 3635 me
2189 3590 2242 3635 et
2274 3581 2441 3648 ipsum
2470 3582 2660 3647 solum,
2685 3583 2895 3651 quando
2921 3582 3090 3638 debeo
3116 3599 3294 3639 coram
3317 3585 3493 3640 omni-

1911 3673 2010 3727 bus
2048 3673 2349 3741 corripere;
2391 3680 2482 3725 aut
2524 3681 2645 3726 tunc
2679 3673 2962 3744 corripiam
3000 3688 3180 3729 coram
3219 3675 3488 3744 omnibus,

1913 3762 2126 3832 quando
2151 3761 2320 3816 debeo
2341 3761 2392 3815 in
2421 3769 2626 3816 secreto
2647 3763 2948 3832 corripere?

1984 3853 2212 3910 CAPUT
2249 3853 2360 3907 VII.
2402 3884 2473 3894 —
2509 3855 2596 3909 i0.
2643 3854 2857 3922 Quando
2911 3865 3097 3910 secreta
3148 3873 3254 3913 esse
3307 3857 3488 3926 debet,

1913 3945 2116 4018 quando
2180 3945 2398 4016 publica.
2454 3945 2572 4001 Cito
2619 3947 2814 4003 videbit
2850 3948 3092 4004 Charitas
3135 3960 3333 4019 vestra,
3365 3951 3492 4024 quid

1914 4035 2128 4106 quando
2172 4035 2350 4090 facere
2392 4035 2724 4092 debeamus:
2760 4038 2852 4093 sed
2894 4039 3093 4094 utinam
3141 4041 3316 4096 facere
3357 4043 3493 4112 pigri

1913 4142 2021 4182 non
2048 4129 2236 4182 simus.
2259 4126 2540 4194 lntendite,
2571 4138 2624 4183 et
2643 4128 2854 4185 videte:
2885 4130 2948 4185 Si
2972 4133 3262 4202 peccaverit,
3299 4133 3490 4205 inquit,

1913 4220 1968 4274 in
2007 4228 2053 4273 te
2081 4224 2238 4291 frater
2267 4230 2401 4287 tuus,
2430 4221 2628 4291 corripe
2661 4237 2774 4275 eum
2805 4222 2935 4276 inter
2960 4231 3008 4276 te
3041 4233 3090 4278 et
3107 4225 3272 4296 ipsum
3308 4227 3490 4281 soluat.

1915 4311 2125 4380 Quare?
2148 4312 2282 4379 Quia
2307 4312 2546 4382 peccavit
2572 4317 2624 4368 in
2659 4323 2727 4368 te.
2757 4314 3018 4381 Quid'est,
3052 4317 3102 4372 in
3133 4327 3182 4374 te
3219 4322 3494 4389 peccavit?

1917 4403 1998 4458 Tu
2047 4405 2152 4458 scis
2201 4405 2325 4474 quia
2369 4407 2626 4476 peccavit.
2685 4406 2818 4472 Quia
2863 4409 3003 4464 enim
3049 4424 3311 4472 secretum
3365 4416 3488 4482 fuit,

1915 4496 2126 4565 quando
2151 4497 2203 4550 in
2235 4505 2290 4551 te
2305 4499 2580 4567 peccavit;
2608 4510 2868 4555 secretum
2899 4518 3098 4572 quaere,
3131 4520 3251 4560 cum
3271 4507 3493 4578 corrigis

1917 4588 2056 4658 quod
2085 4589 2339 4658 peccavit.
2372 4589 2503 4645 Nam
2533 4591 2577 4646 si
2603 4593 2747 4648 solus
2777 4595 2914 4650 nosti
2937 4597 3054 4666 quia
3079 4600 3314 4668 peccavit
3340 4601 3390 4654 in
3421 4610 3490 4668 te,

1917 4688 1972 4735 et
1989 4696 2110 4736 eum
2131 4681 2212 4735 vis
2235 4696 2414 4736 coram
2443 4685 2688 4740 omnibus
2716 4701 2973 4756 arguere;
2997 4705 3102 4743 non
3119 4706 3176 4746 es
3197 4701 3491 4763 correptor,

1917 4774 2011 4830 sed
2044 4775 2299 4844 proditor.
2326 4775 2558 4832 Attende
2591 4781 3034 4848 quemadmodum
3074 4784 3154 4836 vir
3172 4783 3369 4854 justus,
3399 4784 3493 4840 Jo-

1917 4868 2072 4938 seph,
2101 4876 2247 4922 tanto
2274 4869 2475 4940 ﬂagitio
2511 4872 2654 4942 quod
2683 4872 2751 4929 de
2786 4889 2951 4930 uxore
2979 4875 3148 4931 fuerat
3176 4878 3492 4948 suspicatus,

1919 4967 2062 5014 tanta
2092 4958 2414 5030 benignitate
2449 4965 2702 5033 pepercit,
2731 4976 3014 5037 antequam
3053 4966 3213 5023 sciret
3240 4967 3379 5023 unde
3407 4968 3494 5024 illa

1918 5060 2236 5121 conceperat
2265 5070 2278 5106 :
2305 5055 2426 5124 quia
2450 5056 2721 5124 gravidam
2751 5067 3010 5127 senserat,
3055 5068 3107 5115 et
3141 5072 3200 5116 se
3243 5060 3309 5116 ad
3353 5061 3494 5117 illam

1921 5157 2026 5197 non
2047 5143 2338 5199 accessisse
2359 5155 2596 5201 noverat.
2621 5148 2872 5204 Restabat
2891 5149 3067 5220 itaque
3086 5162 3229 5205 certa
3251 5150 3495 5211 adulterii

1919 5236 2151 5305 suspicio
2182 5255 2194 5291 :
2225 5246 2279 5291 et
2308 5246 2482 5294 tamen
2508 5242 2628 5310 quia
2663 5244 2779 5312 ipse
2809 5242 2952 5298 soius
2982 5253 3239 5310 senserat,
3267 5245 3380 5316 ipse
3410 5259 3498 5301 so-

1878 5365 1880 5368 -
1921 5326 2001 5381 lus
2033 5327 2250 5393 sciebat,
2283 5330 2410 5399 quid
2439 5329 2506 5385 de
2551 5332 2640 5387 illo
2678 5333 2750 5386 ait
2776 5333 3371 5408 Evangelium210seph
3398 5353 3494 5397 au-

1923 5428 2022 5472 tem
2049 5436 2163 5472 cum
2188 5430 2313 5474 esset
2330 5422 2407 5474 uir
2418 5424 2607 5492 justus,
2635 5433 2682 5478 et
2705 5423 2863 5479 nollet
2888 5442 2997 5479 eam
3022 5426 3296 5504 divulgare.
3327 5427 3498 5485 Mariti

1921 5513 2096 5569 dolor.
2117 5529 2220 5568 non
2258 5515 2544 5571 vindictam
2581 5518 2822 5586 quaesivit
2849 5535 2861 5572 :
2891 5519 3056 5574 voluit
3082 5521 3335 5590 prodesse
3375 5536 3500 5592 pec—

1922 5605 2086 5670 cauti,
2115 5619 2220 5658 non
2249 5607 2436 5676 punire
2466 5615 2797 5676 peccantem.
2828 5608 2973 5678 Cum,
3001 5610 3188 5680 inquit,
3221 5611 3373 5665 nollet
3390 5627 3498 5664 eam

1926 5697 2202 5771 divulgare,
2236 5699 2394 5754 voluit
2431 5717 2540 5756 eam
2577 5700 2770 5766 occulto
2791 5703 3066 5765 diarium.
3101 5704 3232 5763 Hac
3257 5718 3324 5763 eo
3347 5703 3484 5780 cogi-
