  <div class='ocr_page' id='page_1' title='image "/cluster/home/n/w/nwhite01/storage/ocr_20150623/38/hvd.32044015706294/261.png"; bbox 0 0 4032 6332; ppageno 0'>
   <div class='ocr_carea' id='block_1_1' title="bbox 585 289 684 351">
    <p class='ocr_par' dir='ltr' id='par_1_1' title="bbox 585 289 684 351">
     <span class='ocr_line' id='line_1_1' title="bbox 585 289 684 351; baseline 0.01 -1"><span class='ocrx_word' id='word_1_1' title='bbox 585 289 684 351; x_wconf 71' lang='grc' dir='ltr'><strong>δη</strong></span> 
     </span>
    </p>
   </div>
   <div class='ocr_carea' id='block_1_2' title="bbox 581 403 2161 508">
    <p class='ocr_par' dir='ltr' id='par_1_2' title="bbox 581 403 2161 508">
     <span class='ocr_line' id='line_1_2' title="bbox 581 403 2161 508; baseline -0.006 -40"><span class='ocrx_word' id='word_1_2' title='bbox 581 420 749 478; x_wconf 86' lang='lat' dir='ltr'><strong>tante,</strong></span> <span class='ocrx_word' id='word_1_3' title='bbox 781 423 906 467; x_wconf 89' lang='lat' dir='ltr'><strong>ecce</strong></span> <span class='ocrx_word' id='word_1_4' title='bbox 932 407 1150 480; x_wconf 87' lang='lat' dir='ltr'><strong>angelus</strong></span> <span class='ocrx_word' id='word_1_5' title='bbox 1175 405 1382 463; x_wconf 86' lang='lat' dir='ltr'><strong>Domini</strong></span> <span class='ocrx_word' id='word_1_6' title='bbox 1411 403 1654 477; x_wconf 75' lang='lat' dir='ltr'><strong>apparuit</strong></span> <span class='ocrx_word' id='word_1_7' title='bbox 1679 405 1728 462; x_wconf 92' lang='lat' dir='ltr'><strong>ei</strong></span> <span class='ocrx_word' id='word_1_8' title='bbox 1757 405 1811 461; x_wconf 91' lang='lat' dir='ltr'><strong>in</strong></span> <span class='ocrx_word' id='word_1_9' title='bbox 1844 406 2078 470; x_wconf 84' lang='lat' dir='ltr'><strong>somnis;</strong></span> <span class='ocrx_word' id='word_1_10' title='bbox 2107 411 2161 508; x_wconf 78' lang='lat' dir='ltr'><strong>et</strong></span> 
     </span>
    </p>
   </div>
   <div class='ocr_carea' id='block_1_3' title="bbox 582 497 2160 574">
    <p class='ocr_par' dir='ltr' id='par_1_3' title="bbox 582 497 2160 574">
     <span class='ocr_line' id='line_1_3' title="bbox 582 497 2160 574; baseline -0.006 -14"><span class='ocrx_word' id='word_1_11' title='bbox 582 503 835 560; x_wconf 72' lang='lat' dir='ltr'><strong>indicavit</strong></span> <span class='ocrx_word' id='word_1_12' title='bbox 858 501 984 574; x_wconf 90' lang='lat' dir='ltr'><strong>quid</strong></span> <span class='ocrx_word' id='word_1_13' title='bbox 1009 509 1172 569; x_wconf 89' lang='lat' dir='ltr'><strong>esset,</strong></span> <span class='ocrx_word' id='word_1_14' title='bbox 1194 499 1317 571; x_wconf 87' lang='lat' dir='ltr'><strong>quia</strong></span> <span class='ocrx_word' id='word_1_15' title='bbox 1337 514 1443 555; x_wconf 91' lang='lat' dir='ltr'><strong>non</strong></span> <span class='ocrx_word' id='word_1_16' title='bbox 1463 497 1679 554; x_wconf 76' lang='lat' dir='ltr'><strong>violavit</strong></span> <span class='ocrx_word' id='word_1_17' title='bbox 1699 497 1794 555; x_wconf 89' lang='lat' dir='ltr'><strong>viri</strong></span> <span class='ocrx_word' id='word_1_18' title='bbox 1817 506 2011 563; x_wconf 89' lang='lat' dir='ltr'><strong>torum,</strong></span> <span class='ocrx_word' id='word_1_19' title='bbox 2038 497 2160 567; x_wconf 87' lang='lat' dir='ltr'><strong>quia</strong></span> 
     </span>
    </p>
   </div>
   <div class='ocr_carea' id='block_1_4' title="bbox 579 589 2161 692">
    <p class='ocr_par' dir='ltr' id='par_1_4' title="bbox 579 589 2161 692">
     <span class='ocr_line' id='line_1_4' title="bbox 579 589 2161 692; baseline -0.006 -40"><span class='ocrx_word' id='word_1_20' title='bbox 579 595 648 652; x_wconf 92' lang='lat' dir='ltr'><strong>de</strong></span> <span class='ocrx_word' id='word_1_21' title='bbox 691 594 890 666; x_wconf 82' lang='lat' dir='ltr'><strong>Spiritu</strong></span> <span class='ocrx_word' id='word_1_22' title='bbox 941 602 1126 650; x_wconf 91' lang='lat' dir='ltr'><strong>sancto</strong></span> <span class='ocrx_word' id='word_1_23' title='bbox 1180 600 1501 664; x_wconf 84' lang='lat' dir='ltr'><strong>conceperat</strong></span> <span class='ocrx_word' id='word_1_24' title='bbox 1550 591 1830 692; x_wconf 71' lang='lat' dir='ltr'><strong>Dominum</strong></span> <span class='ocrx_word' id='word_1_25' title='bbox 1883 589 2161 692; x_wconf 77' lang='lat' dir='ltr'><strong>amborum</strong></span> 
     </span>
    </p>
   </div>
   <div class='ocr_carea' id='block_1_5' title="bbox 579 681 2159 785">
    <p class='ocr_par' dir='ltr' id='par_1_5' title="bbox 579 681 2159 785">
     <span class='ocr_line' id='line_1_5' title="bbox 579 681 2159 785; baseline -0.004 -43"><span class='ocrx_word' id='word_1_26' title='bbox 579 686 791 761; x_wconf 75' lang='lat' dir='ltr'><strong>(Matth.</strong></span> <span class='ocrx_word' id='word_1_27' title='bbox 815 702 854 753; x_wconf 85' lang='grc' dir='ltr'><strong>ι,</strong></span> <span class='ocrx_word' id='word_1_28' title='bbox 887 685 977 752; x_wconf 81' lang='grc'><strong>19,</strong></span> <span class='ocrx_word' id='word_1_29' title='bbox 1007 686 1122 757; x_wconf 77' lang='lat'><strong>20).</strong></span> <span class='ocrx_word' id='word_1_30' title='bbox 1155 686 1396 743; x_wconf 85' lang='lat' dir='ltr'><strong>Peccavit</strong></span> <span class='ocrx_word' id='word_1_31' title='bbox 1417 700 1552 785; x_wconf 77' lang='lat' dir='ltr'><strong>ergo</strong></span> <span class='ocrx_word' id='word_1_32' title='bbox 1571 684 1624 738; x_wconf 91' lang='lat' dir='ltr'><strong>in</strong></span> <span class='ocrx_word' id='word_1_33' title='bbox 1652 690 1704 738; x_wconf 94' lang='lat' dir='ltr'><strong>te</strong></span> <span class='ocrx_word' id='word_1_34' title='bbox 1735 681 1904 785; x_wconf 59' lang='grc' dir='ltr'><strong>ἰηιθῖ</strong></span> <span class='ocrx_word' id='word_1_35' title='bbox 1927 692 2080 785; x_wconf 69' lang='lat' dir='ltr'><strong>tuus;</strong></span> <span class='ocrx_word' id='word_1_36' title='bbox 2113 681 2159 785; x_wconf 74' lang='lat' dir='ltr'><strong>si</strong></span> 
     </span>
    </p>
   </div>
   <div class='ocr_carea' id='block_1_6' title="bbox 576 773 2158 846">
    <p class='ocr_par' dir='ltr' id='par_1_6' title="bbox 576 773 2158 846">
     <span class='ocr_line' id='line_1_6' title="bbox 576 773 2158 846; baseline -0.007 -8"><span class='ocrx_word' id='word_1_37' title='bbox 576 790 633 838; x_wconf 91' lang='lat' dir='ltr'><strong>tu</strong></span> <span class='ocrx_word' id='word_1_38' title='bbox 662 780 809 837; x_wconf 88' lang='lat' dir='ltr'><strong>solus</strong></span> <span class='ocrx_word' id='word_1_39' title='bbox 826 780 989 845; x_wconf 87' lang='lat' dir='ltr'><strong>nosti,</strong></span> <span class='ocrx_word' id='word_1_40' title='bbox 1015 789 1140 835; x_wconf 92' lang='lat' dir='ltr'><strong>tunc</strong></span> <span class='ocrx_word' id='word_1_41' title='bbox 1161 796 1288 836; x_wconf 86' lang='lat' dir='ltr'><strong>vere</strong></span> <span class='ocrx_word' id='word_1_42' title='bbox 1313 780 1365 834; x_wconf 94' lang='lat' dir='ltr'><strong>in</strong></span> <span class='ocrx_word' id='word_1_43' title='bbox 1398 788 1449 834; x_wconf 88' lang='lat' dir='ltr'><strong>te</strong></span> <span class='ocrx_word' id='word_1_44' title='bbox 1474 777 1646 833; x_wconf 90' lang='lat' dir='ltr'><strong>solum</strong></span> <span class='ocrx_word' id='word_1_45' title='bbox 1672 775 1929 846; x_wconf 89' lang='lat' dir='ltr'><strong>peccavit.</strong></span> <span class='ocrx_word' id='word_1_46' title='bbox 1955 773 2086 829; x_wconf 90' lang='lat' dir='ltr'><strong>Nam</strong></span> <span class='ocrx_word' id='word_1_47' title='bbox 2112 773 2158 828; x_wconf 90' lang='lat' dir='ltr'><strong>si</strong></span> 
     </span>
    </p>
   </div>
   <div class='ocr_carea' id='block_1_7' title="bbox 575 866 2157 940">
    <p class='ocr_par' dir='ltr' id='par_1_7' title="bbox 575 866 2157 940">
     <span class='ocr_line' id='line_1_7' title="bbox 575 866 2157 940; baseline -0.005 -11"><span class='ocrx_word' id='word_1_48' title='bbox 575 872 758 930; x_wconf 85' lang='lat' dir='ltr'><strong>multis</strong></span> <span class='ocrx_word' id='word_1_49' title='bbox 777 873 1114 929; x_wconf 86' lang='lat' dir='ltr'><strong>audientibus</strong></span> <span class='ocrx_word' id='word_1_50' title='bbox 1138 872 1233 926; x_wconf 87' lang='lat' dir='ltr'><strong>tibi</strong></span> <span class='ocrx_word' id='word_1_51' title='bbox 1267 871 1394 927; x_wconf 83' lang='lat' dir='ltr'><strong>fecit</strong></span> <span class='ocrx_word' id='word_1_52' title='bbox 1421 870 1685 940; x_wconf 89' lang='lat' dir='ltr'><strong>injuriam,</strong></span> <span class='ocrx_word' id='word_1_53' title='bbox 1712 875 1768 924; x_wconf 87' lang='lat' dir='ltr'><strong>et</strong></span> <span class='ocrx_word' id='word_1_54' title='bbox 1807 867 1858 922; x_wconf 91' lang='lat' dir='ltr'><strong>in</strong></span> <span class='ocrx_word' id='word_1_55' title='bbox 1889 866 2008 922; x_wconf 88' lang='lat' dir='ltr'><strong>illos</strong></span> <span class='ocrx_word' id='word_1_56' title='bbox 2033 879 2157 935; x_wconf 90' lang='lat' dir='ltr'><strong>pec-</strong></span> 
     </span>
    </p>
   </div>
   <div class='ocr_carea' id='block_1_8' title="bbox 572 958 2153 1034">
    <p class='ocr_par' dir='ltr' id='par_1_8' title="bbox 572 958 2153 1034">
     <span class='ocr_line' id='line_1_8' title="bbox 572 958 2153 1034; baseline -0.004 -15"><span class='ocrx_word' id='word_1_57' title='bbox 572 963 732 1030; x_wconf 87' lang='lat' dir='ltr'><strong>cavit,</strong></span> <span class='ocrx_word' id='word_1_58' title='bbox 759 978 892 1034; x_wconf 92' lang='lat' dir='ltr'><strong>quos</strong></span> <span class='ocrx_word' id='word_1_59' title='bbox 924 973 1084 1019; x_wconf 85' lang='lat' dir='ltr'><strong>testes</strong></span> <span class='ocrx_word' id='word_1_60' title='bbox 1122 979 1233 1018; x_wconf 79' lang='lat' dir='ltr'><strong>suae</strong></span> <span class='ocrx_word' id='word_1_61' title='bbox 1273 961 1564 1032; x_wconf 88' lang='lat' dir='ltr'><strong>iniquitatis</strong></span> <span class='ocrx_word' id='word_1_62' title='bbox 1597 960 1789 1016; x_wconf 77' lang='lat' dir='ltr'><strong>effecit.</strong></span> <span class='ocrx_word' id='word_1_63' title='bbox 1820 959 1949 1014; x_wconf 88' lang='lat' dir='ltr'><strong>Dico</strong></span> <span class='ocrx_word' id='word_1_64' title='bbox 1989 958 2153 1026; x_wconf 86' lang='lat' dir='ltr'><strong>enim,</strong></span> 
     </span>
    </p>
   </div>
   <div class='ocr_carea' id='block_1_9' title="bbox 573 1051 2156 1127">
    <p class='ocr_par' dir='ltr' id='par_1_9' title="bbox 573 1051 2156 1127">
     <span class='ocr_line' id='line_1_9' title="bbox 573 1051 2156 1127; baseline -0.002 -17"><span class='ocrx_word' id='word_1_65' title='bbox 573 1055 765 1114; x_wconf 82' lang='lat' dir='ltr'><strong>fratres</strong></span> <span class='ocrx_word' id='word_1_66' title='bbox 789 1056 1110 1125; x_wconf 87' lang='lat' dir='ltr'><strong>cbarissimi,</strong></span> <span class='ocrx_word' id='word_1_67' title='bbox 1140 1055 1280 1127; x_wconf 91' lang='lat' dir='ltr'><strong>quod</strong></span> <span class='ocrx_word' id='word_1_68' title='bbox 1303 1064 1358 1112; x_wconf 91' lang='lat' dir='ltr'><strong>et</strong></span> <span class='ocrx_word' id='word_1_69' title='bbox 1383 1070 1478 1110; x_wconf 90' lang='lat' dir='ltr'><strong>vos</strong></span> <span class='ocrx_word' id='word_1_70' title='bbox 1505 1054 1605 1125; x_wconf 91' lang='lat' dir='ltr'><strong>ipsi</strong></span> <span class='ocrx_word' id='word_1_71' title='bbox 1640 1053 1692 1108; x_wconf 91' lang='lat' dir='ltr'><strong>in</strong></span> <span class='ocrx_word' id='word_1_72' title='bbox 1721 1052 1872 1108; x_wconf 86' lang='lat' dir='ltr'><strong>vobis</strong></span> <span class='ocrx_word' id='word_1_73' title='bbox 1907 1051 2035 1122; x_wconf 90' lang='lat' dir='ltr'><strong>ipsis</strong></span> <span class='ocrx_word' id='word_1_74' title='bbox 2060 1065 2156 1121; x_wconf 92' lang='lat' dir='ltr'><strong>po-</strong></span> 
     </span>
    </p>
   </div>
   <div class='ocr_carea' id='block_1_10' title="bbox 572 1146 2154 1220">
    <p class='ocr_par' dir='ltr' id='par_1_10' title="bbox 572 1146 2154 1220">
     <span class='ocr_line' id='line_1_10' title="bbox 572 1146 2154 1220; baseline -0.003 -16"><span class='ocrx_word' id='word_1_75' title='bbox 572 1149 722 1205; x_wconf 89' lang='lat' dir='ltr'><strong>testis</strong></span> <span class='ocrx_word' id='word_1_76' title='bbox 764 1165 1075 1220; x_wconf 79' lang='lat' dir='ltr'><strong>agnoscere.</strong></span> <span class='ocrx_word' id='word_1_77' title='bbox 1116 1149 1337 1219; x_wconf 87' lang='lat' dir='ltr'><strong>Quando</strong></span> <span class='ocrx_word' id='word_1_78' title='bbox 1381 1166 1467 1206; x_wconf 92' lang='lat' dir='ltr'><strong>me</strong></span> <span class='ocrx_word' id='word_1_79' title='bbox 1508 1148 1775 1215; x_wconf 87' lang='lat' dir='ltr'><strong>audiente,</strong></span> <span class='ocrx_word' id='word_1_80' title='bbox 1826 1146 1976 1202; x_wconf 79' lang='lat' dir='ltr'><strong>fratri</strong></span> <span class='ocrx_word' id='word_1_81' title='bbox 2030 1159 2154 1202; x_wconf 89' lang='lat' dir='ltr'><strong>meo</strong></span> 
     </span>
    </p>
   </div>
   <div class='ocr_carea' id='block_1_11' title="bbox 570 1239 2150 1313">
    <p class='ocr_par' dir='ltr' id='par_1_11' title="bbox 570 1239 2150 1313">
     <span class='ocr_line' id='line_1_11' title="bbox 570 1239 2150 1313; baseline -0.001 -18"><span class='ocrx_word' id='word_1_82' title='bbox 570 1241 795 1312; x_wconf 88' lang='lat' dir='ltr'><strong>quisque</strong></span> <span class='ocrx_word' id='word_1_83' title='bbox 838 1242 1079 1313; x_wconf 87' lang='lat' dir='ltr'><strong>injuriam</strong></span> <span class='ocrx_word' id='word_1_84' title='bbox 1108 1243 1249 1307; x_wconf 81' lang='lat' dir='ltr'><strong>facit,</strong></span> <span class='ocrx_word' id='word_1_85' title='bbox 1293 1243 1430 1298; x_wconf 89' lang='lat' dir='ltr'><strong>absit</strong></span> <span class='ocrx_word' id='word_1_86' title='bbox 1457 1250 1573 1297; x_wconf 90' lang='lat' dir='ltr'><strong>uta</strong></span> <span class='ocrx_word' id='word_1_87' title='bbox 1604 1257 1690 1297; x_wconf 91' lang='lat' dir='ltr'><strong>me</strong></span> <span class='ocrx_word' id='word_1_88' title='bbox 1729 1241 1972 1312; x_wconf 89' lang='lat' dir='ltr'><strong>injuriam</strong></span> <span class='ocrx_word' id='word_1_89' title='bbox 2005 1239 2150 1296; x_wconf 88' lang='lat' dir='ltr'><strong>illam</strong></span> 
     </span>
    </p>
   </div>
   <div class='ocr_carea' id='block_1_12' title="bbox 566 1333 2152 1406">
    <p class='ocr_par' dir='ltr' id='par_1_12' title="bbox 566 1333 2152 1406">
     <span class='ocr_line' id='line_1_12' title="bbox 566 1333 2152 1406; baseline 0 -18"><span class='ocrx_word' id='word_1_90' title='bbox 566 1334 796 1390; x_wconf 87' lang='lat' dir='ltr'><strong>alienam</strong></span> <span class='ocrx_word' id='word_1_91' title='bbox 835 1345 1037 1406; x_wconf 89' lang='lat' dir='ltr'><strong>putem.</strong></span> <span class='ocrx_word' id='word_1_92' title='bbox 1081 1337 1305 1392; x_wconf 84' lang='lat' dir='ltr'><strong>Prorsus</strong></span> <span class='ocrx_word' id='word_1_93' title='bbox 1348 1339 1408 1391; x_wconf 77' lang='lat' dir='ltr'><strong>et</strong></span> <span class='ocrx_word' id='word_1_94' title='bbox 1440 1337 1567 1391; x_wconf 90' lang='lat' dir='ltr'><strong>mihi</strong></span> <span class='ocrx_word' id='word_1_95' title='bbox 1597 1334 1722 1391; x_wconf 78' lang='lat' dir='ltr'><strong>fecit</strong></span> <span class='ocrx_word' id='word_1_96' title='bbox 1751 1335 1894 1390; x_wconf 92' lang='lat' dir='ltr'><strong>:imo</strong></span> <span class='ocrx_word' id='word_1_97' title='bbox 1931 1342 1984 1389; x_wconf 92' lang='lat' dir='ltr'><strong>et</strong></span> <span class='ocrx_word' id='word_1_98' title='bbox 2021 1333 2152 1388; x_wconf 90' lang='lat' dir='ltr'><strong>mihi</strong></span> 
     </span>
    </p>
   </div>
   <div class='ocr_carea' id='block_1_13' title="bbox 567 1424 2147 1497">
    <p class='ocr_par' dir='ltr' id='par_1_13' title="bbox 567 1424 2147 1497">
     <span class='ocr_line' id='line_1_13' title="bbox 567 1424 2147 1497; baseline -0.001 -17"><span class='ocrx_word' id='word_1_99' title='bbox 567 1424 688 1494; x_wconf 85' lang='lat' dir='ltr'><strong>plus</strong></span> <span class='ocrx_word' id='word_1_100' title='bbox 733 1425 877 1496; x_wconf 80' lang='lat' dir='ltr'><strong>fecit,</strong></span> <span class='ocrx_word' id='word_1_101' title='bbox 909 1427 994 1482; x_wconf 90' lang='lat' dir='ltr'><strong>cui</strong></span> <span class='ocrx_word' id='word_1_102' title='bbox 1023 1427 1224 1497; x_wconf 85' lang='lat' dir='ltr'><strong>putavit</strong></span> <span class='ocrx_word' id='word_1_103' title='bbox 1263 1429 1471 1497; x_wconf 88' lang='lat' dir='ltr'><strong>placere</strong></span> <span class='ocrx_word' id='word_1_104' title='bbox 1512 1426 1650 1497; x_wconf 90' lang='lat' dir='ltr'><strong>quod</strong></span> <span class='ocrx_word' id='word_1_105' title='bbox 1690 1426 1833 1481; x_wconf 82' lang='lat' dir='ltr'><strong>fecit.</strong></span> <span class='ocrx_word' id='word_1_106' title='bbox 1865 1426 2008 1495; x_wconf 82' lang='lat' dir='ltr'><strong>Ergo</strong></span> <span class='ocrx_word' id='word_1_107' title='bbox 2035 1425 2147 1496; x_wconf 88' lang='lat' dir='ltr'><strong>ipsa</strong></span> 
     </span>
    </p>
   </div>
   <div class='ocr_carea' id='block_1_14' title="bbox 566 1517 2148 1589">
    <p class='ocr_par' dir='ltr' id='par_1_14' title="bbox 566 1517 2148 1589">
     <span class='ocr_line' id='line_1_14' title="bbox 566 1517 2148 1589; baseline 0.002 -19"><span class='ocrx_word' id='word_1_108' title='bbox 566 1517 902 1589; x_wconf 91' lang='lat' dir='ltr'><strong>corripienda</strong></span> <span class='ocrx_word' id='word_1_109' title='bbox 938 1527 1062 1574; x_wconf 90' lang='lat' dir='ltr'><strong>sunt</strong></span> <span class='ocrx_word' id='word_1_110' title='bbox 1084 1533 1266 1574; x_wconf 89' lang='lat' dir='ltr'><strong>coram</strong></span> <span class='ocrx_word' id='word_1_111' title='bbox 1296 1519 1560 1586; x_wconf 82' lang='lat' dir='ltr'><strong>omnibus,</strong></span> <span class='ocrx_word' id='word_1_112' title='bbox 1597 1534 1713 1588; x_wconf 77' lang='lat' dir='ltr'><strong>quae</strong></span> <span class='ocrx_word' id='word_1_113' title='bbox 1741 1525 2024 1588; x_wconf 87' lang='lat' dir='ltr'><strong>peccantur</strong></span> <span class='ocrx_word' id='word_1_114' title='bbox 2052 1531 2148 1573; x_wconf 84' lang='lat' dir='ltr'><strong>co-</strong></span> 
     </span>
    </p>
   </div>
   <div class='ocr_carea' id='block_1_15' title="bbox 565 1607 2149 1680">
    <p class='ocr_par' dir='ltr' id='par_1_15' title="bbox 565 1607 2149 1680">
     <span class='ocr_line' id='line_1_15' title="bbox 565 1607 2149 1680; baseline 0.003 -20"><span class='ocrx_word' id='word_1_115' title='bbox 565 1620 680 1662; x_wconf 90' lang='lat' dir='ltr'><strong>ram</strong></span> <span class='ocrx_word' id='word_1_116' title='bbox 711 1607 995 1664; x_wconf 90' lang='lat' dir='ltr'><strong>omnibus:</strong></span> <span class='ocrx_word' id='word_1_117' title='bbox 1024 1609 1136 1680; x_wconf 89' lang='lat' dir='ltr'><strong>ipsa</strong></span> <span class='ocrx_word' id='word_1_118' title='bbox 1174 1609 1508 1680; x_wconf 88' lang='lat' dir='ltr'><strong>corripienda</strong></span> <span class='ocrx_word' id='word_1_119' title='bbox 1549 1620 1673 1664; x_wconf 87' lang='lat' dir='ltr'><strong>sunt</strong></span> <span class='ocrx_word' id='word_1_120' title='bbox 1713 1611 1989 1678; x_wconf 85' lang='lat' dir='ltr'><strong>secretius,</strong></span> <span class='ocrx_word' id='word_1_121' title='bbox 2029 1623 2149 1680; x_wconf 67' lang='lat' dir='ltr'><strong>quae</strong></span> 
     </span>
    </p>
   </div>
   <div class='ocr_carea' id='block_1_16' title="bbox 565 1699 2150 1770">
    <p class='ocr_par' dir='ltr' id='par_1_16' title="bbox 565 1699 2150 1770">
     <span class='ocr_line' id='line_1_16' title="bbox 565 1699 2150 1770; baseline 0.002 -18"><span class='ocrx_word' id='word_1_122' title='bbox 565 1706 855 1766; x_wconf 88' lang='lat' dir='ltr'><strong>peccantur</strong></span> <span class='ocrx_word' id='word_1_123' title='bbox 888 1700 1162 1755; x_wconf 88' lang='lat' dir='ltr'><strong>secretius.</strong></span> <span class='ocrx_word' id='word_1_124' title='bbox 1201 1699 1508 1756; x_wconf 87' lang='lat' dir='ltr'><strong>Distribuite</strong></span> <span class='ocrx_word' id='word_1_125' title='bbox 1537 1708 1798 1770; x_wconf 88' lang='lat' dir='ltr'><strong>tempora,</strong></span> <span class='ocrx_word' id='word_1_126' title='bbox 1845 1709 1899 1756; x_wconf 89' lang='lat' dir='ltr'><strong>et</strong></span> <span class='ocrx_word' id='word_1_127' title='bbox 1927 1714 2150 1757; x_wconf 88' lang='lat' dir='ltr'><strong>concor-</strong></span> 
     </span>
    </p>
   </div>
   <div class='ocr_carea' id='block_1_17' title="bbox 563 1789 970 1862">
    <p class='ocr_par' dir='ltr' id='par_1_17' title="bbox 563 1789 970 1862">
     <span class='ocr_line' id='line_1_17' title="bbox 563 1789 970 1862; baseline 0.01 -19"><span class='ocrx_word' id='word_1_128' title='bbox 563 1789 653 1844; x_wconf 88' lang='lat' dir='ltr'><strong>dat</strong></span> <span class='ocrx_word' id='word_1_129' title='bbox 680 1790 970 1862; x_wconf 88' lang='lat' dir='ltr'><strong>Scriptura.</strong></span> 
     </span>
    </p>
   </div>
   <div class='ocr_carea' id='block_1_18' title="bbox 633 1883 2149 1959">
    <p class='ocr_par' dir='ltr' id='par_1_18' title="bbox 633 1883 2149 1959">
     <span class='ocr_line' id='line_1_18' title="bbox 633 1883 2149 1959; baseline 0.001 -19"><span class='ocrx_word' id='word_1_130' title='bbox 633 1883 859 1942; x_wconf 85' lang='lat' dir='ltr'><strong>CAPUT</strong></span> <span class='ocrx_word' id='word_1_131' title='bbox 898 1885 1031 1941; x_wconf 78' lang='lat' dir='ltr'><strong>V&#39;lll.</strong></span> <span class='ocrx_word' id='word_1_132' title='bbox 1059 1917 1130 1927; x_wconf 92' lang='lat'><strong>—</strong></span> <span class='ocrx_word' id='word_1_133' title='bbox 1152 1888 1239 1942; x_wconf 81' lang='lat' dir='ltr'><strong>il.</strong></span> <span class='ocrx_word' id='word_1_134' title='bbox 1283 1885 1634 1959; x_wconf 46' lang='lat' dir='ltr'><strong>Correptionis.</strong></span> <span class='ocrx_word' id='word_1_135' title='bbox 1652 1887 1848 1954; x_wconf 84' lang='lat' dir='ltr'><strong>modus,</strong></span> <span class='ocrx_word' id='word_1_136' title='bbox 1892 1903 2039 1942; x_wconf 89' lang='lat' dir='ltr'><strong>curve</strong></span> <span class='ocrx_word' id='word_1_137' title='bbox 2069 1903 2149 1943; x_wconf 86' lang='lat' dir='ltr'><strong>se-</strong></span> 
     </span>
    </p>
   </div>
   <div class='ocr_carea' id='block_1_19' title="bbox 561 1977 2147 2052">
    <p class='ocr_par' dir='ltr' id='par_1_19' title="bbox 561 1977 2147 2052">
     <span class='ocr_line' id='line_1_19' title="bbox 561 1977 2147 2052; baseline 0.001 -20"><span class='ocrx_word' id='word_1_138' title='bbox 561 1986 696 2032; x_wconf 83' lang='lat' dir='ltr'><strong>creto</strong></span> <span class='ocrx_word' id='word_1_139' title='bbox 745 1979 855 2048; x_wconf 83' lang='lat' dir='ltr'><strong>ﬁat.</strong></span> <span class='ocrx_word' id='word_1_140' title='bbox 911 1977 1130 2034; x_wconf 86' lang='lat' dir='ltr'><strong>Peccata</strong></span> <span class='ocrx_word' id='word_1_141' title='bbox 1167 1981 1335 2034; x_wconf 85' lang='lat' dir='ltr'><strong>carnis</strong></span> <span class='ocrx_word' id='word_1_142' title='bbox 1374 1985 1654 2051; x_wconf 78' lang='lat' dir='ltr'><strong>mortifera.</strong></span> <span class='ocrx_word' id='word_1_143' title='bbox 1705 1979 1794 2036; x_wconf 90' lang='lat' dir='ltr'><strong>Sic</strong></span> <span class='ocrx_word' id='word_1_144' title='bbox 1824 1994 2042 2052; x_wconf 86' lang='lat' dir='ltr'><strong>agamus</strong></span> <span class='ocrx_word' id='word_1_145' title='bbox 2092 1987 2147 2036; x_wconf 86' lang='lat' dir='ltr'><strong>et</strong></span> 
     </span>
    </p>
   </div>
   <div class='ocr_carea' id='block_1_20' title="bbox 559 2072 2141 2144">
    <p class='ocr_par' dir='ltr' id='par_1_20' title="bbox 559 2072 2141 2144">
     <span class='ocr_line' id='line_1_20' title="bbox 559 2072 2141 2144; baseline 0.001 -17"><span class='ocrx_word' id='word_1_146' title='bbox 559 2072 638 2128; x_wconf 88' lang='lat' dir='ltr'><strong>sic</strong></span> <span class='ocrx_word' id='word_1_147' title='bbox 667 2072 927 2143; x_wconf 82' lang='lat' dir='ltr'><strong>agendum</strong></span> <span class='ocrx_word' id='word_1_148' title='bbox 950 2083 1052 2140; x_wconf 89' lang='lat' dir='ltr'><strong>est,</strong></span> <span class='ocrx_word' id='word_1_149' title='bbox 1091 2090 1195 2128; x_wconf 90' lang='lat' dir='ltr'><strong>non</strong></span> <span class='ocrx_word' id='word_1_150' title='bbox 1223 2074 1395 2128; x_wconf 89' lang='lat' dir='ltr'><strong>solum</strong></span> <span class='ocrx_word' id='word_1_151' title='bbox 1424 2073 1639 2144; x_wconf 79' lang='lat' dir='ltr'><strong>quando</strong></span> <span class='ocrx_word' id='word_1_152' title='bbox 1665 2073 1718 2128; x_wconf 91' lang='lat' dir='ltr'><strong>in</strong></span> <span class='ocrx_word' id='word_1_153' title='bbox 1745 2087 1843 2128; x_wconf 92' lang='lat' dir='ltr'><strong>nos</strong></span> <span class='ocrx_word' id='word_1_154' title='bbox 1872 2081 2141 2144; x_wconf 88' lang='lat' dir='ltr'><strong>peccatur,</strong></span> 
     </span>
    </p>
   </div>
   <div class='ocr_carea' id='block_1_21' title="bbox 560 2166 2140 2238">
    <p class='ocr_par' dir='ltr' id='par_1_21' title="bbox 560 2166 2140 2238">
     <span class='ocr_line' id='line_1_21' title="bbox 560 2166 2140 2238; baseline -0.001 -17"><span class='ocrx_word' id='word_1_155' title='bbox 560 2166 654 2222; x_wconf 89' lang='lat' dir='ltr'><strong>sed</strong></span> <span class='ocrx_word' id='word_1_156' title='bbox 682 2166 894 2238; x_wconf 88' lang='lat' dir='ltr'><strong>quando</strong></span> <span class='ocrx_word' id='word_1_157' title='bbox 920 2176 1168 2237; x_wconf 83' lang='lat' dir='ltr'><strong>peccatur</strong></span> <span class='ocrx_word' id='word_1_158' title='bbox 1186 2169 1253 2222; x_wconf 89' lang='lat' dir='ltr'><strong>ab</strong></span> <span class='ocrx_word' id='word_1_159' title='bbox 1276 2168 1472 2238; x_wconf 88' lang='lat' dir='ltr'><strong>aliquo,</strong></span> <span class='ocrx_word' id='word_1_160' title='bbox 1505 2177 1562 2222; x_wconf 91' lang='lat' dir='ltr'><strong>ut</strong></span> <span class='ocrx_word' id='word_1_161' title='bbox 1581 2166 1649 2221; x_wconf 91' lang='lat' dir='ltr'><strong>ab</strong></span> <span class='ocrx_word' id='word_1_162' title='bbox 1668 2167 1838 2223; x_wconf 89' lang='lat' dir='ltr'><strong>altero</strong></span> <span class='ocrx_word' id='word_1_163' title='bbox 1855 2168 2140 2223; x_wconf 90' lang='lat' dir='ltr'><strong>nesciatur.</strong></span> 
     </span>
    </p>
   </div>
   <div class='ocr_carea' id='block_1_22' title="bbox 559 2255 2143 2329">
    <p class='ocr_par' dir='ltr' id='par_1_22' title="bbox 559 2255 2143 2329">
     <span class='ocr_line' id='line_1_22' title="bbox 559 2255 2143 2329; baseline 0.002 -18"><span class='ocrx_word' id='word_1_164' title='bbox 559 2255 614 2310; x_wconf 95' lang='lat' dir='ltr'><strong>ln</strong></span> <span class='ocrx_word' id='word_1_165' title='bbox 643 2265 851 2312; x_wconf 89' lang='lat' dir='ltr'><strong>secreto</strong></span> <span class='ocrx_word' id='word_1_166' title='bbox 876 2257 1132 2313; x_wconf 90' lang='lat' dir='ltr'><strong>debemus</strong></span> <span class='ocrx_word' id='word_1_167' title='bbox 1151 2258 1442 2328; x_wconf 87' lang='lat' dir='ltr'><strong>corripere,</strong></span> <span class='ocrx_word' id='word_1_168' title='bbox 1473 2259 1525 2313; x_wconf 89' lang='lat' dir='ltr'><strong>in</strong></span> <span class='ocrx_word' id='word_1_169' title='bbox 1554 2266 1762 2314; x_wconf 90' lang='lat' dir='ltr'><strong>secreto</strong></span> <span class='ocrx_word' id='word_1_170' title='bbox 1789 2273 2050 2329; x_wconf 88' lang='lat' dir='ltr'><strong>arguere;</strong></span> <span class='ocrx_word' id='word_1_171' title='bbox 2075 2272 2143 2314; x_wconf 87' lang='lat' dir='ltr'><strong>ne</strong></span> 
     </span>
    </p>
   </div>
   <div class='ocr_carea' id='block_1_23' title="bbox 557 2347 2142 2420">
    <p class='ocr_par' dir='ltr' id='par_1_23' title="bbox 557 2347 2142 2420">
     <span class='ocr_line' id='line_1_23' title="bbox 557 2347 2142 2420; baseline 0.001 -16"><span class='ocrx_word' id='word_1_172' title='bbox 557 2349 799 2405; x_wconf 86' lang='lat' dir='ltr'><strong>volentes</strong></span> <span class='ocrx_word' id='word_1_173' title='bbox 836 2348 1045 2419; x_wconf 88' lang='lat' dir='ltr'><strong>publice</strong></span> <span class='ocrx_word' id='word_1_174' title='bbox 1083 2364 1326 2420; x_wconf 85' lang='lat' dir='ltr'><strong>arguere,</strong></span> <span class='ocrx_word' id='word_1_175' title='bbox 1377 2350 1662 2420; x_wconf 91' lang='lat' dir='ltr'><strong>prodamus</strong></span> <span class='ocrx_word' id='word_1_176' title='bbox 1707 2347 2000 2407; x_wconf 89' lang='lat' dir='ltr'><strong>hominem.</strong></span> <span class='ocrx_word' id='word_1_177' title='bbox 2033 2349 2142 2405; x_wconf 92' lang='lat' dir='ltr'><strong>Nos</strong></span> 
     </span>
    </p>
   </div>
   <div class='ocr_carea' id='block_1_24' title="bbox 557 2435 2193 2515">
    <p class='ocr_par' dir='ltr' id='par_1_24' title="bbox 557 2435 2193 2515">
     <span class='ocr_line' id='line_1_24' title="bbox 557 2435 2193 2515; baseline 0.002 -20"><span class='ocrx_word' id='word_1_178' title='bbox 557 2440 802 2496; x_wconf 89' lang='lat' dir='ltr'><strong>volumus</strong></span> <span class='ocrx_word' id='word_1_179' title='bbox 851 2442 1119 2512; x_wconf 85' lang='lat' dir='ltr'><strong>corripere</strong></span> <span class='ocrx_word' id='word_1_180' title='bbox 1173 2449 1228 2498; x_wconf 93' lang='lat' dir='ltr'><strong>et</strong></span> <span class='ocrx_word' id='word_1_181' title='bbox 1273 2443 1578 2514; x_wconf 87' lang='lat' dir='ltr'><strong>corrigere:</strong></span> <span class='ocrx_word' id='word_1_182' title='bbox 1607 2443 1754 2515; x_wconf 92' lang='lat' dir='ltr'><strong>quid,</strong></span> <span class='ocrx_word' id='word_1_183' title='bbox 1802 2443 1850 2498; x_wconf 92' lang='lat' dir='ltr'><strong>si</strong></span> <span class='ocrx_word' id='word_1_184' title='bbox 1896 2443 2142 2498; x_wconf 90' lang='lat' dir='ltr'><strong>inimicus</strong></span> <span class='ocrx_word' id='word_1_185' title='bbox 2177 2435 2193 2448; x_wconf 70' lang='lat'><strong>&#39;</strong></span> 
     </span>
    </p>
   </div>
   <div class='ocr_carea' id='block_1_25' title="bbox 557 2532 2140 2608">
    <p class='ocr_par' dir='ltr' id='par_1_25' title="bbox 557 2532 2140 2608">
     <span class='ocr_line' id='line_1_25' title="bbox 557 2532 2140 2608; baseline 0.003 -22"><span class='ocrx_word' id='word_1_186' title='bbox 557 2532 750 2602; x_wconf 67' lang='lat' dir='ltr'><strong>quatrit</strong></span> <span class='ocrx_word' id='word_1_187' title='bbox 774 2532 957 2588; x_wconf 88' lang='lat' dir='ltr'><strong>audire</strong></span> <span class='ocrx_word' id='word_1_188' title='bbox 985 2533 1374 2608; x_wconf 75' lang='lat' dir='ltr'><strong>quodpuniat?</strong></span> <span class='ocrx_word' id='word_1_189' title='bbox 1401 2535 1556 2591; x_wconf 88' lang='lat' dir='ltr'><strong>Novit</strong></span> <span class='ocrx_word' id='word_1_190' title='bbox 1584 2536 1727 2592; x_wconf 92' lang='lat' dir='ltr'><strong>enim</strong></span> <span class='ocrx_word' id='word_1_191' title='bbox 1766 2535 1949 2592; x_wconf 90' lang='lat' dir='ltr'><strong>nescio</strong></span> <span class='ocrx_word' id='word_1_192' title='bbox 1981 2548 2140 2606; x_wconf 89' lang='lat' dir='ltr'><strong>quem</strong></span> 
     </span>
    </p>
   </div>
   <div class='ocr_carea' id='block_1_26' title="bbox 555 2623 2140 2701">
    <p class='ocr_par' dir='ltr' id='par_1_26' title="bbox 555 2623 2140 2701">
     <span class='ocr_line' id='line_1_26' title="bbox 555 2623 2140 2701; baseline 0.005 -23"><span class='ocrx_word' id='word_1_193' title='bbox 555 2623 874 2681; x_wconf 84' lang='lat' dir='ltr'><strong>homicidam</strong></span> <span class='ocrx_word' id='word_1_194' title='bbox 907 2627 1211 2698; x_wconf 83' lang='lat' dir='ltr'><strong>cpiscOpus,</strong></span> <span class='ocrx_word' id='word_1_195' title='bbox 1240 2637 1293 2684; x_wconf 89' lang='lat' dir='ltr'><strong>et</strong></span> <span class='ocrx_word' id='word_1_196' title='bbox 1312 2629 1451 2686; x_wconf 90' lang='lat' dir='ltr'><strong>alius</strong></span> <span class='ocrx_word' id='word_1_197' title='bbox 1472 2630 1620 2685; x_wconf 90' lang='lat' dir='ltr'><strong>illum</strong></span> <span class='ocrx_word' id='word_1_198' title='bbox 1651 2645 1810 2686; x_wconf 90' lang='lat' dir='ltr'><strong>nemo</strong></span> <span class='ocrx_word' id='word_1_199' title='bbox 1836 2630 2002 2686; x_wconf 85' lang='lat' dir='ltr'><strong>novit.</strong></span> <span class='ocrx_word' id='word_1_200' title='bbox 2025 2629 2140 2701; x_wconf 87' lang='lat' dir='ltr'><strong>Ego</strong></span> 
     </span>
    </p>
   </div>
   <div class='ocr_carea' id='block_1_27' title="bbox 550 2717 2142 2793">
    <p class='ocr_par' dir='ltr' id='par_1_27' title="bbox 550 2717 2142 2793">
     <span class='ocr_line' id='line_1_27' title="bbox 550 2717 2142 2793; baseline 0.003 -22"><span class='ocrx_word' id='word_1_201' title='bbox 550 2717 674 2773; x_wconf 91' lang='lat' dir='ltr'><strong>volo</strong></span> <span class='ocrx_word' id='word_1_202' title='bbox 697 2719 904 2789; x_wconf 86' lang='lat' dir='ltr'><strong>publice</strong></span> <span class='ocrx_word' id='word_1_203' title='bbox 929 2721 1219 2791; x_wconf 85' lang='lat' dir='ltr'><strong>corripere,</strong></span> <span class='ocrx_word' id='word_1_204' title='bbox 1251 2730 1306 2776; x_wconf 89' lang='lat' dir='ltr'><strong>at</strong></span> <span class='ocrx_word' id='word_1_205' title='bbox 1326 2729 1384 2776; x_wconf 88' lang='lat' dir='ltr'><strong>tu</strong></span> <span class='ocrx_word' id='word_1_206' title='bbox 1402 2723 1596 2793; x_wconf 61' lang='lat' dir='ltr'><strong>quaeris</strong></span> <span class='ocrx_word' id='word_1_207' title='bbox 1625 2721 1938 2778; x_wconf 91' lang='lat' dir='ltr'><strong>inscribere.</strong></span> <span class='ocrx_word' id='word_1_208' title='bbox 1979 2721 2142 2776; x_wconf 89' lang='lat' dir='ltr'><strong>Pror-</strong></span> 
     </span>
    </p>
   </div>
   <div class='ocr_carea' id='block_1_28' title="bbox 550 2813 2134 2885">
    <p class='ocr_par' dir='ltr' id='par_1_28' title="bbox 550 2813 2134 2885">
     <span class='ocr_line' id='line_1_28' title="bbox 550 2813 2134 2885; baseline 0.003 -20"><span class='ocrx_word' id='word_1_209' title='bbox 550 2825 643 2865; x_wconf 89' lang='lat' dir='ltr'><strong>sus</strong></span> <span class='ocrx_word' id='word_1_210' title='bbox 689 2827 786 2866; x_wconf 91' lang='lat' dir='ltr'><strong>nec</strong></span> <span class='ocrx_word' id='word_1_211' title='bbox 826 2813 1016 2882; x_wconf 89' lang='lat' dir='ltr'><strong>prodo,</strong></span> <span class='ocrx_word' id='word_1_212' title='bbox 1071 2828 1170 2868; x_wconf 93' lang='lat' dir='ltr'><strong>nec</strong></span> <span class='ocrx_word' id='word_1_213' title='bbox 1223 2814 1431 2885; x_wconf 92' lang='lat' dir='ltr'><strong>negligo</strong></span> <span class='ocrx_word' id='word_1_214' title='bbox 1473 2831 1485 2868; x_wconf 93' lang='lat'><strong>:</strong></span> <span class='ocrx_word' id='word_1_215' title='bbox 1535 2815 1767 2885; x_wconf 91' lang='lat' dir='ltr'><strong>corripio</strong></span> <span class='ocrx_word' id='word_1_216' title='bbox 1796 2815 1849 2869; x_wconf 91' lang='lat' dir='ltr'><strong>in</strong></span> <span class='ocrx_word' id='word_1_217' title='bbox 1889 2821 2134 2880; x_wconf 85' lang='lat' dir='ltr'><strong>secreto;</strong></span> 
     </span>
    </p>
   </div>
   <div class='ocr_carea' id='block_1_29' title="bbox 551 2905 2137 2976">
    <p class='ocr_par' dir='ltr' id='par_1_29' title="bbox 551 2905 2137 2976">
     <span class='ocr_line' id='line_1_29' title="bbox 551 2905 2137 2976; baseline 0.004 -20"><span class='ocrx_word' id='word_1_218' title='bbox 551 2916 691 2972; x_wconf 90' lang='lat' dir='ltr'><strong>pono</strong></span> <span class='ocrx_word' id='word_1_219' title='bbox 719 2913 842 2959; x_wconf 90' lang='lat' dir='ltr'><strong>ante</strong></span> <span class='ocrx_word' id='word_1_220' title='bbox 868 2905 1050 2959; x_wconf 86' lang='lat' dir='ltr'><strong>oculos</strong></span> <span class='ocrx_word' id='word_1_221' title='bbox 1077 2905 1167 2959; x_wconf 88' lang='lat' dir='ltr'><strong>Dei</strong></span> <span class='ocrx_word' id='word_1_222' title='bbox 1185 2905 1476 2976; x_wconf 87' lang='lat' dir='ltr'><strong>judicium;</strong></span> <span class='ocrx_word' id='word_1_223' title='bbox 1506 2913 1685 2961; x_wconf 84' lang='lat' dir='ltr'><strong>terrea</strong></span> <span class='ocrx_word' id='word_1_224' title='bbox 1711 2915 1984 2962; x_wconf 90' lang='lat' dir='ltr'><strong>cruentam</strong></span> <span class='ocrx_word' id='word_1_225' title='bbox 2006 2921 2137 2962; x_wconf 90' lang='lat' dir='ltr'><strong>con-</strong></span> 
     </span>
    </p>
   </div>
   <div class='ocr_carea' id='block_1_30' title="bbox 554 2995 2138 3068">
    <p class='ocr_par' dir='ltr' id='par_1_30' title="bbox 554 2995 2138 3068">
     <span class='ocr_line' id='line_1_30' title="bbox 554 2995 2138 3068; baseline 0.003 -17"><span class='ocrx_word' id='word_1_226' title='bbox 554 2995 865 3063; x_wconf 88' lang='lat' dir='ltr'><strong>scientiam;</strong></span> <span class='ocrx_word' id='word_1_227' title='bbox 924 2998 1219 3067; x_wconf 78' lang='lat' dir='ltr'><strong>persuadeo</strong></span> <span class='ocrx_word' id='word_1_228' title='bbox 1276 2999 1664 3068; x_wconf 70' lang='lat' dir='ltr'><strong>pmnitentiam.</strong></span> <span class='ocrx_word' id='word_1_229' title='bbox 1717 2999 1828 3056; x_wconf 83' lang='lat' dir='ltr'><strong>Hac</strong></span> <span class='ocrx_word' id='word_1_230' title='bbox 1875 2999 2138 3056; x_wconf 88' lang='lat' dir='ltr'><strong>charitate</strong></span> 
     </span>
    </p>
   </div>
   <div class='ocr_carea' id='block_1_31' title="bbox 551 3086 2138 3162">
    <p class='ocr_par' dir='ltr' id='par_1_31' title="bbox 551 3086 2138 3162">
     <span class='ocr_line' id='line_1_31' title="bbox 551 3086 2138 3162; baseline 0.006 -23"><span class='ocrx_word' id='word_1_231' title='bbox 551 3086 757 3156; x_wconf 64' lang='lat' dir='ltr'><strong>praediti</strong></span> <span class='ocrx_word' id='word_1_232' title='bbox 801 3103 923 3143; x_wconf 88' lang='lat' dir='ltr'><strong>esse</strong></span> <span class='ocrx_word' id='word_1_233' title='bbox 962 3089 1235 3144; x_wconf 85' lang='lat' dir='ltr'><strong>debemus.</strong></span> <span class='ocrx_word' id='word_1_234' title='bbox 1271 3090 1424 3147; x_wconf 91' lang='lat' dir='ltr'><strong>Unde</strong></span> <span class='ocrx_word' id='word_1_235' title='bbox 1458 3091 1742 3162; x_wconf 89' lang='lat' dir='ltr'><strong>aliquando</strong></span> <span class='ocrx_word' id='word_1_236' title='bbox 1773 3091 2016 3148; x_wconf 87' lang='lat' dir='ltr'><strong>homines</strong></span> <span class='ocrx_word' id='word_1_237' title='bbox 2051 3109 2138 3149; x_wconf 90' lang='lat' dir='ltr'><strong>re-</strong></span> 
     </span>
    </p>
   </div>
   <div class='ocr_carea' id='block_1_32' title="bbox 549 3179 2134 3256">
    <p class='ocr_par' dir='ltr' id='par_1_32' title="bbox 549 3179 2134 3256">
     <span class='ocr_line' id='line_1_32' title="bbox 549 3179 2134 3256; baseline 0.004 -22"><span class='ocrx_word' id='word_1_238' title='bbox 549 3179 888 3251; x_wconf 87' lang='lat' dir='ltr'><strong>prehendunt</strong></span> <span class='ocrx_word' id='word_1_239' title='bbox 925 3197 1043 3248; x_wconf 92' lang='lat' dir='ltr'><strong>nos,</strong></span> <span class='ocrx_word' id='word_1_240' title='bbox 1090 3183 1232 3253; x_wconf 89' lang='lat' dir='ltr'><strong>quod</strong></span> <span class='ocrx_word' id='word_1_241' title='bbox 1274 3184 1424 3254; x_wconf 90' lang='lat' dir='ltr'><strong>quasi</strong></span> <span class='ocrx_word' id='word_1_242' title='bbox 1468 3199 1573 3241; x_wconf 91' lang='lat' dir='ltr'><strong>non</strong></span> <span class='ocrx_word' id='word_1_243' title='bbox 1614 3185 1965 3256; x_wconf 89' lang='lat' dir='ltr'><strong>corripiamus</strong></span> <span class='ocrx_word' id='word_1_244' title='bbox 1995 3204 2008 3240; x_wconf 90' lang='lat'><strong>:</strong></span> <span class='ocrx_word' id='word_1_245' title='bbox 2043 3195 2134 3242; x_wconf 91' lang='lat' dir='ltr'><strong>aut</strong></span> 
     </span>
    </p>
   </div>
   <div class='ocr_carea' id='block_1_33' title="bbox 548 3275 2133 3349">
    <p class='ocr_par' dir='ltr' id='par_1_33' title="bbox 548 3275 2133 3349">
     <span class='ocr_line' id='line_1_33' title="bbox 548 3275 2133 3349; baseline 0.006 -24"><span class='ocrx_word' id='word_1_246' title='bbox 548 3279 734 3342; x_wconf 89' lang='lat' dir='ltr'><strong>putant</strong></span> <span class='ocrx_word' id='word_1_247' title='bbox 763 3288 860 3328; x_wconf 92' lang='lat' dir='ltr'><strong>nos</strong></span> <span class='ocrx_word' id='word_1_248' title='bbox 888 3275 1026 3329; x_wconf 92' lang='lat' dir='ltr'><strong>scire</strong></span> <span class='ocrx_word' id='word_1_249' title='bbox 1051 3275 1191 3345; x_wconf 90' lang='lat' dir='ltr'><strong>quod</strong></span> <span class='ocrx_word' id='word_1_250' title='bbox 1234 3277 1525 3346; x_wconf 90' lang='lat' dir='ltr'><strong>nescimus,</strong></span> <span class='ocrx_word' id='word_1_251' title='bbox 1568 3285 1660 3333; x_wconf 87' lang='lat' dir='ltr'><strong>aut</strong></span> <span class='ocrx_word' id='word_1_252' title='bbox 1696 3284 1885 3349; x_wconf 86' lang='lat' dir='ltr'><strong>putant</strong></span> <span class='ocrx_word' id='word_1_253' title='bbox 1922 3294 2021 3336; x_wconf 90' lang='lat' dir='ltr'><strong>nos</strong></span> <span class='ocrx_word' id='word_1_254' title='bbox 2051 3288 2133 3334; x_wconf 88' lang='lat' dir='ltr'><strong>ta-</strong></span> 
     </span>
    </p>
   </div>
   <div class='ocr_carea' id='block_1_34' title="bbox 546 3369 2130 3444">
    <p class='ocr_par' dir='ltr' id='par_1_34' title="bbox 546 3369 2130 3444">
     <span class='ocr_line' id='line_1_34' title="bbox 546 3369 2130 3444; baseline 0.003 -21"><span class='ocrx_word' id='word_1_255' title='bbox 546 3383 673 3424; x_wconf 90' lang='lat' dir='ltr'><strong>cere</strong></span> <span class='ocrx_word' id='word_1_256' title='bbox 695 3369 837 3440; x_wconf 90' lang='lat' dir='ltr'><strong>quod</strong></span> <span class='ocrx_word' id='word_1_257' title='bbox 875 3370 1094 3426; x_wconf 90' lang='lat' dir='ltr'><strong>scimus.</strong></span> <span class='ocrx_word' id='word_1_258' title='bbox 1123 3369 1229 3426; x_wconf 91' lang='lat' dir='ltr'><strong>Sed</strong></span> <span class='ocrx_word' id='word_1_259' title='bbox 1266 3371 1402 3428; x_wconf 84' lang='lat' dir='ltr'><strong>forte</strong></span> <span class='ocrx_word' id='word_1_260' title='bbox 1431 3373 1573 3442; x_wconf 92' lang='lat' dir='ltr'><strong>quod</strong></span> <span class='ocrx_word' id='word_1_261' title='bbox 1605 3372 1732 3440; x_wconf 92' lang='lat' dir='ltr'><strong>scis,</strong></span> <span class='ocrx_word' id='word_1_262' title='bbox 1762 3381 1817 3429; x_wconf 90' lang='lat' dir='ltr'><strong>et</strong></span> <span class='ocrx_word' id='word_1_263' title='bbox 1853 3389 1953 3444; x_wconf 86' lang='lat' dir='ltr'><strong>ego</strong></span> <span class='ocrx_word' id='word_1_264' title='bbox 1980 3373 2130 3430; x_wconf 90' lang='lat' dir='ltr'><strong>scio:</strong></span> 
     </span>
    </p>
   </div>
   <div class='ocr_carea' id='block_1_35' title="bbox 547 3458 2129 3535">
    <p class='ocr_par' dir='ltr' id='par_1_35' title="bbox 547 3458 2129 3535">
     <span class='ocr_line' id='line_1_35' title="bbox 547 3458 2129 3535; baseline 0.003 -19"><span class='ocrx_word' id='word_1_265' title='bbox 547 3458 644 3516; x_wconf 88' lang='lat' dir='ltr'><strong>sed</strong></span> <span class='ocrx_word' id='word_1_266' title='bbox 664 3476 769 3516; x_wconf 92' lang='lat' dir='ltr'><strong>non</strong></span> <span class='ocrx_word' id='word_1_267' title='bbox 797 3475 976 3517; x_wconf 89' lang='lat' dir='ltr'><strong>coram</strong></span> <span class='ocrx_word' id='word_1_268' title='bbox 1005 3471 1058 3518; x_wconf 95' lang='lat' dir='ltr'><strong>te</strong></span> <span class='ocrx_word' id='word_1_269' title='bbox 1085 3464 1344 3535; x_wconf 89' lang='lat' dir='ltr'><strong>corripio;</strong></span> <span class='ocrx_word' id='word_1_270' title='bbox 1373 3464 1497 3535; x_wconf 91' lang='lat' dir='ltr'><strong>quia</strong></span> <span class='ocrx_word' id='word_1_271' title='bbox 1517 3480 1706 3520; x_wconf 89' lang='lat' dir='ltr'><strong>curare</strong></span> <span class='ocrx_word' id='word_1_272' title='bbox 1726 3465 1870 3533; x_wconf 90' lang='lat' dir='ltr'><strong>volo,</strong></span> <span class='ocrx_word' id='word_1_273' title='bbox 1900 3481 2006 3521; x_wconf 87' lang='lat' dir='ltr'><strong>non</strong></span> <span class='ocrx_word' id='word_1_274' title='bbox 2036 3480 2129 3521; x_wconf 87' lang='lat' dir='ltr'><strong>ac-</strong></span> 
     </span>
    </p>
   </div>
   <div class='ocr_carea' id='block_1_36' title="bbox 545 3553 2129 3623">
    <p class='ocr_par' dir='ltr' id='par_1_36' title="bbox 545 3553 2129 3623">
     <span class='ocr_line' id='line_1_36' title="bbox 545 3553 2129 3623; baseline 0.005 -17"><span class='ocrx_word' id='word_1_275' title='bbox 545 3566 750 3609; x_wconf 89' lang='lat' dir='ltr'><strong>cusare.</strong></span> <span class='ocrx_word' id='word_1_276' title='bbox 781 3553 918 3609; x_wconf 89' lang='lat' dir='ltr'><strong>Sunt</strong></span> <span class='ocrx_word' id='word_1_277' title='bbox 941 3554 1184 3611; x_wconf 88' lang='lat' dir='ltr'><strong>homines</strong></span> <span class='ocrx_word' id='word_1_278' title='bbox 1211 3555 1438 3611; x_wconf 90' lang='lat' dir='ltr'><strong>adulteri</strong></span> <span class='ocrx_word' id='word_1_279' title='bbox 1465 3555 1517 3610; x_wconf 92' lang='lat' dir='ltr'><strong>in</strong></span> <span class='ocrx_word' id='word_1_280' title='bbox 1537 3554 1782 3612; x_wconf 91' lang='lat' dir='ltr'><strong>domibus</strong></span> <span class='ocrx_word' id='word_1_281' title='bbox 1803 3557 1934 3623; x_wconf 90' lang='lat' dir='ltr'><strong>suis,</strong></span> <span class='ocrx_word' id='word_1_282' title='bbox 1965 3557 2015 3611; x_wconf 92' lang='lat' dir='ltr'><strong>in</strong></span> <span class='ocrx_word' id='word_1_283' title='bbox 2039 3571 2129 3614; x_wconf 89' lang='lat' dir='ltr'><strong>se-</strong></span> 
     </span>
    </p>
   </div>
   <div class='ocr_carea' id='block_1_37' title="bbox 543 3647 2129 3718">
    <p class='ocr_par' dir='ltr' id='par_1_37' title="bbox 543 3647 2129 3718">
     <span class='ocr_line' id='line_1_37' title="bbox 543 3647 2129 3718; baseline 0.005 -21"><span class='ocrx_word' id='word_1_284' title='bbox 543 3652 692 3698; x_wconf 91' lang='lat' dir='ltr'><strong>creto</strong></span> <span class='ocrx_word' id='word_1_285' title='bbox 721 3656 976 3714; x_wconf 88' lang='lat' dir='ltr'><strong>peccant;</strong></span> <span class='ocrx_word' id='word_1_286' title='bbox 1022 3647 1305 3718; x_wconf 87' lang='lat' dir='ltr'><strong>aliquando</strong></span> <span class='ocrx_word' id='word_1_287' title='bbox 1344 3647 1499 3704; x_wconf 88' lang='lat' dir='ltr'><strong>nobis</strong></span> <span class='ocrx_word' id='word_1_288' title='bbox 1525 3647 1824 3718; x_wconf 88' lang='lat' dir='ltr'><strong>produntur</strong></span> <span class='ocrx_word' id='word_1_289' title='bbox 1851 3649 1919 3704; x_wconf 91' lang='lat' dir='ltr'><strong>ab</strong></span> <span class='ocrx_word' id='word_1_290' title='bbox 1946 3649 2129 3705; x_wconf 77' lang='lat' dir='ltr'><strong>uxori-</strong></span> 
     </span>
    </p>
   </div>
   <div class='ocr_carea' id='block_1_38' title="bbox 540 3731 2126 3810">
    <p class='ocr_par' dir='ltr' id='par_1_38' title="bbox 540 3731 2126 3810">
     <span class='ocr_line' id='line_1_38' title="bbox 540 3731 2126 3810; baseline 0.004 -22"><span class='ocrx_word' id='word_1_291' title='bbox 540 3731 640 3789; x_wconf 91' lang='lat' dir='ltr'><strong>bus</strong></span> <span class='ocrx_word' id='word_1_292' title='bbox 675 3736 784 3792; x_wconf 91' lang='lat' dir='ltr'><strong>suis</strong></span> <span class='ocrx_word' id='word_1_293' title='bbox 811 3737 1128 3808; x_wconf 91' lang='lat' dir='ltr'><strong>plerumque</strong></span> <span class='ocrx_word' id='word_1_294' title='bbox 1154 3739 1473 3806; x_wconf 70' lang='lat' dir='ltr'><strong>velantibus,</strong></span> <span class='ocrx_word' id='word_1_295' title='bbox 1500 3739 1783 3810; x_wconf 89' lang='lat' dir='ltr'><strong>aliquando</strong></span> <span class='ocrx_word' id='word_1_296' title='bbox 1811 3739 2126 3795; x_wconf 88' lang='lat' dir='ltr'><strong>maritorum</strong></span> 
     </span>
    </p>
   </div>
   <div class='ocr_carea' id='block_1_39' title="bbox 540 3827 2126 3904">
    <p class='ocr_par' dir='ltr' id='par_1_39' title="bbox 540 3827 2126 3904">
     <span class='ocr_line' id='line_1_39' title="bbox 540 3827 2126 3904; baseline 0.004 -21"><span class='ocrx_word' id='word_1_297' title='bbox 540 3827 765 3884; x_wconf 86' lang='lat' dir='ltr'><strong>salutem</strong></span> <span class='ocrx_word' id='word_1_298' title='bbox 794 3830 1154 3900; x_wconf 72' lang='lat' dir='ltr'><strong>quaerentibus</strong></span> <span class='ocrx_word' id='word_1_299' title='bbox 1183 3849 1196 3886; x_wconf 89' lang='lat'><strong>:</strong></span> <span class='ocrx_word' id='word_1_300' title='bbox 1228 3847 1326 3887; x_wconf 92' lang='lat' dir='ltr'><strong>nos</strong></span> <span class='ocrx_word' id='word_1_301' title='bbox 1352 3846 1462 3888; x_wconf 86' lang='lat' dir='ltr'><strong>non</strong></span> <span class='ocrx_word' id='word_1_302' title='bbox 1504 3832 1778 3904; x_wconf 86' lang='lat' dir='ltr'><strong>prodimus</strong></span> <span class='ocrx_word' id='word_1_303' title='bbox 1804 3834 2000 3904; x_wconf 88' lang='lat' dir='ltr'><strong>palam,</strong></span> <span class='ocrx_word' id='word_1_304' title='bbox 2031 3833 2126 3890; x_wconf 90' lang='lat' dir='ltr'><strong>sed</strong></span> 
     </span>
    </p>
   </div>
   <div class='ocr_carea' id='block_1_40' title="bbox 539 3917 2128 3995">
    <p class='ocr_par' dir='ltr' id='par_1_40' title="bbox 539 3917 2128 3995">
     <span class='ocr_line' id='line_1_40' title="bbox 539 3917 2128 3995; baseline 0.004 -21"><span class='ocrx_word' id='word_1_305' title='bbox 539 3917 593 3974; x_wconf 93' lang='lat' dir='ltr'><strong>in</strong></span> <span class='ocrx_word' id='word_1_306' title='bbox 615 3930 820 3975; x_wconf 90' lang='lat' dir='ltr'><strong>secreto</strong></span> <span class='ocrx_word' id='word_1_307' title='bbox 846 3925 1136 3992; x_wconf 91' lang='lat' dir='ltr'><strong>arguimus.</strong></span> <span class='ocrx_word' id='word_1_308' title='bbox 1169 3923 1265 3980; x_wconf 90' lang='lat' dir='ltr'><strong>Ubi</strong></span> <span class='ocrx_word' id='word_1_309' title='bbox 1285 3923 1507 3995; x_wconf 88' lang='lat' dir='ltr'><strong>contigit</strong></span> <span class='ocrx_word' id='word_1_310' title='bbox 1531 3925 1750 3991; x_wconf 90' lang='lat' dir='ltr'><strong>malum,</strong></span> <span class='ocrx_word' id='word_1_311' title='bbox 1770 3925 1842 3981; x_wconf 94' lang='lat' dir='ltr'><strong>ibi</strong></span> <span class='ocrx_word' id='word_1_312' title='bbox 1869 3925 2128 3981; x_wconf 88' lang='lat' dir='ltr'><strong>moriatur</strong></span> 
     </span>
    </p>
   </div>
   <div class='ocr_carea' id='block_1_41' title="bbox 541 4011 2125 4091">
    <p class='ocr_par' dir='ltr' id='par_1_41' title="bbox 541 4011 2125 4091">
     <span class='ocr_line' id='line_1_41' title="bbox 541 4011 2125 4091; baseline 0.008 -27"><span class='ocrx_word' id='word_1_313' title='bbox 541 4011 758 4066; x_wconf 89' lang='lat' dir='ltr'><strong>malum.</strong></span> <span class='ocrx_word' id='word_1_314' title='bbox 802 4013 915 4069; x_wconf 88' lang='lat' dir='ltr'><strong>Non</strong></span> <span class='ocrx_word' id='word_1_315' title='bbox 967 4024 1143 4072; x_wconf 90' lang='lat' dir='ltr'><strong>tamen</strong></span> <span class='ocrx_word' id='word_1_316' title='bbox 1190 4016 1381 4073; x_wconf 90' lang='lat' dir='ltr'><strong>vulnus</strong></span> <span class='ocrx_word' id='word_1_317' title='bbox 1429 4019 1558 4074; x_wconf 91' lang='lat' dir='ltr'><strong>illud</strong></span> <span class='ocrx_word' id='word_1_318' title='bbox 1609 4020 1954 4091; x_wconf 86' lang='lat' dir='ltr'><strong>negligimus;</strong></span> <span class='ocrx_word' id='word_1_319' title='bbox 2000 4029 2125 4078; x_wconf 87' lang='lat' dir='ltr'><strong>ante</strong></span> 
     </span>
    </p>
   </div>
   <div class='ocr_carea' id='block_1_42' title="bbox 538 4103 2125 4181">
    <p class='ocr_par' dir='ltr' id='par_1_42' title="bbox 538 4103 2125 4181">
     <span class='ocr_line' id='line_1_42' title="bbox 538 4103 2125 4181; baseline 0.009 -25"><span class='ocrx_word' id='word_1_320' title='bbox 538 4103 717 4156; x_wconf 88' lang='lat' dir='ltr'><strong>omnia</strong></span> <span class='ocrx_word' id='word_1_321' title='bbox 753 4105 1096 4162; x_wconf 87' lang='lat' dir='ltr'><strong>ostendentes</strong></span> <span class='ocrx_word' id='word_1_322' title='bbox 1122 4107 1324 4164; x_wconf 90' lang='lat' dir='ltr'><strong>homini</strong></span> <span class='ocrx_word' id='word_1_323' title='bbox 1365 4110 1418 4164; x_wconf 91' lang='lat' dir='ltr'><strong>in</strong></span> <span class='ocrx_word' id='word_1_324' title='bbox 1462 4111 1550 4165; x_wconf 92' lang='lat' dir='ltr'><strong>tali</strong></span> <span class='ocrx_word' id='word_1_325' title='bbox 1583 4120 1800 4181; x_wconf 89' lang='lat' dir='ltr'><strong>peccato</strong></span> <span class='ocrx_word' id='word_1_326' title='bbox 1837 4113 2125 4170; x_wconf 88' lang='lat' dir='ltr'><strong>constituto</strong></span> 
     </span>
    </p>
   </div>
   <div class='ocr_carea' id='block_1_43' title="bbox 535 4192 2124 4270">
    <p class='ocr_par' dir='ltr' id='par_1_43' title="bbox 535 4192 2124 4270">
     <span class='ocr_line' id='line_1_43' title="bbox 535 4192 2124 4270; baseline 0.011 -25"><span class='ocrx_word' id='word_1_327' title='bbox 535 4192 878 4265; x_wconf 83' lang='lat' dir='ltr'><strong>sauciamque</strong></span> <span class='ocrx_word' id='word_1_328' title='bbox 911 4199 1114 4266; x_wconf 90' lang='lat' dir='ltr'><strong>gerenti</strong></span> <span class='ocrx_word' id='word_1_329' title='bbox 1153 4200 1553 4270; x_wconf 85' lang='lat' dir='ltr'><strong>conscientiam,</strong></span> <span class='ocrx_word' id='word_1_330' title='bbox 1591 4202 1721 4257; x_wconf 90' lang='lat' dir='ltr'><strong>illud</strong></span> <span class='ocrx_word' id='word_1_331' title='bbox 1765 4204 1957 4261; x_wconf 89' lang='lat' dir='ltr'><strong>vulnus</strong></span> <span class='ocrx_word' id='word_1_332' title='bbox 2002 4219 2124 4262; x_wconf 87' lang='lat' dir='ltr'><strong>esse</strong></span> 
     </span>
    </p>
   </div>
   <div class='ocr_carea' id='block_1_44' title="bbox 536 4284 2123 4366">
    <p class='ocr_par' dir='ltr' id='par_1_44' title="bbox 536 4284 2123 4366">
     <span class='ocr_line' id='line_1_44' title="bbox 536 4284 2123 4366; baseline 0.013 -29"><span class='ocrx_word' id='word_1_333' title='bbox 536 4284 869 4341; x_wconf 80' lang='lat' dir='ltr'><strong>mortiferum</strong></span> <span class='ocrx_word' id='word_1_334' title='bbox 902 4305 914 4342; x_wconf 90' lang='lat'>:</span> <span class='ocrx_word' id='word_1_335' title='bbox 947 4288 1088 4360; x_wconf 90' lang='lat' dir='ltr'><strong>quod</strong></span> <span class='ocrx_word' id='word_1_336' title='bbox 1117 4291 1402 4362; x_wconf 89' lang='lat' dir='ltr'><strong>aliquando</strong></span> <span class='ocrx_word' id='word_1_337' title='bbox 1428 4295 1518 4366; x_wconf 92' lang='lat' dir='ltr'><strong>qui</strong></span> <span class='ocrx_word' id='word_1_338' title='bbox 1551 4297 1907 4365; x_wconf 91' lang='lat' dir='ltr'><strong>committunt,</strong></span> <span class='ocrx_word' id='word_1_339' title='bbox 1939 4300 2123 4358; x_wconf 90' lang='lat' dir='ltr'><strong>nescio</strong></span> 
     </span>
    </p>
   </div>
   <div class='ocr_carea' id='block_1_45' title="bbox 533 4381 2121 4454">
    <p class='ocr_par' dir='ltr' id='par_1_45' title="bbox 533 4381 2121 4454">
     <span class='ocr_line' id='line_1_45' title="bbox 533 4381 2121 4454; baseline 0.012 -21"><span class='ocrx_word' id='word_1_340' title='bbox 533 4392 637 4448; x_wconf 89' lang='lat' dir='ltr'><strong>qua</strong></span> <span class='ocrx_word' id='word_1_341' title='bbox 663 4381 1010 4448; x_wconf 89' lang='lat' dir='ltr'><strong>perversitate</strong></span> <span class='ocrx_word' id='word_1_342' title='bbox 1034 4392 1415 4454; x_wconf 89' lang='lat' dir='ltr'><strong>contemnunt;</strong></span> <span class='ocrx_word' id='word_1_343' title='bbox 1447 4396 1502 4444; x_wconf 91' lang='lat' dir='ltr'><strong>et</strong></span> <span class='ocrx_word' id='word_1_344' title='bbox 1534 4391 1715 4446; x_wconf 91' lang='lat' dir='ltr'><strong>nescio</strong></span> <span class='ocrx_word' id='word_1_345' title='bbox 1739 4391 1879 4448; x_wconf 91' lang='lat' dir='ltr'><strong>unde</strong></span> <span class='ocrx_word' id='word_1_346' title='bbox 1909 4393 2008 4449; x_wconf 92' lang='lat' dir='ltr'><strong>sibi</strong></span> <span class='ocrx_word' id='word_1_347' title='bbox 2038 4403 2121 4451; x_wconf 87' lang='lat' dir='ltr'><strong>te-</strong></span> 
     </span>
    </p>
   </div>
   <div class='ocr_carea' id='block_1_46' title="bbox 533 4469 2120 4551">
    <p class='ocr_par' dir='ltr' id='par_1_46' title="bbox 533 4469 2120 4551">
     <span class='ocr_line' id='line_1_46' title="bbox 533 4469 2120 4551; baseline 0.013 -29"><span class='ocrx_word' id='word_1_348' title='bbox 533 4469 781 4525; x_wconf 87' lang='lat' dir='ltr'><strong>stimonia</strong></span> <span class='ocrx_word' id='word_1_349' title='bbox 803 4472 944 4528; x_wconf 89' lang='lat' dir='ltr'><strong>nulla</strong></span> <span class='ocrx_word' id='word_1_350' title='bbox 971 4483 1026 4530; x_wconf 91' lang='lat' dir='ltr'><strong>et</strong></span> <span class='ocrx_word' id='word_1_351' title='bbox 1048 4492 1182 4532; x_wconf 89' lang='lat' dir='ltr'><strong>vana</strong></span> <span class='ocrx_word' id='word_1_352' title='bbox 1206 4479 1221 4510; x_wconf 84' lang='grc'>¹</span> <span class='ocrx_word' id='word_1_353' title='bbox 1239 4473 1582 4551; x_wconf 76' lang='lat' dir='ltr'><strong>conquirunt,</strong></span> <span class='ocrx_word' id='word_1_354' title='bbox 1611 4482 1870 4550; x_wconf 90' lang='lat' dir='ltr'><strong>dicentes,</strong></span> <span class='ocrx_word' id='word_1_355' title='bbox 1895 4485 2120 4544; x_wconf 86' lang='lat' dir='ltr'><strong>Peccata</strong></span> 
     </span>
    </p>
   </div>
   <div class='ocr_carea' id='block_1_47' title="bbox 531 4560 2120 4644">
    <p class='ocr_par' dir='ltr' id='par_1_47' title="bbox 531 4560 2120 4644">
     <span class='ocr_line' id='line_1_47' title="bbox 531 4560 2120 4644; baseline 0.014 -31"><span class='ocrx_word' id='word_1_356' title='bbox 531 4560 710 4615; x_wconf 88' lang='lat' dir='ltr'><strong>carnis</strong></span> <span class='ocrx_word' id='word_1_357' title='bbox 741 4561 880 4618; x_wconf 91' lang='lat' dir='ltr'><strong>Deus</strong></span> <span class='ocrx_word' id='word_1_358' title='bbox 919 4580 1025 4620; x_wconf 95' lang='lat' dir='ltr'><strong>non</strong></span> <span class='ocrx_word' id='word_1_359' title='bbox 1067 4578 1240 4625; x_wconf 91' lang='lat' dir='ltr'><strong>curat.</strong></span> <span class='ocrx_word' id='word_1_360' title='bbox 1287 4570 1390 4628; x_wconf 89' lang='lat' dir='ltr'><strong>Ubi</strong></span> <span class='ocrx_word' id='word_1_361' title='bbox 1434 4579 1518 4628; x_wconf 91' lang='lat' dir='ltr'><strong>est</strong></span> <span class='ocrx_word' id='word_1_362' title='bbox 1556 4574 1696 4644; x_wconf 88' lang='lat' dir='ltr'><strong>quod</strong></span> <span class='ocrx_word' id='word_1_363' title='bbox 1729 4575 1886 4633; x_wconf 89' lang='lat' dir='ltr'><strong>hodie</strong></span> <span class='ocrx_word' id='word_1_364' title='bbox 1913 4579 2120 4636; x_wconf 88' lang='lat' dir='ltr'><strong>audivi-</strong></span> 
     </span>
    </p>
   </div>
   <div class='ocr_carea' id='block_1_48' title="bbox 530 4651 2119 4736">
    <p class='ocr_par' dir='ltr' id='par_1_48' title="bbox 530 4651 2119 4736">
     <span class='ocr_line' id='line_1_48' title="bbox 530 4651 2119 4736; baseline 0.015 -32"><span class='ocrx_word' id='word_1_365' title='bbox 530 4665 649 4707; x_wconf 90' lang='lat' dir='ltr'><strong>mus</strong></span> <span class='ocrx_word' id='word_1_366' title='bbox 673 4671 685 4706; x_wconf 93' lang='lat'>:</span> <span class='ocrx_word' id='word_1_367' title='bbox 720 4651 1076 4712; x_wconf 82' lang='lat' dir='ltr'><strong>Fornicatores</strong></span> <span class='ocrx_word' id='word_1_368' title='bbox 1095 4668 1142 4714; x_wconf 87' lang='lat' dir='ltr'><strong>et</strong></span> <span class='ocrx_word' id='word_1_369' title='bbox 1166 4660 1426 4718; x_wconf 84' lang='lat' dir='ltr'><strong>adulteros</strong></span> <span class='ocrx_word' id='word_1_370' title='bbox 1444 4664 1649 4736; x_wconf 87' lang='lat' dir='ltr'><strong>judicat</strong></span> <span class='ocrx_word' id='word_1_371' title='bbox 1672 4664 1852 4723; x_wconf 86' lang='lat' dir='ltr'><strong>Deus?</strong></span> <span class='ocrx_word' id='word_1_372' title='bbox 1871 4669 2012 4726; x_wconf 88' lang='lat' dir='ltr'><strong>Ecce</strong></span> <span class='ocrx_word' id='word_1_373' title='bbox 2036 4679 2119 4727; x_wconf 85' lang='lat' dir='ltr'><strong>at-</strong></span> 
     </span>
    </p>
   </div>
   <div class='ocr_carea' id='block_1_49' title="bbox 531 4744 2116 4828">
    <p class='ocr_par' dir='ltr' id='par_1_49' title="bbox 531 4744 2116 4828">
     <span class='ocr_line' id='line_1_49' title="bbox 531 4744 2116 4828; baseline 0.015 -31"><span class='ocrx_word' id='word_1_374' title='bbox 531 4744 706 4812; x_wconf 87' lang='lat' dir='ltr'><strong>tende,</strong></span> <span class='ocrx_word' id='word_1_375' title='bbox 737 4749 973 4820; x_wconf 90' lang='lat' dir='ltr'><strong>quisquis</strong></span> <span class='ocrx_word' id='word_1_376' title='bbox 1004 4751 1092 4806; x_wconf 90' lang='lat' dir='ltr'><strong>tali</strong></span> <span class='ocrx_word' id='word_1_377' title='bbox 1120 4756 1308 4810; x_wconf 91' lang='lat' dir='ltr'><strong>morbo</strong></span> <span class='ocrx_word' id='word_1_378' title='bbox 1347 4755 1580 4814; x_wconf 89' lang='lat' dir='ltr'><strong>laboras.</strong></span> <span class='ocrx_word' id='word_1_379' title='bbox 1623 4759 1775 4828; x_wconf 90' lang='lat' dir='ltr'><strong>Quod</strong></span> <span class='ocrx_word' id='word_1_380' title='bbox 1817 4761 1946 4819; x_wconf 90' lang='lat' dir='ltr'><strong>dicit</strong></span> <span class='ocrx_word' id='word_1_381' title='bbox 1975 4764 2116 4822; x_wconf 89' lang='lat' dir='ltr'><strong>Deus</strong></span> 
     </span>
    </p>
   </div>
   <div class='ocr_carea' id='block_1_50' title="bbox 527 4837 2115 4923">
    <p class='ocr_par' dir='ltr' id='par_1_50' title="bbox 527 4837 2115 4923">
     <span class='ocr_line' id='line_1_50' title="bbox 527 4837 2115 4923; baseline 0.016 -33"><span class='ocrx_word' id='word_1_382' title='bbox 527 4837 650 4893; x_wconf 88' lang='lat' dir='ltr'><strong>audi</strong></span> <span class='ocrx_word' id='word_1_383' title='bbox 675 4856 688 4893; x_wconf 90' lang='lat'><strong>:</strong></span> <span class='ocrx_word' id='word_1_384' title='bbox 717 4855 824 4895; x_wconf 88' lang='lat' dir='ltr'><strong>non</strong></span> <span class='ocrx_word' id='word_1_385' title='bbox 845 4843 984 4912; x_wconf 90' lang='lat' dir='ltr'><strong>quod</strong></span> <span class='ocrx_word' id='word_1_386' title='bbox 1018 4844 1110 4901; x_wconf 93' lang='lat' dir='ltr'><strong>tibi</strong></span> <span class='ocrx_word' id='word_1_387' title='bbox 1140 4846 1270 4903; x_wconf 91' lang='lat' dir='ltr'><strong>dicit</strong></span> <span class='ocrx_word' id='word_1_388' title='bbox 1294 4847 1482 4906; x_wconf 81' lang='lat' dir='ltr'><strong>favens</strong></span> <span class='ocrx_word' id='word_1_389' title='bbox 1509 4854 1745 4923; x_wconf 89' lang='lat' dir='ltr'><strong>peccatis</strong></span> <span class='ocrx_word' id='word_1_390' title='bbox 1772 4856 1880 4911; x_wconf 91' lang='lat' dir='ltr'><strong>tuis</strong></span> <span class='ocrx_word' id='word_1_391' title='bbox 1905 4859 2115 4916; x_wconf 84' lang='lat' dir='ltr'><strong>animus</strong></span> 
     </span>
    </p>
   </div>
   <div class='ocr_carea' id='block_1_51' title="bbox 528 4931 2114 5021">
    <p class='ocr_par' dir='ltr' id='par_1_51' title="bbox 528 4931 2114 5021">
     <span class='ocr_line' id='line_1_51' title="bbox 528 4931 2114 5021; baseline 0.015 -37"><span class='ocrx_word' id='word_1_392' title='bbox 528 4931 702 4997; x_wconf 78' lang='lat' dir='ltr'><strong>tuus’,</strong></span> <span class='ocrx_word' id='word_1_393' title='bbox 748 4941 839 4988; x_wconf 91' lang='lat' dir='ltr'><strong>aut</strong></span> <span class='ocrx_word' id='word_1_394' title='bbox 882 4934 1070 4992; x_wconf 87' lang='lat' dir='ltr'><strong>eadem</strong></span> <span class='ocrx_word' id='word_1_395' title='bbox 1111 4946 1287 4996; x_wconf 89' lang='lat' dir='ltr'><strong>tecum</strong></span> <span class='ocrx_word' id='word_1_396' title='bbox 1337 4942 1628 5013; x_wconf 88' lang='lat' dir='ltr'><strong>iniquitatis</strong></span> <span class='ocrx_word' id='word_1_397' title='bbox 1675 4957 1864 5004; x_wconf 88' lang='lat' dir='ltr'><strong>catena</strong></span> <span class='ocrx_word' id='word_1_398' title='bbox 1922 4950 2114 5021; x_wconf 85' lang='lat' dir='ltr'><strong>ligatus</strong></span> 
     </span>
    </p>
   </div>
   <div class='ocr_carea' id='block_1_52' title="bbox 524 5022 2113 5103">
    <p class='ocr_par' dir='ltr' id='par_1_52' title="bbox 524 5022 2113 5103">
     <span class='ocr_line' id='line_1_52' title="bbox 524 5022 2113 5103; baseline 0.018 -29"><span class='ocrx_word' id='word_1_399' title='bbox 524 5022 728 5078; x_wconf 90' lang='lat' dir='ltr'><strong>amicus</strong></span> <span class='ocrx_word' id='word_1_400' title='bbox 755 5031 895 5094; x_wconf 91' lang='lat' dir='ltr'><strong>tuus,</strong></span> <span class='ocrx_word' id='word_1_401' title='bbox 927 5029 1008 5084; x_wconf 89' lang='lat' dir='ltr'><strong>vel</strong></span> <span class='ocrx_word' id='word_1_402' title='bbox 1037 5031 1215 5101; x_wconf 91' lang='lat' dir='ltr'><strong>potius</strong></span> <span class='ocrx_word' id='word_1_403' title='bbox 1255 5033 1502 5092; x_wconf 90' lang='lat' dir='ltr'><strong>inimicus</strong></span> <span class='ocrx_word' id='word_1_404' title='bbox 1540 5045 1661 5094; x_wconf 90' lang='lat' dir='ltr'><strong>tuus</strong></span> <span class='ocrx_word' id='word_1_405' title='bbox 1701 5049 1759 5097; x_wconf 92' lang='lat' dir='ltr'><strong>et</strong></span> <span class='ocrx_word' id='word_1_406' title='bbox 1795 5058 1944 5100; x_wconf 91' lang='lat' dir='ltr'><strong>suus.</strong></span> <span class='ocrx_word' id='word_1_407' title='bbox 1975 5045 2113 5103; x_wconf 89' lang='lat' dir='ltr'><strong>Audi</strong></span> 
     </span>
    </p>
   </div>
   <div class='ocr_carea' id='block_1_53' title="bbox 524 5119 2113 5208">
    <p class='ocr_par' dir='ltr' id='par_1_53' title="bbox 524 5119 2113 5208">
     <span class='ocr_line' id='line_1_53' title="bbox 524 5119 2113 5208; baseline 0.018 -41"><span class='ocrx_word' id='word_1_408' title='bbox 524 5128 653 5184; x_wconf 86' lang='lat' dir='ltr'><strong>ergo</strong></span> <span class='ocrx_word' id='word_1_409' title='bbox 689 5119 828 5188; x_wconf 90' lang='lat' dir='ltr'><strong>quod</strong></span> <span class='ocrx_word' id='word_1_410' title='bbox 865 5119 992 5176; x_wconf 89' lang='lat' dir='ltr'><strong>dicit</strong></span> <span class='ocrx_word' id='word_1_411' title='bbox 1041 5125 1366 5194; x_wconf 82' lang='lat' dir='ltr'><strong>Apostolus:</strong></span> <span class='ocrx_word' id='word_1_412' title='bbox 1395 5126 1754 5204; x_wconf 84' lang='lat' dir='ltr'><strong>Honorabiles,</strong></span> <span class='ocrx_word' id='word_1_413' title='bbox 1784 5137 1973 5208; x_wconf 90' lang='lat' dir='ltr'><strong>inquit,</strong></span> <span class='ocrx_word' id='word_1_414' title='bbox 2017 5157 2113 5194; x_wconf 84' lang='lat' dir='ltr'><strong>nu-</strong></span> 
     </span>
    </p>
   </div>
   <div class='ocr_carea' id='block_1_54' title="bbox 525 5207 2117 5288">
    <p class='ocr_par' dir='ltr' id='par_1_54' title="bbox 525 5207 2117 5288">
     <span class='ocr_line' id='line_1_54' title="bbox 525 5207 2117 5288; baseline 0.018 -29"><span class='ocrx_word' id='word_1_415' title='bbox 525 5207 644 5276; x_wconf 73' lang='lat' dir='ltr'><strong>ptiae</strong></span> <span class='ocrx_word' id='word_1_416' title='bbox 677 5207 733 5263; x_wconf 89' lang='lat' dir='ltr'><strong>in</strong></span> <span class='ocrx_word' id='word_1_417' title='bbox 773 5212 1021 5282; x_wconf 86' lang='lat' dir='ltr'><strong>omnibus,</strong></span> <span class='ocrx_word' id='word_1_418' title='bbox 1067 5225 1114 5271; x_wconf 88' lang='lat' dir='ltr'><strong>et</strong></span> <span class='ocrx_word' id='word_1_419' title='bbox 1156 5225 1296 5272; x_wconf 86' lang='lat' dir='ltr'><strong>torus</strong></span> <span class='ocrx_word' id='word_1_420' title='bbox 1335 5219 1709 5282; x_wconf 88' lang='lat' dir='ltr'><strong>immaculatus.</strong></span> <span class='ocrx_word' id='word_1_421' title='bbox 1750 5207 2117 5288; x_wconf 81' lang='lat' dir='ltr'><strong>Fornicatores</strong></span> 
     </span>
    </p>
   </div>
   <div class='ocr_carea' id='block_1_55' title="bbox 523 5303 1894 5392">
    <p class='ocr_par' dir='ltr' id='par_1_55' title="bbox 523 5303 1894 5392">
     <span class='ocr_line' id='line_1_55' title="bbox 523 5303 1894 5392; baseline 0.018 -41"><span class='ocrx_word' id='word_1_422' title='bbox 523 5307 687 5354; x_wconf 85' lang='lat' dir='ltr'><strong>autem</strong></span> <span class='ocrx_word' id='word_1_423' title='bbox 714 5310 762 5355; x_wconf 90' lang='lat' dir='ltr'><strong>et</strong></span> <span class='ocrx_word' id='word_1_424' title='bbox 789 5303 1044 5360; x_wconf 84' lang='lat' dir='ltr'><strong>adulteros</strong></span> <span class='ocrx_word' id='word_1_425' title='bbox 1063 5307 1264 5378; x_wconf 88' lang='lat' dir='ltr'><strong>judicat</strong></span> <span class='ocrx_word' id='word_1_426' title='bbox 1287 5309 1428 5367; x_wconf 90' lang='lat' dir='ltr'><strong>Deus</strong></span> <span class='ocrx_word' id='word_1_427' title='bbox 1459 5313 1643 5386; x_wconf 82' lang='lat' dir='ltr'><strong>(Hebr.</strong></span> <span class='ocrx_word' id='word_1_428' title='bbox 1673 5334 1790 5386; x_wconf 86' lang='lat' dir='ltr'><strong>xm,</strong></span> <span class='ocrx_word' id='word_1_429' title='bbox 1817 5321 1894 5392; x_wconf 81' lang='grc'><strong>4).</strong></span> 
     </span>
    </p>
   </div>
   <div class='ocr_carea' id='block_1_56' title="bbox 591 5389 2109 5489">
    <p class='ocr_par' dir='ltr' id='par_1_56' title="bbox 591 5389 2109 5489">
     <span class='ocr_line' id='line_1_56' title="bbox 591 5389 2109 5489; baseline 0.018 -44"><span class='ocrx_word' id='word_1_430' title='bbox 591 5389 819 5449; x_wconf 86' lang='lat' dir='ltr'><strong>CAPUT</strong></span> <span class='ocrx_word' id='word_1_431' title='bbox 861 5393 951 5449; x_wconf 81' lang='lat' dir='ltr'><strong>IX.</strong></span> <span class='ocrx_word' id='word_1_432' title='bbox 997 5426 1069 5437; x_wconf 92' lang='lat'><strong>—</strong></span> <span class='ocrx_word' id='word_1_433' title='bbox 1113 5399 1200 5454; x_wconf 79' lang='grc'><strong>12.</strong></span> <span class='ocrx_word' id='word_1_434' title='bbox 1271 5401 1384 5458; x_wconf 84' lang='lat' dir='ltr'><strong>Vita</strong></span> <span class='ocrx_word' id='word_1_435' title='bbox 1437 5406 1535 5461; x_wconf 88' lang='lat' dir='ltr'><strong>cito</strong></span> <span class='ocrx_word' id='word_1_436' title='bbox 1595 5389 1928 5469; x_wconf 74' lang='lat' dir='ltr'><strong>emendanda.</strong></span> <span class='ocrx_word' id='word_1_437' title='bbox 1996 5417 2109 5489; x_wconf 86' lang='lat' dir='ltr'><strong>Age</strong></span> 
     </span>
    </p>
   </div>
   <div class='ocr_carea' id='block_1_57' title="bbox 520 5483 2109 5567">
    <p class='ocr_par' dir='ltr' id='par_1_57' title="bbox 520 5483 2109 5567">
     <span class='ocr_line' id='line_1_57' title="bbox 520 5483 2109 5567; baseline 0.02 -32"><span class='ocrx_word' id='word_1_438' title='bbox 520 5495 680 5553; x_wconf 85' lang='lat' dir='ltr'><strong>ergo,</strong></span> <span class='ocrx_word' id='word_1_439' title='bbox 724 5483 905 5554; x_wconf 78' lang='lat' dir='ltr'><strong>frater,</strong></span> <span class='ocrx_word' id='word_1_440' title='bbox 939 5498 1055 5545; x_wconf 90' lang='lat' dir='ltr'><strong>esto</strong></span> <span class='ocrx_word' id='word_1_441' title='bbox 1101 5503 1392 5553; x_wconf 78' lang='lat' dir='ltr'><strong>conectas.</strong></span> <span class='ocrx_word' id='word_1_442' title='bbox 1423 5497 1601 5556; x_wconf 90' lang='lat' dir='ltr'><strong>Times</strong></span> <span class='ocrx_word' id='word_1_443' title='bbox 1646 5518 1714 5558; x_wconf 93' lang='lat' dir='ltr'><strong>ne</strong></span> <span class='ocrx_word' id='word_1_444' title='bbox 1758 5511 1810 5560; x_wconf 93' lang='lat' dir='ltr'><strong>te</strong></span> <span class='ocrx_word' id='word_1_445' title='bbox 1859 5507 2109 5567; x_wconf 90' lang='lat' dir='ltr'><strong>inscribat</strong></span> 
     </span>
    </p>
   </div>
   <div class='ocr_carea' id='block_1_58' title="bbox 519 5573 2107 5660">
    <p class='ocr_par' dir='ltr' id='par_1_58' title="bbox 519 5573 2107 5660">
     <span class='ocr_line' id='line_1_58' title="bbox 519 5573 2107 5660; baseline 0.02 -32"><span class='ocrx_word' id='word_1_446' title='bbox 519 5573 797 5644; x_wconf 84' lang='lat' dir='ltr'><strong>inimicus;</strong></span> <span class='ocrx_word' id='word_1_447' title='bbox 826 5588 880 5635; x_wconf 89' lang='lat' dir='ltr'><strong>et</strong></span> <span class='ocrx_word' id='word_1_448' title='bbox 908 5596 1012 5637; x_wconf 93' lang='lat' dir='ltr'><strong>non</strong></span> <span class='ocrx_word' id='word_1_449' title='bbox 1037 5582 1192 5640; x_wconf 91' lang='lat' dir='ltr'><strong>times</strong></span> <span class='ocrx_word' id='word_1_450' title='bbox 1216 5601 1286 5644; x_wconf 91' lang='lat' dir='ltr'><strong>ne</strong></span> <span class='ocrx_word' id='word_1_451' title='bbox 1315 5597 1365 5644; x_wconf 92' lang='lat' dir='ltr'><strong>te</strong></span> <span class='ocrx_word' id='word_1_452' title='bbox 1382 5589 1584 5660; x_wconf 74' lang='lat' dir='ltr'><strong>iudicet</strong></span> <span class='ocrx_word' id='word_1_453' title='bbox 1610 5593 1787 5652; x_wconf 87' lang='lat' dir='ltr'><strong>Deus?</strong></span> <span class='ocrx_word' id='word_1_454' title='bbox 1815 5597 1911 5656; x_wconf 90' lang='lat' dir='ltr'><strong>Ubi</strong></span> <span class='ocrx_word' id='word_1_455' title='bbox 1937 5611 2018 5658; x_wconf 89' lang='lat' dir='ltr'><strong>est</strong></span> <span class='ocrx_word' id='word_1_456' title='bbox 2044 5603 2107 5658; x_wconf 86' lang='lat' dir='ltr'><strong>ll-</strong></span> 
     </span>
    </p>
   </div>
   <div class='ocr_carea' id='block_1_59' title="bbox 579 5709 1436 5776">
    <p class='ocr_par' dir='ltr' id='par_1_59' title="bbox 579 5709 1436 5776">
     <span class='ocr_line' id='line_1_59' title="bbox 579 5709 1436 5776; baseline 0.021 -18"><span class='ocrx_word' id='word_1_457' title='bbox 579 5709 599 5776; x_wconf 66' lang='grc' dir='ltr'><strong>ξ</strong></span> <span class='ocrx_word' id='word_1_458' title='bbox 619 5710 810 5776; x_wconf 76' lang='lat' dir='ltr'><strong>Aliquot</strong></span> <span class='ocrx_word' id='word_1_459' title='bbox 827 5721 954 5774; x_wconf 45' lang='lat' dir='ltr'><strong>Mss”</strong></span> <span class='ocrx_word' id='word_1_460' title='bbox 979 5716 1207 5770; x_wconf 70' lang='lat' dir='ltr'><strong>mlta</strong></span> <span class='ocrx_word' id='word_1_461' title='bbox 1226 5725 1274 5772; x_wconf 85' lang='lat' dir='ltr'><strong>et</strong></span> <span class='ocrx_word' id='word_1_462' title='bbox 1295 5733 1436 5774; x_wconf 82' lang='lat' dir='ltr'><strong>vana.</strong></span> 
     </span>
    </p>
   </div>
   <div class='ocr_carea' id='block_1_60' title="bbox 580 5771 1405 5845">
    <p class='ocr_par' dir='ltr' id='par_1_60' title="bbox 580 5771 1405 5845">
     <span class='ocr_line' id='line_1_60' title="bbox 580 5771 1405 5845; baseline 0.021 -23"><span class='ocrx_word' id='word_1_463' title='bbox 580 5771 1405 5845; x_wconf 64' lang='lat' dir='ltr'><strong>&#39;AmIPr.etItss.,mttiatsttats.</strong></span> 
     </span>
    </p>
   </div>
   <div class='ocr_carea' id='block_1_61' title="bbox 1818 283 2623 351">
    <p class='ocr_par' dir='ltr' id='par_1_61' title="bbox 1818 283 2623 351">
     <span class='ocr_line' id='line_1_61' title="bbox 1818 283 2623 351; baseline 0.011 -9"><span class='ocrx_word' id='word_1_464' title='bbox 1818 286 1876 342; x_wconf 95' lang='lat' dir='ltr'><strong>S.</strong></span> <span class='ocrx_word' id='word_1_465' title='bbox 1916 283 2281 343; x_wconf 83' lang='lat' dir='ltr'><strong>AUGUSTINI</strong></span> <span class='ocrx_word' id='word_1_466' title='bbox 2319 287 2623 351; x_wconf 82' lang='lat' dir='ltr'><strong>EPISCOPI</strong></span> 
     </span>
    </p>
   </div>
   <div class='ocr_carea' id='block_1_62' title="bbox 3754 312 3867 373">
    <p class='ocr_par' dir='ltr' id='par_1_62' title="bbox 3754 312 3867 373">
     <span class='ocr_line' id='line_1_62' title="bbox 3754 312 3867 373; baseline 0.027 -2"><span class='ocrx_word' id='word_1_467' title='bbox 3754 312 3867 373; x_wconf 69' lang='grc'><strong>512</strong></span> 
     </span>
    </p>
   </div>
   <div class='ocr_carea' id='block_1_63' title="bbox 2274 403 3864 497">
    <p class='ocr_par' dir='ltr' id='par_1_63' title="bbox 2274 403 3864 497">
     <span class='ocr_line' id='line_1_63' title="bbox 2274 403 3864 497; baseline 0.017 -39"><span class='ocrx_word' id='word_1_468' title='bbox 2274 403 2407 461; x_wconf 82' lang='lat' dir='ltr'><strong>des?</strong></span> <span class='ocrx_word' id='word_1_469' title='bbox 2432 406 2584 464; x_wconf 90' lang='lat' dir='ltr'><strong>Time</strong></span> <span class='ocrx_word' id='word_1_470' title='bbox 2605 423 2725 464; x_wconf 93' lang='lat' dir='ltr'><strong>cum</strong></span> <span class='ocrx_word' id='word_1_471' title='bbox 2747 418 2830 467; x_wconf 89' lang='lat' dir='ltr'><strong>est</strong></span> <span class='ocrx_word' id='word_1_472' title='bbox 2853 414 3066 484; x_wconf 89' lang='lat' dir='ltr'><strong>quando</strong></span> <span class='ocrx_word' id='word_1_473' title='bbox 3090 416 3302 476; x_wconf 89' lang='lat' dir='ltr'><strong>timeas.</strong></span> <span class='ocrx_word' id='word_1_474' title='bbox 3331 419 3512 494; x_wconf 89' lang='lat' dir='ltr'><strong>Longe</strong></span> <span class='ocrx_word' id='word_1_475' title='bbox 3539 427 3864 497; x_wconf 89' lang='lat' dir='ltr'><strong>estquidem</strong></span> 
     </span>
    </p>
   </div>
   <div class='ocr_carea' id='block_1_64' title="bbox 2267 495 3860 580">
    <p class='ocr_par' dir='ltr' id='par_1_64' title="bbox 2267 495 3860 580">
     <span class='ocr_line' id='line_1_64' title="bbox 2267 495 3860 580; baseline 0.017 -31"><span class='ocrx_word' id='word_1_476' title='bbox 2267 495 2384 552; x_wconf 89' lang='lat' dir='ltr'><strong>dies</strong></span> <span class='ocrx_word' id='word_1_477' title='bbox 2406 497 2590 567; x_wconf 77' lang='lat' dir='ltr'><strong>iudicii</strong></span> <span class='ocrx_word' id='word_1_478' title='bbox 2621 517 2635 555; x_wconf 93' lang='lat'><strong>:</strong></span> <span class='ocrx_word' id='word_1_479' title='bbox 2666 501 2761 557; x_wconf 90' lang='lat' dir='ltr'><strong>sed</strong></span> <span class='ocrx_word' id='word_1_480' title='bbox 2797 504 3215 580; x_wconf 84' lang='lat' dir='ltr'><strong>uniuscujusque</strong></span> <span class='ocrx_word' id='word_1_481' title='bbox 3243 511 3476 570; x_wconf 88' lang='lat' dir='ltr'><strong>hominis</strong></span> <span class='ocrx_word' id='word_1_482' title='bbox 3495 514 3610 572; x_wconf 90' lang='lat' dir='ltr'><strong>dies</strong></span> <span class='ocrx_word' id='word_1_483' title='bbox 3634 495 3860 580; x_wconf 83' lang='lat' dir='ltr'><strong>ultimus</strong></span> 
     </span>
    </p>
   </div>
   <div class='ocr_carea' id='block_1_65' title="bbox 2266 583 3848 682">
    <p class='ocr_par' dir='ltr' id='par_1_65' title="bbox 2266 583 3848 682">
     <span class='ocr_line' id='line_1_65' title="bbox 2266 583 3848 682; baseline 0.018 -43"><span class='ocrx_word' id='word_1_484' title='bbox 2266 583 2422 657; x_wconf 93' lang='lat' dir='ltr'><strong>longe</strong></span> <span class='ocrx_word' id='word_1_485' title='bbox 2445 603 2566 644; x_wconf 90' lang='lat' dir='ltr'><strong>esse</strong></span> <span class='ocrx_word' id='word_1_486' title='bbox 2595 605 2702 647; x_wconf 89' lang='lat' dir='ltr'><strong>non</strong></span> <span class='ocrx_word' id='word_1_487' title='bbox 2739 603 2946 664; x_wconf 88' lang='lat' dir='ltr'><strong>potest;</strong></span> <span class='ocrx_word' id='word_1_488' title='bbox 2971 597 3096 668; x_wconf 89' lang='lat' dir='ltr'><strong>quia</strong></span> <span class='ocrx_word' id='word_1_489' title='bbox 3134 599 3313 658; x_wconf 90' lang='lat' dir='ltr'><strong>brevis</strong></span> <span class='ocrx_word' id='word_1_490' title='bbox 3337 613 3422 659; x_wconf 92' lang='lat' dir='ltr'><strong>est</strong></span> <span class='ocrx_word' id='word_1_491' title='bbox 3447 605 3576 661; x_wconf 84' lang='lat' dir='ltr'><strong>vita.</strong></span> <span class='ocrx_word' id='word_1_492' title='bbox 3617 607 3682 663; x_wconf 85' lang='lat' dir='ltr'><strong>Et</strong></span> <span class='ocrx_word' id='word_1_493' title='bbox 3720 610 3848 682; x_wconf 89' lang='lat' dir='ltr'><strong>quia</strong></span> 
     </span>
    </p>
   </div>
   <div class='ocr_carea' id='block_1_66' title="bbox 2264 675 3861 764">
    <p class='ocr_par' dir='ltr' id='par_1_66' title="bbox 2264 675 3861 764">
     <span class='ocr_line' id='line_1_66' title="bbox 2264 675 3861 764; baseline 0.018 -34"><span class='ocrx_word' id='word_1_494' title='bbox 2264 675 2377 746; x_wconf 90' lang='lat' dir='ltr'><strong>ipsa</strong></span> <span class='ocrx_word' id='word_1_495' title='bbox 2398 678 2630 738; x_wconf 90' lang='lat' dir='ltr'><strong>brevitas</strong></span> <span class='ocrx_word' id='word_1_496' title='bbox 2653 697 2864 756; x_wconf 84' lang='lat' dir='ltr'><strong>semper</strong></span> <span class='ocrx_word' id='word_1_497' title='bbox 2891 687 3092 745; x_wconf 88' lang='lat' dir='ltr'><strong>incerta</strong></span> <span class='ocrx_word' id='word_1_498' title='bbox 3111 733 3126 759; x_wconf 98' lang='lat'><strong>,</strong></span> <span class='ocrx_word' id='word_1_499' title='bbox 3155 694 3370 764; x_wconf 91' lang='lat' dir='ltr'><strong>quando</strong></span> <span class='ocrx_word' id='word_1_500' title='bbox 3395 696 3465 752; x_wconf 91' lang='lat' dir='ltr'><strong>sit</strong></span> <span class='ocrx_word' id='word_1_501' title='bbox 3487 697 3602 754; x_wconf 90' lang='lat' dir='ltr'><strong>dies</strong></span> <span class='ocrx_word' id='word_1_502' title='bbox 3626 675 3755 756; x_wconf 72' lang='lat' dir='ltr'><strong>tuus</strong></span> <span class='ocrx_word' id='word_1_503' title='bbox 3775 703 3861 758; x_wconf 85' lang='lat' dir='ltr'><strong>ul-</strong></span> 
     </span>
    </p>
   </div>
   <div class='ocr_carea' id='block_1_67' title="bbox 2263 769 3861 859">
    <p class='ocr_par' dir='ltr' id='par_1_67' title="bbox 2263 769 3861 859">
     <span class='ocr_line' id='line_1_67' title="bbox 2263 769 3861 859; baseline 0.018 -35"><span class='ocrx_word' id='word_1_504' title='bbox 2263 769 2424 827; x_wconf 91' lang='lat' dir='ltr'><strong>timus</strong></span> <span class='ocrx_word' id='word_1_505' title='bbox 2442 813 2457 838; x_wconf 96' lang='lat'><strong>,</strong></span> <span class='ocrx_word' id='word_1_506' title='bbox 2487 775 2686 832; x_wconf 76' lang='lat' dir='ltr'><strong>nescis.</strong></span> <span class='ocrx_word' id='word_1_507' title='bbox 2708 777 2925 852; x_wconf 89' lang='lat' dir='ltr'><strong>Corrige</strong></span> <span class='ocrx_word' id='word_1_508' title='bbox 2952 791 3005 838; x_wconf 91' lang='lat' dir='ltr'><strong>te</strong></span> <span class='ocrx_word' id='word_1_509' title='bbox 3028 782 3188 841; x_wconf 91' lang='lat' dir='ltr'><strong>hodie</strong></span> <span class='ocrx_word' id='word_1_510' title='bbox 3206 829 3221 853; x_wconf 95' lang='lat'><strong>,</strong></span> <span class='ocrx_word' id='word_1_511' title='bbox 3257 797 3478 859; x_wconf 86' lang='lat' dir='ltr'><strong>propter</strong></span> <span class='ocrx_word' id='word_1_512' title='bbox 3496 805 3633 847; x_wconf 90' lang='lat' dir='ltr'><strong>cras.</strong></span> <span class='ocrx_word' id='word_1_513' title='bbox 3676 793 3861 852; x_wconf 88' lang='lat' dir='ltr'><strong>Prosit</strong></span> 
     </span>
    </p>
   </div>
   <div class='ocr_carea' id='block_1_68' title="bbox 2261 863 3855 958">
    <p class='ocr_par' dir='ltr' id='par_1_68' title="bbox 2261 863 3855 958">
     <span class='ocr_line' id='line_1_68' title="bbox 2261 863 3855 958; baseline 0.018 -41"><span class='ocrx_word' id='word_1_514' title='bbox 2261 863 2357 919; x_wconf 91' lang='lat' dir='ltr'><strong>tibi</strong></span> <span class='ocrx_word' id='word_1_515' title='bbox 2384 874 2438 921; x_wconf 94' lang='lat' dir='ltr'><strong>et</strong></span> <span class='ocrx_word' id='word_1_516' title='bbox 2461 867 2620 924; x_wconf 91' lang='lat' dir='ltr'><strong>modo</strong></span> <span class='ocrx_word' id='word_1_517' title='bbox 2639 869 2690 925; x_wconf 90' lang='lat' dir='ltr'><strong>in</strong></span> <span class='ocrx_word' id='word_1_518' title='bbox 2721 881 2931 930; x_wconf 90' lang='lat' dir='ltr'><strong>secreto</strong></span> <span class='ocrx_word' id='word_1_519' title='bbox 2953 877 3241 948; x_wconf 90' lang='lat' dir='ltr'><strong>correptio.</strong></span> <span class='ocrx_word' id='word_1_520' title='bbox 3266 880 3448 938; x_wconf 86' lang='lat' dir='ltr'><strong>Palam</strong></span> <span class='ocrx_word' id='word_1_521' title='bbox 3467 885 3608 940; x_wconf 93' lang='lat' dir='ltr'><strong>enim</strong></span> <span class='ocrx_word' id='word_1_522' title='bbox 3638 887 3855 958; x_wconf 90' lang='lat' dir='ltr'><strong>loquor,</strong></span> 
     </span>
    </p>
   </div>
   <div class='ocr_carea' id='block_1_69' title="bbox 2261 954 3859 1044">
    <p class='ocr_par' dir='ltr' id='par_1_69' title="bbox 2261 954 3859 1044">
     <span class='ocr_line' id='line_1_69' title="bbox 2261 954 3859 1044; baseline 0.018 -36"><span class='ocrx_word' id='word_1_523' title='bbox 2261 963 2315 1009; x_wconf 92' lang='lat' dir='ltr'><strong>et</strong></span> <span class='ocrx_word' id='word_1_524' title='bbox 2349 954 2404 1010; x_wconf 92' lang='lat' dir='ltr'><strong>in</strong></span> <span class='ocrx_word' id='word_1_525' title='bbox 2438 967 2646 1016; x_wconf 90' lang='lat' dir='ltr'><strong>secreto</strong></span> <span class='ocrx_word' id='word_1_526' title='bbox 2685 976 2868 1034; x_wconf 90' lang='lat' dir='ltr'><strong>arguo.</strong></span> <span class='ocrx_word' id='word_1_527' title='bbox 2899 968 3074 1023; x_wconf 85' lang='lat' dir='ltr'><strong>Aures</strong></span> <span class='ocrx_word' id='word_1_528' title='bbox 3100 971 3338 1027; x_wconf 91' lang='lat' dir='ltr'><strong>omnium</strong></span> <span class='ocrx_word' id='word_1_529' title='bbox 3372 975 3562 1044; x_wconf 90' lang='lat' dir='ltr'><strong>pulso:</strong></span> <span class='ocrx_word' id='word_1_530' title='bbox 3590 978 3684 1033; x_wconf 90' lang='lat' dir='ltr'><strong>sed</strong></span> <span class='ocrx_word' id='word_1_531' title='bbox 3722 994 3859 1036; x_wconf 83' lang='lat' dir='ltr'><strong>con-</strong></span> 
     </span>
    </p>
   </div>
   <div class='ocr_carea' id='block_1_70' title="bbox 2257 1045 3853 1143">
    <p class='ocr_par' dir='ltr' id='par_1_70' title="bbox 2257 1045 3853 1143">
     <span class='ocr_line' id='line_1_70' title="bbox 2257 1045 3853 1143; baseline 0.019 -44"><span class='ocrx_word' id='word_1_532' title='bbox 2257 1045 2504 1105; x_wconf 89' lang='lat' dir='ltr'><strong>scientias</strong></span> <span class='ocrx_word' id='word_1_533' title='bbox 2553 1055 2904 1122; x_wconf 91' lang='lat' dir='ltr'><strong>quorumdam</strong></span> <span class='ocrx_word' id='word_1_534' title='bbox 2963 1063 3244 1119; x_wconf 89' lang='lat' dir='ltr'><strong>convenio.</strong></span> <span class='ocrx_word' id='word_1_535' title='bbox 3293 1064 3351 1120; x_wconf 93' lang='lat' dir='ltr'><strong>Si</strong></span> <span class='ocrx_word' id='word_1_536' title='bbox 3413 1067 3644 1126; x_wconf 90' lang='lat' dir='ltr'><strong>dicerem</strong></span> <span class='ocrx_word' id='word_1_537' title='bbox 3667 1114 3682 1138; x_wconf 91' lang='lat'><strong>,</strong></span> <span class='ocrx_word' id='word_1_538' title='bbox 3732 1071 3853 1143; x_wconf 88' lang='lat' dir='ltr'><strong>Tu,</strong></span> 
     </span>
    </p>
   </div>
   <div class='ocr_carea' id='block_1_71' title="bbox 2256 1139 3854 1232">
    <p class='ocr_par' dir='ltr' id='par_1_71' title="bbox 2256 1139 3854 1232">
     <span class='ocr_line' id='line_1_71' title="bbox 2256 1139 3854 1232; baseline 0.018 -39"><span class='ocrx_word' id='word_1_539' title='bbox 2256 1139 2480 1210; x_wconf 90' lang='lat' dir='ltr'><strong>adulter,</strong></span> <span class='ocrx_word' id='word_1_540' title='bbox 2509 1147 2716 1218; x_wconf 88' lang='lat' dir='ltr'><strong>corrige</strong></span> <span class='ocrx_word' id='word_1_541' title='bbox 2740 1158 2828 1206; x_wconf 92' lang='lat' dir='ltr'><strong>te:</strong></span> <span class='ocrx_word' id='word_1_542' title='bbox 2856 1152 3033 1222; x_wconf 90' lang='lat' dir='ltr'><strong>primo</strong></span> <span class='ocrx_word' id='word_1_543' title='bbox 3057 1154 3192 1212; x_wconf 83' lang='lat' dir='ltr'><strong>forte</strong></span> <span class='ocrx_word' id='word_1_544' title='bbox 3221 1157 3456 1216; x_wconf 88' lang='lat' dir='ltr'><strong>dicerem</strong></span> <span class='ocrx_word' id='word_1_545' title='bbox 3484 1163 3626 1232; x_wconf 91' lang='lat' dir='ltr'><strong>quod</strong></span> <span class='ocrx_word' id='word_1_546' title='bbox 3669 1139 3854 1221; x_wconf 52' lang='lat' dir='ltr'><strong>nesci;</strong></span> 
     </span>
    </p>
   </div>
   <div class='ocr_carea' id='block_1_72' title="bbox 2256 1236 3853 1326">
    <p class='ocr_par' dir='ltr' id='par_1_72' title="bbox 2256 1236 3853 1326">
     <span class='ocr_line' id='line_1_72' title="bbox 2256 1236 3853 1326; baseline 0.018 -39"><span class='ocrx_word' id='word_1_547' title='bbox 2256 1248 2401 1302; x_wconf 89' lang='lat' dir='ltr'><strong>rem;</strong></span> <span class='ocrx_word' id='word_1_548' title='bbox 2449 1236 2586 1294; x_wconf 84' lang='lat' dir='ltr'><strong>forte</strong></span> <span class='ocrx_word' id='word_1_549' title='bbox 2622 1241 2764 1311; x_wconf 89' lang='lat' dir='ltr'><strong>quod</strong></span> <span class='ocrx_word' id='word_1_550' title='bbox 2803 1251 3005 1302; x_wconf 88' lang='lat' dir='ltr'><strong>temere</strong></span> <span class='ocrx_word' id='word_1_551' title='bbox 3047 1249 3352 1320; x_wconf 88' lang='lat' dir='ltr'><strong>audieram,</strong></span> <span class='ocrx_word' id='word_1_552' title='bbox 3383 1255 3700 1326; x_wconf 89' lang='lat' dir='ltr'><strong>suspicarer.</strong></span> <span class='ocrx_word' id='word_1_553' title='bbox 3732 1257 3853 1315; x_wconf 88' lang='lat' dir='ltr'><strong>Non</strong></span> 
     </span>
    </p>
   </div>
   <div class='ocr_carea' id='block_1_73' title="bbox 2253 1323 3854 1419">
    <p class='ocr_par' dir='ltr' id='par_1_73' title="bbox 2253 1323 3854 1419">
     <span class='ocr_line' id='line_1_73' title="bbox 2253 1323 3854 1419; baseline 0.019 -41"><span class='ocrx_word' id='word_1_554' title='bbox 2253 1323 2404 1394; x_wconf 92' lang='lat' dir='ltr'><strong>dico,</strong></span> <span class='ocrx_word' id='word_1_555' title='bbox 2436 1327 2549 1397; x_wconf 90' lang='lat' dir='ltr'><strong>Tu,</strong></span> <span class='ocrx_word' id='word_1_556' title='bbox 2579 1330 2806 1404; x_wconf 87' lang='lat' dir='ltr'><strong>adulter,</strong></span> <span class='ocrx_word' id='word_1_557' title='bbox 2833 1339 3042 1409; x_wconf 85' lang='lat' dir='ltr'><strong>corrige</strong></span> <span class='ocrx_word' id='word_1_558' title='bbox 3083 1351 3166 1408; x_wconf 91' lang='lat' dir='ltr'><strong>te;</strong></span> <span class='ocrx_word' id='word_1_559' title='bbox 3217 1345 3342 1409; x_wconf 90' lang='lat' dir='ltr'><strong>sed,</strong></span> <span class='ocrx_word' id='word_1_560' title='bbox 3382 1323 3622 1419; x_wconf 74' lang='lat' dir='ltr'><strong>quisquis</strong></span> <span class='ocrx_word' id='word_1_561' title='bbox 3650 1351 3702 1405; x_wconf 92' lang='lat' dir='ltr'><strong>in</strong></span> <span class='ocrx_word' id='word_1_562' title='bbox 3747 1350 3854 1408; x_wconf 90' lang='lat' dir='ltr'><strong>hoc</strong></span> 
     </span>
    </p>
   </div>
   <div class='ocr_carea' id='block_1_74' title="bbox 2254 1418 3850 1512">
    <p class='ocr_par' dir='ltr' id='par_1_74' title="bbox 2254 1418 3850 1512">
     <span class='ocr_line' id='line_1_74' title="bbox 2254 1418 3850 1512; baseline 0.019 -42"><span class='ocrx_word' id='word_1_563' title='bbox 2254 1418 2450 1488; x_wconf 92' lang='lat' dir='ltr'><strong>populo</strong></span> <span class='ocrx_word' id='word_1_564' title='bbox 2475 1421 2685 1480; x_wconf 88' lang='lat' dir='ltr'><strong>adulter</strong></span> <span class='ocrx_word' id='word_1_565' title='bbox 2725 1441 2816 1495; x_wconf 92' lang='lat' dir='ltr'><strong>es,</strong></span> <span class='ocrx_word' id='word_1_566' title='bbox 2848 1431 3057 1501; x_wconf 84' lang='lat' dir='ltr'><strong>corrige</strong></span> <span class='ocrx_word' id='word_1_567' title='bbox 3090 1441 3160 1488; x_wconf 85' lang='lat' dir='ltr'><strong>te.</strong></span> <span class='ocrx_word' id='word_1_568' title='bbox 3189 1434 3404 1492; x_wconf 88' lang='lat' dir='ltr'><strong>Publica</strong></span> <span class='ocrx_word' id='word_1_569' title='bbox 3434 1418 3850 1512; x_wconf 15' lang='lat' dir='ltr'><strong>esticorreptio,</strong></span> 
     </span>
    </p>
   </div>
   <div class='ocr_carea' id='block_1_75' title="bbox 2253 1509 3851 1603">
    <p class='ocr_par' dir='ltr' id='par_1_75' title="bbox 2253 1509 3851 1603">
     <span class='ocr_line' id='line_1_75' title="bbox 2253 1509 3851 1603; baseline 0.018 -40"><span class='ocrx_word' id='word_1_570' title='bbox 2253 1509 2348 1564; x_wconf 84' lang='lat' dir='ltr'><strong>sed</strong></span> <span class='ocrx_word' id='word_1_571' title='bbox 2373 1521 2577 1569; x_wconf 88' lang='lat' dir='ltr'><strong>secreta</strong></span> <span class='ocrx_word' id='word_1_572' title='bbox 2603 1520 2884 1574; x_wconf 90' lang='lat' dir='ltr'><strong>correctio.</strong></span> <span class='ocrx_word' id='word_1_573' title='bbox 2910 1519 3033 1578; x_wconf 90' lang='lat' dir='ltr'><strong>Scio</strong></span> <span class='ocrx_word' id='word_1_574' title='bbox 3058 1525 3180 1594; x_wconf 92' lang='lat' dir='ltr'><strong>quia</strong></span> <span class='ocrx_word' id='word_1_575' title='bbox 3207 1526 3298 1583; x_wconf 92' lang='lat' dir='ltr'><strong>ille</strong></span> <span class='ocrx_word' id='word_1_576' title='bbox 3323 1530 3412 1600; x_wconf 92' lang='lat' dir='ltr'><strong>qui</strong></span> <span class='ocrx_word' id='word_1_577' title='bbox 3437 1509 3851 1603; x_wconf 43' lang='lat' dir='ltr'><strong>timuerit,_cor;</strong></span> 
     </span>
    </p>
   </div>
   <div class='ocr_carea' id='block_1_76' title="bbox 2253 1600 2478 1671">
    <p class='ocr_par' dir='ltr' id='par_1_76' title="bbox 2253 1600 2478 1671">
     <span class='ocr_line' id='line_1_76' title="bbox 2253 1600 2478 1671; baseline 0.004 -18"><span class='ocrx_word' id='word_1_578' title='bbox 2253 1600 2374 1671; x_wconf 86' lang='lat' dir='ltr'><strong>rigit</strong></span> <span class='ocrx_word' id='word_1_579' title='bbox 2400 1615 2478 1658; x_wconf 90' lang='lat' dir='ltr'><strong>se.</strong></span> 
     </span>
    </p>
   </div>
   <div class='ocr_carea' id='block_1_77' title="bbox 2320 1712 3850 1803">
    <p class='ocr_par' dir='ltr' id='par_1_77' title="bbox 2320 1712 3850 1803">
     <span class='ocr_line' id='line_1_77' title="bbox 2320 1712 3850 1803; baseline 0.022 -34"><span class='ocrx_word' id='word_1_580' title='bbox 2320 1712 2547 1773; x_wconf 87' lang='lat' dir='ltr'><strong>CAPUT</strong></span> <span class='ocrx_word' id='word_1_581' title='bbox 2579 1718 2643 1775; x_wconf 81' lang='grc' dir='ltr'><strong>Χ.</strong></span> <span class='ocrx_word' id='word_1_582' title='bbox 2671 1751 2742 1761; x_wconf 96' lang='lat'><strong>—</strong></span> <span class='ocrx_word' id='word_1_583' title='bbox 2766 1724 2853 1779; x_wconf 74' lang='grc'><strong>15.</strong></span> <span class='ocrx_word' id='word_1_584' title='bbox 2883 1724 3102 1784; x_wconf 87' lang='lat' dir='ltr'><strong>Peccata</strong></span> <span class='ocrx_word' id='word_1_585' title='bbox 3137 1735 3306 1789; x_wconf 86' lang='lat' dir='ltr'><strong>carnis</strong></span> <span class='ocrx_word' id='word_1_586' title='bbox 3329 1751 3431 1792; x_wconf 89' lang='lat' dir='ltr'><strong>non</strong></span> <span class='ocrx_word' id='word_1_587' title='bbox 3459 1743 3850 1803; x_wconf 83' lang='lat' dir='ltr'><strong>contemnenda.</strong></span> 
     </span>
    </p>
   </div>
   <div class='ocr_carea' id='block_1_78' title="bbox 2248 1805 3846 1893">
    <p class='ocr_par' dir='ltr' id='par_1_78' title="bbox 2248 1805 3846 1893">
     <span class='ocr_line' id='line_1_78' title="bbox 2248 1805 3846 1893; baseline 0.021 -34"><span class='ocrx_word' id='word_1_588' title='bbox 2248 1805 2367 1862; x_wconf 89' lang='lat' dir='ltr'><strong>Non</strong></span> <span class='ocrx_word' id='word_1_589' title='bbox 2413 1807 2556 1865; x_wconf 87' lang='lat' dir='ltr'><strong>dicat</strong></span> <span class='ocrx_word' id='word_1_590' title='bbox 2597 1812 2654 1867; x_wconf 93' lang='lat' dir='ltr'><strong>in</strong></span> <span class='ocrx_word' id='word_1_591' title='bbox 2698 1815 2860 1872; x_wconf 92' lang='lat' dir='ltr'><strong>corde</strong></span> <span class='ocrx_word' id='word_1_592' title='bbox 2908 1834 3026 1886; x_wconf 90' lang='lat' dir='ltr'><strong>suo,</strong></span> <span class='ocrx_word' id='word_1_593' title='bbox 3059 1821 3283 1881; x_wconf 90' lang='lat' dir='ltr'><strong>Peccata</strong></span> <span class='ocrx_word' id='word_1_594' title='bbox 3334 1831 3512 1886; x_wconf 89' lang='lat' dir='ltr'><strong>carnis</strong></span> <span class='ocrx_word' id='word_1_595' title='bbox 3535 1848 3640 1889; x_wconf 90' lang='lat' dir='ltr'><strong>non</strong></span> <span class='ocrx_word' id='word_1_596' title='bbox 3687 1844 3846 1893; x_wconf 85' lang='lat' dir='ltr'><strong>curat</strong></span> 
     </span>
    </p>
   </div>
   <div class='ocr_carea' id='block_1_79' title="bbox 2251 1895 3852 1994">
    <p class='ocr_par' dir='ltr' id='par_1_79' title="bbox 2251 1895 3852 1994">
     <span class='ocr_line' id='line_1_79' title="bbox 2251 1895 3852 1994; baseline 0.021 -44"><span class='ocrx_word' id='word_1_597' title='bbox 2251 1895 2410 1952; x_wconf 92' lang='lat' dir='ltr'><strong>Deus.</strong></span> <span class='ocrx_word' id='word_1_598' title='bbox 2442 1899 2682 1969; x_wconf 80' lang='lat' dir='ltr'><strong>Nescitis,</strong></span> <span class='ocrx_word' id='word_1_599' title='bbox 2729 1905 2901 1977; x_wconf 91' lang='lat' dir='ltr'><strong>inquit</strong></span> <span class='ocrx_word' id='word_1_600' title='bbox 2929 1911 3248 1982; x_wconf 87' lang='lat' dir='ltr'><strong>Apostolus,</strong></span> <span class='ocrx_word' id='word_1_601' title='bbox 3294 1921 3413 1988; x_wconf 86' lang='lat' dir='ltr'><strong>quia</strong></span> <span class='ocrx_word' id='word_1_602' title='bbox 3457 1925 3703 1994; x_wconf 84' lang='lat' dir='ltr'><strong>templum</strong></span> <span class='ocrx_word' id='word_1_603' title='bbox 3748 1926 3852 1983; x_wconf 87' lang='lat' dir='ltr'><strong>Dei</strong></span> 
     </span>
    </p>
   </div>
   <div class='ocr_carea' id='block_1_80' title="bbox 2249 1987 3851 2087">
    <p class='ocr_par' dir='ltr' id='par_1_80' title="bbox 2249 1987 3851 2087">
     <span class='ocr_line' id='line_1_80' title="bbox 2249 1987 3851 2087; baseline 0.021 -48"><span class='ocrx_word' id='word_1_604' title='bbox 2249 1987 2364 2041; x_wconf 86' lang='lat' dir='ltr'><strong>estis</strong></span> <span class='ocrx_word' id='word_1_605' title='bbox 2384 2030 2397 2051; x_wconf 89' lang='lat'><strong>,</strong></span> <span class='ocrx_word' id='word_1_606' title='bbox 2420 1999 2466 2042; x_wconf 92' lang='lat' dir='ltr'><strong>et</strong></span> <span class='ocrx_word' id='word_1_607' title='bbox 2494 1990 2720 2061; x_wconf 86' lang='lat' dir='ltr'><strong>Spiritus</strong></span> <span class='ocrx_word' id='word_1_608' title='bbox 2745 1994 2841 2050; x_wconf 85' lang='lat' dir='ltr'><strong>Dei</strong></span> <span class='ocrx_word' id='word_1_609' title='bbox 2862 1998 3054 2056; x_wconf 85' lang='lat' dir='ltr'><strong>habitat</strong></span> <span class='ocrx_word' id='word_1_610' title='bbox 3072 2003 3124 2056; x_wconf 87' lang='lat' dir='ltr'><strong>in</strong></span> <span class='ocrx_word' id='word_1_611' title='bbox 3149 1987 3321 2061; x_wconf 61' lang='lat' dir='ltr'><strong>vobis?</strong></span> <span class='ocrx_word' id='word_1_612' title='bbox 3347 1987 3581 2082; x_wconf 72' lang='lat' dir='ltr'><strong>Quisquis</strong></span> <span class='ocrx_word' id='word_1_613' title='bbox 3600 2018 3851 2087; x_wconf 78' lang='lat' dir='ltr'><strong>templum</strong></span> 
     </span>
    </p>
   </div>
   <div class='ocr_carea' id='block_1_81' title="bbox 2253 2075 3849 2178">
    <p class='ocr_par' dir='ltr' id='par_1_81' title="bbox 2253 2075 3849 2178">
     <span class='ocr_line' id='line_1_81' title="bbox 2253 2075 3849 2178; baseline 0.023 -50"><span class='ocrx_word' id='word_1_614' title='bbox 2253 2075 2346 2131; x_wconf 86' lang='lat' dir='ltr'><strong>Dei</strong></span> <span class='ocrx_word' id='word_1_615' title='bbox 2374 2078 2661 2150; x_wconf 81' lang='lat' dir='ltr'><strong>violaverit,</strong></span> <span class='ocrx_word' id='word_1_616' title='bbox 2707 2083 2959 2156; x_wconf 82' lang='lat' dir='ltr'><strong>disperdet</strong></span> <span class='ocrx_word' id='word_1_617' title='bbox 3005 2091 3150 2147; x_wconf 90' lang='lat' dir='ltr'><strong>illum</strong></span> <span class='ocrx_word' id='word_1_618' title='bbox 3193 2093 3333 2152; x_wconf 91' lang='lat' dir='ltr'><strong>Deus</strong></span> <span class='ocrx_word' id='word_1_619' title='bbox 3375 2097 3435 2171; x_wconf 85' lang='grc' dir='ltr'><strong>(Ι</strong></span> <span class='ocrx_word' id='word_1_620' title='bbox 3477 2075 3598 2159; x_wconf 59' lang='lat' dir='ltr'><strong>bar.</strong></span> <span class='ocrx_word' id='word_1_621' title='bbox 3627 2075 3849 2178; x_wconf 63' lang='lat'><strong>111,16,</strong></span> 
     </span>
    </p>
   </div>
   <div class='ocr_carea' id='block_1_82' title="bbox 2248 2167 3852 2268">
    <p class='ocr_par' dir='ltr' id='par_1_82' title="bbox 2248 2167 3852 2268">
     <span class='ocr_line' id='line_1_82' title="bbox 2248 2167 3852 2268; baseline 0.022 -46"><span class='ocrx_word' id='word_1_622' title='bbox 2248 2167 2361 2268; x_wconf 60' lang='lat'><strong>172.</strong></span> <span class='ocrx_word' id='word_1_623' title='bbox 2395 2169 2562 2227; x_wconf 87' lang='lat' dir='ltr'><strong>Nemo</strong></span> <span class='ocrx_word' id='word_1_624' title='bbox 2591 2188 2649 2230; x_wconf 90' lang='lat' dir='ltr'><strong>se</strong></span> <span class='ocrx_word' id='word_1_625' title='bbox 2685 2174 2855 2233; x_wconf 84' lang='lat' dir='ltr'><strong>fallat.</strong></span> <span class='ocrx_word' id='word_1_626' title='bbox 2885 2179 2991 2236; x_wconf 90' lang='lat' dir='ltr'><strong>Sed</strong></span> <span class='ocrx_word' id='word_1_627' title='bbox 3032 2182 3166 2241; x_wconf 78' lang='lat' dir='ltr'><strong>forte</strong></span> <span class='ocrx_word' id='word_1_628' title='bbox 3204 2187 3278 2242; x_wconf 90' lang='lat' dir='ltr'><strong>ait</strong></span> <span class='ocrx_word' id='word_1_629' title='bbox 3304 2167 3527 2262; x_wconf 85' lang='lat' dir='ltr'><strong>aliquis,</strong></span> <span class='ocrx_word' id='word_1_630' title='bbox 3561 2167 3852 2268; x_wconf 74' lang='lat' dir='ltr'><strong>Templum</strong></span> 
     </span>
    </p>
   </div>
   <div class='ocr_carea' id='block_1_83' title="bbox 2247 2251 3851 2360">
    <p class='ocr_par' dir='ltr' id='par_1_83' title="bbox 2247 2251 3851 2360">
     <span class='ocr_line' id='line_1_83' title="bbox 2247 2251 3851 2360; baseline 0.022 -47"><span class='ocrx_word' id='word_1_631' title='bbox 2247 2251 2343 2315; x_wconf 63' lang='lat' dir='ltr'><strong>Dei</strong></span> <span class='ocrx_word' id='word_1_632' title='bbox 2375 2261 2586 2320; x_wconf 88' lang='lat' dir='ltr'><strong>animus</strong></span> <span class='ocrx_word' id='word_1_633' title='bbox 2627 2282 2780 2324; x_wconf 90' lang='lat' dir='ltr'><strong>meus</strong></span> <span class='ocrx_word' id='word_1_634' title='bbox 2822 2279 2942 2339; x_wconf 90' lang='lat' dir='ltr'><strong>est,</strong></span> <span class='ocrx_word' id='word_1_635' title='bbox 2986 2289 3093 2330; x_wconf 89' lang='lat' dir='ltr'><strong>non</strong></span> <span class='ocrx_word' id='word_1_636' title='bbox 3132 2291 3328 2349; x_wconf 89' lang='lat' dir='ltr'><strong>corpus</strong></span> <span class='ocrx_word' id='word_1_637' title='bbox 3370 2298 3548 2340; x_wconf 90' lang='lat' dir='ltr'><strong>meum</strong></span> <span class='ocrx_word' id='word_1_638' title='bbox 3590 2305 3604 2341; x_wconf 91' lang='lat'><strong>:</strong></span> <span class='ocrx_word' id='word_1_639' title='bbox 3646 2289 3851 2360; x_wconf 85' lang='lat' dir='ltr'><strong>adjecit</strong></span> 
     </span>
    </p>
   </div>
   <div class='ocr_carea' id='block_1_84' title="bbox 2245 2357 3848 2447">
    <p class='ocr_par' dir='ltr' id='par_1_84' title="bbox 2245 2357 3848 2447">
     <span class='ocr_line' id='line_1_84' title="bbox 2245 2357 3848 2447; baseline 0.02 -37"><span class='ocrx_word' id='word_1_640' title='bbox 2245 2357 2405 2413; x_wconf 89' lang='lat' dir='ltr'><strong>etiam</strong></span> <span class='ocrx_word' id='word_1_641' title='bbox 2434 2361 2800 2422; x_wconf 88' lang='lat' dir='ltr'><strong>testimonium</strong></span> <span class='ocrx_word' id='word_1_642' title='bbox 2819 2408 2833 2432; x_wconf 91' lang='lat'><strong>,</strong></span> <span class='ocrx_word' id='word_1_643' title='bbox 2869 2367 3048 2425; x_wconf 88' lang='lat' dir='ltr'><strong>Omnis</strong></span> <span class='ocrx_word' id='word_1_644' title='bbox 3076 2388 3196 2428; x_wconf 87' lang='lat' dir='ltr'><strong>caro</strong></span> <span class='ocrx_word' id='word_1_645' title='bbox 3230 2375 3404 2445; x_wconf 86' lang='lat' dir='ltr'><strong>fenum</strong></span> <span class='ocrx_word' id='word_1_646' title='bbox 3421 2421 3438 2447; x_wconf 96' lang='lat'><strong>,</strong></span> <span class='ocrx_word' id='word_1_647' title='bbox 3475 2388 3522 2436; x_wconf 85' lang='lat' dir='ltr'><strong>et</strong></span> <span class='ocrx_word' id='word_1_648' title='bbox 3546 2385 3712 2439; x_wconf 85' lang='lat' dir='ltr'><strong>omnis</strong></span> <span class='ocrx_word' id='word_1_649' title='bbox 3731 2387 3848 2441; x_wconf 85' lang='lat' dir='ltr'><strong>cla-</strong></span> 
     </span>
    </p>
   </div>
   <div class='ocr_carea' id='block_1_85' title="bbox 2243 2447 3850 2547">
    <p class='ocr_par' dir='ltr' id='par_1_85' title="bbox 2243 2447 3850 2547">
     <span class='ocr_line' id='line_1_85' title="bbox 2243 2447 3850 2547; baseline 0.022 -47"><span class='ocrx_word' id='word_1_650' title='bbox 2243 2447 2367 2503; x_wconf 85' lang='lat' dir='ltr'><strong>ritas</strong></span> <span class='ocrx_word' id='word_1_651' title='bbox 2394 2453 2561 2507; x_wconf 86' lang='lat' dir='ltr'><strong>carnis</strong></span> <span class='ocrx_word' id='word_1_652' title='bbox 2585 2463 2639 2508; x_wconf 89' lang='lat' dir='ltr'><strong>ut</strong></span> <span class='ocrx_word' id='word_1_653' title='bbox 2654 2457 2751 2528; x_wconf 81' lang='lat' dir='ltr'><strong>ﬂos</strong></span> <span class='ocrx_word' id='word_1_654' title='bbox 2775 2459 2879 2529; x_wconf 83' lang='lat' dir='ltr'><strong>feni</strong></span> <span class='ocrx_word' id='word_1_655' title='bbox 2901 2459 2944 2530; x_wconf 90' lang='grc' dir='ltr'><strong>(Ι</strong></span> <span class='ocrx_word' id='word_1_656' title='bbox 2971 2459 3114 2516; x_wconf 89' lang='lat' dir='ltr'><strong>Petr.</strong></span> <span class='ocrx_word' id='word_1_657' title='bbox 3142 2480 3159 2519; x_wconf 78' lang='grc' dir='ltr'><strong>ι</strong></span> <span class='ocrx_word' id='word_1_658' title='bbox 3181 2506 3196 2532; x_wconf 91' lang='grc'><em>,</em></span> <span class='ocrx_word' id='word_1_659' title='bbox 3225 2464 3339 2537; x_wconf 74' lang='grc'><strong>24).</strong></span> <span class='ocrx_word' id='word_1_660' title='bbox 3361 2467 3548 2526; x_wconf 74' lang='lat' dir='ltr'><strong>Infelix</strong></span> <span class='ocrx_word' id='word_1_661' title='bbox 3572 2473 3850 2547; x_wconf 83' lang='lat' dir='ltr'><strong>interpre-</strong></span> 
     </span>
    </p>
   </div>
   <div class='ocr_carea' id='block_1_86' title="bbox 2245 2541 3850 2640">
    <p class='ocr_par' dir='ltr' id='par_1_86' title="bbox 2245 2541 3850 2640">
     <span class='ocr_line' id='line_1_86' title="bbox 2245 2541 3850 2640; baseline 0.019 -45"><span class='ocrx_word' id='word_1_662' title='bbox 2245 2541 2407 2598; x_wconf 87' lang='lat' dir='ltr'><strong>tatio!</strong></span> <span class='ocrx_word' id='word_1_663' title='bbox 2436 2545 2698 2616; x_wconf 90' lang='lat' dir='ltr'><strong>punienda</strong></span> <span class='ocrx_word' id='word_1_664' title='bbox 2725 2551 3010 2622; x_wconf 88' lang='lat' dir='ltr'><strong>cogitatio!</strong></span> <span class='ocrx_word' id='word_1_665' title='bbox 3043 2554 3246 2612; x_wconf 88' lang='lat' dir='ltr'><strong>Fenum</strong></span> <span class='ocrx_word' id='word_1_666' title='bbox 3272 2559 3412 2616; x_wconf 88' lang='lat' dir='ltr'><strong>dicta</strong></span> <span class='ocrx_word' id='word_1_667' title='bbox 3436 2572 3520 2619; x_wconf 88' lang='lat' dir='ltr'><strong>est</strong></span> <span class='ocrx_word' id='word_1_668' title='bbox 3539 2580 3690 2634; x_wconf 91' lang='lat' dir='ltr'><strong>caro,</strong></span> <span class='ocrx_word' id='word_1_669' title='bbox 3714 2541 3850 2640; x_wconf 75' lang='lat' dir='ltr'><strong>quia</strong></span> 
     </span>
    </p>
   </div>
   <div class='ocr_carea' id='block_1_87' title="bbox 2244 2635 3848 2733">
    <p class='ocr_par' dir='ltr' id='par_1_87' title="bbox 2244 2635 3848 2733">
     <span class='ocr_line' id='line_1_87' title="bbox 2244 2635 3848 2733; baseline 0.02 -46"><span class='ocrx_word' id='word_1_670' title='bbox 2244 2635 2472 2691; x_wconf 76' lang='lat' dir='ltr'><strong>moritur</strong></span> <span class='ocrx_word' id='word_1_671' title='bbox 2499 2654 2512 2691; x_wconf 90' lang='lat'><strong>:</strong></span> <span class='ocrx_word' id='word_1_672' title='bbox 2541 2638 2634 2694; x_wconf 90' lang='lat' dir='ltr'><strong>sed</strong></span> <span class='ocrx_word' id='word_1_673' title='bbox 2663 2641 2805 2712; x_wconf 94' lang='lat' dir='ltr'><strong>quod</strong></span> <span class='ocrx_word' id='word_1_674' title='bbox 2831 2643 2898 2699; x_wconf 91' lang='lat' dir='ltr'><strong>ad</strong></span> <span class='ocrx_word' id='word_1_675' title='bbox 2922 2653 3130 2716; x_wconf 91' lang='lat' dir='ltr'><strong>tempus</strong></span> <span class='ocrx_word' id='word_1_676' title='bbox 3158 2652 3404 2720; x_wconf 89' lang='lat' dir='ltr'><strong>moritur,</strong></span> <span class='ocrx_word' id='word_1_677' title='bbox 3434 2670 3540 2712; x_wconf 89' lang='lat' dir='ltr'><strong>non</strong></span> <span class='ocrx_word' id='word_1_678' title='bbox 3562 2635 3848 2733; x_wconf 67' lang='lat' dir='ltr'><strong>resurgat‘</strong></span> 
     </span>
    </p>
   </div>
   <div class='ocr_carea' id='block_1_88' title="bbox 2243 2727 3851 2809">
    <p class='ocr_par' dir='ltr' id='par_1_88' title="bbox 2243 2727 3851 2809">
     <span class='ocr_line' id='line_1_88' title="bbox 2243 2727 3851 2809; baseline 0.021 -32"><span class='ocrx_word' id='word_1_679' title='bbox 2243 2736 2365 2779; x_wconf 92' lang='lat' dir='ltr'><strong>cum</strong></span> <span class='ocrx_word' id='word_1_680' title='bbox 2396 2727 2642 2786; x_wconf 89' lang='lat' dir='ltr'><strong>crimine.</strong></span> <span class='ocrx_word' id='word_1_681' title='bbox 2677 2730 2770 2790; x_wconf 81' lang='lat' dir='ltr'><strong>Vis</strong></span> <span class='ocrx_word' id='word_1_682' title='bbox 2808 2749 2968 2793; x_wconf 91' lang='lat' dir='ltr'><strong>nosse</strong></span> <span class='ocrx_word' id='word_1_683' title='bbox 2998 2749 3234 2809; x_wconf 86' lang='lat' dir='ltr'><strong>apertam</strong></span> <span class='ocrx_word' id='word_1_684' title='bbox 3277 2744 3437 2800; x_wconf 86' lang='lat' dir='ltr'><strong>etiam</strong></span> <span class='ocrx_word' id='word_1_685' title='bbox 3468 2747 3592 2804; x_wconf 91' lang='lat' dir='ltr'><strong>inde</strong></span> <span class='ocrx_word' id='word_1_686' title='bbox 3619 2727 3851 2809; x_wconf 69' lang='lat' dir='ltr'><strong>sentcn-</strong></span> 
     </span>
    </p>
   </div>
   <div class='ocr_carea' id='block_1_89' title="bbox 2244 2816 3848 2916">
    <p class='ocr_par' dir='ltr' id='par_1_89' title="bbox 2244 2816 3848 2916">
     <span class='ocr_line' id='line_1_89' title="bbox 2244 2816 3848 2916; baseline 0.021 -48"><span class='ocrx_word' id='word_1_687' title='bbox 2244 2816 2410 2872; x_wconf 85' lang='lat' dir='ltr'><strong>tiam?</strong></span> <span class='ocrx_word' id='word_1_688' title='bbox 2437 2817 2660 2878; x_wconf 85' lang='lat' dir='ltr'><strong>Nescitis</strong></span> <span class='ocrx_word' id='word_1_689' title='bbox 2681 2865 2696 2890; x_wconf 94' lang='lat'><strong>,</strong></span> <span class='ocrx_word' id='word_1_690' title='bbox 2725 2825 2898 2898; x_wconf 91' lang='lat' dir='ltr'><strong>inquit</strong></span> <span class='ocrx_word' id='word_1_691' title='bbox 2935 2830 3074 2886; x_wconf 88' lang='lat' dir='ltr'><strong>idem</strong></span> <span class='ocrx_word' id='word_1_692' title='bbox 3105 2836 3377 2904; x_wconf 83' lang='lat' dir='ltr'><strong>apostolus</strong></span> <span class='ocrx_word' id='word_1_693' title='bbox 3401 2879 3418 2906; x_wconf 96' lang='lat'><strong>,</strong></span> <span class='ocrx_word' id='word_1_694' title='bbox 3463 2841 3583 2910; x_wconf 85' lang='lat' dir='ltr'><strong>quia</strong></span> <span class='ocrx_word' id='word_1_695' title='bbox 3619 2859 3848 2916; x_wconf 88' lang='lat' dir='ltr'><strong>corpora</strong></span> 
     </span>
    </p>
   </div>
   <div class='ocr_carea' id='block_1_90' title="bbox 2242 2916 3849 3004">
    <p class='ocr_par' dir='ltr' id='par_1_90' title="bbox 2242 2916 3849 3004">
     <span class='ocr_line' id='line_1_90' title="bbox 2242 2916 3849 3004; baseline 0.019 -41"><span class='ocrx_word' id='word_1_696' title='bbox 2242 2919 2402 2966; x_wconf 83' lang='lat' dir='ltr'><strong>vestra</strong></span> <span class='ocrx_word' id='word_1_697' title='bbox 2431 2916 2673 2987; x_wconf 85' lang='lat' dir='ltr'><strong>templum</strong></span> <span class='ocrx_word' id='word_1_698' title='bbox 2699 2919 2754 2973; x_wconf 89' lang='lat' dir='ltr'><strong>in</strong></span> <span class='ocrx_word' id='word_1_699' title='bbox 2773 2921 2911 2976; x_wconf 85' lang='lat' dir='ltr'><strong>vobis</strong></span> <span class='ocrx_word' id='word_1_700' title='bbox 2944 2934 3017 2978; x_wconf 88' lang='lat' dir='ltr'><strong>est</strong></span> <span class='ocrx_word' id='word_1_701' title='bbox 3038 2924 3262 2996; x_wconf 84' lang='lat' dir='ltr'><strong>Spiritus</strong></span> <span class='ocrx_word' id='word_1_702' title='bbox 3286 2932 3478 3001; x_wconf 83' lang='lat' dir='ltr'><strong>sancti,</strong></span> <span class='ocrx_word' id='word_1_703' title='bbox 3516 2950 3664 3004; x_wconf 86' lang='lat' dir='ltr'><strong>quem</strong></span> <span class='ocrx_word' id='word_1_704' title='bbox 3688 2938 3849 2995; x_wconf 78' lang='lat' dir='ltr'><strong>habe-</strong></span> 
     </span>
    </p>
   </div>
   <div class='ocr_carea' id='block_1_91' title="bbox 2242 3003 3842 3097">
    <p class='ocr_par' dir='ltr' id='par_1_91' title="bbox 2242 3003 3842 3097">
     <span class='ocr_line' id='line_1_91' title="bbox 2242 3003 3842 3097; baseline 0.02 -42"><span class='ocrx_word' id='word_1_705' title='bbox 2242 3003 2304 3056; x_wconf 86' lang='lat' dir='ltr'><strong>tis</strong></span> <span class='ocrx_word' id='word_1_706' title='bbox 2332 3020 2364 3057; x_wconf 93' lang='lat' dir='ltr'><strong>a</strong></span> <span class='ocrx_word' id='word_1_707' title='bbox 2383 3003 2530 3064; x_wconf 79' lang='lat' dir='ltr'><strong>Deo?</strong></span> <span class='ocrx_word' id='word_1_708' title='bbox 2554 3005 2693 3080; x_wconf 80' lang='lat' dir='ltr'><strong>(lam</strong></span> <span class='ocrx_word' id='word_1_709' title='bbox 2723 3026 2828 3067; x_wconf 93' lang='lat' dir='ltr'><strong>non</strong></span> <span class='ocrx_word' id='word_1_710' title='bbox 2855 3018 3208 3074; x_wconf 90' lang='lat' dir='ltr'><strong>contemnatis</strong></span> <span class='ocrx_word' id='word_1_711' title='bbox 3235 3003 3535 3092; x_wconf 79' lang='lat' dir='ltr'><strong>corporalia</strong></span> <span class='ocrx_word' id='word_1_712' title='bbox 3570 3038 3793 3097; x_wconf 88' lang='lat' dir='ltr'><strong>peccata</strong></span> <span class='ocrx_word' id='word_1_713' title='bbox 3824 3049 3842 3087; x_wconf 90' lang='lat'><strong>:</strong></span> 
     </span>
    </p>
   </div>
   <div class='ocr_carea' id='block_1_92' title="bbox 2241 3097 3843 3192">
    <p class='ocr_par' dir='ltr' id='par_1_92' title="bbox 2241 3097 3843 3192">
     <span class='ocr_line' id='line_1_92' title="bbox 2241 3097 3843 3192; baseline 0.019 -44"><span class='ocrx_word' id='word_1_714' title='bbox 2241 3109 2367 3151; x_wconf 89' lang='lat' dir='ltr'><strong>ecce</strong></span> <span class='ocrx_word' id='word_1_715' title='bbox 2394 3097 2518 3166; x_wconf 87' lang='lat' dir='ltr'><strong>quia</strong></span> <span class='ocrx_word' id='word_1_716' title='bbox 2545 3108 2598 3154; x_wconf 90' lang='lat' dir='ltr'><strong>et</strong></span> <span class='ocrx_word' id='word_1_717' title='bbox 2625 3117 2842 3173; x_wconf 88' lang='lat' dir='ltr'><strong>corpora</strong></span> <span class='ocrx_word' id='word_1_718' title='bbox 2858 3115 3024 3161; x_wconf 77' lang='lat' dir='ltr'><strong>vestra</strong></span> <span class='ocrx_word' id='word_1_719' title='bbox 3050 3111 3292 3180; x_wconf 83' lang='lat' dir='ltr'><strong>templum</strong></span> <span class='ocrx_word' id='word_1_720' title='bbox 3316 3113 3370 3167; x_wconf 86' lang='lat' dir='ltr'><strong>in</strong></span> <span class='ocrx_word' id='word_1_721' title='bbox 3398 3117 3535 3171; x_wconf 80' lang='lat' dir='ltr'><strong>vobis</strong></span> <span class='ocrx_word' id='word_1_722' title='bbox 3559 3129 3678 3172; x_wconf 87' lang='lat' dir='ltr'><strong>sunt</strong></span> <span class='ocrx_word' id='word_1_723' title='bbox 3707 3119 3843 3192; x_wconf 86' lang='lat' dir='ltr'><strong>Spi-</strong></span> 
     </span>
    </p>
   </div>
   <div class='ocr_carea' id='block_1_93' title="bbox 2238 3185 3844 3274">
    <p class='ocr_par' dir='ltr' id='par_1_93' title="bbox 2238 3185 3844 3274">
     <span class='ocr_line' id='line_1_93' title="bbox 2238 3185 3844 3274; baseline 0.02 -37"><span class='ocrx_word' id='word_1_724' title='bbox 2238 3185 2365 3240; x_wconf 85' lang='lat' dir='ltr'><strong>ritus</strong></span> <span class='ocrx_word' id='word_1_725' title='bbox 2383 3190 2577 3258; x_wconf 91' lang='lat' dir='ltr'><strong>sancti,</strong></span> <span class='ocrx_word' id='word_1_726' title='bbox 2617 3207 2762 3262; x_wconf 89' lang='lat' dir='ltr'><strong>quem</strong></span> <span class='ocrx_word' id='word_1_727' title='bbox 2791 3195 2981 3252; x_wconf 82' lang='lat' dir='ltr'><strong>habetis</strong></span> <span class='ocrx_word' id='word_1_728' title='bbox 3008 3215 3041 3252; x_wconf 84' lang='grc' dir='ltr'><em>α</em></span> <span class='ocrx_word' id='word_1_729' title='bbox 3067 3199 3175 3256; x_wconf 89' lang='lat' dir='ltr'><strong>Deo</strong></span> <span class='ocrx_word' id='word_1_730' title='bbox 3194 3203 3687 3274; x_wconf 80' lang='lat' dir='ltr'><strong>&#39;.)&#39;Contemnebas</strong></span> <span class='ocrx_word' id='word_1_731' title='bbox 3709 3185 3844 3268; x_wconf 75' lang='lat' dir='ltr'><strong>eor-</strong></span> 
     </span>
    </p>
   </div>
   <div class='ocr_carea' id='block_1_94' title="bbox 2238 3278 3844 3367">
    <p class='ocr_par' dir='ltr' id='par_1_94' title="bbox 2238 3278 3844 3367">
     <span class='ocr_line' id='line_1_94' title="bbox 2238 3278 3844 3367; baseline 0.02 -38"><span class='ocrx_word' id='word_1_732' title='bbox 2238 3278 2421 3346; x_wconf 66' lang='lat' dir='ltr'><strong>por-ale</strong></span> <span class='ocrx_word' id='word_1_733' title='bbox 2469 3294 2778 3352; x_wconf 88' lang='lat' dir='ltr'><strong>peccatum,</strong></span> <span class='ocrx_word' id='word_1_734' title='bbox 2827 3291 3125 3348; x_wconf 89' lang='lat' dir='ltr'><strong>contemnis</strong></span> <span class='ocrx_word' id='word_1_735' title='bbox 3166 3295 3309 3364; x_wconf 90' lang='lat' dir='ltr'><strong>quod</strong></span> <span class='ocrx_word' id='word_1_736' title='bbox 3360 3312 3550 3367; x_wconf 56' lang='lat' dir='ltr'><strong>pectas</strong></span> <span class='ocrx_word' id='word_1_737' title='bbox 3594 3301 3648 3356; x_wconf 92' lang='lat' dir='ltr'><strong>in</strong></span> <span class='ocrx_word' id='word_1_738' title='bbox 3699 3312 3844 3360; x_wconf 82' lang='lat' dir='ltr'><strong>tem-</strong></span> 
     </span>
    </p>
   </div>
   <div class='ocr_carea' id='block_1_95' title="bbox 2236 3367 3841 3464">
    <p class='ocr_par' dir='ltr' id='par_1_95' title="bbox 2236 3367 3841 3464">
     <span class='ocr_line' id='line_1_95' title="bbox 2236 3367 3841 3464; baseline 0.021 -43"><span class='ocrx_word' id='word_1_739' title='bbox 2236 3367 2419 3437; x_wconf 83' lang='lat' dir='ltr'><strong>plum?</strong></span> <span class='ocrx_word' id='word_1_740' title='bbox 2444 3370 2623 3441; x_wconf 87' lang='lat' dir='ltr'><strong>Ipsum</strong></span> <span class='ocrx_word' id='word_1_741' title='bbox 2662 3390 2860 3447; x_wconf 91' lang='lat' dir='ltr'><strong>corpus</strong></span> <span class='ocrx_word' id='word_1_742' title='bbox 2889 3389 3034 3436; x_wconf 90' lang='lat' dir='ltr'><strong>tuum</strong></span> <span class='ocrx_word' id='word_1_743' title='bbox 3057 3386 3310 3456; x_wconf 91' lang='lat' dir='ltr'><strong>templum</strong></span> <span class='ocrx_word' id='word_1_744' title='bbox 3340 3388 3394 3444; x_wconf 90' lang='lat' dir='ltr'><strong>in</strong></span> <span class='ocrx_word' id='word_1_745' title='bbox 3419 3398 3471 3447; x_wconf 89' lang='lat' dir='ltr'><strong>te</strong></span> <span class='ocrx_word' id='word_1_746' title='bbox 3496 3401 3580 3448; x_wconf 91' lang='lat' dir='ltr'><strong>est</strong></span> <span class='ocrx_word' id='word_1_747' title='bbox 3601 3392 3841 3464; x_wconf 88' lang='lat' dir='ltr'><strong>Spiritus</strong></span> 
     </span>
    </p>
   </div>
   <div class='ocr_carea' id='block_1_96' title="bbox 2237 3458 3841 3559">
    <p class='ocr_par' dir='ltr' id='par_1_96' title="bbox 2237 3458 3841 3559">
     <span class='ocr_line' id='line_1_96' title="bbox 2237 3458 3841 3559; baseline 0.021 -45"><span class='ocrx_word' id='word_1_748' title='bbox 2237 3458 2354 3514; x_wconf 89' lang='lat' dir='ltr'><strong>Dei.</strong></span> <span class='ocrx_word' id='word_1_749' title='bbox 2385 3461 2503 3518; x_wconf 85' lang='lat' dir='ltr'><strong>lam</strong></span> <span class='ocrx_word' id='word_1_750' title='bbox 2529 3465 2651 3521; x_wconf 89' lang='lat' dir='ltr'><strong>vide</strong></span> <span class='ocrx_word' id='word_1_751' title='bbox 2679 3469 2804 3539; x_wconf 92' lang='lat' dir='ltr'><strong>quid</strong></span> <span class='ocrx_word' id='word_1_752' title='bbox 2833 3471 2994 3528; x_wconf 77' lang='lat' dir='ltr'><strong>facias</strong></span> <span class='ocrx_word' id='word_1_753' title='bbox 3018 3474 3086 3532; x_wconf 90' lang='lat' dir='ltr'><strong>de</strong></span> <span class='ocrx_word' id='word_1_754' title='bbox 3116 3479 3316 3550; x_wconf 92' lang='lat' dir='ltr'><strong>templo</strong></span> <span class='ocrx_word' id='word_1_755' title='bbox 3355 3482 3473 3539; x_wconf 91' lang='lat' dir='ltr'><strong>Dei.</strong></span> <span class='ocrx_word' id='word_1_756' title='bbox 3512 3484 3569 3541; x_wconf 91' lang='lat' dir='ltr'><strong>Si</strong></span> <span class='ocrx_word' id='word_1_757' title='bbox 3603 3458 3841 3559; x_wconf 81' lang='lat' dir='ltr'><strong>eligeres</strong></span> 
     </span>
    </p>
   </div>
   <div class='ocr_carea' id='block_1_97' title="bbox 2235 3547 3832 3653">
    <p class='ocr_par' dir='ltr' id='par_1_97' title="bbox 2235 3547 3832 3653">
     <span class='ocr_line' id='line_1_97' title="bbox 2235 3547 3832 3653; baseline 0.023 -50"><span class='ocrx_word' id='word_1_758' title='bbox 2235 3547 2290 3604; x_wconf 91' lang='lat' dir='ltr'><strong>in</strong></span> <span class='ocrx_word' id='word_1_759' title='bbox 2340 3554 2564 3610; x_wconf 88' lang='lat' dir='ltr'><strong>ecclesia</strong></span> <span class='ocrx_word' id='word_1_760' title='bbox 2609 3558 2786 3617; x_wconf 78' lang='lat' dir='ltr'><strong>facere</strong></span> <span class='ocrx_word' id='word_1_761' title='bbox 2829 3563 3149 3624; x_wconf 89' lang='lat' dir='ltr'><strong>adulterium</strong></span> <span class='ocrx_word' id='word_1_762' title='bbox 3196 3571 3335 3628; x_wconf 89' lang='lat' dir='ltr'><strong>intra</strong></span> <span class='ocrx_word' id='word_1_763' title='bbox 3383 3575 3517 3632; x_wconf 91' lang='lat' dir='ltr'><strong>istos</strong></span> <span class='ocrx_word' id='word_1_764' title='bbox 3559 3581 3832 3653; x_wconf 85' lang='lat' dir='ltr'><strong>parietes,</strong></span> 
     </span>
    </p>
   </div>
   <div class='ocr_carea' id='block_1_98' title="bbox 2234 3644 3834 3742">
    <p class='ocr_par' dir='ltr' id='par_1_98' title="bbox 2234 3644 3834 3742">
     <span class='ocr_line' id='line_1_98' title="bbox 2234 3644 3834 3742; baseline 0.023 -45"><span class='ocrx_word' id='word_1_765' title='bbox 2234 3644 2359 3714; x_wconf 92' lang='lat' dir='ltr'><strong>quid</strong></span> <span class='ocrx_word' id='word_1_766' title='bbox 2387 3654 2439 3702; x_wconf 91' lang='lat' dir='ltr'><strong>te</strong></span> <span class='ocrx_word' id='word_1_767' title='bbox 2466 3660 2609 3706; x_wconf 91' lang='lat' dir='ltr'><strong>esset</strong></span> <span class='ocrx_word' id='word_1_768' title='bbox 2637 3654 2983 3715; x_wconf 90' lang='lat' dir='ltr'><strong>sceleratius?</strong></span> <span class='ocrx_word' id='word_1_769' title='bbox 3007 3661 3165 3720; x_wconf 84' lang='lat' dir='ltr'><strong>Modo</strong></span> <span class='ocrx_word' id='word_1_770' title='bbox 3189 3673 3367 3723; x_wconf 88' lang='lat' dir='ltr'><strong>autem</strong></span> <span class='ocrx_word' id='word_1_771' title='bbox 3388 3677 3444 3725; x_wconf 91' lang='lat' dir='ltr'><strong>tu</strong></span> <span class='ocrx_word' id='word_1_772' title='bbox 3464 3644 3579 3742; x_wconf 73' lang='lat' dir='ltr'><strong>ipse</strong></span> <span class='ocrx_word' id='word_1_773' title='bbox 3602 3689 3662 3730; x_wconf 90' lang='lat' dir='ltr'><strong>es</strong></span> <span class='ocrx_word' id='word_1_774' title='bbox 3687 3644 3834 3733; x_wconf 55' lang='lat' dir='ltr'><strong>tem;</strong></span> 
     </span>
    </p>
   </div>
   <div class='ocr_carea' id='block_1_99' title="bbox 2232 3734 3833 3836">
    <p class='ocr_par' dir='ltr' id='par_1_99' title="bbox 2232 3734 3833 3836">
     <span class='ocr_line' id='line_1_99' title="bbox 2232 3734 3833 3836; baseline 0.022 -48"><span class='ocrx_word' id='word_1_775' title='bbox 2232 3734 2377 3804; x_wconf 87' lang='lat' dir='ltr'><strong>plum</strong></span> <span class='ocrx_word' id='word_1_776' title='bbox 2409 3737 2527 3794; x_wconf 91' lang='lat' dir='ltr'><strong>Dei.</strong></span> <span class='ocrx_word' id='word_1_777' title='bbox 2561 3741 2840 3815; x_wconf 90' lang='lat' dir='ltr'><strong>Templum</strong></span> <span class='ocrx_word' id='word_1_778' title='bbox 2869 3749 3064 3820; x_wconf 83' lang='lat' dir='ltr'><strong>intras,</strong></span> <span class='ocrx_word' id='word_1_779' title='bbox 3090 3755 3343 3826; x_wconf 90' lang='lat' dir='ltr'><strong>templum</strong></span> <span class='ocrx_word' id='word_1_780' title='bbox 3378 3734 3525 3828; x_wconf 68' lang='lat' dir='ltr'><strong>exis,</strong></span> <span class='ocrx_word' id='word_1_781' title='bbox 3573 3766 3833 3836; x_wconf 87' lang='lat' dir='ltr'><strong>templum</strong></span> 
     </span>
    </p>
   </div>
   <div class='ocr_carea' id='block_1_100' title="bbox 2230 3827 3830 3929">
    <p class='ocr_par' dir='ltr' id='par_1_100' title="bbox 2230 3827 3830 3929">
     <span class='ocr_line' id='line_1_100' title="bbox 2230 3827 3830 3929; baseline 0.021 -47"><span class='ocrx_word' id='word_1_782' title='bbox 2230 3827 2284 3881; x_wconf 90' lang='lat' dir='ltr'><strong>in</strong></span> <span class='ocrx_word' id='word_1_783' title='bbox 2313 3829 2474 3886; x_wconf 93' lang='lat' dir='ltr'><strong>domo</strong></span> <span class='ocrx_word' id='word_1_784' title='bbox 2502 3840 2588 3889; x_wconf 90' lang='lat' dir='ltr'><strong>tua</strong></span> <span class='ocrx_word' id='word_1_785' title='bbox 2615 3851 2828 3906; x_wconf 89' lang='lat' dir='ltr'><strong>manes,</strong></span> <span class='ocrx_word' id='word_1_786' title='bbox 2860 3844 3114 3913; x_wconf 90' lang='lat' dir='ltr'><strong>templum</strong></span> <span class='ocrx_word' id='word_1_787' title='bbox 3145 3849 3342 3919; x_wconf 91' lang='lat' dir='ltr'><strong>surgis.</strong></span> <span class='ocrx_word' id='word_1_788' title='bbox 3367 3850 3651 3926; x_wconf 85' lang='lat' dir='ltr'><strong>Videquid</strong></span> <span class='ocrx_word' id='word_1_789' title='bbox 3677 3827 3830 3929; x_wconf 74' lang='lat' dir='ltr'><strong>agas,</strong></span> 
     </span>
    </p>
   </div>
   <div class='ocr_carea' id='block_1_101' title="bbox 2231 3920 3832 4018">
    <p class='ocr_par' dir='ltr' id='par_1_101' title="bbox 2231 3920 3832 4018">
     <span class='ocr_line' id='line_1_101' title="bbox 2231 3920 3832 4018; baseline 0.021 -44"><span class='ocrx_word' id='word_1_790' title='bbox 2231 3920 2354 3977; x_wconf 90' lang='lat' dir='ltr'><strong>vide</strong></span> <span class='ocrx_word' id='word_1_791' title='bbox 2380 3939 2447 3978; x_wconf 90' lang='lat' dir='ltr'><strong>ne</strong></span> <span class='ocrx_word' id='word_1_792' title='bbox 2477 3924 2717 3984; x_wconf 80' lang='lat' dir='ltr'><strong>oﬂ&#39;endas</strong></span> <span class='ocrx_word' id='word_1_793' title='bbox 2761 3934 2944 4003; x_wconf 92' lang='lat' dir='ltr'><strong>templi</strong></span> <span class='ocrx_word' id='word_1_794' title='bbox 2981 3933 3364 4010; x_wconf 88' lang='lat' dir='ltr'><strong>habitatorem,</strong></span> <span class='ocrx_word' id='word_1_795' title='bbox 3393 3957 3462 3999; x_wconf 91' lang='lat' dir='ltr'><strong>ne</strong></span> <span class='ocrx_word' id='word_1_796' title='bbox 3486 3920 3832 4018; x_wconf 52' lang='lat' dir='ltr'><strong>deserat&#39;te,</strong></span> 
     </span>
    </p>
   </div>
   <div class='ocr_carea' id='block_1_102' title="bbox 2229 4013 3833 4114">
    <p class='ocr_par' dir='ltr' id='par_1_102' title="bbox 2229 4013 3833 4114">
     <span class='ocr_line' id='line_1_102' title="bbox 2229 4013 3833 4114; baseline 0.02 -48"><span class='ocrx_word' id='word_1_797' title='bbox 2229 4021 2283 4067; x_wconf 92' lang='lat' dir='ltr'><strong>et</strong></span> <span class='ocrx_word' id='word_1_798' title='bbox 2317 4013 2371 4069; x_wconf 91' lang='lat' dir='ltr'><strong>in</strong></span> <span class='ocrx_word' id='word_1_799' title='bbox 2414 4016 2623 4074; x_wconf 90' lang='lat' dir='ltr'><strong>ruinam</strong></span> <span class='ocrx_word' id='word_1_800' title='bbox 2653 4025 2902 4081; x_wconf 87' lang='lat' dir='ltr'><strong>vertaris.</strong></span> <span class='ocrx_word' id='word_1_801' title='bbox 2937 4025 3190 4097; x_wconf 83' lang='lat' dir='ltr'><strong>Nescitis,</strong></span> <span class='ocrx_word' id='word_1_802' title='bbox 3220 4032 3424 4104; x_wconf 92' lang='lat' dir='ltr'><strong>inquit,</strong></span> <span class='ocrx_word' id='word_1_803' title='bbox 3455 4038 3576 4108; x_wconf 85' lang='lat' dir='ltr'><strong>quia</strong></span> <span class='ocrx_word' id='word_1_804' title='bbox 3606 4013 3833 4114; x_wconf 74' lang='lat' dir='ltr'><strong>corpora</strong></span> 
     </span>
    </p>
   </div>
   <div class='ocr_carea' id='block_1_103' title="bbox 2228 4108 3829 4206">
    <p class='ocr_par' dir='ltr' id='par_1_103' title="bbox 2228 4108 3829 4206">
     <span class='ocr_line' id='line_1_103' title="bbox 2228 4108 3829 4206; baseline 0.022 -49"><span class='ocrx_word' id='word_1_805' title='bbox 2228 4115 2390 4160; x_wconf 84' lang='lat' dir='ltr'><strong>vestra</strong></span> <span class='ocrx_word' id='word_1_806' title='bbox 2441 4108 2518 4179; x_wconf 94' lang='lat' dir='ltr'><strong>(et</strong></span> <span class='ocrx_word' id='word_1_807' title='bbox 2554 4109 2656 4167; x_wconf 91' lang='lat' dir='ltr'><strong>hoc</strong></span> <span class='ocrx_word' id='word_1_808' title='bbox 2684 4113 3129 4178; x_wconf 77' lang='lat' dir='ltr'><strong>delornicatione</strong></span> <span class='ocrx_word' id='word_1_809' title='bbox 3154 4123 3470 4196; x_wconf 86' lang='lat' dir='ltr'><strong>loquebatur</strong></span> <span class='ocrx_word' id='word_1_810' title='bbox 3499 4108 3829 4206; x_wconf 76' lang='lat' dir='ltr'><strong>Apostolus,</strong></span> 
     </span>
    </p>
   </div>
   <div class='ocr_carea' id='block_1_104' title="bbox 2228 4208 3830 4292">
    <p class='ocr_par' dir='ltr' id='par_1_104' title="bbox 2228 4208 3830 4292">
     <span class='ocr_line' id='line_1_104' title="bbox 2228 4208 3830 4292; baseline 0.021 -43"><span class='ocrx_word' id='word_1_811' title='bbox 2228 4210 2296 4252; x_wconf 92' lang='lat' dir='ltr'><strong>ne</strong></span> <span class='ocrx_word' id='word_1_812' title='bbox 2320 4208 2726 4260; x_wconf 90' lang='lat' dir='ltr'><strong>contemnerent</strong></span> <span class='ocrx_word' id='word_1_813' title='bbox 2747 4211 3043 4278; x_wconf 88' lang='lat' dir='ltr'><strong>corporalia</strong></span> <span class='ocrx_word' id='word_1_814' title='bbox 3069 4218 3314 4290; x_wconf 85' lang='lat' dir='ltr'><strong>peccata)</strong></span> <span class='ocrx_word' id='word_1_815' title='bbox 3343 4221 3584 4292; x_wconf 87' lang='lat' dir='ltr'><strong>templum</strong></span> <span class='ocrx_word' id='word_1_816' title='bbox 3606 4225 3662 4280; x_wconf 87' lang='lat' dir='ltr'><strong>in</strong></span> <span class='ocrx_word' id='word_1_817' title='bbox 3687 4229 3830 4285; x_wconf 63' lang='lat' dir='ltr'><strong>eous</strong></span> 
     </span>
    </p>
   </div>
   <div class='ocr_carea' id='block_1_105' title="bbox 2225 4291 3831 4382">
    <p class='ocr_par' dir='ltr' id='par_1_105' title="bbox 2225 4291 3831 4382">
     <span class='ocr_line' id='line_1_105' title="bbox 2225 4291 3831 4382; baseline 0.022 -40"><span class='ocrx_word' id='word_1_818' title='bbox 2225 4299 2297 4360; x_wconf 64' lang='lat' dir='ltr'><strong>est</strong></span> <span class='ocrx_word' id='word_1_819' title='bbox 2322 4291 2547 4363; x_wconf 86' lang='lat' dir='ltr'><strong>Spiritus</strong></span> <span class='ocrx_word' id='word_1_820' title='bbox 2571 4301 2762 4366; x_wconf 91' lang='lat' dir='ltr'><strong>sancti,</strong></span> <span class='ocrx_word' id='word_1_821' title='bbox 2785 4318 2931 4372; x_wconf 84' lang='lat' dir='ltr'><strong>quem</strong></span> <span class='ocrx_word' id='word_1_822' title='bbox 2951 4305 3142 4363; x_wconf 82' lang='lat' dir='ltr'><strong>habetis</strong></span> <span class='ocrx_word' id='word_1_823' title='bbox 3166 4327 3199 4363; x_wconf 91' lang='lat' dir='ltr'><strong>a</strong></span> <span class='ocrx_word' id='word_1_824' title='bbox 3227 4309 3366 4382; x_wconf 90' lang='lat' dir='ltr'><strong>Deo,</strong></span> <span class='ocrx_word' id='word_1_825' title='bbox 3407 4291 3574 4371; x_wconf 78' lang='lat' dir='ltr'><strong>etnon</strong></span> <span class='ocrx_word' id='word_1_826' title='bbox 3597 4320 3717 4374; x_wconf 86' lang='lat' dir='ltr'><strong>estis</strong></span> <span class='ocrx_word' id='word_1_827' title='bbox 3744 4337 3831 4377; x_wconf 76' lang='lat' dir='ltr'><strong>ue-</strong></span> 
     </span>
    </p>
   </div>
   <div class='ocr_carea' id='block_1_106' title="bbox 2225 4384 3826 4484">
    <p class='ocr_par' dir='ltr' id='par_1_106' title="bbox 2225 4384 3826 4484">
     <span class='ocr_line' id='line_1_106' title="bbox 2225 4384 3826 4484; baseline 0.023 -49"><span class='ocrx_word' id='word_1_828' title='bbox 2225 4384 2357 4438; x_wconf 82' lang='lat' dir='ltr'><strong>stri?</strong></span> <span class='ocrx_word' id='word_1_829' title='bbox 2379 4384 2554 4459; x_wconf 89' lang='lat' dir='ltr'><strong>Empti</strong></span> <span class='ocrx_word' id='word_1_830' title='bbox 2594 4392 2728 4446; x_wconf 86' lang='lat' dir='ltr'><strong>enim</strong></span> <span class='ocrx_word' id='word_1_831' title='bbox 2767 4396 2885 4449; x_wconf 85' lang='lat' dir='ltr'><strong>estis</strong></span> <span class='ocrx_word' id='word_1_832' title='bbox 2928 4401 3090 4468; x_wconf 86' lang='lat' dir='ltr'><strong>pretio</strong></span> <span class='ocrx_word' id='word_1_833' title='bbox 3136 4419 3318 4476; x_wconf 86' lang='lat' dir='ltr'><strong>magno</strong></span> <span class='ocrx_word' id='word_1_834' title='bbox 3367 4405 3409 4479; x_wconf 84' lang='grc' dir='ltr'><strong>(Ι</strong></span> <span class='ocrx_word' id='word_1_835' title='bbox 3447 4409 3567 4465; x_wconf 88' lang='lat' dir='ltr'><strong>Cor.</strong></span> <span class='ocrx_word' id='word_1_836' title='bbox 3598 4428 3650 4467; x_wconf 80' lang='lat' dir='ltr'><strong>vr</strong></span> <span class='ocrx_word' id='word_1_837' title='bbox 3672 4455 3688 4482; x_wconf 93' lang='lat'><strong>,</strong></span> <span class='ocrx_word' id='word_1_838' title='bbox 3718 4413 3826 4484; x_wconf 76' lang='lat' dir='ltr'><strong>i9,</strong></span> 
     </span>
    </p>
   </div>
   <div class='ocr_carea' id='block_1_107' title="bbox 2224 4473 3826 4575">
    <p class='ocr_par' dir='ltr' id='par_1_107' title="bbox 2224 4473 3826 4575">
     <span class='ocr_line' id='line_1_107' title="bbox 2224 4473 3826 4575; baseline 0.022 -46"><span class='ocrx_word' id='word_1_839' title='bbox 2224 4473 2339 4549; x_wconf 76' lang='lat'><strong>20).</strong></span> <span class='ocrx_word' id='word_1_840' title='bbox 2370 4476 2426 4535; x_wconf 91' lang='lat' dir='ltr'><strong>Si</strong></span> <span class='ocrx_word' id='word_1_841' title='bbox 2463 4485 2760 4542; x_wconf 89' lang='lat' dir='ltr'><strong>contemnis</strong></span> <span class='ocrx_word' id='word_1_842' title='bbox 2802 4502 3002 4561; x_wconf 90' lang='lat' dir='ltr'><strong>corpus</strong></span> <span class='ocrx_word' id='word_1_843' title='bbox 3035 4501 3182 4550; x_wconf 93' lang='lat' dir='ltr'><strong>tuum</strong></span> <span class='ocrx_word' id='word_1_844' title='bbox 3205 4473 3235 4563; x_wconf 28' lang='lat' dir='ltr'><strong>,v</strong></span> <span class='ocrx_word' id='word_1_845' title='bbox 3261 4473 3542 4558; x_wconf 83' lang='lat' dir='ltr'><strong>considera</strong></span> <span class='ocrx_word' id='word_1_846' title='bbox 3590 4473 3826 4575; x_wconf 75' lang='lat' dir='ltr'><strong>pretium</strong></span> 
     </span>
    </p>
   </div>
   <div class='ocr_carea' id='block_1_108' title="bbox 2227 4571 2396 4626">
    <p class='ocr_par' dir='ltr' id='par_1_108' title="bbox 2227 4571 2396 4626">
     <span class='ocr_line' id='line_1_108' title="bbox 2227 4571 2396 4626; baseline 0.006 -1"><span class='ocrx_word' id='word_1_847' title='bbox 2227 4571 2396 4626; x_wconf 74' lang='lat' dir='ltr'><strong>tuum.</strong></span> 
     </span>
    </p>
   </div>
   <div class='ocr_carea' id='block_1_109' title="bbox 2291 4683 3824 4778">
    <p class='ocr_par' dir='ltr' id='par_1_109' title="bbox 2291 4683 3824 4778">
     <span class='ocr_line' id='line_1_109' title="bbox 2291 4683 3824 4778; baseline 0.021 -39"><span class='ocrx_word' id='word_1_848' title='bbox 2291 4683 2518 4743; x_wconf 89' lang='lat' dir='ltr'><strong>CAPUT</strong></span> <span class='ocrx_word' id='word_1_849' title='bbox 2569 4689 2660 4746; x_wconf 80' lang='lat' dir='ltr'><strong>XI.</strong></span> <span class='ocrx_word' id='word_1_850' title='bbox 2699 4723 2769 4734; x_wconf 91' lang='lat'><strong><em>—</em></strong></span> <span class='ocrx_word' id='word_1_851' title='bbox 2824 4696 2910 4752; x_wconf 76' lang='grc'><strong>14.</strong></span> <span class='ocrx_word' id='word_1_852' title='bbox 2941 4697 3192 4757; x_wconf 84' lang='lat' dir='ltr'><strong>Correctio</strong></span> <span class='ocrx_word' id='word_1_853' title='bbox 3233 4720 3335 4760; x_wconf 87' lang='lat' dir='ltr'><strong>non</strong></span> <span class='ocrx_word' id='word_1_854' title='bbox 3374 4713 3824 4778; x_wconf 86' lang='lat' dir='ltr'><strong>procrastinanda.</strong></span> 
     </span>
    </p>
   </div>
   <div class='ocr_carea' id='block_1_110' title="bbox 2230 4775 3826 4880">
    <p class='ocr_par' dir='ltr' id='par_1_110' title="bbox 2230 4775 3826 4880">
     <span class='ocr_line' id='line_1_110' title="bbox 2230 4775 3826 4880; baseline 0.021 -49"><span class='ocrx_word' id='word_1_855' title='bbox 2230 4775 2342 4834; x_wconf 68' lang='grc' dir='ltr'><strong>νοω</strong></span> <span class='ocrx_word' id='word_1_856' title='bbox 2368 4783 2589 4840; x_wconf 85' lang='lat' dir='ltr'><strong>corvina.</strong></span> <span class='ocrx_word' id='word_1_857' title='bbox 2618 4785 2863 4845; x_wconf 85' lang='lat' dir='ltr'><strong>Homines</strong></span> <span class='ocrx_word' id='word_1_858' title='bbox 2895 4793 3024 4848; x_wconf 89' lang='lat' dir='ltr'><strong>bona</strong></span> <span class='ocrx_word' id='word_1_859' title='bbox 3049 4797 3219 4853; x_wconf 86' lang='lat' dir='ltr'><strong>volunt</strong></span> <span class='ocrx_word' id='word_1_860' title='bbox 3252 4801 3434 4856; x_wconf 81' lang='lat' dir='ltr'><strong>habere</strong></span> <span class='ocrx_word' id='word_1_861' title='bbox 3474 4807 3645 4861; x_wconf 89' lang='lat' dir='ltr'><strong>omnia</strong></span> <span class='ocrx_word' id='word_1_862' title='bbox 3684 4827 3826 4880; x_wconf 67' lang='lat' dir='ltr'><strong>prc-</strong></span> 
     </span>
    </p>
   </div>
   <div class='ocr_carea' id='block_1_111' title="bbox 2220 4872 3822 4972">
    <p class='ocr_par' dir='ltr' id='par_1_111' title="bbox 2220 4872 3822 4972">
     <span class='ocr_line' id='line_1_111' title="bbox 2220 4872 3822 4972; baseline 0.022 -50"><span class='ocrx_word' id='word_1_863' title='bbox 2220 4878 2295 4924; x_wconf 86' lang='lat' dir='ltr'><strong>ter</strong></span> <span class='ocrx_word' id='word_1_864' title='bbox 2337 4872 2507 4928; x_wconf 85' lang='lat' dir='ltr'><strong>vitam.</strong></span> <span class='ocrx_word' id='word_1_865' title='bbox 2563 4875 2686 4934; x_wconf 84' lang='lat' dir='ltr'><strong>Scio</strong></span> <span class='ocrx_word' id='word_1_866' title='bbox 2737 4896 2871 4952; x_wconf 88' lang='lat' dir='ltr'><strong>ego,</strong></span> <span class='ocrx_word' id='word_1_867' title='bbox 2914 4893 2970 4940; x_wconf 90' lang='lat' dir='ltr'><strong>et</strong></span> <span class='ocrx_word' id='word_1_868' title='bbox 3019 4902 3228 4944; x_wconf 89' lang='lat' dir='ltr'><strong>mecum</strong></span> <span class='ocrx_word' id='word_1_869' title='bbox 3272 4894 3447 4948; x_wconf 90' lang='lat' dir='ltr'><strong>omnis</strong></span> <span class='ocrx_word' id='word_1_870' title='bbox 3511 4896 3676 4954; x_wconf 90' lang='lat' dir='ltr'><strong>homo</strong></span> <span class='ocrx_word' id='word_1_871' title='bbox 3728 4903 3822 4972; x_wconf 91' lang='lat' dir='ltr'><strong>qui</strong></span> 
     </span>
    </p>
   </div>
   <div class='ocr_carea' id='block_1_112' title="bbox 2217 4964 3825 5050">
    <p class='ocr_par' dir='ltr' id='par_1_112' title="bbox 2217 4964 3825 5050">
     <span class='ocr_line' id='line_1_112' title="bbox 2217 4964 3825 5050; baseline 0.02 -34"><span class='ocrx_word' id='word_1_872' title='bbox 2217 4964 2375 5032; x_wconf 89' lang='lat' dir='ltr'><strong>paulo</strong></span> <span class='ocrx_word' id='word_1_873' title='bbox 2391 4969 2644 5025; x_wconf 89' lang='lat' dir='ltr'><strong>attentius</strong></span> <span class='ocrx_word' id='word_1_874' title='bbox 2661 4974 3108 5048; x_wconf 13' lang='lat' dir='ltr'><strong>aconsideraverit,</strong></span> <span class='ocrx_word' id='word_1_875' title='bbox 3130 4984 3394 5039; x_wconf 88' lang='lat' dir='ltr'><strong>neminem</strong></span> <span class='ocrx_word' id='word_1_876' title='bbox 3426 4985 3594 5044; x_wconf 87' lang='lat' dir='ltr'><strong>Deum</strong></span> <span class='ocrx_word' id='word_1_877' title='bbox 3628 4992 3825 5050; x_wconf 82' lang='lat' dir='ltr'><strong>timen-</strong></span> 
     </span>
    </p>
   </div>
   <div class='ocr_carea' id='block_1_113' title="bbox 2217 5061 3816 5154">
    <p class='ocr_par' dir='ltr' id='par_1_113' title="bbox 2217 5061 3816 5154">
     <span class='ocr_line' id='line_1_113' title="bbox 2217 5061 3816 5154; baseline 0.018 -42"><span class='ocrx_word' id='word_1_878' title='bbox 2217 5066 2326 5114; x_wconf 90' lang='lat' dir='ltr'><strong>tem</strong></span> <span class='ocrx_word' id='word_1_879' title='bbox 2355 5061 2456 5117; x_wconf 92' lang='lat' dir='ltr'><strong>sub</strong></span> <span class='ocrx_word' id='word_1_880' title='bbox 2476 5064 2652 5120; x_wconf 88' lang='lat' dir='ltr'><strong>verbis</strong></span> <span class='ocrx_word' id='word_1_881' title='bbox 2682 5066 2796 5136; x_wconf 90' lang='lat' dir='ltr'><strong>ejus</strong></span> <span class='ocrx_word' id='word_1_882' title='bbox 2826 5085 2932 5125; x_wconf 91' lang='lat' dir='ltr'><strong>non</strong></span> <span class='ocrx_word' id='word_1_883' title='bbox 2959 5086 3018 5128; x_wconf 90' lang='lat' dir='ltr'><strong>se</strong></span> <span class='ocrx_word' id='word_1_884' title='bbox 3043 5075 3312 5146; x_wconf 90' lang='lat' dir='ltr'><strong>corrigere</strong></span> <span class='ocrx_word' id='word_1_885' title='bbox 3332 5121 3348 5144; x_wconf 92' lang='lat'><strong>,</strong></span> <span class='ocrx_word' id='word_1_886' title='bbox 3373 5080 3473 5134; x_wconf 91' lang='lat' dir='ltr'><strong>nisi</strong></span> <span class='ocrx_word' id='word_1_887' title='bbox 3504 5083 3594 5152; x_wconf 91' lang='lat' dir='ltr'><strong>qui</strong></span> <span class='ocrx_word' id='word_1_888' title='bbox 3618 5093 3816 5154; x_wconf 86' lang='lat' dir='ltr'><strong>putat,</strong></span> 
     </span>
    </p>
   </div>
   <div class='ocr_carea' id='block_1_114' title="bbox 2215 5150 3816 5240">
    <p class='ocr_par' dir='ltr' id='par_1_114' title="bbox 2215 5150 3816 5240">
     <span class='ocr_line' id='line_1_114' title="bbox 2215 5150 3816 5240; baseline 0.018 -37"><span class='ocrx_word' id='word_1_889' title='bbox 2215 5150 2338 5219; x_wconf 90' lang='lat' dir='ltr'><strong>quia</strong></span> <span class='ocrx_word' id='word_1_890' title='bbox 2365 5152 2482 5222; x_wconf 90' lang='lat' dir='ltr'><strong>plus</strong></span> <span class='ocrx_word' id='word_1_891' title='bbox 2512 5153 2670 5212; x_wconf 89' lang='lat' dir='ltr'><strong>habet</strong></span> <span class='ocrx_word' id='word_1_892' title='bbox 2696 5158 2898 5216; x_wconf 90' lang='lat' dir='ltr'><strong>vivere.</strong></span> <span class='ocrx_word' id='word_1_893' title='bbox 2923 5161 3041 5233; x_wconf 89' lang='lat' dir='ltr'><strong>lpsa</strong></span> <span class='ocrx_word' id='word_1_894' title='bbox 3068 5179 3156 5220; x_wconf 88' lang='lat' dir='ltr'><strong>res</strong></span> <span class='ocrx_word' id='word_1_895' title='bbox 3183 5175 3269 5222; x_wconf 86' lang='lat' dir='ltr'><strong>est</strong></span> <span class='ocrx_word' id='word_1_896' title='bbox 3303 5185 3423 5240; x_wconf 77' lang='lat' dir='ltr'><strong>quae</strong></span> <span class='ocrx_word' id='word_1_897' title='bbox 3445 5150 3645 5228; x_wconf 78' lang='lat' dir='ltr'><strong>multos</strong></span> <span class='ocrx_word' id='word_1_898' title='bbox 3667 5150 3816 5232; x_wconf 51' lang='lat' dir='ltr'><strong>occi;</strong></span> 
     </span>
    </p>
   </div>
   <div class='ocr_carea' id='block_1_115' title="bbox 2215 5241 3819 5325">
    <p class='ocr_par' dir='ltr' id='par_1_115' title="bbox 2215 5241 3819 5325">
     <span class='ocr_line' id='line_1_115' title="bbox 2215 5241 3819 5325; baseline 0.018 -29"><span class='ocrx_word' id='word_1_899' title='bbox 2215 5241 2328 5311; x_wconf 92' lang='lat' dir='ltr'><strong>dit,</strong></span> <span class='ocrx_word' id='word_1_900' title='bbox 2353 5260 2474 5302; x_wconf 90' lang='lat' dir='ltr'><strong>cum</strong></span> <span class='ocrx_word' id='word_1_901' title='bbox 2496 5246 2710 5316; x_wconf 90' lang='lat' dir='ltr'><strong>dicunt,</strong></span> <span class='ocrx_word' id='word_1_902' title='bbox 2738 5251 2869 5308; x_wconf 89' lang='lat' dir='ltr'><strong>Cras</strong></span> <span class='ocrx_word' id='word_1_903' title='bbox 2893 5297 2908 5322; x_wconf 93' lang='lat'><strong>,</strong></span> <span class='ocrx_word' id='word_1_904' title='bbox 2938 5270 3056 5311; x_wconf 90' lang='lat' dir='ltr'><strong>cras</strong></span> <span class='ocrx_word' id='word_1_905' title='bbox 3087 5275 3100 5311; x_wconf 90' lang='lat'><strong>:</strong></span> <span class='ocrx_word' id='word_1_906' title='bbox 3126 5269 3181 5314; x_wconf 90' lang='lat' dir='ltr'><strong>et</strong></span> <span class='ocrx_word' id='word_1_907' title='bbox 3205 5261 3382 5316; x_wconf 91' lang='lat' dir='ltr'><strong>subito</strong></span> <span class='ocrx_word' id='word_1_908' title='bbox 3423 5265 3624 5321; x_wconf 91' lang='lat' dir='ltr'><strong>ostium</strong></span> <span class='ocrx_word' id='word_1_909' title='bbox 3669 5268 3819 5325; x_wconf 86' lang='lat' dir='ltr'><strong>clau-</strong></span> 
     </span>
    </p>
   </div>
   <div class='ocr_carea' id='block_1_116' title="bbox 2214 5330 3818 5428">
    <p class='ocr_par' dir='ltr' id='par_1_116' title="bbox 2214 5330 3818 5428">
     <span class='ocr_line' id='line_1_116' title="bbox 2214 5330 3818 5428; baseline 0.018 -39"><span class='ocrx_word' id='word_1_910' title='bbox 2214 5333 2376 5391; x_wconf 89' lang='lat' dir='ltr'><strong>ditur.</strong></span> <span class='ocrx_word' id='word_1_911' title='bbox 2417 5330 2694 5396; x_wconf 79' lang='lat' dir='ltr'><strong>Remansit</strong></span> <span class='ocrx_word' id='word_1_912' title='bbox 2739 5343 2869 5402; x_wconf 84' lang='lat' dir='ltr'><strong>foris</strong></span> <span class='ocrx_word' id='word_1_913' title='bbox 2914 5361 3036 5403; x_wconf 90' lang='lat' dir='ltr'><strong>cum</strong></span> <span class='ocrx_word' id='word_1_914' title='bbox 3070 5365 3200 5406; x_wconf 89' lang='lat' dir='ltr'><strong>voce</strong></span> <span class='ocrx_word' id='word_1_915' title='bbox 3243 5339 3497 5424; x_wconf 67' lang='lat' dir='ltr'><strong>corvina,</strong></span> <span class='ocrx_word' id='word_1_916' title='bbox 3539 5359 3662 5428; x_wconf 86' lang='lat' dir='ltr'><strong>quia</strong></span> <span class='ocrx_word' id='word_1_917' title='bbox 3707 5375 3818 5418; x_wconf 84' lang='lat' dir='ltr'><strong>non</strong></span> 
     </span>
    </p>
   </div>
   <div class='ocr_carea' id='block_1_117' title="bbox 2216 5426 3816 5512">
    <p class='ocr_par' dir='ltr' id='par_1_117' title="bbox 2216 5426 3816 5512">
     <span class='ocr_line' id='line_1_117' title="bbox 2216 5426 3816 5512; baseline 0.017 -31"><span class='ocrx_word' id='word_1_918' title='bbox 2216 5426 2400 5484; x_wconf 92' lang='lat' dir='ltr'><strong>habuit</strong></span> <span class='ocrx_word' id='word_1_919' title='bbox 2421 5431 2675 5500; x_wconf 88' lang='lat' dir='ltr'><strong>gemitum</strong></span> <span class='ocrx_word' id='word_1_920' title='bbox 2711 5437 3096 5494; x_wconf 87' lang='lat' dir='ltr'><strong>columbinum.</strong></span> <span class='ocrx_word' id='word_1_921' title='bbox 3124 5441 3290 5511; x_wconf 89' lang='lat' dir='ltr'><strong>Cras,</strong></span> <span class='ocrx_word' id='word_1_922' title='bbox 3323 5459 3478 5512; x_wconf 87' lang='lat' dir='ltr'><strong>cras;</strong></span> <span class='ocrx_word' id='word_1_923' title='bbox 3508 5451 3658 5505; x_wconf 91' lang='lat' dir='ltr'><strong>corvi</strong></span> <span class='ocrx_word' id='word_1_924' title='bbox 3687 5467 3816 5508; x_wconf 80' lang='lat' dir='ltr'><strong>vox.</strong></span> 
     </span>
    </p>
   </div>
   <div class='ocr_carea' id='block_1_118' title="bbox 2212 5520 3820 5615">
    <p class='ocr_par' dir='ltr' id='par_1_118' title="bbox 2212 5520 3820 5615">
     <span class='ocr_line' id='line_1_118' title="bbox 2212 5520 3820 5615; baseline 0.016 -38"><span class='ocrx_word' id='word_1_925' title='bbox 2212 5520 2379 5580; x_wconf 84' lang='lat' dir='ltr'><strong>Geme</strong></span> <span class='ocrx_word' id='word_1_926' title='bbox 2411 5533 2471 5580; x_wconf 91' lang='lat' dir='ltr'><strong>ut</strong></span> <span class='ocrx_word' id='word_1_927' title='bbox 2497 5527 2774 5585; x_wconf 91' lang='lat' dir='ltr'><strong>columbus</strong></span> <span class='ocrx_word' id='word_1_928' title='bbox 2793 5573 2808 5598; x_wconf 93' lang='lat'><strong>,</strong></span> <span class='ocrx_word' id='word_1_929' title='bbox 2836 5541 2891 5587; x_wconf 94' lang='lat' dir='ltr'><strong>et</strong></span> <span class='ocrx_word' id='word_1_930' title='bbox 2917 5533 3080 5590; x_wconf 88' lang='lat' dir='ltr'><strong>tunde</strong></span> <span class='ocrx_word' id='word_1_931' title='bbox 3107 5545 3293 5607; x_wconf 90' lang='lat' dir='ltr'><strong>pectus</strong></span> <span class='ocrx_word' id='word_1_932' title='bbox 3323 5557 3336 5594; x_wconf 91' lang='lat'>:</span> <span class='ocrx_word' id='word_1_933' title='bbox 3371 5539 3466 5596; x_wconf 90' lang='lat' dir='ltr'><strong>sed</strong></span> <span class='ocrx_word' id='word_1_934' title='bbox 3506 5543 3690 5615; x_wconf 83' lang='lat' dir='ltr'><strong>plagas</strong></span> <span class='ocrx_word' id='word_1_935' title='bbox 3716 5546 3820 5605; x_wconf 79' lang='lat' dir='ltr'><strong>tibi</strong></span> 
     </span>
    </p>
   </div>
   <div class='ocr_carea' id='block_1_119' title="bbox 2275 5681 3817 5753">
    <p class='ocr_par' dir='ltr' id='par_1_119' title="bbox 2275 5681 3817 5753">
     <span class='ocr_line' id='line_1_119' title="bbox 2275 5681 3817 5753; baseline 0.016 -27"><span class='ocrx_word' id='word_1_936' title='bbox 2275 5681 2414 5753; x_wconf 63' lang='lat' dir='ltr'><strong>tam.</strong></span> <span class='ocrx_word' id='word_1_937' title='bbox 2459 5686 2512 5731; x_wconf 91' lang='lat' dir='ltr'><strong>et</strong></span> <span class='ocrx_word' id='word_1_938' title='bbox 2549 5686 2645 5741; x_wconf 83' lang='lat' dir='ltr'><strong>Er.,</strong></span> <span class='ocrx_word' id='word_1_939' title='bbox 2684 5694 2778 5732; x_wconf 85' lang='lat' dir='ltr'><strong>non</strong></span> <span class='ocrx_word' id='word_1_940' title='bbox 2816 5684 3044 5749; x_wconf 80' lang='lat' dir='ltr'><strong>resurgit.</strong></span> <span class='ocrx_word' id='word_1_941' title='bbox 3084 5694 3206 5738; x_wconf 76' lang='lat' dir='ltr'><strong>Tres</strong></span> <span class='ocrx_word' id='word_1_942' title='bbox 3241 5696 3371 5753; x_wconf 58' lang='lat' dir='ltr'><strong>Mss,</strong></span> <span class='ocrx_word' id='word_1_943' title='bbox 3396 5692 3504 5744; x_wconf 79' lang='lat' dir='ltr'><strong>vide</strong></span> <span class='ocrx_word' id='word_1_944' title='bbox 3544 5700 3817 5750; x_wconf 71' lang='lat' dir='ltr'><strong>iamre-</strong></span> 
     </span>
    </p>
   </div>
   <div class='ocr_carea' id='block_1_120' title="bbox 2211 5748 3813 5880">
    <p class='ocr_par' dir='ltr' id='par_1_120' title="bbox 2211 5748 3813 5880">
     <span class='ocr_line' id='line_1_120' title="bbox 2211 5748 3813 5880; baseline 0.021 -33"><span class='ocrx_word' id='word_1_945' title='bbox 2211 5748 2483 5855; x_wconf 41' lang='lat' dir='ltr'><strong>8uiguerth</strong></span> <span class='ocrx_word' id='word_1_946' title='bbox 2505 5805 2788 5868; x_wconf 86' lang='lat' dir='ltr'><strong>parenthesi</strong></span> <span class='ocrx_word' id='word_1_947' title='bbox 2811 5807 2889 5859; x_wconf 92' lang='lat' dir='ltr'><strong>hic</strong></span> <span class='ocrx_word' id='word_1_948' title='bbox 2911 5810 3092 5862; x_wconf 84' lang='lat' dir='ltr'><strong>inclusa</strong></span> <span class='ocrx_word' id='word_1_949' title='bbox 3113 5813 3288 5866; x_wconf 85' lang='lat' dir='ltr'><strong>absunt</strong></span> <span class='ocrx_word' id='word_1_950' title='bbox 3311 5817 3373 5866; x_wconf 83' lang='lat' dir='ltr'><strong>ab</strong></span> <span class='ocrx_word' id='word_1_951' title='bbox 3395 5826 3496 5867; x_wconf 81' lang='grc' dir='ltr'><strong>Αιιι.</strong></span> <span class='ocrx_word' id='word_1_952' title='bbox 3524 5827 3599 5871; x_wconf 83' lang='lat' dir='ltr'><strong>Er.</strong></span> <span class='ocrx_word' id='word_1_953' title='bbox 3627 5831 3680 5876; x_wconf 90' lang='lat' dir='ltr'><strong>et</strong></span> <span class='ocrx_word' id='word_1_954' title='bbox 3702 5830 3813 5880; x_wconf 64' lang='lat' dir='ltr'><strong>IIS.</strong></span> 
     </span>
    </p>
   </div>
  </div>
