4032 6332
206 326 313 386 815

205 437 383 496 dando
425 435 478 489 in
526 439 711 503 pectus
733 471 748 497 ,
775 439 944 483 caesus
965 427 1235 481 correctus
1261 426 1413 483 esto;
1458 432 1526 472 ne
1567 430 1674 471 non
1703 413 1781 469 vi-

207 529 384 587 dearis
408 521 793 581 conscientiam
816 517 1021 572 czedere
1037 557 1050 579 ,
1074 513 1166 569 sed
1194 512 1383 567 malam
1406 508 1781 565 conscientiam

208 621 398 693 pugnis
442 616 802 687 pavimentare
820 651 835 677 ,
867 607 1170 663 solidiorem
1214 602 1437 659 reddere
1464 602 1502 666 ³,
1530 614 1637 655 non
1662 612 1783 693 cor-

207 687 513 768 rectiorem.
542 706 707 761 Geme
737 715 841 756 non
870 698 1013 752 inani
1040 696 1261 767 gemitu.
1291 693 1451 749 Forte
1475 691 1615 747 enim
1654 687 1787 745 dicis

209 802 339 859 tibi:
371 797 621 855 Promisit
664 794 796 848 mihi
841 791 982 846 Deus
1011 786 1423 857 indulgentiam,
1469 782 1679 853 quando
1703 795 1789 834 me

209 904 528 955 correxere;
568 899 791 942 securus
817 896 934 937 sum
969 897 983 934 :
1023 879 1141 948 lego
1164 876 1394 931 divinam
1422 872 1747 942 Scripturam
1771 909 1786 934 ,

210 982 425 1053 Iniquus
451 981 507 1034 in
525 994 628 1049 qua
656 976 737 1029 die
751 987 1018 1029 conversus
1045 968 1191 1042 fuerit
1218 965 1278 1020 ab
1299 962 1637 1035 iniquitatibus
1665 962 1788 1025 suis,

211 1083 255 1130 ct
290 1073 465 1143 fecerit
500 1068 788 1141 justitiam,
827 1079 997 1118 omnes
1049 1060 1329 1130 iniquitates
1379 1058 1485 1129 ejus
1535 1054 1793 1109 obliviscar

212 1163 423 1235 (Ezech.
464 1177 627 1227 xvnt,
668 1159 732 1212 2f
756 1167 801 1211 et
819 1155 936 1226 22).
980 1151 1210 1208 Securus
1253 1164 1404 1211 sum;
1453 1146 1663 1217 quando
1710 1158 1795 1198 me

213 1269 542 1317 corrcxero,
596 1251 688 1305 dat
748 1248 877 1303 mihi
925 1246 1065 1301 Deus
1111 1240 1487 1311 indulgentiam
1535 1238 1602 1293 de
1644 1236 1797 1291 malis

212 1348 365 1402 meis.
414 1345 483 1400 Et
519 1342 646 1414 quid
672 1354 772 1412 ego
808 1339 1046 1394 dicturus
1074 1334 1225 1391 sum?
1270 1333 1467 1390 Contra
1508 1332 1672 1385 Deum
1715 1344 1799 1384 re-

213 1435 577 1494 clamaturus?
606 1434 853 1488 Dicturus
878 1445 997 1484 sum
1032 1429 1142 1483 Deo
1174 1446 1187 1483 :
1214 1425 1333 1481 Noli
1364 1424 1438 1479 illi
1464 1423 1594 1479 dare
1623 1421 1799 1477 indul-

214 1529 491 1604 gentiam?
523 1527 765 1583 Dicturus
787 1541 905 1580 sum
931 1522 1034 1578 hoc.
1078 1521 1332 1591 scriptum
1376 1533 1482 1573 non
1530 1531 1669 1581 esse,
1702 1516 1803 1570 hoc

228 1625 399 1679 Deum
418 1636 526 1675 non
543 1616 882 1690 promisisse?
916 1614 972 1670 Si
991 1615 1086 1669 ista
1107 1613 1311 1678 dixero,
1326 1609 1501 1666 omnia
1515 1607 1648 1663 falsa
1662 1607 1800 1665 dico.

218 1716 361 1771 Bene
409 1712 579 1777 dicis,
626 1724 813 1764 verum
856 1706 1027 1762 dicis:
1070 1703 1447 1775 indulgentiam
1486 1699 1804 1757 correctioni

216 1816 317 1861 tua:
366 1801 614 1875 promisit
662 1801 842 1864 Deus,
890 1812 1085 1867 negare
1127 1810 1235 1850 non
1281 1807 1495 1864 possum
1542 1790 1683 1846 :sed
1723 1789 1809 1844 die

218 1897 349 1952 mihi
373 1938 389 1963 ,
420 1880 661 1964 rogo‘te;
690 1906 816 1945 ecce
841 1904 940 1959 ego
967 1886 1242 1943 consentio
1269 1895 1324 1939 et
1349 1882 1587 1939 concedo
1623 1890 1677 1937 et
1719 1896 1808 1935 co-

219 2001 424 2060 gnosco
448 1984 572 2055 quia
619 1981 997 2052 indulgentiam
1028 1980 1165 2034 Deus
1194 1976 1438 2047 promisit
1466 1975 1558 2029 tibi
1582 1992 1597 2040 ;
1626 1972 1811 2029 crasti-

220 2096 345 2135 num
373 2077 520 2133 enim
548 2074 687 2130 diem
717 2074 834 2143 quis
861 2071 952 2125 tibi
978 2068 1257 2140 promisit?
1287 2067 1386 2123 Ubi
1417 2066 1543 2121 mihi
1575 2066 1707 2136 legis
1733 2065 1812 2118 ln-

228 2167 561 2240 dulgentiam
588 2174 639 2221 te
678 2172 1043 2233 accepturum,
1078 2162 1122 2215 si
1145 2168 1197 2214 te
1222 2160 1553 2223 correxeris;
1601 2157 1713 2226 lege
1742 2155 1811 2211 ibi

222 2266 349 2320 mibi
378 2271 635 2333 quantum
672 2259 907 2314 victurus
937 2256 1031 2310 sis.
1063 2253 1180 2310 Non
1226 2254 1343 2324 lego
1367 2295 1381 2319 ,
1412 2252 1602 2322 inquis.
1631 2250 1813 2305 Nescis

228 2372 358 2426 ergo
399 2362 656 2425 quantum
680 2350 914 2405 victurus
941 2348 1033 2403 sis.
1076 2346 1202 2402 Esto
1228 2354 1499 2401 correctus
1525 2353 1575 2399 et
1602 2357 1815 2412 semper

232 2455 471 2516 paratus.
504 2442 621 2497 Noli
662 2441 851 2495 timere
890 2439 1028 2494 diem
1060 2437 1330 2503 ultimum,
1360 2444 1606 2506 tanquam
1647 2433 1813 2487 furem

226 2539 310 2608 qui
331 2548 383 2591 te
393 2534 695 2590 dormiente
707 2530 923 2587 effodiat
940 2530 1193 2600 parietem
1212 2545 1223 2580 :
1244 2528 1336 2582 sed
1350 2527 1527 2598 vigila,
1545 2534 1598 2581 et
1612 2525 1817 2595 corrige

228 2641 280 2686 te
316 2629 499 2684 hodie.
530 2625 667 2695 Quid
696 2624 878 2680 differs
926 2623 977 2677 in
1004 2619 1338 2685 crastinum?
1362 2619 1537 2689 Longa
1564 2618 1668 2673 vita
1693 2617 1813 2672 erit.

228 2722 345 2791 ipsa
376 2721 534 2791 longa
559 2760 572 2783 ,
597 2718 734 2773 bona
761 2718 848 2771 sit.
881 2715 1163 2770 Prandium
1188 2713 1386 2768 bonum
1415 2712 1627 2782 longum
1662 2724 1819 2766 nemo

231 2811 438 2877 differt,
459 2820 513 2865 et
545 2810 708 2864 vitam
736 2809 927 2863 malam
958 2808 1169 2877 longam
1196 2806 1274 2860 vis
1303 2805 1529 2859 habere?
1554 2803 1746 2873 Utique
1774 2805 1818 2859 si

234 2906 386 2977 longa
415 2905 551 2970 erit,
577 2902 766 2957 melius
787 2901 924 2955 bona
961 2900 1062 2955 erit
1089 2916 1101 2952 :
1134 2899 1177 2952 si
1206 2897 1381 2953 brevis
1418 2896 1549 2961 erit,
1578 2895 1713 2951 bene
1753 2894 1821 2949 fa-

236 3008 376 3053 ctum
405 3004 527 3060 est,
573 3001 633 3048 ut
656 2993 794 3048 bona
818 2990 1216 3061 produceretur.
1257 2988 1344 3043 Sic
1368 2996 1545 3043 autem
1579 2986 1821 3043 homines

240 3088 512 3157 negligant
534 3085 695 3140 vitam
724 3098 871 3138 suam
892 3124 906 3149 ,
939 3091 992 3137 ut
1022 3081 1192 3136 nolint
1224 3080 1418 3135 habere
1464 3080 1656 3133 malam
1676 3120 1693 3146 ,
1721 3079 1820 3134 nisi

239 3179 423 3249 ipsam.
450 3175 643 3229 Villam
664 3173 800 3229 emis
820 3214 836 3241 ,
878 3173 1072 3227 bonam
1101 3170 1325 3241 quaeris;
1362 3185 1581 3224 uxorem
1622 3170 1699 3224 vis
1727 3169 1823 3224 du-

240 3268 615 3333 cere,‘bonam
636 3264 817 3335 eligis;
850 3263 984 3317 filios
1010 3261 1101 3317 tibi
1131 3262 1208 3316 vis
1236 3261 1415 3327 nasci,
1450 3261 1615 3315 bonos
1636 3269 1819 3330 optas;

242 3362 436 3432 caligas
464 3361 609 3415 locas
634 3398 649 3425 ,
678 3366 731 3412 et
756 3372 859 3410 non
890 3357 969 3410 vis
1012 3355 1177 3409 malas
1204 3373 1217 3408 :
1240 3362 1293 3409 et
1322 3354 1480 3407 vitam
1524 3367 1671 3407 amas
1713 3368 1824 3407 ma-

243 3454 377 3509 lam!
433 3452 572 3520 Quid
616 3459 668 3507 te
709 3449 927 3506 offendit
968 3449 1077 3502 vita
1138 3456 1257 3513 tua,
1308 3462 1465 3517 quam
1513 3447 1679 3501 solam
1744 3446 1825 3502 vis

244 3546 472 3611 malam,
518 3551 575 3597 ut
613 3542 751 3596 inter
788 3540 963 3595 omnia
1002 3539 1139 3594 bona
1182 3545 1271 3592 tua
1310 3546 1364 3592 tu
1402 3538 1545 3593 solus
1591 3537 1665 3593 sis
1708 3552 1823 3592 ma-

244 3634 324 3689 lus
341 3636 367 3687 ?
567 3666 576 3673 -

312 3724 541 3781 CAPUT
567 3725 683 3779 Xll.
711 3723 888 3779 -ι15.
923 3720 1150 3775 Pastoris
1179 3735 1304 3774 onus
1342 3735 1442 3774 non
1471 3718 1823 3790 abjiciendunt.

244 3819 413 3889 Ergo,
440 3817 633 3873 fratres
655 3816 795 3883 mei,
820 3815 865 3869 si
882 3815 1109 3885 aliquem
1132 3822 1362 3867 vestrum
1388 3813 1580 3867 vellem
1602 3812 1654 3867 in
1678 3820 1829 3882 parte

246 3910 544 3978 corripere,
574 3906 711 3962 forte
738 3906 942 3961 audiret
970 3920 1053 3960 me
1086 3924 1097 3959 :
1132 3904 1325 3959 multos
1350 3912 1583 3958 vestrum
1623 3903 1830 3974 publice

250 4001 516 4070 corripio;
543 4014 729 4054 omnes
754 4013 837 4051 me
866 3996 1118 4061 laudant;
1146 3994 1325 4049 audiat
1362 4010 1447 4048 me
1474 3994 1680 4064 aliquis.
1714 3994 1829 4049 Non

252 4106 371 4143 amo
408 4091 465 4144 in
497 4103 624 4144 voce
659 4088 983 4143 laudatorem
1005 4128 1019 4154 ,
1048 4095 1099 4141 et
1123 4087 1175 4141 in
1205 4085 1364 4141 corde
1388 4092 1828 4155 contemptorem.

251 4181 380 4234 Cum
410 4182 557 4234 enim
584 4179 795 4245 laudas,
825 4185 877 4232 et
901 4193 1006 4231 non
1032 4186 1083 4231 te
1108 4177 1356 4246 corrigis,
1384 4185 1567 4231 contra
1594 4184 1644 4230 te
1684 4177 1832 4231 testis

253 4287 327 4326 es.
360 4271 416 4325 Si
439 4271 612 4325 malus
634 4285 721 4334 es,
749 4279 802 4323 et
830 4268 970 4338 quod
997 4267 1114 4321 dico
1139 4268 1308 4336 placet
1328 4267 1437 4333 tibi,
1460 4266 1679 4335 diSplice
1707 4265 1830 4319 tibi:

252 4369 372 4435 quia
420 4366 467 4419 si
514 4365 685 4420 malus
735 4361 1067 4431 displicueris
1126 4360 1247 4424 tibi,
1295 4368 1561 4413 correctus
1607 4358 1833 4427 placebis

256 4457 344 4510 tibi
368 4458 410 4519 ',
433 4454 577 4525 quod
600 4452 977 4507 nudiustertius
995 4493 1008 4517 ,
1040 4450 1139 4504 nisi
1162 4449 1332 4514 fallor,
1355 4449 1483 4504 dixi.
1510 4448 1566 4503 ln
1591 4450 1835 4504 omnibus

258 4546 429 4601 verbis
473 4545 609 4599 meis
649 4543 920 4613 speculum
961 4555 1214 4611 propono.
1260 4539 1367 4595 Nec
1409 4555 1525 4595 mea
1567 4540 1668 4595 ista
1713 4546 1838 4594 sunt

259 4636 413 4693 verba
446 4655 459 4690 :
490 4635 583 4690 sed
611 4633 833 4689 Domino
855 4632 1075 4702 jubente
1112 4630 1318 4701 loquor,
1347 4646 1449 4700 quo
1472 4638 1703 4685 terrente
1730 4644 1838 4686 non

264 4736 427 4781 taceo.
471 4726 603 4780 Nam
643 4724 763 4794 quis
792 4739 895 4779 non
921 4723 1140 4793 eligeret
1167 4728 1343 4775 tacere
1361 4760 1375 4786 ,
1405 4729 1458 4776 et
1487 4721 1743 4775 rationem
1772 4720 1839 4776 de

262 4818 409 4872 vobis
437 4831 545 4872 non
576 4815 830 4871 reddere?
871 4814 975 4869 Sed
998 4814 1107 4883 jam
1150 4811 1475 4882 suscepimus
1501 4827 1663 4877 onus,
1697 4812 1838 4882 quod

188 4962 191 4963 ν
266 4908 326 4963 ab
346 4908 586 4963 humeris
607 4906 804 4961 nostris
822 4913 1075 4960 excutere
1094 4919 1199 4957 non
1229 4917 1508 4972 possumus
1522 4944 1535 4967 ,
1564 4918 1662 4957 nec
1683 4902 1843 4959 debe-

269 5014 399 5053 mus.
423 4997 661 5053 Audistis
679 5039 693 5062 ,
724 4996 913 5051 fratres
933 4995 1066 5059 mei,
1092 5008 1209 5049 cum
1232 4993 1465 5063 Epistola
1495 4993 1559 5047 ad
1591 4992 1842 5049 Hebrmos

268 5088 532 5159 legeretur
563 5106 577 5142 :
611 5087 817 5142 Obedite
842 5085 1122 5156 praepositis
1156 5083 1327 5138 vestris
1346 5124 1359 5148 ,
1390 5092 1433 5137 et
1458 5083 1643 5136 subditi
1663 5091 1844 5149 estote;

269 5185 380 5249 quia
407 5183 511 5252 ipsi
542 5182 750 5252 vigilant
776 5197 867 5249 pro
890 5178 1152 5233 animabus
1179 5176 1349 5231 vestris
1368 5217 1383 5241 ,
1411 5185 1647 5245 tanquam
1685 5177 1844 5230 ratio-

272 5290 379 5329 nem
395 5274 648 5329 reddituri
670 5289 763 5344 pro
786 5271 921 5327 vobis
949 5287 968 5325 :
995 5280 1050 5325 ut
1075 5286 1187 5324 cum
1217 5268 1400 5339 gaudio
1433 5268 1526 5322 hoc
1554 5269 1774 5339 faciant,
1800 5278 1847 5322 et

275 5383 371 5422 non
392 5383 511 5421 cum
537 5367 774 5431 tristitia;
799 5380 900 5419 non
922 5365 1054 5418 enim
1090 5361 1287 5432 expedit
1324 5361 1459 5415 vobis
1508 5359 1687 5432 (Hebr.
1721 5376 1844 5427 xui,

277 5460 381 5531 17).
430 5457 656 5526 Quando
682 5456 907 5512 facimus
933 5457 1030 5510 ista
1058 5469 1179 5510 cum
1206 5452 1435 5522 gaudio?
1458 5451 1678 5519 Quando
1704 5451 1852 5507 vide-

280 5622 476 5731 ..a.
491 5610 1181 5729 assuetas“
1214 5608 1547 5661 εοηεσιεηιίατη
1575 5609 1745 5675 me
1767 5624 1853 5677 να·

339 5742 361 5775 ³
379 5746 492 5792 10v.
517 5737 728 5805 placebis
752 5748 885 5803 Deo;
904 5736 1302 5791 dissentientibus
1316 5736 1508 5787 caeteris
1527 5733 1679 5791 libris.

1564 298 1792 360 SERMO
1817 295 2101 356 LXXXIII.

3352 303 3458 362 5H

1889 426 2006 467 mus
2034 410 2276 469 homines
2304 413 2560 485 proficere
2586 412 2642 472 in
2664 416 2840 474 verbis
2862 416 2975 473 Dei.
3005 417 3226 487 Quando
3253 418 3458 479 laborat

1887 518 2008 559 cum
2034 502 2224 574 gaudio
2246 507 2517 575 operarius
2541 507 2595 562 in
2618 507 2788 579 agro?
2813 508 3033 576 Quando
3056 510 3277 567 attendit
3297 512 3456 569 arbo-

1890 611 2001 651 rem
2023 639 2039 666 ,
2069 606 2123 653 et
2153 596 2381 653 fructum
2420 599 2590 666 ridet;
2622 601 2831 670 quando
2868 603 3089 658 attendit
3114 612 3378 674 segetem,
3404 612 3461 661 et

1890 687 2098 759 frugum
2123 689 2174 743 in
2195 705 2320 746 area
2347 693 2363 723 ¹
2390 693 2639 763 prospicit
2668 695 2956 752 ubertatem
2988 714 3001 749 :
3032 712 3138 752 non
3164 697 3280 753 sine
3303 713 3462 755 causa

1892 781 2177 847 laboravit,
2210 798 2315 859 non
2346 785 2461 839 sine
2486 800 2644 841 causa
2673 786 2887 843 dorsum
2912 788 3178 856 curvavit,
3207 804 3310 844 non
3346 790 3464 845 sine

1894 886 2051 927 causa
2088 888 2275 928 manus
2300 875 2497 929 attrivit
2516 918 2531 943 ,
2560 891 2663 931 non
2698 876 2811 932 sine
2832 893 2986 933 causa
3014 878 3176 949 frigus
3199 888 3253 935 et
3275 886 3463 933 aestum

1895 966 2154 1021 toleravit.
2178 967 2290 1022 Hoc
2310 968 2547 1039 estquod
2571 970 2670 1036 ait,
2704 969 2770 1025 Ut
2789 988 2903 1025 cum
2922 972 3106 1043 gaudio
3126 974 3219 1028 hoc
3245 974 3464 1044 faciant,

1897 1063 1943 1110 et
1971 1072 2069 1110 non
2094 1073 2206 1111 cum
2231 1059 2464 1124 tristitia;
2493 1077 2593 1113 non
2618 1061 2752 1115 enim
2774 1064 2972 1133 expedit
3010 1064 3163 1118 vobis.
3205 1063 3470 1136 Numquid

1899 1145 2061 1212 dixit,
2094 1147 2207 1202 Non
2236 1149 2339 1204 illis
2362 1151 2598 1221 expedit.
2626 1151 2776 1219 Non;
2807 1153 2899 1207 sed
2929 1153 3092 1221 dixit,
3122 1153 3245 1209 Non
3272 1155 3473 1227 expedit

1899 1236 2053 1293 vobis.
2077 1239 2206 1295 Nam
2235 1240 2306 1295 illi
2333 1243 2601 1312 praepositi
2622 1244 2830 1315 quando
2855 1246 3233 1303 contristantur
3257 1247 3325 1303 de
3354 1263 3471 1304 ma-

1900 1326 1965 1383 lis
1988 1329 2179 1384 vestris
2201 1371 2214 1395 ,
2254 1332 2467 1401 expedit
2504 1334 2638 1400 illis;
2683 1335 2792 1405 ipsa
2834 1337 3042 1393 tristitia
3071 1336 3285 1409 prodest
3322 1339 3472 1397 illis:

1903 1418 1997 1474 sed
2026 1435 2130 1474 non
2155 1422 2367 1491 expedit
2389 1424 2554 1479 vobis.
2586 1425 2725 1481 Nihil
2750 1437 2923 1483 autem
2945 1428 3096 1484 nobis
3114 1429 3356 1484 volumus
3382 1444 3476 1485 e1-

1906 1510 2085 1580 pedire
2104 1553 2120 1578 ,
2150 1514 2288 1583 quod
2308 1530 2412 1570 non
2436 1516 2648 1587 expedit
2674 1518 2839 1575 vobis.
2872 1518 3039 1576 Simul
3063 1535 3190 1591 ergo
3218 1519 3271 1575 in
3296 1520 3477 1576 Domi-

1907 1603 2026 1659 nico
2054 1620 2205 1674 agro,
2252 1607 2473 1674 fratres,
2514 1609 2709 1665 bonum
2754 1626 3067 1684 operemur;
3113 1620 3172 1668 ut
3208 1612 3369 1669 simul
3409 1610 3477 1669 de

1910 1694 2154 1751 mercede
2181 1697 2521 1766 gaudeamus.

2366 1813 2593 1872 SERMO
2628 1817 2886 1874 LXXXIII
2918 1824 2936 1844 '
2956 1819 3054 1895 (a).

1913 1898 1991 1954 De
2017 1902 2175 1956 verbis
2201 1903 2459 1977 Evangelii
2478 1906 2707 1965 Matth/2i
2725 1953 2739 1978 ,
2766 1928 2878 1983 cap.
2907 1929 3030 1969 xvnt
3050 1954 3065 1980 ,
3089 1913 3153 1970 2i
3179 1955 3193 1981 ,
3216 1915 3286 1970 22
3304 1957 3318 1983 ,
3340 1914 3469 1984 Quo-

2161 1994 2257 2050 ties
2282 1998 2519 2066 peccabit
2542 2000 2594 2055 in
2623 2017 2709 2056 me
2740 2001 2898 2059 frater
2923 2020 3100 2071 meus,
3140 2017 3235 2060 etc.

1987 2105 2211 2163 CAPUT
2269 2110 2547 2167 PRIMUM.
2603 2144 2675 2155 --
2742 2117 2792 2170 1.
2848 2115 2926 2171 De
2978 2119 3283 2174 remittendis
3342 2120 3482 2191 inju-

1916 2194 2023 2249 riis.
2051 2195 2305 2254 Hesterna
2335 2200 2421 2255 die
2443 2211 2685 2259 sanctum
2716 2205 3053 2276 Evangelium
3090 2208 3361 2264 admonuit
3388 2223 3485 2264 nos

1917 2303 2023 2343 non
2052 2290 2317 2362 negligere
2344 2304 2555 2363 peccata
2596 2295 2815 2352 fratrum
2855 2309 3153 2355 nostrorum
3185 2302 3205 2333 ³
3240 2318 3252 2355 :
3295 2301 3402 2357 Sed
3444 2302 3490 2357 si

1920 2384 2222 2450 peccaverit,
2253 2385 2451 2454 inquit,
2490 2389 2544 2442 in
2566 2396 2614 2442 te
2641 2389 2797 2458 frater
2825 2400 2938 2446 tuus
2956 2432 2971 2459 ,
3000 2394 3196 2464 corripe
3220 2410 3333 2447 eum
3360 2395 3489 2450 inter

1920 2478 1966 2524 te
1989 2481 2034 2524 et
2062 2472 2229 2541 ipsum
2262 2475 2444 2529 solum.
2489 2476 2551 2532 Si
2574 2487 2641 2554 ,ιε
2680 2480 2927 2546 audierit,
2959 2482 3179 2537 lucratus
3202 2500 3256 2539 es
3284 2484 3491 2554 fratrem

1920 2570 2080 2617 tuum.
2112 2562 2173 2619 Si
2218 2576 2383 2620 autem
2411 2572 2789 2639 contempserit,
2830 2572 3011 2627 adhibe
3052 2584 3211 2628 tecum
3250 2575 3375 2631 duos
3416 2574 3493 2631 vel

1921 2663 2019 2708 tres
2042 2670 2059 2708 :
2088 2663 2140 2708 ut
2169 2657 2223 2710 in
2244 2674 2330 2711 ore
2357 2659 2571 2714 duorum
2595 2662 2671 2715 vel
2696 2663 2847 2716 trium
2872 2665 3073 2718 testium
3098 2674 3189 2725 stat
3214 2683 3358 2721 omne
3380 2684 3493 2723 ver—

1921 2748 2056 2801 bum.
2104 2749 2166 2805 Si
2203 2760 2369 2805 aulem
2419 2762 2464 2807 et
2509 2754 2644 2822 ipsos
2686 2757 3063 2826 contempserit,
3109 2758 3201 2812 dic
3232 2759 3491 2816 Ecclesia.

1926 2839 2073 2904 Quod
2088 2841 2133 2894 si
2148 2840 2429 2896 Ecclesiam
2452 2848 2820 2914 contempserit,
2840 2848 2904 2902 sit
2931 2848 3018 2902 tibi
3044 2849 3175 2904 sicut
3203 2851 3427 2905 ethnicus
3449 2861 3498 2907 ct

1923 2929 2232 3001 publicanus.
2262 2931 2524 2988 Hodierna
2561 2934 2719 2991 etiam
2744 2936 2829 2992 die
2852 2938 2918 2992 ad
2946 2940 3113 3009 ipsam
3134 2956 3247 2995 rem
3274 2943 3500 3011 pertinet

1923 3024 2203 3093 Capitulum
2230 3025 2369 3095 quod
2411 3028 2662 3097 sequitur,
2693 3030 2834 3099 quod
2874 3031 3033 3087 modo
3073 3049 3192 3088 cum
3237 3035 3501 3099 legeretur

1924 3114 2235 3170 audivimus.
2260 3116 2389 3170 Cum
2411 3116 2553 3171 enim
2580 3117 2801 3174 dixisset
2820 3119 2920 3175 hoc
2946 3121 3197 3178 Dominus
3218 3124 3372 3180 .lesus
3400 3125 3501 3182 Pe—

1927 3213 2008 3261 tro
2023 3248 2037 3272 ,
2066 3206 2288 3277 subjecit
2311 3215 2365 3262 et
2393 3208 2734 3280 interrogavit
2756 3210 3059 3283 Magistrum
3079 3253 3094 3279 ,
3123 3216 3328 3285 quoties
3353 3216 3502 3286 igno-

1926 3308 2101 3355 sceret
2130 3298 2275 3354 fratri
2304 3299 2467 3371 quiin
2492 3300 2637 3356 illum
2660 3312 2960 3372 peccasset;
2990 3313 3043 3360 et
3063 3306 3305 3376 quaesivit
3324 3316 3499 3364 utrum

1927 3390 2196 3447 sufficeret
2222 3394 2438 3465 septies.
2466 3394 2757 3465 Respondit
2780 3396 2857 3450 illi
2878 3396 3131 3454 Dominus
3156 3416 3170 3452 :
3194 3398 3317 3455 Non
3335 3402 3501 3457 solum

1927 3484 2136 3554 septies,
2163 3484 2251 3538 sed
2285 3485 2435 3539 etiam
2475 3487 2756 3557 septuagies
2797 3489 2995 3557 septies.
3027 3490 3228 3547 Deinde
3270 3493 3504 3549 narravit

1928 3573 2323 3628 similitudinem
2356 3575 2507 3631 valde
2550 3575 2835 3631 terribilem
2874 3596 2888 3632 :
2919 3579 3041 3649 quia
3083 3581 3255 3637 simile
3295 3590 3378 3638 est
3412 3599 3502 3640 re-

1928 3678 2090 3734 gnum
2117 3666 2375 3720 cmlorum
2402 3666 2600 3721 homini
2642 3666 3038 3737 patrifamilias,
3068 3671 3157 3741 qui
3198 3673 3373 3742 posuit
3411 3688 3502 3729 ra-

1930 3758 2127 3813 tionem
2150 3772 2271 3812 cum
2297 3758 2462 3813 servis
2485 3758 2629 3825 suis;
2669 3758 2724 3814 in
2767 3759 2958 3831 quibus
2985 3759 3185 3818 invenit
3208 3762 3503 3820 debitorem

1930 3848 2113 3904 decem
2140 3849 2358 3903 millium
2382 3849 2716 3905 talentorum.
2740 3851 2946 3906 Etcum
2964 3852 3229 3922 jussisset,
3250 3863 3307 3909 ut
3326 3857 3505 3913 omnia

1932 3957 2049 4012 quae
2078 3941 2336 4009 habebat,
2362 3949 2415 3998 et
2443 3943 2615 3998 omnis
2638 3946 2753 4013 ejus
2780 3943 2975 3999 familia
2996 3986 3011 4012 ,
3051 3954 3106 4001 et
3151 3947 3263 4015 ipse
3298 3949 3498 4004 vende-

1931 4042 2097 4101 retur,
2112 4042 2167 4089 et
2181 4033 2415 4089 debitum
2438 4035 2749 4104 solveretur,
2772 4036 3047 4092 advolutus
3067 4038 3289 4107 genibus
3299 4039 3499 4095 domini

1934 4126 2052 4192 sui,
2084 4126 2300 4197 rogabat
2340 4142 2461 4182 eum
2506 4125 2843 4193 dilationem,
2881 4129 3072 4183 meruit
3110 4131 3502 4187 remissionem.

1937 4215 2178 4271 Misertus
2202 4224 2285 4271 est
2303 4216 2446 4271 enim
2468 4215 2714 4272 dominus
2736 4217 2851 4287 ejus
2869 4259 2883 4283 ,
2911 4217 3047 4273 sicut
3091 4219 3385 4276 audivimus
3403 4263 3418 4290 ,
3452 4227 3512 4277 et

1936 4324 2094 4363 omne
2121 4309 2356 4363 debitum
2397 4309 2594 4363 dimisit
2621 4309 2715 4363 illi.
2752 4310 2819 4363 At
2862 4310 2951 4364 ille
2990 4310 3170 4366 debito
3214 4312 3366 4377 liber,
3422 4313 3517 4369 sed

1936 4398 2224 4469 iniquitatis
2243 4413 2446 4465 servus,
2471 4407 2808 4469 posteaquam
2829 4414 3076 4471 egressus
3095 4410 3176 4457 est
3194 4417 3224 4456 a
3251 4402 3384 4457 facie
3421 4396 3519 4452 do-

1938 4492 2068 4547 mini
2112 4493 2226 4560 sui,
2272 4492 2475 4547 invenit
2515 4493 2673 4548 etiam
2718 4494 2830 4563 ipse
2874 4494 3167 4551 debitorem
3206 4511 3393 4563 suum,
3433 4492 3523 4562 qui

1940 4585 2193 4653 debebat,
2215 4601 2322 4641 non
2350 4586 2533 4642 decem
2562 4585 2727 4641 millia
2758 4587 3070 4643 talentorum
3092 4630 3106 4655 ,
3135 4598 3389 4659 quantum
3430 4590 3511 4661 ip—

1939 4681 2052 4735 sius
2078 4678 2311 4734 debitum
2342 4678 2469 4744 fuit,
2509 4679 2603 4733 sed
2645 4686 2855 4734 centum
2883 4680 3129 4736 denarios
3158 4697 3171 4733 :
3202 4681 3366 4751 erepit
3392 4696 3514 4737 eum

1944 4772 2255 4828 suﬂ‘ocatum
2279 4771 2490 4827 trahere
2519 4772 2561 4838 ⁸,
2586 4781 2640 4828 et
2665 4772 2842 4829 dicere
2862 4815 2875 4839 ,
2911 4773 3085 4828 Redde
3106 4774 3242 4842 quod
3259 4773 3425 4828 debes.
3450 4774 3514 4829 At

1944 4864 2033 4919 ille
2053 4864 2270 4934 rogabat
2291 4877 2602 4918 conservum
2626 4903 2640 4929 ,
2673 4863 2808 4918 sicut
2827 4872 2881 4919 et
2915 4864 3027 4933 ipse
3056 4873 3328 4933 rogaverat
3347 4863 3519 4918 domi-

1945 4972 2073 5011 num
2102 4974 2114 5010 :
2143 4955 2237 5011 sed
2268 4971 2372 5011 non
2402 4955 2560 5011 talem
2588 4955 2687 5012 iste
2711 4956 2908 5012 invenit
2936 4970 3252 5011 conservum
3273 4996 3289 5023 ,
3312 4956 3519 5026 qualem

2013 5136 2147 5182 1Am.
2169 5140 2220 5183 et
2233 5138 2328 5191 En,
2340 5136 2389 5194 et
2405 5131 2565 5194 fructu
2579 5142 2725 5194 arcte.
2741 5136 2927 5190 bov.,et
2940 5143 3003 5180 ea:
3024 5129 3185 5194 [ructu
3206 5140 3350 5179 mete.
3364 5127 3527 5194 Flor-tm

1949 5197 1998 5245 in
2024 5196 2232 5253 excusis,
2256 5199 2303 5244 et
2322 5191 2570 5257 ﬂuctuare.
2597 5192 2765 5257 Plures
2790 5201 2914 5251 Mss,
2946 5198 2991 5242 et
3027 5191 3238 5254 fructum
3258 5203 3404 5243 arcte.
3435 5192 3529 5243 sed

1950 5258 2128 5306 melius
2149 5254 2359 5319 quidam,
2383 5261 2428 5305 et
2450 5256 2643 5319 frugum
2664 5254 2713 5305 in
2735 5267 2864 5319 area.

2016 5322 2035 5351 ³
2060 5316 2282 5377 Μεεξδιὶὶ,
2306 5316 2503 5381 peccata
2527 5316 2726 5381 nostra;
2760 5316 2839 5365 alii
2861 5329 2970 5367 cum
2988 5322 3087 5365 Am.
3130 5321 3182 5366 et
3202 5320 3297 5376 rm,
3335 5322 3531 5379 peccata

1953 5387 2249 5441 nostrorum;
2272 5379 2449 5442 omissa
2466 5393 2603 5438 voce,
2628 5379 2849 5442 fratrum.

1954 5445 2039 5556 he'
2070 5450 2169 5492 Am.
2194 5439 2268 5491 Er.
2296 5451 2347 5492 et
2370 5440 2591 5504 plerique
2614 5439 2740 5501 Mss,
2759 5440 2903 5503 carpit
2924 5453 3031 5490 cum
3047 5439 3099 5491 in
3124 5440 3406 5505 suffocath
3430 5443 3531 5489 ira.

2016 5519 2085 5556 re.

2016 5519 2085 5557 re.

2018 5590 2037 5607 ‘
2057 5590 2335 5638 uecensitus
2367 5586 2428 5650 ad
2463 5599 2632 5650 omnes
2670 5586 2860 5636 codices
2902 5589 3107 5650 scriptos
3129 5597 3180 5640 et
3201 5599 3410 5643 excuses
3429 5597 3534 5641 serv

1956 5664 2099 5701 mone
2123 5649 2417 5712 praecedenti
2442 5647 2582 5697 modo
2604 5647 2896 5710 designatos.
2932 5647 2943 5649 ⁷’
2998 5647 3011 5650 “
3363 5650 3368 5655 ”

2021 5735 2093 5799 (a)
2117 5735 2255 5798 Alias,
2281 5734 2345 5784 de
2370 5732 2538 5785 verbis
2559 5732 2741 5784 Domini
2774 5733 2847 5801 15.
