  <div class='ocr_page' id='page_1' title='image "/cluster/home/n/w/nwhite01/storage/ocr_20150623/38/hvd.32044015706294/263.png"; bbox 0 0 3980 6438; ppageno 0'>
   <div class='ocr_carea' id='block_1_1' title="bbox 543 508 2124 607">
    <p class='ocr_par' dir='ltr' id='par_1_1' title="bbox 543 508 2124 607">
     <span class='ocr_line' id='line_1_1' title="bbox 543 508 2124 607; baseline -0.011 -15"><span class='ocrx_word' id='word_1_1' title='bbox 543 522 631 592; x_wconf 58' lang='lat' dir='ltr'><strong>die</strong></span> <span class='ocrx_word' id='word_1_2' title='bbox 655 522 947 590; x_wconf 62' lang='lat' dir='ltr'><strong>mutuum.</strong></span> <span class='ocrx_word' id='word_1_3' title='bbox 976 526 1094 586; x_wconf 82' lang='lat' dir='ltr'><strong>Non</strong></span> <span class='ocrx_word' id='word_1_4' title='bbox 1137 508 1307 583; x_wconf 72' lang='lat' dir='ltr'><strong>solum</strong></span> <span class='ocrx_word' id='word_1_5' title='bbox 1342 518 1623 607; x_wconf 74' lang='lat' dir='ltr'><strong>remittere</strong></span> <span class='ocrx_word' id='word_1_6' title='bbox 1652 510 1727 578; x_wconf 85' lang='lat' dir='ltr'><strong>illi</strong></span> <span class='ocrx_word' id='word_1_7' title='bbox 1753 518 1990 578; x_wconf 90' lang='lat' dir='ltr'><strong>debitum</strong></span> <span class='ocrx_word' id='word_1_8' title='bbox 2027 534 2124 576; x_wconf 78' lang='lat' dir='ltr'><strong>no-</strong></span> 
     </span>
    </p>
   </div>
   <div class='ocr_carea' id='block_1_2' title="bbox 536 606 2126 686">
    <p class='ocr_par' dir='ltr' id='par_1_2' title="bbox 536 606 2126 686">
     <span class='ocr_line' id='line_1_2' title="bbox 536 606 2126 686; baseline -0.012 -1"><span class='ocrx_word' id='word_1_9' title='bbox 536 620 638 686; x_wconf 80' lang='grc' dir='ltr'><strong>ιιιιι</strong></span> <span class='ocrx_word' id='word_1_10' title='bbox 669 643 682 682; x_wconf 90' lang='lat'><strong>:</strong></span> <span class='ocrx_word' id='word_1_11' title='bbox 715 622 811 681; x_wconf 85' lang='lat' dir='ltr'><strong>sed</strong></span> <span class='ocrx_word' id='word_1_12' title='bbox 839 628 937 680; x_wconf 86' lang='lat' dir='ltr'><strong>nec</strong></span> <span class='ocrx_word' id='word_1_13' title='bbox 963 612 1270 678; x_wconf 86' lang='lat' dir='ltr'><strong>dilationem</strong></span> <span class='ocrx_word' id='word_1_14' title='bbox 1310 606 1474 674; x_wconf 82' lang='lat' dir='ltr'><strong>dedit.</strong></span> <span class='ocrx_word' id='word_1_15' title='bbox 1522 606 1836 672; x_wconf 86' lang='lat' dir='ltr'><strong>Contortum</strong></span> <span class='ocrx_word' id='word_1_16' title='bbox 1883 610 2126 683; x_wconf 79' lang='lat' dir='ltr'><strong>rapiebat</strong></span> 
     </span>
    </p>
   </div>
   <div class='ocr_carea' id='block_1_3' title="bbox 541 702 2127 784">
    <p class='ocr_par' dir='ltr' id='par_1_3' title="bbox 541 702 2127 784">
     <span class='ocr_line' id='line_1_3' title="bbox 541 702 2127 784; baseline -0.009 -10"><span class='ocrx_word' id='word_1_17' title='bbox 541 715 616 775; x_wconf 82' lang='lat' dir='ltr'><strong>ad</strong></span> <span class='ocrx_word' id='word_1_18' title='bbox 665 706 1018 782; x_wconf 71' lang='lat' dir='ltr'><strong>solutionem,</strong></span> <span class='ocrx_word' id='word_1_19' title='bbox 1060 710 1172 784; x_wconf 87' lang='lat' dir='ltr'><strong>jam</strong></span> <span class='ocrx_word' id='word_1_20' title='bbox 1210 705 1388 765; x_wconf 87' lang='lat' dir='ltr'><strong>debito</strong></span> <span class='ocrx_word' id='word_1_21' title='bbox 1434 709 1701 764; x_wconf 88' lang='lat' dir='ltr'><strong>dominico</strong></span> <span class='ocrx_word' id='word_1_22' title='bbox 1749 706 1901 761; x_wconf 90' lang='lat' dir='ltr'><strong>liber.</strong></span> <span class='ocrx_word' id='word_1_23' title='bbox 1936 702 2127 776; x_wconf 81' lang='lat' dir='ltr'><strong>Displi-</strong></span> 
     </span>
    </p>
   </div>
   <div class='ocr_carea' id='block_1_4' title="bbox 540 794 2126 871">
    <p class='ocr_par' dir='ltr' id='par_1_4' title="bbox 540 794 2126 871">
     <span class='ocr_line' id='line_1_4' title="bbox 540 794 2126 871; baseline -0.008 -7"><span class='ocrx_word' id='word_1_24' title='bbox 540 804 651 865; x_wconf 71' lang='lat' dir='ltr'><strong>sun</strong></span> <span class='ocrx_word' id='word_1_25' title='bbox 691 794 996 871; x_wconf 69' lang='lat' dir='ltr'><strong>conservis;</strong></span> <span class='ocrx_word' id='word_1_26' title='bbox 1045 806 1100 859; x_wconf 83' lang='lat' dir='ltr'><strong>et</strong></span> <span class='ocrx_word' id='word_1_27' title='bbox 1148 802 1589 858; x_wconf 88' lang='lat' dir='ltr'><strong>renuntiaverunt</strong></span> <span class='ocrx_word' id='word_1_28' title='bbox 1617 794 1834 855; x_wconf 91' lang='lat' dir='ltr'><strong>domino</strong></span> <span class='ocrx_word' id='word_1_29' title='bbox 1863 814 1959 854; x_wconf 87' lang='lat' dir='ltr'><strong>suo</strong></span> <span class='ocrx_word' id='word_1_30' title='bbox 2001 794 2126 868; x_wconf 87' lang='lat' dir='ltr'><strong>quid</strong></span> 
     </span>
    </p>
   </div>
   <div class='ocr_carea' id='block_1_5' title="bbox 536 890 2127 958">
    <p class='ocr_par' dir='ltr' id='par_1_5' title="bbox 536 890 2127 958">
     <span class='ocr_line' id='line_1_5' title="bbox 536 890 2127 958; baseline -0.006 -3"><span class='ocrx_word' id='word_1_31' title='bbox 536 898 716 956; x_wconf 64' lang='lat' dir='ltr'><strong>iclum</strong></span> <span class='ocrx_word' id='word_1_32' title='bbox 757 898 903 954; x_wconf 67' lang='lat' dir='ltr'><strong>esset</strong></span> <span class='ocrx_word' id='word_1_33' title='bbox 941 908 958 950; x_wconf 88' lang='lat'><strong>:</strong></span> <span class='ocrx_word' id='word_1_34' title='bbox 1001 898 1059 952; x_wconf 79' lang='lat' dir='ltr'><strong>et</strong></span> <span class='ocrx_word' id='word_1_35' title='bbox 1093 892 1338 949; x_wconf 88' lang='lat' dir='ltr'><strong>dominus</strong></span> <span class='ocrx_word' id='word_1_36' title='bbox 1378 890 1505 948; x_wconf 82' lang='lat' dir='ltr'><strong>fecit</strong></span> <span class='ocrx_word' id='word_1_37' title='bbox 1549 890 1737 948; x_wconf 81' lang='lat' dir='ltr'><strong>adesse</strong></span> <span class='ocrx_word' id='word_1_38' title='bbox 1781 906 2021 958; x_wconf 87' lang='lat' dir='ltr'><strong>servum,</strong></span> <span class='ocrx_word' id='word_1_39' title='bbox 2071 897 2127 945; x_wconf 88' lang='lat' dir='ltr'><strong>et</strong></span> 
     </span>
    </p>
   </div>
   <div class='ocr_carea' id='block_1_6' title="bbox 545 972 2124 1057">
    <p class='ocr_par' dir='ltr' id='par_1_6' title="bbox 545 972 2124 1057">
     <span class='ocr_line' id='line_1_6' title="bbox 545 972 2124 1057; baseline -0.006 -13"><span class='ocrx_word' id='word_1_40' title='bbox 545 982 671 1045; x_wconf 73' lang='grc' dir='ltr'><strong>ιιχιι</strong></span> <span class='ocrx_word' id='word_1_41' title='bbox 694 974 775 1055; x_wconf 85' lang='lat' dir='ltr'><strong>ei,</strong></span> <span class='ocrx_word' id='word_1_42' title='bbox 810 976 969 1045; x_wconf 74' lang='lat' dir='ltr'><strong>Serve</strong></span> <span class='ocrx_word' id='word_1_43' title='bbox 987 1000 1202 1057; x_wconf 83' lang='lat' dir='ltr'><strong>nequam</strong></span> <span class='ocrx_word' id='word_1_44' title='bbox 1224 1026 1238 1049; x_wconf 94' lang='lat'><strong>,</strong></span> <span class='ocrx_word' id='word_1_45' title='bbox 1261 993 1383 1040; x_wconf 81' lang='lat' dir='ltr'><strong>Cum</strong></span> <span class='ocrx_word' id='word_1_46' title='bbox 1410 982 1538 1039; x_wconf 86' lang='lat' dir='ltr'><strong>mihi</strong></span> <span class='ocrx_word' id='word_1_47' title='bbox 1568 992 1710 1039; x_wconf 88' lang='lat' dir='ltr'><strong>tanta</strong></span> <span class='ocrx_word' id='word_1_48' title='bbox 1735 972 1957 1038; x_wconf 80' lang='lat' dir='ltr'>deberes</span> <span class='ocrx_word' id='word_1_49' title='bbox 1976 1023 1992 1050; x_wconf 92' lang='lat'><strong>,</strong></span> <span class='ocrx_word' id='word_1_50' title='bbox 2023 974 2124 1036; x_wconf 89' lang='lat' dir='ltr'><strong>mi-</strong></span> 
     </span>
    </p>
   </div>
   <div class='ocr_carea' id='block_1_7' title="bbox 533 1072 2122 1153">
    <p class='ocr_par' dir='ltr' id='par_1_7' title="bbox 533 1072 2122 1153">
     <span class='ocr_line' id='line_1_7' title="bbox 533 1072 2122 1153; baseline -0.008 -15"><span class='ocrx_word' id='word_1_51' title='bbox 533 1082 713 1139; x_wconf 51' lang='lat' dir='ltr'><strong>litum</strong></span> <span class='ocrx_word' id='word_1_52' title='bbox 749 1072 859 1145; x_wconf 86' lang='lat' dir='ltr'><strong>tul,</strong></span> <span class='ocrx_word' id='word_1_53' title='bbox 889 1076 1058 1133; x_wconf 78' lang='lat' dir='ltr'><strong>omnia</strong></span> <span class='ocrx_word' id='word_1_54' title='bbox 1097 1072 1265 1131; x_wconf 73' lang='lat' dir='ltr'><strong>dimisi</strong></span> <span class='ocrx_word' id='word_1_55' title='bbox 1288 1075 1408 1140; x_wconf 86' lang='lat' dir='ltr'><strong>tibi;</strong></span> <span class='ocrx_word' id='word_1_56' title='bbox 1436 1084 1600 1130; x_wconf 81' lang='lat' dir='ltr'><strong>nonne</strong></span> <span class='ocrx_word' id='word_1_57' title='bbox 1628 1092 1743 1153; x_wconf 85' lang='lat' dir='ltr'><strong>ergo</strong></span> <span class='ocrx_word' id='word_1_58' title='bbox 1773 1084 1819 1128; x_wconf 87' lang='lat' dir='ltr'><strong>et</strong></span> <span class='ocrx_word' id='word_1_59' title='bbox 1850 1085 1897 1127; x_wconf 89' lang='lat' dir='ltr'><strong>te</strong></span> <span class='ocrx_word' id='word_1_60' title='bbox 1923 1081 2122 1144; x_wconf 84' lang='lat' dir='ltr'><strong>oporte-</strong></span> 
     </span>
    </p>
   </div>
   <div class='ocr_carea' id='block_1_8' title="bbox 547 1162 2124 1238">
    <p class='ocr_par' dir='ltr' id='par_1_8' title="bbox 547 1162 2124 1238">
     <span class='ocr_line' id='line_1_8' title="bbox 547 1162 2124 1238; baseline -0.006 -11"><span class='ocrx_word' id='word_1_61' title='bbox 547 1166 630 1228; x_wconf 72' lang='lat' dir='ltr'><strong>bur</strong></span> <span class='ocrx_word' id='word_1_62' title='bbox 657 1166 885 1227; x_wconf 68' lang='lat' dir='ltr'><strong>misereri</strong></span> <span class='ocrx_word' id='word_1_63' title='bbox 911 1166 1136 1225; x_wconf 77' lang='lat' dir='ltr'><strong>conservi</strong></span> <span class='ocrx_word' id='word_1_64' title='bbox 1155 1162 1226 1222; x_wconf 78' lang='lat' dir='ltr'><strong>tui</strong></span> <span class='ocrx_word' id='word_1_65' title='bbox 1241 1210 1255 1233; x_wconf 92' lang='lat'><strong>,</strong></span> <span class='ocrx_word' id='word_1_66' title='bbox 1278 1162 1404 1222; x_wconf 88' lang='lat' dir='ltr'><strong>sicut</strong></span> <span class='ocrx_word' id='word_1_67' title='bbox 1425 1177 1471 1220; x_wconf 88' lang='lat' dir='ltr'><strong>et</strong></span> <span class='ocrx_word' id='word_1_68' title='bbox 1500 1182 1588 1238; x_wconf 88' lang='lat' dir='ltr'><strong>ego</strong></span> <span class='ocrx_word' id='word_1_69' title='bbox 1616 1166 1689 1219; x_wconf 86' lang='lat' dir='ltr'><strong>tui</strong></span> <span class='ocrx_word' id='word_1_70' title='bbox 1715 1166 1945 1219; x_wconf 75' lang='lat' dir='ltr'><strong>misertus</strong></span> <span class='ocrx_word' id='word_1_71' title='bbox 1968 1180 2080 1218; x_wconf 81' lang='lat' dir='ltr'><strong>sum</strong></span> <span class='ocrx_word' id='word_1_72' title='bbox 2097 1164 2124 1218; x_wconf 80' lang='lat'><strong><em>?</em></strong></span> 
     </span>
    </p>
   </div>
   <div class='ocr_carea' id='block_1_9' title="bbox 540 1254 1786 1336">
    <p class='ocr_par' dir='ltr' id='par_1_9' title="bbox 540 1254 1786 1336">
     <span class='ocr_line' id='line_1_9' title="bbox 540 1254 1786 1336; baseline -0.007 -14"><span class='ocrx_word' id='word_1_73' title='bbox 540 1256 607 1322; x_wconf 73' lang='lat' dir='ltr'><strong>Et</strong></span> <span class='ocrx_word' id='word_1_74' title='bbox 629 1264 785 1336; x_wconf 80' lang='lat' dir='ltr'><strong>jussit</strong></span> <span class='ocrx_word' id='word_1_75' title='bbox 812 1264 985 1318; x_wconf 81' lang='lat' dir='ltr'><strong>omnia</strong></span> <span class='ocrx_word' id='word_1_76' title='bbox 1006 1305 1020 1330; x_wconf 93' lang='lat'><strong>,</strong></span> <span class='ocrx_word' id='word_1_77' title='bbox 1046 1277 1162 1333; x_wconf 80' lang='lat' dir='ltr'><strong>quae</strong></span> <span class='ocrx_word' id='word_1_78' title='bbox 1190 1261 1264 1316; x_wconf 84' lang='lat' dir='ltr'><strong>illi</strong></span> <span class='ocrx_word' id='word_1_79' title='bbox 1293 1254 1600 1333; x_wconf 85' lang='lat' dir='ltr'><strong>dimiserat,</strong></span> <span class='ocrx_word' id='word_1_80' title='bbox 1627 1256 1786 1331; x_wconf 84' lang='lat' dir='ltr'><strong>exigi.</strong></span> 
     </span>
    </p>
   </div>
   <div class='ocr_carea' id='block_1_10' title="bbox 609 1342 2123 1417">
    <p class='ocr_par' dir='ltr' id='par_1_10' title="bbox 609 1342 2123 1417">
     <span class='ocr_line' id='line_1_10' title="bbox 609 1342 2123 1417; baseline -0.005 -5"><span class='ocrx_word' id='word_1_81' title='bbox 609 1346 835 1412; x_wconf 75' lang='lat' dir='ltr'><strong>CAPUT</strong></span> <span class='ocrx_word' id='word_1_82' title='bbox 872 1348 935 1409; x_wconf 80' lang='lat' dir='ltr'><strong>ll.</strong></span> <span class='ocrx_word' id='word_1_83' title='bbox 968 1383 1036 1394; x_wconf 88' lang='lat'><strong><em>-—</em></strong></span> <span class='ocrx_word' id='word_1_84' title='bbox 1080 1351 1132 1406; x_wconf 73' lang='grc'><strong>2.</strong></span> <span class='ocrx_word' id='word_1_85' title='bbox 1166 1346 1340 1406; x_wconf 82' lang='lat' dir='ltr'><strong>Umuis</strong></span> <span class='ocrx_word' id='word_1_86' title='bbox 1381 1355 1529 1405; x_wconf 82' lang='lat' dir='ltr'><strong>homo</strong></span> <span class='ocrx_word' id='word_1_87' title='bbox 1569 1348 1759 1404; x_wconf 82' lang='lat' dir='ltr'><strong>debitor</strong></span> <span class='ocrx_word' id='word_1_88' title='bbox 1797 1342 1897 1405; x_wconf 85' lang='lat' dir='ltr'><strong>Dei</strong></span> <span class='ocrx_word' id='word_1_89' title='bbox 1935 1360 2006 1404; x_wconf 86' lang='lat' dir='ltr'><strong>est</strong></span> <span class='ocrx_word' id='word_1_90' title='bbox 2029 1392 2044 1417; x_wconf 92' lang='lat'><strong>,</strong></span> <span class='ocrx_word' id='word_1_91' title='bbox 2075 1359 2123 1405; x_wconf 83' lang='lat' dir='ltr'><strong>et</strong></span> 
     </span>
    </p>
   </div>
   <div class='ocr_carea' id='block_1_11' title="bbox 536 1436 2123 1515">
    <p class='ocr_par' dir='ltr' id='par_1_11' title="bbox 536 1436 2123 1515">
     <span class='ocr_line' id='line_1_11' title="bbox 536 1436 2123 1515; baseline -0.005 -12"><span class='ocrx_word' id='word_1_92' title='bbox 536 1439 809 1503; x_wconf 65' lang='lat' dir='ltr'><strong>debitorem</strong></span> <span class='ocrx_word' id='word_1_93' title='bbox 839 1438 985 1498; x_wconf 76' lang='lat' dir='ltr'><strong>habet</strong></span> <span class='ocrx_word' id='word_1_94' title='bbox 1009 1444 1235 1515; x_wconf 58' lang='lat' dir='ltr'><strong>fratrem.</strong></span> <span class='ocrx_word' id='word_1_95' title='bbox 1266 1436 1629 1497; x_wconf 67' lang='lat' dir='ltr'><strong>Mimicordicc</strong></span> <span class='ocrx_word' id='word_1_96' title='bbox 1647 1457 1798 1513; x_wconf 83' lang='lat' dir='ltr'><strong>Opera</strong></span> <span class='ocrx_word' id='word_1_97' title='bbox 1824 1441 1942 1494; x_wconf 87' lang='lat' dir='ltr'><strong>duo.</strong></span> <span class='ocrx_word' id='word_1_98' title='bbox 1976 1440 2123 1495; x_wconf 77' lang='lat' dir='ltr'><strong>Men-</strong></span> 
     </span>
    </p>
   </div>
   <div class='ocr_carea' id='block_1_12' title="bbox 539 1530 2125 1607">
    <p class='ocr_par' dir='ltr' id='par_1_12' title="bbox 539 1530 2125 1607">
     <span class='ocr_line' id='line_1_12' title="bbox 539 1530 2125 1607; baseline -0.005 -13"><span class='ocrx_word' id='word_1_99' title='bbox 685 1530 782 1592; x_wconf 61' lang='grc' dir='ltr'><strong>ὕει</strong></span> <span class='ocrx_word' id='word_1_100' title='bbox 818 1542 1008 1592; x_wconf 81' lang='lat' dir='ltr'><strong>sumus.</strong></span> <span class='ocrx_word' id='word_1_101' title='bbox 1078 1532 1219 1607; x_wconf 83' lang='lat' dir='ltr'><strong>Ergo</strong></span> <span class='ocrx_word' id='word_1_102' title='bbox 1267 1534 1402 1589; x_wconf 87' lang='lat' dir='ltr'><strong>hanc</strong></span> <span class='ocrx_word' id='word_1_103' title='bbox 1458 1533 1853 1588; x_wconf 76' lang='lat' dir='ltr'><strong>similitudinem</strong></span> <span class='ocrx_word' id='word_1_104' title='bbox 1908 1532 1975 1587; x_wconf 90' lang='lat' dir='ltr'><strong>ad</strong></span> <span class='ocrx_word' id='word_1_105' title='bbox 2027 1546 2125 1587; x_wconf 91' lang='lat' dir='ltr'><strong>no-</strong></span> 
     </span>
    </p>
   </div>
   <div class='ocr_carea' id='block_1_13' title="bbox 541 1623 2116 1696">
    <p class='ocr_par' dir='ltr' id='par_1_13' title="bbox 541 1623 2116 1696">
     <span class='ocr_line' id='line_1_13' title="bbox 541 1623 2116 1696; baseline -0.006 -8"><span class='ocrx_word' id='word_1_106' title='bbox 541 1630 709 1689; x_wconf 74' lang='lat' dir='ltr'><strong>suam</strong></span> <span class='ocrx_word' id='word_1_107' title='bbox 737 1628 1136 1686; x_wconf 72' lang='lat' dir='ltr'><strong>i’nstrumionem</strong></span> <span class='ocrx_word' id='word_1_108' title='bbox 1168 1624 1457 1696; x_wconf 72' lang='lat' dir='ltr'><strong>proposuit,</strong></span> <span class='ocrx_word' id='word_1_109' title='bbox 1488 1635 1541 1681; x_wconf 86' lang='lat' dir='ltr'><strong>et</strong></span> <span class='ocrx_word' id='word_1_110' title='bbox 1568 1623 1904 1679; x_wconf 80' lang='lat' dir='ltr'><strong>admonendo</strong></span> <span class='ocrx_word' id='word_1_111' title='bbox 1938 1624 2116 1696; x_wconf 86' lang='lat' dir='ltr'><strong>perire</strong></span> 
     </span>
    </p>
   </div>
   <div class='ocr_carea' id='block_1_14' title="bbox 538 1710 2123 1789">
    <p class='ocr_par' dir='ltr' id='par_1_14' title="bbox 538 1710 2123 1789">
     <span class='ocr_line' id='line_1_14' title="bbox 538 1710 2123 1789; baseline -0.004 -11"><span class='ocrx_word' id='word_1_112' title='bbox 538 1720 645 1778; x_wconf 68' lang='lat' dir='ltr'><strong>nos</strong></span> <span class='ocrx_word' id='word_1_113' title='bbox 665 1710 856 1777; x_wconf 71' lang='lat' dir='ltr'><strong>b‘Ol&#39;tiit.</strong></span> <span class='ocrx_word' id='word_1_114' title='bbox 890 1719 979 1776; x_wconf 82' lang='lat' dir='ltr'><strong>Sic</strong></span> <span class='ocrx_word' id='word_1_115' title='bbox 1000 1762 1014 1787; x_wconf 90' lang='lat'><strong>,</strong></span> <span class='ocrx_word' id='word_1_116' title='bbox 1045 1714 1232 1789; x_wconf 76' lang='lat' dir='ltr'><strong>inquit,</strong></span> <span class='ocrx_word' id='word_1_117' title='bbox 1261 1724 1305 1772; x_wconf 88' lang='lat' dir='ltr'><strong>et</strong></span> <span class='ocrx_word' id='word_1_118' title='bbox 1328 1717 1456 1772; x_wconf 85' lang='lat' dir='ltr'><strong>vobis</strong></span> <span class='ocrx_word' id='word_1_119' title='bbox 1485 1718 1635 1787; x_wconf 80' lang='lat' dir='ltr'><strong>faciet</strong></span> <span class='ocrx_word' id='word_1_120' title='bbox 1664 1715 1818 1770; x_wconf 84' lang='lat' dir='ltr'><strong>Pater</strong></span> <span class='ocrx_word' id='word_1_121' title='bbox 1845 1726 1999 1771; x_wconf 78' lang='lat' dir='ltr'><strong>vester</strong></span> <span class='ocrx_word' id='word_1_122' title='bbox 2025 1732 2123 1771; x_wconf 73' lang='lat' dir='ltr'><strong>cae-</strong></span> 
     </span>
    </p>
   </div>
   <div class='ocr_carea' id='block_1_15' title="bbox 541 1804 2121 1880">
    <p class='ocr_par' dir='ltr' id='par_1_15' title="bbox 541 1804 2121 1880">
     <span class='ocr_line' id='line_1_15' title="bbox 541 1804 2121 1880; baseline -0.005 -13"><span class='ocrx_word' id='word_1_123' title='bbox 541 1804 711 1880; x_wconf 79' lang='lat' dir='ltr'><strong>lestis,</strong></span> <span class='ocrx_word' id='word_1_124' title='bbox 742 1812 787 1865; x_wconf 85' lang='lat' dir='ltr'><strong>si</strong></span> <span class='ocrx_word' id='word_1_125' title='bbox 807 1826 910 1864; x_wconf 88' lang='lat' dir='ltr'><strong>non</strong></span> <span class='ocrx_word' id='word_1_126' title='bbox 937 1809 1224 1864; x_wconf 83' lang='lat' dir='ltr'><strong>remiseritis</strong></span> <span class='ocrx_word' id='word_1_127' title='bbox 1251 1809 1587 1878; x_wconf 76' lang='lat' dir='ltr'><strong>unusquisque</strong></span> <span class='ocrx_word' id='word_1_128' title='bbox 1616 1816 1831 1861; x_wconf 83' lang='lat' dir='ltr'><strong>uestrum</strong></span> <span class='ocrx_word' id='word_1_129' title='bbox 1853 1804 1997 1876; x_wconf 75' lang='lat' dir='ltr'><strong>fratri</strong></span> <span class='ocrx_word' id='word_1_130' title='bbox 2030 1822 2121 1860; x_wconf 88' lang='lat' dir='ltr'><strong>suo</strong></span> 
     </span>
    </p>
   </div>
   <div class='ocr_carea' id='block_1_16' title="bbox 536 1890 2105 1967">
    <p class='ocr_par' dir='ltr' id='par_1_16' title="bbox 536 1890 2105 1967">
     <span class='ocr_line' id='line_1_16' title="bbox 536 1890 2105 1967; baseline -0.003 -11"><span class='ocrx_word' id='word_1_131' title='bbox 536 1917 600 1957; x_wconf 65' lang='lat' dir='ltr'><strong>ex</strong></span> <span class='ocrx_word' id='word_1_132' title='bbox 628 1901 859 1956; x_wconf 87' lang='lat' dir='ltr'><strong>cordibus</strong></span> <span class='ocrx_word' id='word_1_133' title='bbox 883 1900 1057 1954; x_wconf 83' lang='lat' dir='ltr'><strong>vestris</strong></span> <span class='ocrx_word' id='word_1_134' title='bbox 1088 1899 1126 1952; x_wconf 85' lang='grc'><strong>¹.</strong></span> <span class='ocrx_word' id='word_1_135' title='bbox 1160 1894 1317 1962; x_wconf 81' lang='lat' dir='ltr'><strong>Ecce,</strong></span> <span class='ocrx_word' id='word_1_136' title='bbox 1349 1890 1560 1965; x_wconf 79' lang='lat' dir='ltr'><strong>fratres,</strong></span> <span class='ocrx_word' id='word_1_137' title='bbox 1592 1908 1680 1953; x_wconf 86' lang='lat' dir='ltr'><strong>res</strong></span> <span class='ocrx_word' id='word_1_138' title='bbox 1711 1896 1766 1951; x_wconf 87' lang='lat' dir='ltr'><strong>in</strong></span> <span class='ocrx_word' id='word_1_139' title='bbox 1791 1906 1976 1967; x_wconf 89' lang='lat' dir='ltr'><strong>aperto</strong></span> <span class='ocrx_word' id='word_1_140' title='bbox 2002 1906 2105 1964; x_wconf 89' lang='lat' dir='ltr'><strong>est,</strong></span> 
     </span>
    </p>
   </div>
   <div class='ocr_carea' id='block_1_17' title="bbox 537 1982 2121 2056">
    <p class='ocr_par' dir='ltr' id='par_1_17' title="bbox 537 1982 2121 2056">
     <span class='ocr_line' id='line_1_17' title="bbox 537 1982 2121 2056; baseline -0.003 -9"><span class='ocrx_word' id='word_1_141' title='bbox 537 1991 829 2048; x_wconf 74' lang='lat' dir='ltr'><strong>admonitio</strong></span> <span class='ocrx_word' id='word_1_142' title='bbox 857 1991 1040 2056; x_wconf 83' lang='lat' dir='ltr'><strong>utilis;</strong></span> <span class='ocrx_word' id='word_1_143' title='bbox 1078 1999 1136 2045; x_wconf 87' lang='lat' dir='ltr'><strong>et</strong></span> <span class='ocrx_word' id='word_1_144' title='bbox 1162 1989 1316 2045; x_wconf 85' lang='lat' dir='ltr'><strong>valde</strong></span> <span class='ocrx_word' id='word_1_145' title='bbox 1353 1989 1578 2044; x_wconf 76' lang='lat' dir='ltr'><strong>salubris</strong></span> <span class='ocrx_word' id='word_1_146' title='bbox 1608 1984 1910 2043; x_wconf 82' lang='lat' dir='ltr'><strong>obedientia</strong></span> <span class='ocrx_word' id='word_1_147' title='bbox 1958 1982 2121 2042; x_wconf 89' lang='lat' dir='ltr'><strong>debe-</strong></span> 
     </span>
    </p>
   </div>
   <div class='ocr_carea' id='block_1_18' title="bbox 538 2078 2121 2154">
    <p class='ocr_par' dir='ltr' id='par_1_18' title="bbox 538 2078 2121 2154">
     <span class='ocr_line' id='line_1_18' title="bbox 538 2078 2121 2154; baseline -0.003 -16"><span class='ocrx_word' id='word_1_148' title='bbox 538 2091 645 2149; x_wconf 91' lang='lat' dir='ltr'><strong>tur,</strong></span> <span class='ocrx_word' id='word_1_149' title='bbox 669 2092 729 2139; x_wconf 92' lang='lat' dir='ltr'><strong>ut</strong></span> <span class='ocrx_word' id='word_1_150' title='bbox 751 2082 890 2154; x_wconf 79' lang='lat' dir='ltr'><strong>quod</strong></span> <span class='ocrx_word' id='word_1_151' title='bbox 921 2082 1131 2153; x_wconf 69' lang='lat' dir='ltr'><strong>iussum</strong></span> <span class='ocrx_word' id='word_1_152' title='bbox 1160 2087 1245 2137; x_wconf 84' lang='lat' dir='ltr'><strong>est</strong></span> <span class='ocrx_word' id='word_1_153' title='bbox 1268 2080 1564 2150; x_wconf 77' lang='lat' dir='ltr'><strong>impleatur.</strong></span> <span class='ocrx_word' id='word_1_154' title='bbox 1609 2079 1741 2148; x_wconf 86' lang='lat' dir='ltr'><strong>Quia</strong></span> <span class='ocrx_word' id='word_1_155' title='bbox 1769 2080 1938 2134; x_wconf 89' lang='lat' dir='ltr'><strong>omnis</strong></span> <span class='ocrx_word' id='word_1_156' title='bbox 1961 2078 2121 2133; x_wconf 86' lang='lat' dir='ltr'><strong>homo</strong></span> 
     </span>
    </p>
   </div>
   <div class='ocr_carea' id='block_1_19' title="bbox 535 2170 2116 2237">
    <p class='ocr_par' dir='ltr' id='par_1_19' title="bbox 535 2170 2116 2237">
     <span class='ocr_line' id='line_1_19' title="bbox 535 2170 2116 2237; baseline -0.006 -6"><span class='ocrx_word' id='word_1_157' title='bbox 535 2184 591 2231; x_wconf 89' lang='lat' dir='ltr'><strong>et</strong></span> <span class='ocrx_word' id='word_1_158' title='bbox 615 2174 824 2231; x_wconf 79' lang='lat' dir='ltr'><strong>debitor</strong></span> <span class='ocrx_word' id='word_1_159' title='bbox 846 2182 929 2230; x_wconf 88' lang='lat' dir='ltr'><strong>est</strong></span> <span class='ocrx_word' id='word_1_160' title='bbox 949 2173 1041 2228; x_wconf 86' lang='lat' dir='ltr'><strong>Dei</strong></span> <span class='ocrx_word' id='word_1_161' title='bbox 1062 2212 1076 2237; x_wconf 93' lang='lat'><strong>,</strong></span> <span class='ocrx_word' id='word_1_162' title='bbox 1109 2181 1164 2228; x_wconf 81' lang='lat' dir='ltr'><strong>et</strong></span> <span class='ocrx_word' id='word_1_163' title='bbox 1189 2171 1485 2226; x_wconf 79' lang='lat' dir='ltr'><strong>debitorem</strong></span> <span class='ocrx_word' id='word_1_164' title='bbox 1510 2170 1673 2226; x_wconf 88' lang='lat' dir='ltr'><strong>habet</strong></span> <span class='ocrx_word' id='word_1_165' title='bbox 1696 2172 1911 2225; x_wconf 78' lang='lat' dir='ltr'><strong>fratrem</strong></span> <span class='ocrx_word' id='word_1_166' title='bbox 1940 2184 2116 2224; x_wconf 87' lang='lat' dir='ltr'><strong>suum.</strong></span> 
     </span>
    </p>
   </div>
   <div class='ocr_carea' id='block_1_20' title="bbox 536 2261 2120 2336">
    <p class='ocr_par' dir='ltr' id='par_1_20' title="bbox 536 2261 2120 2336">
     <span class='ocr_line' id='line_1_20' title="bbox 536 2261 2120 2336; baseline -0.006 -14"><span class='ocrx_word' id='word_1_167' title='bbox 536 2266 669 2335; x_wconf 80' lang='lat' dir='ltr'><strong>Quis</strong></span> <span class='ocrx_word' id='word_1_168' title='bbox 691 2274 775 2323; x_wconf 86' lang='lat' dir='ltr'><strong>est</strong></span> <span class='ocrx_word' id='word_1_169' title='bbox 815 2266 957 2322; x_wconf 88' lang='lat' dir='ltr'><strong>enim</strong></span> <span class='ocrx_word' id='word_1_170' title='bbox 984 2264 1075 2336; x_wconf 89' lang='lat' dir='ltr'><strong>qui</strong></span> <span class='ocrx_word' id='word_1_171' title='bbox 1120 2280 1227 2319; x_wconf 87' lang='lat' dir='ltr'><strong>non</strong></span> <span class='ocrx_word' id='word_1_172' title='bbox 1270 2264 1341 2319; x_wconf 84' lang='lat' dir='ltr'><strong>sit</strong></span> <span class='ocrx_word' id='word_1_173' title='bbox 1382 2263 1591 2318; x_wconf 81' lang='lat' dir='ltr'><strong>debitor</strong></span> <span class='ocrx_word' id='word_1_174' title='bbox 1633 2261 1763 2329; x_wconf 90' lang='lat' dir='ltr'><strong>Dei,</strong></span> <span class='ocrx_word' id='word_1_175' title='bbox 1810 2262 1910 2316; x_wconf 80' lang='lat' dir='ltr'><strong>nisi</strong></span> <span class='ocrx_word' id='word_1_176' title='bbox 1938 2261 2120 2330; x_wconf 78' lang='lat' dir='ltr'><strong>inquo</strong></span> 
     </span>
    </p>
   </div>
   <div class='ocr_carea' id='block_1_21' title="bbox 542 2353 2118 2429">
    <p class='ocr_par' dir='ltr' id='par_1_21' title="bbox 542 2353 2118 2429">
     <span class='ocr_line' id='line_1_21' title="bbox 542 2353 2118 2429; baseline -0.007 -12"><span class='ocrx_word' id='word_1_177' title='bbox 542 2359 745 2417; x_wconf 76' lang='lat' dir='ltr'><strong>utilium</strong></span> <span class='ocrx_word' id='word_1_178' title='bbox 778 2367 951 2429; x_wconf 79' lang='lat' dir='ltr'><strong>potest</strong></span> <span class='ocrx_word' id='word_1_179' title='bbox 978 2356 1206 2414; x_wconf 86' lang='lat' dir='ltr'><strong>inveniri</strong></span> <span class='ocrx_word' id='word_1_180' title='bbox 1235 2364 1508 2427; x_wconf 85' lang='lat' dir='ltr'><strong>peccatum</strong></span> <span class='ocrx_word' id='word_1_181' title='bbox 1528 2356 1551 2409; x_wconf 69' lang='grc' dir='ltr'><em>ἲ</em></span> <span class='ocrx_word' id='word_1_182' title='bbox 1574 2355 1703 2422; x_wconf 81' lang='lat' dir='ltr'><strong>Quis</strong></span> <span class='ocrx_word' id='word_1_183' title='bbox 1725 2363 1808 2409; x_wconf 85' lang='lat' dir='ltr'><strong>est</strong></span> <span class='ocrx_word' id='word_1_184' title='bbox 1828 2364 2003 2409; x_wconf 90' lang='lat' dir='ltr'><strong>autem</strong></span> <span class='ocrx_word' id='word_1_185' title='bbox 2029 2353 2118 2422; x_wconf 84' lang='lat' dir='ltr'><strong>qui</strong></span> 
     </span>
    </p>
   </div>
   <div class='ocr_carea' id='block_1_22' title="bbox 539 2448 2119 2517">
    <p class='ocr_par' dir='ltr' id='par_1_22' title="bbox 539 2448 2119 2517">
     <span class='ocr_line' id='line_1_22' title="bbox 539 2448 2119 2517; baseline -0.005 -9"><span class='ocrx_word' id='word_1_186' title='bbox 539 2468 649 2509; x_wconf 89' lang='lat' dir='ltr'><strong>non</strong></span> <span class='ocrx_word' id='word_1_187' title='bbox 674 2452 870 2509; x_wconf 82' lang='lat' dir='ltr'><strong>habeat</strong></span> <span class='ocrx_word' id='word_1_188' title='bbox 904 2452 1200 2508; x_wconf 75' lang='lat' dir='ltr'><strong>debitorem</strong></span> <span class='ocrx_word' id='word_1_189' title='bbox 1241 2450 1457 2505; x_wconf 74' lang='lat' dir='ltr'><strong>fratrem</strong></span> <span class='ocrx_word' id='word_1_190' title='bbox 1477 2486 1492 2515; x_wconf 95' lang='lat'><strong>,</strong></span> <span class='ocrx_word' id='word_1_191' title='bbox 1540 2448 1641 2503; x_wconf 84' lang='lat' dir='ltr'><strong>nisi</strong></span> <span class='ocrx_word' id='word_1_192' title='bbox 1681 2448 1733 2503; x_wconf 86' lang='lat' dir='ltr'><strong>in</strong></span> <span class='ocrx_word' id='word_1_193' title='bbox 1772 2461 1928 2517; x_wconf 87' lang='lat' dir='ltr'><strong>quem</strong></span> <span class='ocrx_word' id='word_1_194' title='bbox 1960 2458 2119 2501; x_wconf 87' lang='lat' dir='ltr'><strong>nemo</strong></span> 
     </span>
    </p>
   </div>
   <div class='ocr_carea' id='block_1_23' title="bbox 536 2540 2119 2621">
    <p class='ocr_par' dir='ltr' id='par_1_23' title="bbox 536 2540 2119 2621">
     <span class='ocr_line' id='line_1_23' title="bbox 536 2540 2119 2621; baseline -0.005 -21"><span class='ocrx_word' id='word_1_195' title='bbox 536 2545 809 2618; x_wconf 79' lang='lat' dir='ltr'><strong>peccavit?</strong></span> <span class='ocrx_word' id='word_1_196' title='bbox 849 2544 1080 2599; x_wconf 83' lang='lat' dir='ltr'><strong>Putasne</strong></span> <span class='ocrx_word' id='word_1_197' title='bbox 1105 2584 1119 2611; x_wconf 96' lang='lat'><strong>,</strong></span> <span class='ocrx_word' id='word_1_198' title='bbox 1150 2543 1449 2621; x_wconf 52' lang='lat' dir='ltr'><strong>quicquam.</strong></span> <span class='ocrx_word' id='word_1_199' title='bbox 1476 2541 1530 2595; x_wconf 82' lang='lat' dir='ltr'><strong>in</strong></span> <span class='ocrx_word' id='word_1_200' title='bbox 1558 2553 1755 2612; x_wconf 77' lang='lat' dir='ltr'><strong>genere</strong></span> <span class='ocrx_word' id='word_1_201' title='bbox 1781 2540 2012 2593; x_wconf 82' lang='lat' dir='ltr'><strong>humano</strong></span> <span class='ocrx_word' id='word_1_202' title='bbox 2036 2552 2119 2593; x_wconf 89' lang='lat' dir='ltr'><strong>re-</strong></span> 
     </span>
    </p>
   </div>
   <div class='ocr_carea' id='block_1_24' title="bbox 532 2628 2119 2708">
    <p class='ocr_par' dir='ltr' id='par_1_24' title="bbox 532 2628 2119 2708">
     <span class='ocr_line' id='line_1_24' title="bbox 532 2628 2119 2708; baseline -0.006 -16"><span class='ocrx_word' id='word_1_203' title='bbox 532 2636 695 2708; x_wconf 83' lang='lat' dir='ltr'><strong>periri</strong></span> <span class='ocrx_word' id='word_1_204' title='bbox 721 2644 913 2706; x_wconf 79' lang='lat' dir='ltr'><strong>potest,</strong></span> <span class='ocrx_word' id='word_1_205' title='bbox 932 2635 1022 2705; x_wconf 86' lang='lat' dir='ltr'><strong>qui</strong></span> <span class='ocrx_word' id='word_1_206' title='bbox 1047 2646 1154 2690; x_wconf 79' lang='lat' dir='ltr'><strong>non</strong></span> <span class='ocrx_word' id='word_1_207' title='bbox 1172 2641 1227 2689; x_wconf 91' lang='lat' dir='ltr'><strong>et</strong></span> <span class='ocrx_word' id='word_1_208' title='bbox 1250 2633 1367 2702; x_wconf 83' lang='lat' dir='ltr'><strong>ipse</strong></span> <span class='ocrx_word' id='word_1_209' title='bbox 1384 2632 1561 2702; x_wconf 73' lang='lat' dir='ltr'><strong>aliquo</strong></span> <span class='ocrx_word' id='word_1_210' title='bbox 1585 2639 1804 2701; x_wconf 83' lang='lat' dir='ltr'><strong>peccato</strong></span> <span class='ocrx_word' id='word_1_211' title='bbox 1827 2628 2119 2685; x_wconf 79' lang='lat' dir='ltr'><strong>obstrictus</strong></span> 
     </span>
    </p>
   </div>
   <div class='ocr_carea' id='block_1_25' title="bbox 537 2720 2118 2794">
    <p class='ocr_par' dir='ltr' id='par_1_25' title="bbox 537 2720 2118 2794">
     <span class='ocr_line' id='line_1_25' title="bbox 537 2720 2118 2794; baseline -0.009 -5"><span class='ocrx_word' id='word_1_212' title='bbox 537 2729 610 2789; x_wconf 83' lang='lat' dir='ltr'><strong>sit</strong></span> <span class='ocrx_word' id='word_1_213' title='bbox 627 2726 785 2783; x_wconf 80' lang='lat' dir='ltr'><strong>fratri</strong></span> <span class='ocrx_word' id='word_1_214' title='bbox 807 2742 906 2783; x_wconf 82' lang='lat' dir='ltr'><strong>suo</strong></span> <span class='ocrx_word' id='word_1_215' title='bbox 926 2727 949 2780; x_wconf 76' lang='lat' dir='ltr'><strong>‘i</strong></span> <span class='ocrx_word' id='word_1_216' title='bbox 979 2726 1196 2781; x_wconf 79' lang='lat' dir='ltr'><strong>Debitor</strong></span> <span class='ocrx_word' id='word_1_217' title='bbox 1219 2733 1304 2780; x_wconf 85' lang='lat' dir='ltr'><strong>est</strong></span> <span class='ocrx_word' id='word_1_218' title='bbox 1332 2734 1462 2794; x_wconf 81' lang='lat' dir='ltr'><strong>ergo</strong></span> <span class='ocrx_word' id='word_1_219' title='bbox 1487 2722 1665 2777; x_wconf 79' lang='lat' dir='ltr'><strong>omnis</strong></span> <span class='ocrx_word' id='word_1_220' title='bbox 1694 2721 1852 2777; x_wconf 83' lang='lat' dir='ltr'><strong>homo</strong></span> <span class='ocrx_word' id='word_1_221' title='bbox 1873 2761 1889 2788; x_wconf 94' lang='lat'><strong>,</strong></span> <span class='ocrx_word' id='word_1_222' title='bbox 1916 2720 2118 2774; x_wconf 79' lang='lat' dir='ltr'><strong>habens</strong></span> 
     </span>
    </p>
   </div>
   <div class='ocr_carea' id='block_1_26' title="bbox 541 2811 2120 2891">
    <p class='ocr_par' dir='ltr' id='par_1_26' title="bbox 541 2811 2120 2891">
     <span class='ocr_line' id='line_1_26' title="bbox 541 2811 2120 2891; baseline -0.008 -11"><span class='ocrx_word' id='word_1_223' title='bbox 541 2830 721 2879; x_wconf 81' lang='lat' dir='ltr'><strong>tamen</strong></span> <span class='ocrx_word' id='word_1_224' title='bbox 744 2830 802 2877; x_wconf 82' lang='lat' dir='ltr'><strong>et</strong></span> <span class='ocrx_word' id='word_1_225' title='bbox 826 2821 941 2891; x_wconf 83' lang='lat' dir='ltr'><strong>ipse</strong></span> <span class='ocrx_word' id='word_1_226' title='bbox 971 2818 1289 2874; x_wconf 70' lang='lat' dir='ltr'><strong>debitorem.</strong></span> <span class='ocrx_word' id='word_1_227' title='bbox 1322 2816 1447 2872; x_wconf 88' lang='lat' dir='ltr'><strong>ideo</strong></span> <span class='ocrx_word' id='word_1_228' title='bbox 1470 2816 1611 2870; x_wconf 87' lang='lat' dir='ltr'><strong>Deus</strong></span> <span class='ocrx_word' id='word_1_229' title='bbox 1645 2814 1820 2885; x_wconf 80' lang='lat' dir='ltr'><strong>justus</strong></span> <span class='ocrx_word' id='word_1_230' title='bbox 1847 2811 2120 2867; x_wconf 83' lang='lat' dir='ltr'><strong>constituit</strong></span> 
     </span>
    </p>
   </div>
   <div class='ocr_carea' id='block_1_27' title="bbox 531 2902 2117 2982">
    <p class='ocr_par' dir='ltr' id='par_1_27' title="bbox 531 2902 2117 2982">
     <span class='ocr_line' id='line_1_27' title="bbox 531 2902 2117 2982; baseline -0.008 -14"><span class='ocrx_word' id='word_1_231' title='bbox 531 2912 631 2968; x_wconf 83' lang='lat' dir='ltr'><strong>tibi</strong></span> <span class='ocrx_word' id='word_1_232' title='bbox 658 2912 896 2982; x_wconf 77' lang='lat' dir='ltr'><strong>tegulam</strong></span> <span class='ocrx_word' id='word_1_233' title='bbox 923 2911 976 2965; x_wconf 82' lang='lat' dir='ltr'><strong>in</strong></span> <span class='ocrx_word' id='word_1_234' title='bbox 998 2909 1240 2965; x_wconf 79' lang='lat' dir='ltr'><strong>debitore</strong></span> <span class='ocrx_word' id='word_1_235' title='bbox 1267 2917 1358 2962; x_wconf 84' lang='lat' dir='ltr'><strong>tuo</strong></span> <span class='ocrx_word' id='word_1_236' title='bbox 1380 2946 1397 2974; x_wconf 92' lang='lat'><strong>,</strong></span> <span class='ocrx_word' id='word_1_237' title='bbox 1428 2905 1569 2976; x_wconf 83' lang='lat' dir='ltr'><strong>quod</strong></span> <span class='ocrx_word' id='word_1_238' title='bbox 1596 2904 1753 2959; x_wconf 82' lang='lat' dir='ltr'><strong>faciet</strong></span> <span class='ocrx_word' id='word_1_239' title='bbox 1776 2913 1832 2959; x_wconf 88' lang='lat' dir='ltr'><strong>et</strong></span> <span class='ocrx_word' id='word_1_240' title='bbox 1857 2902 1971 2974; x_wconf 83' lang='lat' dir='ltr'><strong>ipse</strong></span> <span class='ocrx_word' id='word_1_241' title='bbox 1994 2916 2117 2957; x_wconf 84' lang='lat' dir='ltr'><strong>cum</strong></span> 
     </span>
    </p>
   </div>
   <div class='ocr_carea' id='block_1_28' title="bbox 530 2994 2117 3068">
    <p class='ocr_par' dir='ltr' id='par_1_28' title="bbox 530 2994 2117 3068">
     <span class='ocr_line' id='line_1_28' title="bbox 530 2994 2117 3068; baseline -0.005 -10"><span class='ocrx_word' id='word_1_242' title='bbox 530 3015 653 3060; x_wconf 82' lang='lat' dir='ltr'><strong>suo.</strong></span> <span class='ocrx_word' id='word_1_243' title='bbox 702 3001 815 3056; x_wconf 89' lang='lat' dir='ltr'><strong>Duo</strong></span> <span class='ocrx_word' id='word_1_244' title='bbox 856 3010 980 3055; x_wconf 76' lang='lat' dir='ltr'><strong>sum</strong></span> <span class='ocrx_word' id='word_1_245' title='bbox 1017 3000 1160 3056; x_wconf 83' lang='lat' dir='ltr'><strong>enim</strong></span> <span class='ocrx_word' id='word_1_246' title='bbox 1190 3013 1355 3068; x_wconf 80' lang='lat' dir='ltr'><strong>opera</strong></span> <span class='ocrx_word' id='word_1_247' title='bbox 1396 2994 1814 3062; x_wconf 69' lang='lat' dir='ltr'><strong>misericordiae,</strong></span> <span class='ocrx_word' id='word_1_248' title='bbox 1859 3008 1979 3064; x_wconf 63' lang='lat' dir='ltr'><strong>quas</strong></span> <span class='ocrx_word' id='word_1_249' title='bbox 2017 3004 2117 3050; x_wconf 82' lang='lat' dir='ltr'><strong>nos</strong></span> 
     </span>
    </p>
   </div>
   <div class='ocr_carea' id='block_1_29' title="bbox 531 3084 2119 3162">
    <p class='ocr_par' dir='ltr' id='par_1_29' title="bbox 531 3084 2119 3162">
     <span class='ocr_line' id='line_1_29' title="bbox 531 3084 2119 3162; baseline -0.006 -13"><span class='ocrx_word' id='word_1_250' title='bbox 531 3093 800 3162; x_wconf 83' lang='lat' dir='ltr'><strong>liberant,</strong></span> <span class='ocrx_word' id='word_1_251' title='bbox 838 3107 957 3162; x_wconf 74' lang='lat' dir='ltr'><strong>quae</strong></span> <span class='ocrx_word' id='word_1_252' title='bbox 985 3091 1213 3146; x_wconf 79' lang='lat' dir='ltr'><strong>breviter</strong></span> <span class='ocrx_word' id='word_1_253' title='bbox 1239 3091 1353 3160; x_wconf 87' lang='lat' dir='ltr'><strong>ipse</strong></span> <span class='ocrx_word' id='word_1_254' title='bbox 1382 3088 1633 3142; x_wconf 62' lang='lat' dir='ltr'><strong>Mirans</strong></span> <span class='ocrx_word' id='word_1_255' title='bbox 1662 3085 1840 3156; x_wconf 82' lang='lat' dir='ltr'><strong>posuit</strong></span> <span class='ocrx_word' id='word_1_256' title='bbox 1864 3084 1918 3139; x_wconf 87' lang='lat' dir='ltr'><strong>in</strong></span> <span class='ocrx_word' id='word_1_257' title='bbox 1941 3084 2119 3140; x_wconf 67' lang='lat' dir='ltr'><strong>Evam</strong></span> 
     </span>
    </p>
   </div>
   <div class='ocr_carea' id='block_1_30' title="bbox 532 3176 2117 3257">
    <p class='ocr_par' dir='ltr' id='par_1_30' title="bbox 532 3176 2117 3257">
     <span class='ocr_line' id='line_1_30' title="bbox 532 3176 2117 3257; baseline -0.006 -17"><span class='ocrx_word' id='word_1_258' title='bbox 532 3185 677 3257; x_wconf 79' lang='lat' dir='ltr'><strong>geiio</strong></span> <span class='ocrx_word' id='word_1_259' title='bbox 698 3222 716 3253; x_wconf 89' lang='lat'><strong>,</strong></span> <span class='ocrx_word' id='word_1_260' title='bbox 754 3182 1026 3249; x_wconf 75' lang='lat' dir='ltr'><strong>Bimittite,</strong></span> <span class='ocrx_word' id='word_1_261' title='bbox 1059 3192 1106 3237; x_wconf 78' lang='lat' dir='ltr'><strong>et</strong></span> <span class='ocrx_word' id='word_1_262' title='bbox 1150 3182 1428 3236; x_wconf 63' lang='lat' dir='ltr'><strong>dirutus!&quot;</strong></span> <span class='ocrx_word' id='word_1_263' title='bbox 1459 3178 1631 3241; x_wconf 74' lang='lat' dir='ltr'><strong>vobis;</strong></span> <span class='ocrx_word' id='word_1_264' title='bbox 1668 3177 1805 3242; x_wconf 65' lang='lat' dir='ltr'><strong>date,</strong></span> <span class='ocrx_word' id='word_1_265' title='bbox 1836 3186 1884 3231; x_wconf 79' lang='lat' dir='ltr'><strong>et</strong></span> <span class='ocrx_word' id='word_1_266' title='bbox 1917 3176 2117 3231; x_wconf 75' lang='lat' dir='ltr'><strong>dabitur</strong></span> 
     </span>
    </p>
   </div>
   <div class='ocr_carea' id='block_1_31' title="bbox 533 3271 2113 3350">
    <p class='ocr_par' dir='ltr' id='par_1_31' title="bbox 533 3271 2113 3350">
     <span class='ocr_line' id='line_1_31' title="bbox 533 3271 2113 3350; baseline -0.005 -16"><span class='ocrx_word' id='word_1_267' title='bbox 533 3278 675 3334; x_wconf 70' lang='lat' dir='ltr'><strong>nobis</strong></span> <span class='ocrx_word' id='word_1_268' title='bbox 702 3275 851 3350; x_wconf 73' lang='lat' dir='ltr'><strong>(Luc.</strong></span> <span class='ocrx_word' id='word_1_269' title='bbox 879 3291 935 3331; x_wconf 83' lang='lat' dir='ltr'><strong>vt</strong></span> <span class='ocrx_word' id='word_1_270' title='bbox 958 3316 974 3341; x_wconf 92' lang='lat'><strong>,</strong></span> <span class='ocrx_word' id='word_1_271' title='bbox 1011 3277 1101 3342; x_wconf 72' lang='lat'><strong>37,</strong></span> <span class='ocrx_word' id='word_1_272' title='bbox 1130 3273 1248 3345; x_wconf 24' lang='lat'><strong>58‘).</strong></span> <span class='ocrx_word' id='word_1_273' title='bbox 1290 3273 1553 3338; x_wconf 69' lang='lat' dir='ltr'><strong>Mittite,</strong></span> <span class='ocrx_word' id='word_1_274' title='bbox 1574 3280 1624 3325; x_wconf 75' lang='lat' dir='ltr'><strong>st</strong></span> <span class='ocrx_word' id='word_1_275' title='bbox 1654 3271 1931 3325; x_wconf 77' lang='lat' dir='ltr'><strong>dimittetur</strong></span> <span class='ocrx_word' id='word_1_276' title='bbox 1957 3271 2113 3336; x_wconf 78' lang='lat' dir='ltr'><strong>vobis,</strong></span> 
     </span>
    </p>
   </div>
   <div class='ocr_carea' id='block_1_32' title="bbox 532 3361 2117 3439">
    <p class='ocr_par' dir='ltr' id='par_1_32' title="bbox 532 3361 2117 3439">
     <span class='ocr_line' id='line_1_32' title="bbox 532 3361 2117 3439; baseline -0.004 -15"><span class='ocrx_word' id='word_1_277' title='bbox 532 3367 602 3425; x_wconf 85' lang='lat' dir='ltr'><strong>ad</strong></span> <span class='ocrx_word' id='word_1_278' title='bbox 627 3365 1006 3439; x_wconf 77' lang='lat' dir='ltr'><strong>ignoscendum</strong></span> <span class='ocrx_word' id='word_1_279' title='bbox 1031 3365 1279 3436; x_wconf 73' lang='lat' dir='ltr'><strong>pertinet.</strong></span> <span class='ocrx_word' id='word_1_280' title='bbox 1328 3363 1461 3417; x_wconf 77' lang='lat' dir='ltr'><strong>Date</strong></span> <span class='ocrx_word' id='word_1_281' title='bbox 1482 3400 1498 3429; x_wconf 87' lang='lat'><strong>,</strong></span> <span class='ocrx_word' id='word_1_282' title='bbox 1529 3371 1576 3418; x_wconf 81' lang='lat' dir='ltr'><strong>et</strong></span> <span class='ocrx_word' id='word_1_283' title='bbox 1604 3362 1808 3416; x_wconf 78' lang='lat' dir='ltr'><strong>dabitur</strong></span> <span class='ocrx_word' id='word_1_284' title='bbox 1832 3362 1969 3417; x_wconf 66' lang='lat' dir='ltr'><strong>vobis</strong></span> <span class='ocrx_word' id='word_1_285' title='bbox 1990 3400 2005 3426; x_wconf 92' lang='lat'><strong>,</strong></span> <span class='ocrx_word' id='word_1_286' title='bbox 2047 3361 2117 3418; x_wconf 80' lang='lat' dir='ltr'><strong>ad</strong></span> 
     </span>
    </p>
   </div>
   <div class='ocr_carea' id='block_1_33' title="bbox 534 3454 2113 3534">
    <p class='ocr_par' dir='ltr' id='par_1_33' title="bbox 534 3454 2113 3534">
     <span class='ocr_line' id='line_1_33' title="bbox 534 3454 2113 3534; baseline -0.005 -17"><span class='ocrx_word' id='word_1_287' title='bbox 534 3459 893 3534; x_wconf 66' lang='lat' dir='ltr'><strong>praestandam</strong></span> <span class='ocrx_word' id='word_1_288' title='bbox 936 3458 1253 3514; x_wconf 71' lang='lat' dir='ltr'><strong>beneﬁcium</strong></span> <span class='ocrx_word' id='word_1_289' title='bbox 1295 3456 1541 3526; x_wconf 70' lang='lat' dir='ltr'><strong>pertinet.</strong></span> <span class='ocrx_word' id='word_1_290' title='bbox 1589 3454 1835 3523; x_wconf 65' lang='lat' dir='ltr'><strong>Quodait</strong></span> <span class='ocrx_word' id='word_1_291' title='bbox 1865 3454 1934 3509; x_wconf 86' lang='lat' dir='ltr'><strong>de</strong></span> <span class='ocrx_word' id='word_1_292' title='bbox 1961 3455 2113 3523; x_wconf 72' lang='lat' dir='ltr'><strong>igno-</strong></span> 
     </span>
    </p>
   </div>
   <div class='ocr_carea' id='block_1_34' title="bbox 532 3544 2116 3618">
    <p class='ocr_par' dir='ltr' id='par_1_34' title="bbox 532 3544 2116 3618">
     <span class='ocr_line' id='line_1_34' title="bbox 532 3544 2116 3618; baseline -0.006 -9"><span class='ocrx_word' id='word_1_293' title='bbox 532 3550 770 3616; x_wconf 76' lang='lat' dir='ltr'><strong>scendo;</strong></span> <span class='ocrx_word' id='word_1_294' title='bbox 812 3557 872 3606; x_wconf 84' lang='lat' dir='ltr'><strong>et</strong></span> <span class='ocrx_word' id='word_1_295' title='bbox 898 3557 957 3605; x_wconf 78' lang='lat' dir='ltr'><strong>tu</strong></span> <span class='ocrx_word' id='word_1_296' title='bbox 980 3549 1062 3604; x_wconf 80' lang='lat' dir='ltr'><strong>vis</strong></span> <span class='ocrx_word' id='word_1_297' title='bbox 1086 3547 1179 3601; x_wconf 82' lang='lat' dir='ltr'><strong>tibi</strong></span> <span class='ocrx_word' id='word_1_298' title='bbox 1206 3546 1409 3618; x_wconf 75' lang='lat' dir='ltr'><strong>ignosci</strong></span> <span class='ocrx_word' id='word_1_299' title='bbox 1435 3544 1578 3615; x_wconf 88' lang='lat' dir='ltr'><strong>quod</strong></span> <span class='ocrx_word' id='word_1_300' title='bbox 1605 3552 1833 3617; x_wconf 79' lang='lat' dir='ltr'><strong>peccas,</strong></span> <span class='ocrx_word' id='word_1_301' title='bbox 1858 3553 1914 3599; x_wconf 91' lang='lat' dir='ltr'><strong>et</strong></span> <span class='ocrx_word' id='word_1_302' title='bbox 1950 3545 2116 3600; x_wconf 78' lang='lat' dir='ltr'><strong>babes</strong></span> 
     </span>
    </p>
   </div>
   <div class='ocr_carea' id='block_1_35' title="bbox 535 3635 2118 3710">
    <p class='ocr_par' dir='ltr' id='par_1_35' title="bbox 535 3635 2118 3710">
     <span class='ocr_line' id='line_1_35' title="bbox 535 3635 2118 3710; baseline -0.004 -11"><span class='ocrx_word' id='word_1_303' title='bbox 535 3642 705 3699; x_wconf 76' lang='lat' dir='ltr'><strong>alium</strong></span> <span class='ocrx_word' id='word_1_304' title='bbox 740 3641 828 3697; x_wconf 82' lang='lat' dir='ltr'><strong>cui</strong></span> <span class='ocrx_word' id='word_1_305' title='bbox 857 3649 917 3696; x_wconf 74' lang='lat' dir='ltr'><strong>tu</strong></span> <span class='ocrx_word' id='word_1_306' title='bbox 942 3638 1114 3710; x_wconf 80' lang='lat' dir='ltr'><strong>poesis</strong></span> <span class='ocrx_word' id='word_1_307' title='bbox 1140 3638 1434 3709; x_wconf 63' lang='lat' dir='ltr'><strong>ignoscas.</strong></span> <span class='ocrx_word' id='word_1_308' title='bbox 1478 3637 1684 3692; x_wconf 78' lang='lat' dir='ltr'><strong>Rursus</strong></span> <span class='ocrx_word' id='word_1_309' title='bbox 1717 3635 1859 3706; x_wconf 80' lang='lat' dir='ltr'><strong>quod</strong></span> <span class='ocrx_word' id='word_1_310' title='bbox 1888 3637 2118 3706; x_wconf 75' lang='lat' dir='ltr'><strong>pertinet</strong></span> 
     </span>
    </p>
   </div>
   <div class='ocr_carea' id='block_1_36' title="bbox 533 3729 2116 3801">
    <p class='ocr_par' dir='ltr' id='par_1_36' title="bbox 533 3729 2116 3801">
     <span class='ocr_line' id='line_1_36' title="bbox 533 3729 2116 3801; baseline -0.004 -10"><span class='ocrx_word' id='word_1_311' title='bbox 533 3734 604 3792; x_wconf 83' lang='lat' dir='ltr'><strong>ad</strong></span> <span class='ocrx_word' id='word_1_312' title='bbox 634 3733 969 3792; x_wconf 77' lang='lat' dir='ltr'><strong>tribuendum</strong></span> <span class='ocrx_word' id='word_1_313' title='bbox 1007 3732 1364 3796; x_wconf 64' lang='lat' dir='ltr'><strong>b‘enwcihm;</strong></span> <span class='ocrx_word' id='word_1_314' title='bbox 1395 3729 1529 3801; x_wconf 79' lang='lat' dir='ltr'><strong>petit</strong></span> <span class='ocrx_word' id='word_1_315' title='bbox 1562 3738 1616 3785; x_wconf 85' lang='lat' dir='ltr'><strong>te</strong></span> <span class='ocrx_word' id='word_1_316' title='bbox 1639 3730 1912 3785; x_wconf 66' lang='lat' dir='ltr'><strong>uenditare</strong></span> <span class='ocrx_word' id='word_1_317' title='bbox 1932 3770 1949 3799; x_wconf 93' lang='lat'><strong>,</strong></span> <span class='ocrx_word' id='word_1_318' title='bbox 1974 3738 2032 3785; x_wconf 84' lang='lat' dir='ltr'><strong>et</strong></span> <span class='ocrx_word' id='word_1_319' title='bbox 2058 3737 2116 3784; x_wconf 77' lang='lat' dir='ltr'><strong>tu</strong></span> 
     </span>
    </p>
   </div>
   <div class='ocr_carea' id='block_1_37' title="bbox 534 3822 2113 3894">
    <p class='ocr_par' dir='ltr' id='par_1_37' title="bbox 534 3822 2113 3894">
     <span class='ocr_line' id='line_1_37' title="bbox 534 3822 2113 3894; baseline -0.006 -8"><span class='ocrx_word' id='word_1_320' title='bbox 534 3844 599 3886; x_wconf 86' lang='lat' dir='ltr'><strong>es</strong></span> <span class='ocrx_word' id='word_1_321' title='bbox 626 3829 722 3885; x_wconf 80' lang='lat' dir='ltr'><strong>Dei</strong></span> <span class='ocrx_word' id='word_1_322' title='bbox 746 3826 1263 3885; x_wconf 53' lang='lat' dir='ltr'><strong>modica-Ombos</strong></span> <span class='ocrx_word' id='word_1_323' title='bbox 1287 3824 1427 3880; x_wconf 92' lang='lat' dir='ltr'><strong>enim</strong></span> <span class='ocrx_word' id='word_1_324' title='bbox 1456 3822 1677 3894; x_wconf 74' lang='lat' dir='ltr'><strong>quando</strong></span> <span class='ocrx_word' id='word_1_325' title='bbox 1691 3834 1928 3890; x_wconf 76' lang='lat' dir='ltr'><strong>eramus,</strong></span> <span class='ocrx_word' id='word_1_326' title='bbox 1956 3834 2113 3878; x_wconf 68' lang='grc' dir='ltr'><strong>ιιιθιιο</strong></span> 
     </span>
    </p>
   </div>
   <div class='ocr_carea' id='block_1_38' title="bbox 536 3914 2116 3987">
    <p class='ocr_par' dir='ltr' id='par_1_38' title="bbox 536 3914 2116 3987">
     <span class='ocr_line' id='line_1_38' title="bbox 536 3914 2116 3987; baseline -0.008 -7"><span class='ocrx_word' id='word_1_327' title='bbox 536 3921 644 3980; x_wconf 81' lang='lat' dir='ltr'><strong>dici</strong></span> <span class='ocrx_word' id='word_1_328' title='bbox 690 3920 785 3979; x_wconf 82' lang='lat' dir='ltr'><strong>Dei</strong></span> <span class='ocrx_word' id='word_1_329' title='bbox 826 3928 1013 3976; x_wconf 68' lang='lat' dir='ltr'><strong>summ</strong></span> <span class='ocrx_word' id='word_1_330' title='bbox 1038 3936 1054 3974; x_wconf 85' lang='lat'><strong>:</strong></span> <span class='ocrx_word' id='word_1_331' title='bbox 1083 3928 1210 3974; x_wconf 77' lang='lat' dir='ltr'><strong>ante</strong></span> <span class='ocrx_word' id='word_1_332' title='bbox 1244 3917 1461 3987; x_wconf 71' lang='lat' dir='ltr'><strong>ianuam</strong></span> <span class='ocrx_word' id='word_1_333' title='bbox 1502 3915 1680 3987; x_wconf 77' lang='lat' dir='ltr'><strong>magni</strong></span> <span class='ocrx_word' id='word_1_334' title='bbox 1725 3914 2116 3985; x_wconf 78' lang='lat' dir='ltr'><strong>patrisfamiiias</strong></span> 
     </span>
    </p>
   </div>
   <div class='ocr_carea' id='block_1_39' title="bbox 543 4006 2114 4081">
    <p class='ocr_par' dir='ltr' id='par_1_39' title="bbox 543 4006 2114 4081">
     <span class='ocr_line' id='line_1_39' title="bbox 543 4006 2114 4081; baseline -0.006 -11"><span class='ocrx_word' id='word_1_335' title='bbox 543 4023 746 4070; x_wconf 84' lang='lat' dir='ltr'><strong>stamus</strong></span> <span class='ocrx_word' id='word_1_336' title='bbox 768 4054 784 4080; x_wconf 94' lang='lat'><strong>,</strong></span> <span class='ocrx_word' id='word_1_337' title='bbox 817 4014 927 4069; x_wconf 89' lang='lat' dir='ltr'><strong>imo</strong></span> <span class='ocrx_word' id='word_1_338' title='bbox 962 4012 1129 4069; x_wconf 72' lang='lat' dir='ltr'><strong>etiam</strong></span> <span class='ocrx_word' id='word_1_339' title='bbox 1149 4010 1575 4081; x_wconf 70' lang='lat' dir='ltr'><strong>prosternimur,</strong></span> <span class='ocrx_word' id='word_1_340' title='bbox 1601 4008 1864 4078; x_wconf 74' lang='lat' dir='ltr'><strong>supplices</strong></span> <span class='ocrx_word' id='word_1_341' title='bbox 1887 4006 2114 4077; x_wconf 59' lang='lat' dir='ltr'><strong>ingentia</strong></span> 
     </span>
    </p>
   </div>
   <div class='ocr_carea' id='block_1_40' title="bbox 539 4100 2112 4178">
    <p class='ocr_par' dir='ltr' id='par_1_40' title="bbox 539 4100 2112 4178">
     <span class='ocr_line' id='line_1_40' title="bbox 539 4100 2112 4178; baseline -0.008 -12"><span class='ocrx_word' id='word_1_342' title='bbox 539 4108 771 4174; x_wconf 81' lang='lat' dir='ltr'><strong>scimus,</strong></span> <span class='ocrx_word' id='word_1_343' title='bbox 809 4106 1007 4178; x_wconf 72' lang='lat' dir='ltr'><strong>aliquid</strong></span> <span class='ocrx_word' id='word_1_344' title='bbox 1033 4106 1270 4161; x_wconf 78' lang='lat' dir='ltr'><strong>volentes</strong></span> <span class='ocrx_word' id='word_1_345' title='bbox 1295 4104 1569 4173; x_wconf 84' lang='lat' dir='ltr'><strong>accipere;</strong></span> <span class='ocrx_word' id='word_1_346' title='bbox 1612 4109 1667 4157; x_wconf 90' lang='lat' dir='ltr'><strong>et</strong></span> <span class='ocrx_word' id='word_1_347' title='bbox 1704 4102 1872 4170; x_wconf 81' lang='lat' dir='ltr'><strong>ipsum</strong></span> <span class='ocrx_word' id='word_1_348' title='bbox 1894 4100 2112 4171; x_wconf 85' lang='lat' dir='ltr'><strong>aliquid,</strong></span> 
     </span>
    </p>
   </div>
   <div class='ocr_carea' id='block_1_41' title="bbox 542 4177 2116 4271">
    <p class='ocr_par' dir='ltr' id='par_1_41' title="bbox 542 4177 2116 4271">
     <span class='ocr_line' id='line_1_41' title="bbox 542 4177 2116 4271; baseline -0.006 -14"><span class='ocrx_word' id='word_1_349' title='bbox 542 4200 661 4271; x_wconf 78' lang='lat' dir='ltr'><strong>ipse</strong></span> <span class='ocrx_word' id='word_1_350' title='bbox 683 4200 824 4256; x_wconf 81' lang='lat' dir='ltr'><strong>Deus</strong></span> <span class='ocrx_word' id='word_1_351' title='bbox 845 4177 948 4254; x_wconf 83' lang='lat' dir='ltr'><strong>est.</strong></span> <span class='ocrx_word' id='word_1_352' title='bbox 990 4196 1128 4265; x_wconf 80' lang='lat' dir='ltr'><strong>Quid</strong></span> <span class='ocrx_word' id='word_1_353' title='bbox 1152 4210 1182 4250; x_wconf 91' lang='lat' dir='ltr'><strong>a</strong></span> <span class='ocrx_word' id='word_1_354' title='bbox 1214 4205 1267 4251; x_wconf 83' lang='lat' dir='ltr'><strong>te</strong></span> <span class='ocrx_word' id='word_1_355' title='bbox 1301 4194 1439 4264; x_wconf 72' lang='lat' dir='ltr'><strong>petit</strong></span> <span class='ocrx_word' id='word_1_356' title='bbox 1459 4177 1777 4249; x_wconf 81' lang='lat' dir='ltr'><strong>mendicus?</strong></span> <span class='ocrx_word' id='word_1_357' title='bbox 1805 4192 2019 4247; x_wconf 80' lang='lat' dir='ltr'><strong>Panem.</strong></span> <span class='ocrx_word' id='word_1_358' title='bbox 2047 4191 2116 4247; x_wconf 86' lang='lat' dir='ltr'><strong>Et</strong></span> 
     </span>
    </p>
   </div>
   <div class='ocr_carea' id='block_1_42' title="bbox 540 4281 2114 4362">
    <p class='ocr_par' dir='ltr' id='par_1_42' title="bbox 540 4281 2114 4362">
     <span class='ocr_line' id='line_1_42' title="bbox 540 4281 2114 4362; baseline -0.008 -14"><span class='ocrx_word' id='word_1_359' title='bbox 540 4300 602 4349; x_wconf 84' lang='grc' dir='ltr'><strong>ιιι</strong></span> <span class='ocrx_word' id='word_1_360' title='bbox 629 4289 755 4362; x_wconf 81' lang='lat' dir='ltr'><strong>quid</strong></span> <span class='ocrx_word' id='word_1_361' title='bbox 776 4289 912 4359; x_wconf 68' lang='lat' dir='ltr'><strong>petis</strong></span> <span class='ocrx_word' id='word_1_362' title='bbox 932 4303 964 4343; x_wconf 77' lang='grc' dir='ltr'><strong>ι</strong></span> <span class='ocrx_word' id='word_1_363' title='bbox 990 4288 1119 4353; x_wconf 79' lang='lat' dir='ltr'><strong>Deo,</strong></span> <span class='ocrx_word' id='word_1_364' title='bbox 1143 4286 1243 4341; x_wconf 82' lang='lat' dir='ltr'><strong>nisi</strong></span> <span class='ocrx_word' id='word_1_365' title='bbox 1262 4285 1551 4351; x_wconf 81' lang='lat' dir='ltr'><strong>Christum,</strong></span> <span class='ocrx_word' id='word_1_366' title='bbox 1576 4284 1666 4355; x_wconf 78' lang='lat' dir='ltr'><strong>qui</strong></span> <span class='ocrx_word' id='word_1_367' title='bbox 1691 4282 1838 4348; x_wconf 83' lang='lat' dir='ltr'><strong>dicit,</strong></span> <span class='ocrx_word' id='word_1_368' title='bbox 1864 4281 1979 4355; x_wconf 78' lang='lat' dir='ltr'><strong>Ego</strong></span> <span class='ocrx_word' id='word_1_369' title='bbox 2002 4298 2114 4337; x_wconf 77' lang='lat' dir='ltr'><strong>sum</strong></span> 
     </span>
    </p>
   </div>
   <div class='ocr_carea' id='block_1_43' title="bbox 537 4372 2119 4456">
    <p class='ocr_par' dir='ltr' id='par_1_43' title="bbox 537 4372 2119 4456">
     <span class='ocr_line' id='line_1_43' title="bbox 537 4372 2119 4456; baseline -0.004 -20"><span class='ocrx_word' id='word_1_370' title='bbox 537 4382 689 4456; x_wconf 67' lang='lat' dir='ltr'><strong>penis</strong></span> <span class='ocrx_word' id='word_1_371' title='bbox 706 4381 864 4448; x_wconf 75' lang='lat' dir='ltr'><strong>visus,</strong></span> <span class='ocrx_word' id='word_1_372' title='bbox 884 4379 972 4451; x_wconf 78' lang='lat' dir='ltr'><strong>qui</strong></span> <span class='ocrx_word' id='word_1_373' title='bbox 994 4378 1056 4433; x_wconf 69' lang='lat' dir='ltr'><strong>de</strong></span> <span class='ocrx_word' id='word_1_374' title='bbox 1075 4377 1199 4432; x_wconf 68' lang='lat' dir='ltr'><strong>caete</strong></span> <span class='ocrx_word' id='word_1_375' title='bbox 1214 4375 1446 4431; x_wconf 75' lang='lat' dir='ltr'><strong>descendi</strong></span> <span class='ocrx_word' id='word_1_376' title='bbox 1464 4372 1646 4449; x_wconf 62' lang='grc' dir='ltr'><strong>(ΔΜ.</strong></span> <span class='ocrx_word' id='word_1_377' title='bbox 1668 4388 1741 4440; x_wconf 75' lang='lat' dir='ltr'><strong>vr,</strong></span> <span class='ocrx_word' id='word_1_378' title='bbox 1765 4374 1887 4445; x_wconf 62' lang='grc' dir='ltr'><strong>θυι</strong></span> <span class='ocrx_word' id='word_1_379' title='bbox 1912 4373 2119 4446; x_wconf 85' lang='lat' dir='ltr'><strong>Ignosci</strong></span> 
     </span>
    </p>
   </div>
   <div class='ocr_carea' id='block_1_44' title="bbox 541 4467 2114 4542">
    <p class='ocr_par' dir='ltr' id='par_1_44' title="bbox 541 4467 2114 4542">
     <span class='ocr_line' id='line_1_44' title="bbox 541 4467 2114 4542; baseline -0.005 -13"><span class='ocrx_word' id='word_1_380' title='bbox 541 4472 696 4530; x_wconf 71' lang='lat' dir='ltr'><strong>vobis</strong></span> <span class='ocrx_word' id='word_1_381' title='bbox 717 4470 917 4527; x_wconf 67' lang='lat' dir='ltr'><strong>Vtilis?</strong></span> <span class='ocrx_word' id='word_1_382' title='bbox 959 4469 1258 4542; x_wconf 64' lang='lat' dir='ltr'><strong>igne-dte:</strong></span> <span class='ocrx_word' id='word_1_383' title='bbox 1289 4467 1566 4534; x_wconf 69' lang='lat' dir='ltr'><strong>Mittite,</strong></span> <span class='ocrx_word' id='word_1_384' title='bbox 1594 4477 1639 4521; x_wconf 79' lang='lat' dir='ltr'><strong>et</strong></span> <span class='ocrx_word' id='word_1_385' title='bbox 1660 4467 1941 4521; x_wconf 68' lang='lat' dir='ltr'><strong>remittetur</strong></span> <span class='ocrx_word' id='word_1_386' title='bbox 1956 4467 2114 4523; x_wconf 64' lang='lat' dir='ltr'><strong>vobis.</strong></span> 
     </span>
    </p>
   </div>
   <div class='ocr_carea' id='block_1_45' title="bbox 536 4558 1693 4635">
    <p class='ocr_par' dir='ltr' id='par_1_45' title="bbox 536 4558 1693 4635">
     <span class='ocr_line' id='line_1_45' title="bbox 536 4558 1693 4635; baseline -0.01 -12"><span class='ocrx_word' id='word_1_387' title='bbox 536 4563 801 4635; x_wconf 70' lang='lat' dir='ltr'><strong>Accipere</strong></span> <span class='ocrx_word' id='word_1_388' title='bbox 825 4561 1016 4618; x_wconf 73' lang='lat' dir='ltr'><strong>vultis?</strong></span> <span class='ocrx_word' id='word_1_389' title='bbox 1053 4559 1187 4615; x_wconf 71' lang='lat' dir='ltr'><strong>Date</strong></span> <span class='ocrx_word' id='word_1_390' title='bbox 1202 4600 1217 4628; x_wconf 95' lang='lat'><strong>,</strong></span> <span class='ocrx_word' id='word_1_391' title='bbox 1242 4570 1291 4615; x_wconf 81' lang='lat' dir='ltr'><strong>et</strong></span> <span class='ocrx_word' id='word_1_392' title='bbox 1315 4559 1516 4613; x_wconf 70' lang='lat' dir='ltr'><strong>dabitur</strong></span> <span class='ocrx_word' id='word_1_393' title='bbox 1539 4558 1693 4613; x_wconf 73' lang='lat' dir='ltr'><strong>vobis.</strong></span> 
     </span>
    </p>
   </div>
   <div class='ocr_carea' id='block_1_46' title="bbox 641 4649 2108 4721">
    <p class='ocr_par' dir='ltr' id='par_1_46' title="bbox 641 4649 2108 4721">
     <span class='ocr_line' id='line_1_46' title="bbox 641 4649 2108 4721; baseline -0.004 -9"><span class='ocrx_word' id='word_1_394' title='bbox 641 4653 866 4712; x_wconf 65' lang='lat' dir='ltr'><strong>CAPUT</strong></span> <span class='ocrx_word' id='word_1_395' title='bbox 923 4652 1014 4710; x_wconf 87' lang='grc' dir='ltr'><strong>ιιι.</strong></span> <span class='ocrx_word' id='word_1_396' title='bbox 1064 4678 1138 4693; x_wconf 83' lang='grc'><strong>--</strong></span> <span class='ocrx_word' id='word_1_397' title='bbox 1180 4653 1241 4709; x_wconf 77' lang='lat' dir='ltr'><strong>s.</strong></span> <span class='ocrx_word' id='word_1_398' title='bbox 1288 4651 1496 4718; x_wconf 67' lang='lat' dir='ltr'><strong>Qustics</strong></span> <span class='ocrx_word' id='word_1_399' title='bbox 1539 4649 1903 4721; x_wconf 60' lang='lat' dir='ltr'><strong>emacem</strong></span> <span class='ocrx_word' id='word_1_400' title='bbox 1940 4649 2108 4720; x_wconf 63' lang='lat' dir='ltr'><strong>pm.</strong></span> 
     </span>
    </p>
   </div>
   <div class='ocr_carea' id='block_1_47' title="bbox 538 4741 2115 4818">
    <p class='ocr_par' dir='ltr' id='par_1_47' title="bbox 538 4741 2115 4818">
     <span class='ocr_line' id='line_1_47' title="bbox 538 4741 2115 4818; baseline -0.008 -11"><span class='ocrx_word' id='word_1_401' title='bbox 538 4747 650 4807; x_wconf 81' lang='lat' dir='ltr'><strong>Sed</strong></span> <span class='ocrx_word' id='word_1_402' title='bbox 685 4745 813 4818; x_wconf 69' lang='lat' dir='ltr'><strong>quid</strong></span> <span class='ocrx_word' id='word_1_403' title='bbox 844 4744 900 4801; x_wconf 87' lang='lat' dir='ltr'><strong>in</strong></span> <span class='ocrx_word' id='word_1_404' title='bbox 924 4743 1027 4800; x_wconf 76' lang='lat' dir='ltr'><strong>hac</strong></span> <span class='ocrx_word' id='word_1_405' title='bbox 1064 4752 1248 4814; x_wconf 68' lang='lat' dir='ltr'><strong>aperta</strong></span> <span class='ocrx_word' id='word_1_406' title='bbox 1292 4741 1647 4813; x_wconf 73' lang='lat' dir='ltr'><strong>praeceptione</strong></span> <span class='ocrx_word' id='word_1_407' title='bbox 1672 4751 1891 4797; x_wconf 82' lang='lat' dir='ltr'><strong>movere</strong></span> <span class='ocrx_word' id='word_1_408' title='bbox 1928 4741 2115 4812; x_wconf 83' lang='lat' dir='ltr'><strong>possit,</strong></span> 
     </span>
    </p>
   </div>
   <div class='ocr_carea' id='block_1_48' title="bbox 536 4826 2111 4903">
    <p class='ocr_par' dir='ltr' id='par_1_48' title="bbox 536 4826 2111 4903">
     <span class='ocr_line' id='line_1_48' title="bbox 536 4826 2111 4903; baseline -0.007 -6"><span class='ocrx_word' id='word_1_409' title='bbox 536 4826 737 4897; x_wconf 61' lang='lat' dir='ltr'><strong>audite.</strong></span> <span class='ocrx_word' id='word_1_410' title='bbox 782 4836 842 4894; x_wconf 78' lang='lat' dir='ltr'><strong>In</strong></span> <span class='ocrx_word' id='word_1_411' title='bbox 870 4834 1184 4893; x_wconf 76' lang='lat' dir='ltr'><strong>remissione</strong></span> <span class='ocrx_word' id='word_1_412' title='bbox 1208 4833 1298 4890; x_wconf 68' lang='lat' dir='ltr'><strong>tu</strong></span> <span class='ocrx_word' id='word_1_413' title='bbox 1337 4833 1493 4888; x_wconf 66' lang='lat' dir='ltr'><strong>venia</strong></span> <span class='ocrx_word' id='word_1_414' title='bbox 1532 4832 1764 4903; x_wconf 62' lang='lat' dir='ltr'><strong>petitur,</strong></span> <span class='ocrx_word' id='word_1_415' title='bbox 1796 4843 1851 4889; x_wconf 79' lang='lat' dir='ltr'><strong>et</strong></span> <span class='ocrx_word' id='word_1_416' title='bbox 1876 4832 1944 4886; x_wconf 74' lang='lat' dir='ltr'><strong>ab</strong></span> <span class='ocrx_word' id='word_1_417' title='bbox 1963 4833 2111 4902; x_wconf 82' lang='lat' dir='ltr'><strong>igno-</strong></span> 
     </span>
    </p>
   </div>
   <div class='ocr_carea' id='block_1_49' title="bbox 538 4924 2116 4997">
    <p class='ocr_par' dir='ltr' id='par_1_49' title="bbox 538 4924 2116 4997">
     <span class='ocr_line' id='line_1_49' title="bbox 538 4924 2116 4997; baseline -0.006 -9"><span class='ocrx_word' id='word_1_418' title='bbox 538 4940 723 4988; x_wconf 83' lang='lat' dir='ltr'><strong>scente</strong></span> <span class='ocrx_word' id='word_1_419' title='bbox 758 4928 985 4985; x_wconf 86' lang='lat' dir='ltr'><strong>debetur</strong></span> <span class='ocrx_word' id='word_1_420' title='bbox 1002 4968 1017 4993; x_wconf 91' lang='lat'><strong>,</strong></span> <span class='ocrx_word' id='word_1_421' title='bbox 1049 4926 1150 4982; x_wconf 84' lang='lat' dir='ltr'><strong>hoc</strong></span> <span class='ocrx_word' id='word_1_422' title='bbox 1176 4933 1350 4997; x_wconf 82' lang='lat' dir='ltr'><strong>potest</strong></span> <span class='ocrx_word' id='word_1_423' title='bbox 1376 4940 1626 4991; x_wconf 77' lang='lat' dir='ltr'><strong>movere,</strong></span> <span class='ocrx_word' id='word_1_424' title='bbox 1654 4925 1801 4995; x_wconf 83' lang='lat' dir='ltr'><strong>quod</strong></span> <span class='ocrx_word' id='word_1_425' title='bbox 1824 4932 1878 4979; x_wconf 89' lang='lat' dir='ltr'><strong>et</strong></span> <span class='ocrx_word' id='word_1_426' title='bbox 1901 4924 2116 4980; x_wconf 79' lang='lat' dir='ltr'><strong>Petrum</strong></span> 
     </span>
    </p>
   </div>
   <div class='ocr_carea' id='block_1_50' title="bbox 541 5019 2119 5091">
    <p class='ocr_par' dir='ltr' id='par_1_50' title="bbox 541 5019 2119 5091">
     <span class='ocr_line' id='line_1_50' title="bbox 541 5019 2119 5091; baseline -0.006 -10"><span class='ocrx_word' id='word_1_427' title='bbox 541 5024 729 5081; x_wconf 73' lang='lat' dir='ltr'><strong>movit.</strong></span> <span class='ocrx_word' id='word_1_428' title='bbox 764 5021 969 5089; x_wconf 77' lang='lat' dir='ltr'><strong>Quoties</strong></span> <span class='ocrx_word' id='word_1_429' title='bbox 995 5019 1170 5089; x_wconf 71' lang='lat' dir='ltr'><strong>debeo,</strong></span> <span class='ocrx_word' id='word_1_430' title='bbox 1200 5019 1404 5090; x_wconf 72' lang='lat' dir='ltr'><strong>inquit,</strong></span> <span class='ocrx_word' id='word_1_431' title='bbox 1426 5019 1718 5090; x_wconf 66' lang='lat' dir='ltr'><strong>ignoscam?</strong></span> <span class='ocrx_word' id='word_1_432' title='bbox 1743 5019 1937 5091; x_wconf 61' lang='lat' dir='ltr'><strong>Suﬁcit</strong></span> <span class='ocrx_word' id='word_1_433' title='bbox 1965 5032 2119 5091; x_wconf 66' lang='lat' dir='ltr'><strong>usque</strong></span> 
     </span>
    </p>
   </div>
   <div class='ocr_carea' id='block_1_51' title="bbox 540 5109 2114 5187">
    <p class='ocr_par' dir='ltr' id='par_1_51' title="bbox 540 5109 2114 5187">
     <span class='ocr_line' id='line_1_51' title="bbox 540 5109 2114 5187; baseline -0.004 -17"><span class='ocrx_word' id='word_1_434' title='bbox 540 5114 760 5187; x_wconf 78' lang='lat' dir='ltr'><strong>septies?</strong></span> <span class='ocrx_word' id='word_1_435' title='bbox 803 5112 920 5168; x_wconf 85' lang='lat' dir='ltr'><strong>Non</strong></span> <span class='ocrx_word' id='word_1_436' title='bbox 958 5109 1152 5166; x_wconf 79' lang='lat' dir='ltr'><strong>sufﬁcit</strong></span> <span class='ocrx_word' id='word_1_437' title='bbox 1175 5150 1190 5174; x_wconf 94' lang='lat'><strong>,</strong></span> <span class='ocrx_word' id='word_1_438' title='bbox 1231 5110 1306 5164; x_wconf 85' lang='lat' dir='ltr'><strong>ait</strong></span> <span class='ocrx_word' id='word_1_439' title='bbox 1342 5109 1642 5165; x_wconf 88' lang='lat' dir='ltr'><strong>Dominus:</strong></span> <span class='ocrx_word' id='word_1_440' title='bbox 1693 5109 1815 5163; x_wconf 86' lang='lat' dir='ltr'><strong>Non</strong></span> <span class='ocrx_word' id='word_1_441' title='bbox 1852 5110 1964 5164; x_wconf 84' lang='lat' dir='ltr'><strong>dico</strong></span> <span class='ocrx_word' id='word_1_442' title='bbox 2007 5111 2114 5177; x_wconf 87' lang='lat' dir='ltr'><strong>tibi,</strong></span> 
     </span>
    </p>
   </div>
   <div class='ocr_carea' id='block_1_52' title="bbox 540 5200 2119 5277">
    <p class='ocr_par' dir='ltr' id='par_1_52' title="bbox 540 5200 2119 5277">
     <span class='ocr_line' id='line_1_52' title="bbox 540 5200 2119 5277; baseline -0.004 -16"><span class='ocrx_word' id='word_1_443' title='bbox 540 5205 788 5277; x_wconf 60' lang='lat' dir='ltr'><strong>Septies;</strong></span> <span class='ocrx_word' id='word_1_444' title='bbox 813 5203 923 5271; x_wconf 72' lang='lat' dir='ltr'><strong>sed,</strong></span> <span class='ocrx_word' id='word_1_445' title='bbox 946 5201 1231 5275; x_wconf 59' lang='grc' dir='ltr'><strong>,τρικυμία</strong></span> <span class='ocrx_word' id='word_1_446' title='bbox 1258 5202 1456 5271; x_wconf 56' lang='lat' dir='ltr'><strong>omnes.</strong></span> <span class='ocrx_word' id='word_1_447' title='bbox 1489 5200 1604 5255; x_wconf 64' lang='lat' dir='ltr'><strong>iam</strong></span> <span class='ocrx_word' id='word_1_448' title='bbox 1626 5207 1683 5254; x_wconf 84' lang='lat' dir='ltr'><strong>tu</strong></span> <span class='ocrx_word' id='word_1_449' title='bbox 1708 5212 1959 5257; x_wconf 85' lang='lat' dir='ltr'><strong>enumera</strong></span> <span class='ocrx_word' id='word_1_450' title='bbox 1988 5204 2119 5272; x_wconf 57' lang='lat' dir='ltr'><strong>quo.</strong></span> 
     </span>
    </p>
   </div>
   <div class='ocr_carea' id='block_1_53' title="bbox 539 5288 2118 5367">
    <p class='ocr_par' dir='ltr' id='par_1_53' title="bbox 539 5288 2118 5367">
     <span class='ocr_line' id='line_1_53' title="bbox 539 5288 2118 5367; baseline -0.005 -11"><span class='ocrx_word' id='word_1_451' title='bbox 539 5296 648 5358; x_wconf 64' lang='lat' dir='ltr'><strong>ﬁes</strong></span> <span class='ocrx_word' id='word_1_452' title='bbox 675 5296 731 5352; x_wconf 74' lang='lat' dir='ltr'><strong>hi</strong></span> <span class='ocrx_word' id='word_1_453' title='bbox 770 5288 827 5352; x_wconf 70' lang='lat' dir='ltr'><strong>te</strong></span> <span class='ocrx_word' id='word_1_454' title='bbox 853 5294 1155 5367; x_wconf 69' lang='lat' dir='ltr'><strong>peccaverit</strong></span> <span class='ocrx_word' id='word_1_455' title='bbox 1198 5290 1359 5348; x_wconf 77' lang='lat' dir='ltr'><strong>frater</strong></span> <span class='ocrx_word' id='word_1_456' title='bbox 1393 5296 1533 5347; x_wconf 88' lang='lat' dir='ltr'><strong>tuus.</strong></span> <span class='ocrx_word' id='word_1_457' title='bbox 1576 5291 1631 5347; x_wconf 90' lang='lat' dir='ltr'><strong>Si</strong></span> <span class='ocrx_word' id='word_1_458' title='bbox 1672 5292 1906 5362; x_wconf 80' lang='lat' dir='ltr'><strong>potueris</strong></span> <span class='ocrx_word' id='word_1_459' title='bbox 1935 5308 2118 5363; x_wconf 86' lang='lat' dir='ltr'><strong>perve-</strong></span> 
     </span>
    </p>
   </div>
   <div class='ocr_carea' id='block_1_54' title="bbox 540 5385 2120 5458">
    <p class='ocr_par' dir='ltr' id='par_1_54' title="bbox 540 5385 2120 5458">
     <span class='ocr_line' id='line_1_54' title="bbox 540 5385 2120 5458; baseline -0.004 -12"><span class='ocrx_word' id='word_1_460' title='bbox 540 5390 851 5458; x_wconf 72' lang='lat' dir='ltr'><strong>niret-sque</strong></span> <span class='ocrx_word' id='word_1_461' title='bbox 871 5386 939 5442; x_wconf 78' lang='lat' dir='ltr'><strong>ad</strong></span> <span class='ocrx_word' id='word_1_462' title='bbox 971 5386 1412 5457; x_wconf 57' lang='lat' dir='ltr'><strong>septuqesimam</strong></span> <span class='ocrx_word' id='word_1_463' title='bbox 1440 5392 1497 5440; x_wconf 82' lang='lat' dir='ltr'><strong>et</strong></span> <span class='ocrx_word' id='word_1_464' title='bbox 1524 5390 1762 5439; x_wconf 81' lang='lat' dir='ltr'><strong>octavam</strong></span> <span class='ocrx_word' id='word_1_465' title='bbox 1787 5385 1993 5456; x_wconf 80' lang='lat' dir='ltr'><strong>culpam</strong></span> <span class='ocrx_word' id='word_1_466' title='bbox 2014 5426 2029 5453; x_wconf 93' lang='lat'><strong>,</strong></span> <span class='ocrx_word' id='word_1_467' title='bbox 2063 5392 2120 5439; x_wconf 90' lang='lat' dir='ltr'><strong>ut</strong></span> 
     </span>
    </p>
   </div>
   <div class='ocr_carea' id='block_1_55' title="bbox 538 5476 2116 5552">
    <p class='ocr_par' dir='ltr' id='par_1_55' title="bbox 538 5476 2116 5552">
     <span class='ocr_line' id='line_1_55' title="bbox 538 5476 2116 5552; baseline -0.007 -11"><span class='ocrx_word' id='word_1_468' title='bbox 538 5490 783 5541; x_wconf 61' lang='lat' dir='ltr'><strong>nauseae</strong></span> <span class='ocrx_word' id='word_1_469' title='bbox 823 5480 1124 5552; x_wconf 86' lang='lat' dir='ltr'><strong>scptuagies</strong></span> <span class='ocrx_word' id='word_1_470' title='bbox 1163 5478 1390 5552; x_wconf 80' lang='lat' dir='ltr'><strong>septies,</strong></span> <span class='ocrx_word' id='word_1_471' title='bbox 1434 5487 1557 5533; x_wconf 90' lang='lat' dir='ltr'><strong>tunc</strong></span> <span class='ocrx_word' id='word_1_472' title='bbox 1596 5476 1785 5533; x_wconf 87' lang='lat' dir='ltr'><strong>molire</strong></span> <span class='ocrx_word' id='word_1_473' title='bbox 1812 5476 2116 5533; x_wconf 88' lang='lat' dir='ltr'><strong>vindictam.</strong></span> 
     </span>
    </p>
   </div>
   <div class='ocr_carea' id='block_1_56' title="bbox 543 5568 2115 5642">
    <p class='ocr_par' dir='ltr' id='par_1_56' title="bbox 543 5568 2115 5642">
     <span class='ocr_line' id='line_1_56' title="bbox 543 5568 2115 5642; baseline -0.004 -12"><span class='ocrx_word' id='word_1_474' title='bbox 543 5573 693 5631; x_wconf 80' lang='lat' dir='ltr'><strong>Itane</strong></span> <span class='ocrx_word' id='word_1_475' title='bbox 714 5586 899 5628; x_wconf 86' lang='lat' dir='ltr'><strong>verum</strong></span> <span class='ocrx_word' id='word_1_476' title='bbox 923 5580 1007 5627; x_wconf 90' lang='lat' dir='ltr'><strong>est</strong></span> <span class='ocrx_word' id='word_1_477' title='bbox 1039 5571 1180 5642; x_wconf 86' lang='lat' dir='ltr'><strong>quod</strong></span> <span class='ocrx_word' id='word_1_478' title='bbox 1205 5572 1364 5639; x_wconf 91' lang='lat' dir='ltr'><strong>dicit,</strong></span> <span class='ocrx_word' id='word_1_479' title='bbox 1394 5580 1450 5625; x_wconf 89' lang='lat' dir='ltr'><strong>et</strong></span> <span class='ocrx_word' id='word_1_480' title='bbox 1475 5582 1601 5625; x_wconf 90' lang='lat' dir='ltr'><strong>vere</strong></span> <span class='ocrx_word' id='word_1_481' title='bbox 1624 5568 1699 5625; x_wconf 89' lang='lat' dir='ltr'><strong>ita</strong></span> <span class='ocrx_word' id='word_1_482' title='bbox 1726 5584 1786 5625; x_wconf 91' lang='lat' dir='ltr'><strong>se</strong></span> <span class='ocrx_word' id='word_1_483' title='bbox 1812 5584 1902 5625; x_wconf 90' lang='lat' dir='ltr'><strong>res</strong></span> <span class='ocrx_word' id='word_1_484' title='bbox 1938 5568 2115 5635; x_wconf 79' lang='lat' dir='ltr'><strong>habet,</strong></span> 
     </span>
    </p>
   </div>
   <div class='ocr_carea' id='block_1_57' title="bbox 543 5662 2119 5743">
    <p class='ocr_par' dir='ltr' id='par_1_57' title="bbox 543 5662 2119 5743">
     <span class='ocr_line' id='line_1_57' title="bbox 543 5662 2119 5743; baseline -0.004 -21"><span class='ocrx_word' id='word_1_485' title='bbox 543 5673 608 5722; x_wconf 79' lang='lat' dir='ltr'><strong>It</strong></span> <span class='ocrx_word' id='word_1_486' title='bbox 620 5666 673 5720; x_wconf 82' lang='lat' dir='ltr'><strong>si</strong></span> <span class='ocrx_word' id='word_1_487' title='bbox 696 5665 994 5734; x_wconf 73' lang='lat' dir='ltr'><strong>peccaverit</strong></span> <span class='ocrx_word' id='word_1_488' title='bbox 1009 5664 1306 5736; x_wconf 82' lang='lat' dir='ltr'><strong>septuagies</strong></span> <span class='ocrx_word' id='word_1_489' title='bbox 1320 5663 1537 5734; x_wconf 81' lang='lat' dir='ltr'><strong>septies,</strong></span> <span class='ocrx_word' id='word_1_490' title='bbox 1566 5663 1808 5734; x_wconf 76' lang='lat' dir='ltr'><strong>ignoscas</strong></span> <span class='ocrx_word' id='word_1_491' title='bbox 1827 5677 1841 5730; x_wconf 91' lang='lat'><strong>;</strong></span> <span class='ocrx_word' id='word_1_492' title='bbox 1868 5662 1915 5743; x_wconf 87' lang='lat' dir='ltr'><strong>si</strong></span> <span class='ocrx_word' id='word_1_493' title='bbox 1938 5671 2119 5718; x_wconf 85' lang='lat' dir='ltr'><strong>autem</strong></span> 
     </span>
    </p>
   </div>
   <div class='ocr_carea' id='block_1_58' title="bbox 541 5773 2123 5892">
    <p class='ocr_par' dir='ltr' id='par_1_58' title="bbox 541 5773 2123 5892">
     <span class='ocr_line' id='line_1_58' title="bbox 541 5773 2123 5892; baseline -0.004 -55"><span class='ocrx_word' id='word_1_494' title='bbox 541 5777 970 5892; x_wconf 41' lang='grc' dir='ltr'><strong>ωλιιὲἕεαιριι,</strong></span> <span class='ocrx_word' id='word_1_495' title='bbox 986 5778 1216 5843; x_wconf 69' lang='lat' dir='ltr'><strong>nuribus</strong></span> <span class='ocrx_word' id='word_1_496' title='bbox 1235 5775 1404 5833; x_wconf 64' lang='lat' dir='ltr'><strong>nam</strong></span> <span class='ocrx_word' id='word_1_497' title='bbox 1420 5790 1487 5832; x_wconf 67' lang='lat' dir='ltr'><strong>es</strong></span> <span class='ocrx_word' id='word_1_498' title='bbox 1502 5776 1652 5833; x_wconf 77' lang='lat' dir='ltr'><strong>com</strong></span> <span class='ocrx_word' id='word_1_499' title='bbox 1665 5775 1986 5835; x_wconf 73' lang='lat' dir='ltr'><strong>uestrthtsic</strong></span> <span class='ocrx_word' id='word_1_500' title='bbox 2004 5773 2123 5858; x_wconf 74' lang='lat' dir='ltr'><strong>anu</strong></span> 
     </span>
    </p>
   </div>
   <div class='ocr_carea' id='block_1_59' title="bbox 1771 374 2573 462">
    <p class='ocr_par' dir='ltr' id='par_1_59' title="bbox 1771 374 2573 462">
     <span class='ocr_line' id='line_1_59' title="bbox 1771 374 2573 462; baseline -0.007 0"><span class='ocrx_word' id='word_1_501' title='bbox 1771 403 1831 462; x_wconf 89' lang='lat' dir='ltr'><strong>s.</strong></span> <span class='ocrx_word' id='word_1_502' title='bbox 1869 374 2231 462; x_wconf 69' lang='lat' dir='ltr'><strong>AUGUSTINI</strong></span> <span class='ocrx_word' id='word_1_503' title='bbox 2269 388 2573 458; x_wconf 73' lang='lat' dir='ltr'><strong>EPISCOPI</strong></span> 
     </span>
    </p>
   </div>
   <div class='ocr_carea' id='block_1_60' title="bbox 3692 400 3794 466">
    <p class='ocr_par' dir='ltr' id='par_1_60' title="bbox 3692 400 3794 466">
     <span class='ocr_line' id='line_1_60' title="bbox 3692 400 3794 466; baseline 0.02 -2"><span class='ocrx_word' id='word_1_504' title='bbox 3692 400 3794 466; x_wconf 65' lang='lat' dir='ltr'><strong>5TB</strong></span> 
     </span>
    </p>
   </div>
   <div class='ocr_carea' id='block_1_61' title="bbox 2236 516 3799 598">
    <p class='ocr_par' dir='ltr' id='par_1_61' title="bbox 2236 516 3799 598">
     <span class='ocr_line' id='line_1_61' title="bbox 2236 516 3799 598; baseline 0.006 -24"><span class='ocrx_word' id='word_1_505' title='bbox 2236 518 2534 591; x_wconf 87' lang='lat' dir='ltr'><strong>peccaverit</strong></span> <span class='ocrx_word' id='word_1_506' title='bbox 2560 519 2856 591; x_wconf 82' lang='lat' dir='ltr'><strong>septuagies</strong></span> <span class='ocrx_word' id='word_1_507' title='bbox 2879 520 3065 589; x_wconf 88' lang='lat' dir='ltr'><strong>octies,</strong></span> <span class='ocrx_word' id='word_1_508' title='bbox 3090 520 3202 593; x_wconf 81' lang='lat' dir='ltr'><strong>jam</strong></span> <span class='ocrx_word' id='word_1_509' title='bbox 3230 518 3387 579; x_wconf 87' lang='lat' dir='ltr'><strong>liceat</strong></span> <span class='ocrx_word' id='word_1_510' title='bbox 3409 516 3501 578; x_wconf 88' lang='lat' dir='ltr'><strong>tibi</strong></span> <span class='ocrx_word' id='word_1_511' title='bbox 3526 539 3628 580; x_wconf 89' lang='lat' dir='ltr'><strong>non</strong></span> <span class='ocrx_word' id='word_1_512' title='bbox 3656 526 3799 598; x_wconf 86' lang='lat' dir='ltr'><strong>igno-</strong></span> 
     </span>
    </p>
   </div>
   <div class='ocr_carea' id='block_1_62' title="bbox 2233 612 3797 689">
    <p class='ocr_par' dir='ltr' id='par_1_62' title="bbox 2233 612 3797 689">
     <span class='ocr_line' id='line_1_62' title="bbox 2233 612 3797 689; baseline 0.007 -22"><span class='ocrx_word' id='word_1_513' title='bbox 2233 612 2419 668; x_wconf 89' lang='lat' dir='ltr'><strong>scere?</strong></span> <span class='ocrx_word' id='word_1_514' title='bbox 2448 612 2651 679; x_wconf 82' lang='lat' dir='ltr'><strong>Audeo,</strong></span> <span class='ocrx_word' id='word_1_515' title='bbox 2671 613 2839 669; x_wconf 87' lang='lat' dir='ltr'><strong>audeo</strong></span> <span class='ocrx_word' id='word_1_516' title='bbox 2866 614 3062 683; x_wconf 79' lang='lat' dir='ltr'><strong>dicere,</strong></span> <span class='ocrx_word' id='word_1_517' title='bbox 3092 626 3150 670; x_wconf 90' lang='lat' dir='ltr'><strong>ut</strong></span> <span class='ocrx_word' id='word_1_518' title='bbox 3173 625 3227 671; x_wconf 91' lang='lat' dir='ltr'><strong>et</strong></span> <span class='ocrx_word' id='word_1_519' title='bbox 3250 616 3294 671; x_wconf 91' lang='lat' dir='ltr'><strong>si</strong></span> <span class='ocrx_word' id='word_1_520' title='bbox 3320 618 3620 689; x_wconf 87' lang='lat' dir='ltr'><strong>septuagies</strong></span> <span class='ocrx_word' id='word_1_521' title='bbox 3636 622 3797 678; x_wconf 78' lang='lat' dir='ltr'><strong>octies</strong></span> 
     </span>
    </p>
   </div>
   <div class='ocr_carea' id='block_1_63' title="bbox 2232 702 3796 779">
    <p class='ocr_par' dir='ltr' id='par_1_63' title="bbox 2232 702 3796 779">
     <span class='ocr_line' id='line_1_63' title="bbox 2232 702 3796 779; baseline 0.008 -23"><span class='ocrx_word' id='word_1_522' title='bbox 2232 704 2567 773; x_wconf 85' lang='lat' dir='ltr'><strong>peccaverit,</strong></span> <span class='ocrx_word' id='word_1_523' title='bbox 2614 702 2875 775; x_wconf 78' lang='lat' dir='ltr'><strong>ignoscas.</strong></span> <span class='ocrx_word' id='word_1_524' title='bbox 2920 705 2974 760; x_wconf 91' lang='lat' dir='ltr'><strong>Si</strong></span> <span class='ocrx_word' id='word_1_525' title='bbox 3014 716 3190 760; x_wconf 88' lang='lat' dir='ltr'><strong>autem</strong></span> <span class='ocrx_word' id='word_1_526' title='bbox 3231 709 3561 779; x_wconf 87' lang='lat' dir='ltr'><strong>peccaverit,</strong></span> <span class='ocrx_word' id='word_1_527' title='bbox 3593 719 3648 764; x_wconf 89' lang='grc' dir='ltr'><strong>ιιι</strong></span> <span class='ocrx_word' id='word_1_528' title='bbox 3669 709 3796 777; x_wconf 80' lang='lat' dir='ltr'><strong>dixi,</strong></span> 
     </span>
    </p>
   </div>
   <div class='ocr_carea' id='block_1_64' title="bbox 2231 795 3795 874">
    <p class='ocr_par' dir='ltr' id='par_1_64' title="bbox 2231 795 3795 874">
     <span class='ocr_line' id='line_1_64' title="bbox 2231 795 3795 874; baseline 0.008 -27"><span class='ocrx_word' id='word_1_529' title='bbox 2231 795 2528 866; x_wconf 87' lang='lat' dir='ltr'><strong>septuagies</strong></span> <span class='ocrx_word' id='word_1_530' title='bbox 2569 795 2733 852; x_wconf 87' lang='lat' dir='ltr'><strong>octies</strong></span> <span class='ocrx_word' id='word_1_531' title='bbox 2772 797 3004 867; x_wconf 76' lang='lat' dir='ltr'><strong>ignosce.</strong></span> <span class='ocrx_word' id='word_1_532' title='bbox 3056 800 3121 854; x_wconf 82' lang='lat' dir='ltr'><strong>Et</strong></span> <span class='ocrx_word' id='word_1_533' title='bbox 3163 799 3209 854; x_wconf 91' lang='lat' dir='ltr'><strong>si</strong></span> <span class='ocrx_word' id='word_1_534' title='bbox 3247 801 3450 857; x_wconf 87' lang='lat' dir='ltr'><strong>centies</strong></span> <span class='ocrx_word' id='word_1_535' title='bbox 3485 804 3795 874; x_wconf 88' lang='lat' dir='ltr'><strong>peccaverit,</strong></span> 
     </span>
    </p>
   </div>
   <div class='ocr_carea' id='block_1_65' title="bbox 2232 885 3798 958">
    <p class='ocr_par' dir='ltr' id='par_1_65' title="bbox 2232 885 3798 958">
     <span class='ocr_line' id='line_1_65' title="bbox 2232 885 3798 958; baseline 0.008 -19"><span class='ocrx_word' id='word_1_536' title='bbox 2232 885 2467 956; x_wconf 75' lang='lat' dir='ltr'><strong>ignosce.</strong></span> <span class='ocrx_word' id='word_1_537' title='bbox 2521 886 2589 941; x_wconf 88' lang='lat' dir='ltr'><strong>Et</strong></span> <span class='ocrx_word' id='word_1_538' title='bbox 2635 888 2760 958; x_wconf 93' lang='lat' dir='ltr'><strong>quid</strong></span> <span class='ocrx_word' id='word_1_539' title='bbox 2805 887 2977 944; x_wconf 85' lang='lat' dir='ltr'><strong>dicam</strong></span> <span class='ocrx_word' id='word_1_540' title='bbox 3026 900 3182 947; x_wconf 86' lang='lat' dir='ltr'><strong>tones</strong></span> <span class='ocrx_word' id='word_1_541' title='bbox 3229 902 3283 948; x_wconf 88' lang='lat' dir='ltr'><strong>et</strong></span> <span class='ocrx_word' id='word_1_542' title='bbox 3330 895 3525 949; x_wconf 77' lang='lat' dir='ltr'><strong>toties?</strong></span> <span class='ocrx_word' id='word_1_543' title='bbox 3578 894 3798 954; x_wconf 85' lang='lat' dir='ltr'><strong>Omnino</strong></span> 
     </span>
    </p>
   </div>
   <div class='ocr_carea' id='block_1_66' title="bbox 2231 977 3796 1056">
    <p class='ocr_par' dir='ltr' id='par_1_66' title="bbox 2231 977 3796 1056">
     <span class='ocr_line' id='line_1_66' title="bbox 2231 977 3796 1056; baseline 0.008 -25"><span class='ocrx_word' id='word_1_544' title='bbox 2231 977 2435 1045; x_wconf 87' lang='lat' dir='ltr'><strong>quoties</strong></span> <span class='ocrx_word' id='word_1_545' title='bbox 2462 980 2781 1048; x_wconf 84' lang='lat' dir='ltr'><strong>peccaverit,</strong></span> <span class='ocrx_word' id='word_1_546' title='bbox 2809 980 3021 1051; x_wconf 88' lang='lat' dir='ltr'><strong>ignosce</strong></span> <span class='ocrx_word' id='word_1_547' title='bbox 3051 981 3151 1055; x_wconf 87' lang='lat' dir='ltr'><strong>(a).</strong></span> <span class='ocrx_word' id='word_1_548' title='bbox 3197 983 3341 1056; x_wconf 84' lang='lat' dir='ltr'><strong>Ergo</strong></span> <span class='ocrx_word' id='word_1_549' title='bbox 3369 1001 3468 1056; x_wconf 80' lang='lat' dir='ltr'><strong>ego</strong></span> <span class='ocrx_word' id='word_1_550' title='bbox 3493 1001 3652 1042; x_wconf 88' lang='lat' dir='ltr'><strong>ausus</strong></span> <span class='ocrx_word' id='word_1_551' title='bbox 3683 1002 3796 1044; x_wconf 79' lang='lat' dir='ltr'><strong>sunt</strong></span> 
     </span>
    </p>
   </div>
   <div class='ocr_carea' id='block_1_67' title="bbox 2228 1068 3798 1151">
    <p class='ocr_par' dir='ltr' id='par_1_67' title="bbox 2228 1068 3798 1151">
     <span class='ocr_line' id='line_1_67' title="bbox 2228 1068 3798 1151; baseline 0.008 -26"><span class='ocrx_word' id='word_1_552' title='bbox 2228 1071 2537 1142; x_wconf 86' lang='lat' dir='ltr'><strong>supergredi</strong></span> <span class='ocrx_word' id='word_1_553' title='bbox 2563 1071 2777 1130; x_wconf 89' lang='lat' dir='ltr'><strong>modum</strong></span> <span class='ocrx_word' id='word_1_554' title='bbox 2806 1068 3013 1128; x_wconf 85' lang='lat' dir='ltr'><strong>Domini</strong></span> <span class='ocrx_word' id='word_1_555' title='bbox 3037 1076 3177 1131; x_wconf 82' lang='lat' dir='ltr'><strong>mei?</strong></span> <span class='ocrx_word' id='word_1_556' title='bbox 3204 1076 3299 1133; x_wconf 92' lang='lat' dir='ltr'><strong>llle</strong></span> <span class='ocrx_word' id='word_1_557' title='bbox 3331 1078 3384 1132; x_wconf 88' lang='lat' dir='ltr'><strong>in</strong></span> <span class='ocrx_word' id='word_1_558' title='bbox 3417 1081 3798 1151; x_wconf 79' lang='lat' dir='ltr'><strong>septuagesimo</strong></span> 
     </span>
    </p>
   </div>
   <div class='ocr_carea' id='block_1_68' title="bbox 2229 1163 3798 1238">
    <p class='ocr_par' dir='ltr' id='par_1_68' title="bbox 2229 1163 3798 1238">
     <span class='ocr_line' id='line_1_68' title="bbox 2229 1163 3798 1238; baseline 0.009 -22"><span class='ocrx_word' id='word_1_559' title='bbox 2229 1170 2284 1216; x_wconf 91' lang='lat' dir='ltr'><strong>et</strong></span> <span class='ocrx_word' id='word_1_560' title='bbox 2328 1163 2555 1233; x_wconf 85' lang='lat' dir='ltr'><strong>septimo</strong></span> <span class='ocrx_word' id='word_1_561' title='bbox 2596 1180 2817 1220; x_wconf 91' lang='lat' dir='ltr'><strong>numero</strong></span> <span class='ocrx_word' id='word_1_562' title='bbox 2864 1167 3168 1238; x_wconf 86' lang='lat' dir='ltr'><strong>ignoscendi</strong></span> <span class='ocrx_word' id='word_1_563' title='bbox 3214 1169 3435 1225; x_wconf 87' lang='lat' dir='ltr'><strong>limitem</strong></span> <span class='ocrx_word' id='word_1_564' title='bbox 3479 1170 3633 1227; x_wconf 80' lang='lat' dir='ltr'><strong>fixit:</strong></span> <span class='ocrx_word' id='word_1_565' title='bbox 3664 1174 3798 1230; x_wconf 84' lang='lat' dir='ltr'><strong>hunc</strong></span> 
     </span>
    </p>
   </div>
   <div class='ocr_carea' id='block_1_69' title="bbox 2230 1255 3795 1328">
    <p class='ocr_par' dir='ltr' id='par_1_69' title="bbox 2230 1255 3795 1328">
     <span class='ocr_line' id='line_1_69' title="bbox 2230 1255 3795 1328; baseline 0.007 -20"><span class='ocrx_word' id='word_1_566' title='bbox 2230 1270 2329 1325; x_wconf 83' lang='lat' dir='ltr'><strong>ego</strong></span> <span class='ocrx_word' id='word_1_567' title='bbox 2371 1255 2589 1311; x_wconf 86' lang='lat' dir='ltr'><strong>limitem</strong></span> <span class='ocrx_word' id='word_1_568' title='bbox 2628 1258 2891 1313; x_wconf 90' lang='lat' dir='ltr'><strong>transilire</strong></span> <span class='ocrx_word' id='word_1_569' title='bbox 2932 1261 3281 1328; x_wconf 78' lang='lat' dir='ltr'><strong>przesunmm?</strong></span> <span class='ocrx_word' id='word_1_570' title='bbox 3322 1259 3438 1315; x_wconf 83' lang='lat' dir='ltr'><strong>Non</strong></span> <span class='ocrx_word' id='word_1_571' title='bbox 3479 1271 3562 1317; x_wconf 87' lang='lat' dir='ltr'><strong>est</strong></span> <span class='ocrx_word' id='word_1_572' title='bbox 3594 1277 3795 1327; x_wconf 85' lang='lat' dir='ltr'><strong>verum.</strong></span> 
     </span>
    </p>
   </div>
   <div class='ocr_carea' id='block_1_70' title="bbox 2229 1348 3798 1421">
    <p class='ocr_par' dir='ltr' id='par_1_70' title="bbox 2229 1348 3798 1421">
     <span class='ocr_line' id='line_1_70' title="bbox 2229 1348 3798 1421; baseline 0.006 -22"><span class='ocrx_word' id='word_1_573' title='bbox 2229 1362 2334 1401; x_wconf 86' lang='lat' dir='ltr'><strong>non</strong></span> <span class='ocrx_word' id='word_1_574' title='bbox 2366 1363 2483 1402; x_wconf 89' lang='lat' dir='ltr'><strong>sum</strong></span> <span class='ocrx_word' id='word_1_575' title='bbox 2511 1362 2671 1403; x_wconf 88' lang='lat' dir='ltr'><strong>ausus</strong></span> <span class='ocrx_word' id='word_1_576' title='bbox 2697 1348 2815 1418; x_wconf 83' lang='lat' dir='ltr'><strong>plus</strong></span> <span class='ocrx_word' id='word_1_577' title='bbox 2857 1350 3074 1421; x_wconf 84' lang='lat' dir='ltr'><strong>aliquid.</strong></span> <span class='ocrx_word' id='word_1_578' title='bbox 3116 1351 3292 1421; x_wconf 84' lang='lat' dir='ltr'><strong>ipsum</strong></span> <span class='ocrx_word' id='word_1_579' title='bbox 3319 1352 3595 1408; x_wconf 88' lang='lat' dir='ltr'><strong>Dominum</strong></span> <span class='ocrx_word' id='word_1_580' title='bbox 3626 1370 3798 1410; x_wconf 87' lang='lat' dir='ltr'><strong>meum</strong></span> 
     </span>
    </p>
   </div>
   <div class='ocr_carea' id='block_1_71' title="bbox 2227 1437 3798 1511">
    <p class='ocr_par' dir='ltr' id='par_1_71' title="bbox 2227 1437 3798 1511">
     <span class='ocr_line' id='line_1_71' title="bbox 2227 1437 3798 1511; baseline 0.006 -20"><span class='ocrx_word' id='word_1_581' title='bbox 2227 1437 2401 1492; x_wconf 85' lang='lat' dir='ltr'><strong>audivi</strong></span> <span class='ocrx_word' id='word_1_582' title='bbox 2428 1438 2729 1509; x_wconf 88' lang='lat' dir='ltr'><strong>loquentem</strong></span> <span class='ocrx_word' id='word_1_583' title='bbox 2763 1440 2818 1495; x_wconf 91' lang='lat' dir='ltr'><strong>in</strong></span> <span class='ocrx_word' id='word_1_584' title='bbox 2848 1444 3102 1511; x_wconf 89' lang='lat' dir='ltr'><strong>Apostolo</strong></span> <span class='ocrx_word' id='word_1_585' title='bbox 3128 1457 3246 1509; x_wconf 90' lang='lat' dir='ltr'><strong>suo,</strong></span> <span class='ocrx_word' id='word_1_586' title='bbox 3277 1443 3366 1499; x_wconf 84' lang='lat' dir='ltr'><strong>ubi</strong></span> <span class='ocrx_word' id='word_1_587' title='bbox 3405 1443 3593 1499; x_wconf 83' lang='lat' dir='ltr'><strong>modus</strong></span> <span class='ocrx_word' id='word_1_588' title='bbox 3616 1455 3674 1499; x_wconf 84' lang='lat' dir='ltr'><strong>et</strong></span> <span class='ocrx_word' id='word_1_589' title='bbox 3708 1461 3798 1501; x_wconf 81' lang='lat' dir='ltr'><strong>nu-</strong></span> 
     </span>
    </p>
   </div>
   <div class='ocr_carea' id='block_1_72' title="bbox 2227 1531 3792 1599">
    <p class='ocr_par' dir='ltr' id='par_1_72' title="bbox 2227 1531 3792 1599">
     <span class='ocr_line' id='line_1_72' title="bbox 2227 1531 3792 1599; baseline 0.006 -16"><span class='ocrx_word' id='word_1_590' title='bbox 2227 1544 2406 1584; x_wconf 89' lang='lat' dir='ltr'><strong>merus</strong></span> <span class='ocrx_word' id='word_1_591' title='bbox 2434 1531 2678 1599; x_wconf 78' lang='lat' dir='ltr'><strong>praclixus</strong></span> <span class='ocrx_word' id='word_1_592' title='bbox 2717 1546 2822 1586; x_wconf 88' lang='lat' dir='ltr'><strong>non</strong></span> <span class='ocrx_word' id='word_1_593' title='bbox 2865 1542 2964 1587; x_wconf 87' lang='lat' dir='ltr'><strong>est.</strong></span> <span class='ocrx_word' id='word_1_594' title='bbox 3003 1534 3091 1588; x_wconf 81' lang='lat' dir='ltr'><strong>Ait</strong></span> <span class='ocrx_word' id='word_1_595' title='bbox 3130 1534 3271 1589; x_wconf 88' lang='lat' dir='ltr'><strong>enim</strong></span> <span class='ocrx_word' id='word_1_596' title='bbox 3303 1552 3317 1588; x_wconf 83' lang='lat'><strong>:</strong></span> <span class='ocrx_word' id='word_1_597' title='bbox 3351 1534 3608 1592; x_wconf 76' lang='lat' dir='ltr'><strong>Donantcs</strong></span> <span class='ocrx_word' id='word_1_598' title='bbox 3635 1537 3792 1592; x_wconf 75' lang='lat' dir='ltr'><strong>rubis-</strong></span> 
     </span>
    </p>
   </div>
   <div class='ocr_carea' id='block_1_73' title="bbox 2227 1619 3800 1695">
    <p class='ocr_par' dir='ltr' id='par_1_73' title="bbox 2227 1619 3800 1695">
     <span class='ocr_line' id='line_1_73' title="bbox 2227 1619 3800 1695; baseline 0.006 -22"><span class='ocrx_word' id='word_1_599' title='bbox 2227 1619 2470 1689; x_wconf 84' lang='lat' dir='ltr'><strong>metipsis,</strong></span> <span class='ocrx_word' id='word_1_600' title='bbox 2500 1620 2545 1674; x_wconf 90' lang='lat' dir='ltr'><strong>si</strong></span> <span class='ocrx_word' id='word_1_601' title='bbox 2572 1622 2682 1689; x_wconf 85' lang='lat' dir='ltr'><strong>quis</strong></span> <span class='ocrx_word' id='word_1_602' title='bbox 2702 1621 2940 1677; x_wconf 86' lang='lat' dir='ltr'><strong>adversus</strong></span> <span class='ocrx_word' id='word_1_603' title='bbox 2965 1621 3179 1693; x_wconf 78' lang='lat' dir='ltr'><strong>aliquem</strong></span> <span class='ocrx_word' id='word_1_604' title='bbox 3206 1623 3350 1679; x_wconf 83' lang='lat' dir='ltr'><strong>habet</strong></span> <span class='ocrx_word' id='word_1_605' title='bbox 3377 1627 3654 1695; x_wconf 80' lang='lat' dir='ltr'><strong>querelam,</strong></span> <span class='ocrx_word' id='word_1_606' title='bbox 3679 1629 3800 1683; x_wconf 79' lang='lat' dir='ltr'><strong>sicut</strong></span> 
     </span>
    </p>
   </div>
   <div class='ocr_carea' id='block_1_74' title="bbox 2225 1708 3798 1788">
    <p class='ocr_par' dir='ltr' id='par_1_74' title="bbox 2225 1708 3798 1788">
     <span class='ocr_line' id='line_1_74' title="bbox 2225 1708 3798 1788; baseline 0.008 -25"><span class='ocrx_word' id='word_1_607' title='bbox 2225 1708 2368 1765; x_wconf 87' lang='lat' dir='ltr'><strong>Deus</strong></span> <span class='ocrx_word' id='word_1_608' title='bbox 2408 1710 2461 1764; x_wconf 88' lang='lat' dir='ltr'><strong>in</strong></span> <span class='ocrx_word' id='word_1_609' title='bbox 2495 1712 2693 1766; x_wconf 81' lang='lat' dir='ltr'><strong>Christo</strong></span> <span class='ocrx_word' id='word_1_610' title='bbox 2723 1712 2924 1766; x_wconf 84' lang='lat' dir='ltr'><strong>donavit</strong></span> <span class='ocrx_word' id='word_1_611' title='bbox 2951 1714 3085 1768; x_wconf 85' lang='lat' dir='ltr'><strong>vobis</strong></span> <span class='ocrx_word' id='word_1_612' title='bbox 3117 1713 3338 1784; x_wconf 84' lang='lat' dir='ltr'><strong>(Coloss.</strong></span> <span class='ocrx_word' id='word_1_613' title='bbox 3366 1732 3451 1782; x_wconf 84' lang='lat' dir='ltr'><strong>tu,</strong></span> <span class='ocrx_word' id='word_1_614' title='bbox 3483 1718 3592 1788; x_wconf 78' lang='grc'><strong>15).</strong></span> <span class='ocrx_word' id='word_1_615' title='bbox 3638 1719 3798 1775; x_wconf 76' lang='lat' dir='ltr'><strong>Audi~</strong></span> 
     </span>
    </p>
   </div>
   <div class='ocr_carea' id='block_1_75' title="bbox 2225 1801 3801 1877">
    <p class='ocr_par' dir='ltr' id='par_1_75' title="bbox 2225 1801 3801 1877">
     <span class='ocr_line' id='line_1_75' title="bbox 2225 1801 3801 1877; baseline 0.006 -21"><span class='ocrx_word' id='word_1_616' title='bbox 2225 1802 2322 1856; x_wconf 90' lang='lat' dir='ltr'><strong>stis</strong></span> <span class='ocrx_word' id='word_1_617' title='bbox 2350 1802 2591 1857; x_wconf 86' lang='lat' dir='ltr'><strong>formam.</strong></span> <span class='ocrx_word' id='word_1_618' title='bbox 2642 1801 2698 1859; x_wconf 91' lang='lat' dir='ltr'><strong>Si</strong></span> <span class='ocrx_word' id='word_1_619' title='bbox 2725 1805 3027 1874; x_wconf 82' lang='lat' dir='ltr'><strong>septuagies</strong></span> <span class='ocrx_word' id='word_1_620' title='bbox 3050 1807 3249 1877; x_wconf 85' lang='lat' dir='ltr'><strong>septies</strong></span> <span class='ocrx_word' id='word_1_621' title='bbox 3274 1817 3490 1877; x_wconf 87' lang='lat' dir='ltr'><strong>peccata</strong></span> <span class='ocrx_word' id='word_1_622' title='bbox 3520 1810 3614 1864; x_wconf 84' lang='lat' dir='ltr'><strong>tibi</strong></span> <span class='ocrx_word' id='word_1_623' title='bbox 3641 1809 3801 1866; x_wconf 87' lang='lat' dir='ltr'><strong>dona-</strong></span> 
     </span>
    </p>
   </div>
   <div class='ocr_carea' id='block_1_76' title="bbox 2225 1892 3799 1971">
    <p class='ocr_par' dir='ltr' id='par_1_76' title="bbox 2225 1892 3799 1971">
     <span class='ocr_line' id='line_1_76' title="bbox 2225 1892 3799 1971; baseline 0.008 -27"><span class='ocrx_word' id='word_1_624' title='bbox 2225 1893 2300 1947; x_wconf 88' lang='lat' dir='ltr'><strong>vit</strong></span> <span class='ocrx_word' id='word_1_625' title='bbox 2321 1892 2563 1949; x_wconf 87' lang='lat' dir='ltr'><strong>Christus</strong></span> <span class='ocrx_word' id='word_1_626' title='bbox 2588 1936 2602 1960; x_wconf 95' lang='lat'><strong>,</strong></span> <span class='ocrx_word' id='word_1_627' title='bbox 2650 1894 2696 1949; x_wconf 91' lang='lat' dir='ltr'><strong>si</strong></span> <span class='ocrx_word' id='word_1_628' title='bbox 2721 1892 2827 1950; x_wconf 91' lang='lat' dir='ltr'><strong>huc</strong></span> <span class='ocrx_word' id='word_1_629' title='bbox 2867 1912 3033 1966; x_wconf 89' lang='lat' dir='ltr'><strong>usque</strong></span> <span class='ocrx_word' id='word_1_630' title='bbox 3059 1897 3296 1968; x_wconf 81' lang='lat' dir='ltr'><strong>ignovit,</strong></span> <span class='ocrx_word' id='word_1_631' title='bbox 3324 1908 3378 1953; x_wconf 88' lang='lat' dir='ltr'><strong>et</strong></span> <span class='ocrx_word' id='word_1_632' title='bbox 3404 1900 3535 1956; x_wconf 84' lang='lat' dir='ltr'><strong>ultra</strong></span> <span class='ocrx_word' id='word_1_633' title='bbox 3562 1902 3799 1971; x_wconf 77' lang='lat' dir='ltr'><strong>negavit;</strong></span> 
     </span>
    </p>
   </div>
   <div class='ocr_carea' id='block_1_77' title="bbox 2226 1987 3801 2061">
    <p class='ocr_par' dir='ltr' id='par_1_77' title="bbox 2226 1987 3801 2061">
     <span class='ocr_line' id='line_1_77' title="bbox 2226 1987 3801 2061; baseline 0.008 -24"><span class='ocrx_word' id='word_1_634' title='bbox 2226 2000 2362 2055; x_wconf 88' lang='lat' dir='ltr'><strong>pone</strong></span> <span class='ocrx_word' id='word_1_635' title='bbox 2392 1995 2444 2039; x_wconf 88' lang='lat' dir='ltr'><strong>et</strong></span> <span class='ocrx_word' id='word_1_636' title='bbox 2472 1996 2525 2040; x_wconf 92' lang='grc' dir='ltr'><strong>ιιι</strong></span> <span class='ocrx_word' id='word_1_637' title='bbox 2557 1987 2807 2052; x_wconf 86' lang='lat' dir='ltr'><strong>limitem,</strong></span> <span class='ocrx_word' id='word_1_638' title='bbox 2836 1997 2891 2043; x_wconf 91' lang='lat' dir='ltr'><strong>et</strong></span> <span class='ocrx_word' id='word_1_639' title='bbox 2920 1989 3139 2044; x_wconf 87' lang='lat' dir='ltr'><strong>ulterius</strong></span> <span class='ocrx_word' id='word_1_640' title='bbox 3167 1990 3274 2045; x_wconf 75' lang='lat' dir='ltr'><strong>noli</strong></span> <span class='ocrx_word' id='word_1_641' title='bbox 3302 1990 3597 2061; x_wconf 86' lang='lat' dir='ltr'><strong>ignoscere.</strong></span> <span class='ocrx_word' id='word_1_642' title='bbox 3626 1993 3688 2049; x_wconf 84' lang='lat' dir='ltr'><strong>Si</strong></span> <span class='ocrx_word' id='word_1_643' title='bbox 3712 2011 3801 2051; x_wconf 84' lang='lat' dir='ltr'><strong>au-</strong></span> 
     </span>
    </p>
   </div>
   <div class='ocr_carea' id='block_1_78' title="bbox 2229 2074 3801 2154">
    <p class='ocr_par' dir='ltr' id='par_1_78' title="bbox 2229 2074 3801 2154">
     <span class='ocr_line' id='line_1_78' title="bbox 2229 2074 3801 2154; baseline 0.006 -21"><span class='ocrx_word' id='word_1_644' title='bbox 2229 2089 2334 2134; x_wconf 84' lang='lat' dir='ltr'><strong>tem</strong></span> <span class='ocrx_word' id='word_1_645' title='bbox 2374 2074 2614 2135; x_wconf 89' lang='lat' dir='ltr'><strong>Christus</strong></span> <span class='ocrx_word' id='word_1_646' title='bbox 2646 2081 2807 2136; x_wconf 88' lang='lat' dir='ltr'><strong>millia</strong></span> <span class='ocrx_word' id='word_1_647' title='bbox 2848 2093 3061 2151; x_wconf 88' lang='lat' dir='ltr'><strong>peccata</strong></span> <span class='ocrx_word' id='word_1_648' title='bbox 3097 2092 3437 2154; x_wconf 86' lang='lat' dir='ltr'><strong>peccatorum</strong></span> <span class='ocrx_word' id='word_1_649' title='bbox 3467 2085 3705 2151; x_wconf 86' lang='lat' dir='ltr'><strong>invenit,</strong></span> <span class='ocrx_word' id='word_1_650' title='bbox 3749 2096 3801 2143; x_wconf 86' lang='lat' dir='ltr'><strong>et</strong></span> 
     </span>
    </p>
   </div>
   <div class='ocr_carea' id='block_1_79' title="bbox 2226 2174 3798 2245">
    <p class='ocr_par' dir='ltr' id='par_1_79' title="bbox 2226 2174 3798 2245">
     <span class='ocr_line' id='line_1_79' title="bbox 2226 2174 3798 2245; baseline 0.006 -19"><span class='ocrx_word' id='word_1_651' title='bbox 2226 2181 2402 2228; x_wconf 89' lang='lat' dir='ltr'><strong>tamen</strong></span> <span class='ocrx_word' id='word_1_652' title='bbox 2430 2174 2603 2228; x_wconf 89' lang='lat' dir='ltr'><strong>omnia</strong></span> <span class='ocrx_word' id='word_1_653' title='bbox 2629 2174 2879 2241; x_wconf 87' lang='lat' dir='ltr'><strong>donavit;</strong></span> <span class='ocrx_word' id='word_1_654' title='bbox 2908 2176 3017 2231; x_wconf 91' lang='lat' dir='ltr'><strong>noli</strong></span> <span class='ocrx_word' id='word_1_655' title='bbox 3044 2176 3339 2233; x_wconf 81' lang='lat' dir='ltr'><strong>subducere</strong></span> <span class='ocrx_word' id='word_1_656' title='bbox 3361 2178 3798 2245; x_wconf 83' lang='lat' dir='ltr'><strong>misericordiam,</strong></span> 
     </span>
    </p>
   </div>
   <div class='ocr_carea' id='block_1_80' title="bbox 2225 2264 3797 2334">
    <p class='ocr_par' dir='ltr' id='par_1_80' title="bbox 2225 2264 3797 2334">
     <span class='ocr_line' id='line_1_80' title="bbox 2225 2264 3797 2334; baseline 0.005 -15"><span class='ocrx_word' id='word_1_657' title='bbox 2225 2264 2319 2319; x_wconf 85' lang='lat' dir='ltr'><strong>sed</strong></span> <span class='ocrx_word' id='word_1_658' title='bbox 2349 2280 2508 2334; x_wconf 89' lang='lat' dir='ltr'><strong>posce</strong></span> <span class='ocrx_word' id='word_1_659' title='bbox 2534 2266 2675 2321; x_wconf 93' lang='lat' dir='ltr'><strong>illius</strong></span> <span class='ocrx_word' id='word_1_660' title='bbox 2717 2267 2926 2322; x_wconf 89' lang='lat' dir='ltr'><strong>numeri</strong></span> <span class='ocrx_word' id='word_1_661' title='bbox 2963 2269 3302 2325; x_wconf 88' lang='lat' dir='ltr'><strong>solutionem.</strong></span> <span class='ocrx_word' id='word_1_662' title='bbox 3346 2269 3462 2327; x_wconf 85' lang='lat' dir='ltr'><strong>Non</strong></span> <span class='ocrx_word' id='word_1_663' title='bbox 3500 2270 3646 2326; x_wconf 81' lang='lat' dir='ltr'><strong>enim</strong></span> <span class='ocrx_word' id='word_1_664' title='bbox 3688 2272 3797 2327; x_wconf 84' lang='lat' dir='ltr'><strong>sine</strong></span> 
     </span>
    </p>
   </div>
   <div class='ocr_carea' id='block_1_81' title="bbox 2224 2357 3801 2431">
    <p class='ocr_par' dir='ltr' id='par_1_81' title="bbox 2224 2357 3801 2431">
     <span class='ocr_line' id='line_1_81' title="bbox 2224 2357 3801 2431; baseline 0.005 -21"><span class='ocrx_word' id='word_1_665' title='bbox 2224 2370 2381 2411; x_wconf 89' lang='lat' dir='ltr'><strong>causa</strong></span> <span class='ocrx_word' id='word_1_666' title='bbox 2409 2357 2663 2413; x_wconf 89' lang='lat' dir='ltr'><strong>Dominus</strong></span> <span class='ocrx_word' id='word_1_667' title='bbox 2686 2360 2964 2431; x_wconf 77' lang='lat' dir='ltr'><strong>septuagies</strong></span> <span class='ocrx_word' id='word_1_668' title='bbox 3004 2361 3183 2429; x_wconf 83' lang='lat' dir='ltr'><strong>septies</strong></span> <span class='ocrx_word' id='word_1_669' title='bbox 3220 2360 3353 2415; x_wconf 80' lang='lat' dir='ltr'><strong>dixit</strong></span> <span class='ocrx_word' id='word_1_670' title='bbox 3382 2379 3398 2417; x_wconf 85' lang='lat'><strong>:</strong></span> <span class='ocrx_word' id='word_1_671' title='bbox 3425 2378 3548 2418; x_wconf 87' lang='lat' dir='ltr'><strong>cum</strong></span> <span class='ocrx_word' id='word_1_672' title='bbox 3586 2365 3801 2419; x_wconf 89' lang='lat' dir='ltr'><strong>omnino</strong></span> 
     </span>
    </p>
   </div>
   <div class='ocr_carea' id='block_1_82' title="bbox 2224 2447 3802 2525">
    <p class='ocr_par' dir='ltr' id='par_1_82' title="bbox 2224 2447 3802 2525">
     <span class='ocr_line' id='line_1_82' title="bbox 2224 2447 3802 2525; baseline 0.008 -24"><span class='ocrx_word' id='word_1_673' title='bbox 2224 2447 2367 2503; x_wconf 88' lang='lat' dir='ltr'><strong>nulla</strong></span> <span class='ocrx_word' id='word_1_674' title='bbox 2408 2450 2563 2520; x_wconf 88' lang='lat' dir='ltr'><strong>culpa</strong></span> <span class='ocrx_word' id='word_1_675' title='bbox 2609 2452 2716 2516; x_wconf 90' lang='lat' dir='ltr'><strong>sit,</strong></span> <span class='ocrx_word' id='word_1_676' title='bbox 2766 2467 2923 2521; x_wconf 90' lang='lat' dir='ltr'><strong>quam</strong></span> <span class='ocrx_word' id='word_1_677' title='bbox 2954 2468 3057 2507; x_wconf 89' lang='lat' dir='ltr'><strong>non</strong></span> <span class='ocrx_word' id='word_1_678' title='bbox 3086 2453 3282 2510; x_wconf 82' lang='lat' dir='ltr'><strong>debeas</strong></span> <span class='ocrx_word' id='word_1_679' title='bbox 3324 2455 3620 2525; x_wconf 82' lang='lat' dir='ltr'><strong>ignoscere.</strong></span> <span class='ocrx_word' id='word_1_680' title='bbox 3670 2456 3802 2512; x_wconf 85' lang='lat' dir='ltr'><strong>Ecce</strong></span> 
     </span>
    </p>
   </div>
   <div class='ocr_carea' id='block_1_83' title="bbox 2223 2541 3798 2615">
    <p class='ocr_par' dir='ltr' id='par_1_83' title="bbox 2223 2541 3798 2615">
     <span class='ocr_line' id='line_1_83' title="bbox 2223 2541 3798 2615; baseline 0.004 -18"><span class='ocrx_word' id='word_1_681' title='bbox 2223 2542 2313 2597; x_wconf 91' lang='lat' dir='ltr'><strong>ille</strong></span> <span class='ocrx_word' id='word_1_682' title='bbox 2342 2541 2455 2612; x_wconf 88' lang='lat' dir='ltr'><strong>ipse</strong></span> <span class='ocrx_word' id='word_1_683' title='bbox 2485 2557 2701 2611; x_wconf 88' lang='lat' dir='ltr'><strong>servus,</strong></span> <span class='ocrx_word' id='word_1_684' title='bbox 2746 2545 2897 2614; x_wconf 88' lang='lat' dir='ltr'><strong>cujus</strong></span> <span class='ocrx_word' id='word_1_685' title='bbox 2921 2544 3158 2601; x_wconf 75' lang='lat' dir='ltr'><strong>debentia</strong></span> <span class='ocrx_word' id='word_1_686' title='bbox 3184 2547 3429 2602; x_wconf 79' lang='lat' dir='ltr'><strong>inventus</strong></span> <span class='ocrx_word' id='word_1_687' title='bbox 3467 2555 3551 2603; x_wconf 86' lang='lat' dir='ltr'><strong>est</strong></span> <span class='ocrx_word' id='word_1_688' title='bbox 3572 2547 3798 2615; x_wconf 78' lang='lat' dir='ltr'><strong>debitor,</strong></span> 
     </span>
    </p>
   </div>
   <div class='ocr_carea' id='block_1_84' title="bbox 2223 2632 3801 2709">
    <p class='ocr_par' dir='ltr' id='par_1_84' title="bbox 2223 2632 3801 2709">
     <span class='ocr_line' id='line_1_84' title="bbox 2223 2632 3801 2709; baseline 0.003 -21"><span class='ocrx_word' id='word_1_689' title='bbox 2223 2632 2408 2688; x_wconf 89' lang='lat' dir='ltr'><strong>decem</strong></span> <span class='ocrx_word' id='word_1_690' title='bbox 2443 2635 2607 2689; x_wconf 89' lang='lat' dir='ltr'><strong>millia</strong></span> <span class='ocrx_word' id='word_1_691' title='bbox 2652 2635 2967 2690; x_wconf 84' lang='lat' dir='ltr'><strong>talentorum</strong></span> <span class='ocrx_word' id='word_1_692' title='bbox 3005 2636 3251 2692; x_wconf 78' lang='lat' dir='ltr'><strong>debebat.</strong></span> <span class='ocrx_word' id='word_1_693' title='bbox 3296 2636 3433 2694; x_wconf 84' lang='lat' dir='ltr'><strong>Puto</strong></span> <span class='ocrx_word' id='word_1_694' title='bbox 3456 2638 3636 2705; x_wconf 84' lang='lat' dir='ltr'><strong>enim,</strong></span> <span class='ocrx_word' id='word_1_695' title='bbox 3686 2639 3801 2709; x_wconf 88' lang='lat' dir='ltr'><strong>quia</strong></span> 
     </span>
    </p>
   </div>
   <div class='ocr_carea' id='block_1_85' title="bbox 2223 2726 3798 2797">
    <p class='ocr_par' dir='ltr' id='par_1_85' title="bbox 2223 2726 3798 2797">
     <span class='ocr_line' id='line_1_85' title="bbox 2223 2726 3798 2797; baseline 0.003 -17"><span class='ocrx_word' id='word_1_696' title='bbox 2223 2726 2406 2780; x_wconf 90' lang='lat' dir='ltr'><strong>decem</strong></span> <span class='ocrx_word' id='word_1_697' title='bbox 2433 2727 2596 2781; x_wconf 91' lang='lat' dir='ltr'><strong>millia</strong></span> <span class='ocrx_word' id='word_1_698' title='bbox 2625 2726 2969 2792; x_wconf 86' lang='lat' dir='ltr'><strong>talentorum,</strong></span> <span class='ocrx_word' id='word_1_699' title='bbox 2994 2736 3053 2781; x_wconf 91' lang='lat' dir='ltr'><strong>ut</strong></span> <span class='ocrx_word' id='word_1_700' title='bbox 3077 2742 3262 2797; x_wconf 85' lang='lat' dir='ltr'><strong>parum</strong></span> <span class='ocrx_word' id='word_1_701' title='bbox 3293 2727 3384 2795; x_wconf 88' lang='lat' dir='ltr'><strong>sit,</strong></span> <span class='ocrx_word' id='word_1_702' title='bbox 3416 2728 3607 2784; x_wconf 89' lang='lat' dir='ltr'><strong>decem</strong></span> <span class='ocrx_word' id='word_1_703' title='bbox 3636 2730 3798 2785; x_wconf 82' lang='lat' dir='ltr'><strong>millia</strong></span> 
     </span>
    </p>
   </div>
   <div class='ocr_carea' id='block_1_86' title="bbox 2223 2818 3799 2888">
    <p class='ocr_par' dir='ltr' id='par_1_86' title="bbox 2223 2818 3799 2888">
     <span class='ocr_line' id='line_1_86' title="bbox 2223 2818 3799 2888; baseline 0.003 -16"><span class='ocrx_word' id='word_1_704' title='bbox 2223 2828 2561 2888; x_wconf 86' lang='lat' dir='ltr'><strong>peccatorum</strong></span> <span class='ocrx_word' id='word_1_705' title='bbox 2606 2825 2749 2873; x_wconf 89' lang='lat' dir='ltr'><strong>sunt.</strong></span> <span class='ocrx_word' id='word_1_706' title='bbox 2790 2818 2923 2873; x_wconf 89' lang='lat' dir='ltr'><strong>Nolo</strong></span> <span class='ocrx_word' id='word_1_707' title='bbox 2947 2820 3090 2873; x_wconf 90' lang='lat' dir='ltr'><strong>enim</strong></span> <span class='ocrx_word' id='word_1_708' title='bbox 3116 2818 3290 2875; x_wconf 88' lang='lat' dir='ltr'><strong>dicere</strong></span> <span class='ocrx_word' id='word_1_709' title='bbox 3319 2836 3482 2875; x_wconf 87' lang='lat' dir='ltr'><strong>unum</strong></span> <span class='ocrx_word' id='word_1_710' title='bbox 3523 2820 3799 2888; x_wconf 75' lang='lat' dir='ltr'><strong>talentum,</strong></span> 
     </span>
    </p>
   </div>
   <div class='ocr_carea' id='block_1_87' title="bbox 2224 2908 3802 2980">
    <p class='ocr_par' dir='ltr' id='par_1_87' title="bbox 2224 2908 3802 2980">
     <span class='ocr_line' id='line_1_87' title="bbox 2224 2908 3802 2980; baseline 0.004 -16"><span class='ocrx_word' id='word_1_711' title='bbox 2224 2908 2365 2979; x_wconf 91' lang='lat' dir='ltr'><strong>quod</strong></span> <span class='ocrx_word' id='word_1_712' title='bbox 2408 2911 2586 2965; x_wconf 90' lang='lat' dir='ltr'><strong>omnia</strong></span> <span class='ocrx_word' id='word_1_713' title='bbox 2631 2919 2845 2980; x_wconf 78' lang='lat' dir='ltr'><strong>peccata</strong></span> <span class='ocrx_word' id='word_1_714' title='bbox 2895 2912 3195 2967; x_wconf 88' lang='lat' dir='ltr'><strong>concludat.</strong></span> <span class='ocrx_word' id='word_1_715' title='bbox 3249 2912 3446 2969; x_wconf 85' lang='lat' dir='ltr'><strong>Servus</strong></span> <span class='ocrx_word' id='word_1_716' title='bbox 3489 2922 3674 2969; x_wconf 82' lang='lat' dir='ltr'><strong>autem</strong></span> <span class='ocrx_word' id='word_1_717' title='bbox 3720 2913 3802 2970; x_wconf 82' lang='lat' dir='ltr'><strong>ille</strong></span> 
     </span>
    </p>
   </div>
   <div class='ocr_carea' id='block_1_88' title="bbox 2222 3001 3802 3070">
    <p class='ocr_par' dir='ltr' id='par_1_88' title="bbox 2222 3001 3802 3070">
     <span class='ocr_line' id='line_1_88' title="bbox 2222 3001 3802 3070; baseline 0.003 -16"><span class='ocrx_word' id='word_1_718' title='bbox 2222 3010 2475 3070; x_wconf 86' lang='lat' dir='ltr'><strong>quantum</strong></span> <span class='ocrx_word' id='word_1_719' title='bbox 2503 3001 2550 3056; x_wconf 90' lang='lat' dir='ltr'><strong>ei</strong></span> <span class='ocrx_word' id='word_1_720' title='bbox 2572 3001 2839 3056; x_wconf 85' lang='lat' dir='ltr'><strong>debebat?</strong></span> <span class='ocrx_word' id='word_1_721' title='bbox 2880 3001 3107 3058; x_wconf 85' lang='lat' dir='ltr'><strong>Centum</strong></span> <span class='ocrx_word' id='word_1_722' title='bbox 3134 3002 3380 3059; x_wconf 85' lang='lat' dir='ltr'><strong>denarios</strong></span> <span class='ocrx_word' id='word_1_723' title='bbox 3404 3002 3660 3058; x_wconf 85' lang='lat' dir='ltr'><strong>debebat.</strong></span> <span class='ocrx_word' id='word_1_724' title='bbox 3692 3003 3802 3059; x_wconf 69' lang='lat' dir='ltr'><strong>iam</strong></span> 
     </span>
    </p>
   </div>
   <div class='ocr_carea' id='block_1_89' title="bbox 2220 3091 3803 3166">
    <p class='ocr_par' dir='ltr' id='par_1_89' title="bbox 2220 3091 3803 3166">
     <span class='ocr_line' id='line_1_89' title="bbox 2220 3091 3803 3166; baseline 0.003 -21"><span class='ocrx_word' id='word_1_725' title='bbox 2220 3091 2342 3163; x_wconf 91' lang='lat' dir='ltr'><strong>plus</strong></span> <span class='ocrx_word' id='word_1_726' title='bbox 2371 3108 2477 3147; x_wconf 90' lang='lat' dir='ltr'><strong>non</strong></span> <span class='ocrx_word' id='word_1_727' title='bbox 2502 3102 2583 3147; x_wconf 91' lang='lat' dir='ltr'><strong>est</strong></span> <span class='ocrx_word' id='word_1_728' title='bbox 2606 3109 2764 3164; x_wconf 82' lang='lat' dir='ltr'><strong>quam</strong></span> <span class='ocrx_word' id='word_1_729' title='bbox 2797 3095 3096 3166; x_wconf 85' lang='lat' dir='ltr'><strong>septuagies</strong></span> <span class='ocrx_word' id='word_1_730' title='bbox 3130 3095 3362 3165; x_wconf 82' lang='lat' dir='ltr'><strong>septies?</strong></span> <span class='ocrx_word' id='word_1_731' title='bbox 3403 3094 3471 3151; x_wconf 86' lang='lat' dir='ltr'><strong>Et</strong></span> <span class='ocrx_word' id='word_1_732' title='bbox 3494 3105 3680 3152; x_wconf 81' lang='lat' dir='ltr'><strong>tamen</strong></span> <span class='ocrx_word' id='word_1_733' title='bbox 3704 3098 3803 3151; x_wconf 67' lang='grc' dir='ltr'><strong>ιη.</strong></span> 
     </span>
    </p>
   </div>
   <div class='ocr_carea' id='block_1_90' title="bbox 2223 3185 3795 3258">
    <p class='ocr_par' dir='ltr' id='par_1_90' title="bbox 2223 3185 3795 3258">
     <span class='ocr_line' id='line_1_90' title="bbox 2223 3185 3795 3258; baseline 0.004 -19"><span class='ocrx_word' id='word_1_734' title='bbox 2223 3192 2306 3239; x_wconf 91' lang='lat' dir='ltr'><strong>tus</strong></span> <span class='ocrx_word' id='word_1_735' title='bbox 2334 3195 2416 3241; x_wconf 88' lang='lat' dir='ltr'><strong>est</strong></span> <span class='ocrx_word' id='word_1_736' title='bbox 2446 3185 2700 3241; x_wconf 88' lang='lat' dir='ltr'><strong>Dominus</strong></span> <span class='ocrx_word' id='word_1_737' title='bbox 2726 3227 2742 3253; x_wconf 96' lang='lat'><strong>,</strong></span> <span class='ocrx_word' id='word_1_738' title='bbox 2793 3188 2917 3258; x_wconf 87' lang='lat' dir='ltr'><strong>quia</strong></span> <span class='ocrx_word' id='word_1_739' title='bbox 2960 3189 3008 3242; x_wconf 87' lang='lat' dir='ltr'><strong>ei</strong></span> <span class='ocrx_word' id='word_1_740' title='bbox 3050 3204 3155 3243; x_wconf 89' lang='lat' dir='ltr'><strong>non</strong></span> <span class='ocrx_word' id='word_1_741' title='bbox 3200 3188 3419 3243; x_wconf 86' lang='lat' dir='ltr'><strong>dimisit.</strong></span> <span class='ocrx_word' id='word_1_742' title='bbox 3463 3188 3582 3244; x_wconf 79' lang='lat' dir='ltr'><strong>Non</strong></span> <span class='ocrx_word' id='word_1_743' title='bbox 3622 3191 3795 3246; x_wconf 83' lang='lat' dir='ltr'><strong>solum</strong></span> 
     </span>
    </p>
   </div>
   <div class='ocr_carea' id='block_1_91' title="bbox 2223 3276 3799 3351">
    <p class='ocr_par' dir='ltr' id='par_1_91' title="bbox 2223 3276 3799 3351">
     <span class='ocr_line' id='line_1_91' title="bbox 2223 3276 3799 3351; baseline 0.003 -19"><span class='ocrx_word' id='word_1_744' title='bbox 2223 3276 2366 3332; x_wconf 87' lang='lat' dir='ltr'><strong>enim</strong></span> <span class='ocrx_word' id='word_1_745' title='bbox 2397 3286 2609 3334; x_wconf 87' lang='lat' dir='ltr'><strong>centum</strong></span> <span class='ocrx_word' id='word_1_746' title='bbox 2642 3279 2758 3348; x_wconf 89' lang='lat' dir='ltr'><strong>plus</strong></span> <span class='ocrx_word' id='word_1_747' title='bbox 2800 3288 2925 3334; x_wconf 87' lang='lat' dir='ltr'><strong>sunt</strong></span> <span class='ocrx_word' id='word_1_748' title='bbox 2968 3294 3125 3350; x_wconf 89' lang='lat' dir='ltr'><strong>quam</strong></span> <span class='ocrx_word' id='word_1_749' title='bbox 3170 3279 3504 3351; x_wconf 77' lang='lat' dir='ltr'><strong>septuaginta</strong></span> <span class='ocrx_word' id='word_1_750' title='bbox 3546 3289 3799 3350; x_wconf 80' lang='lat' dir='ltr'><strong>septem;</strong></span> 
     </span>
    </p>
   </div>
   <div class='ocr_carea' id='block_1_92' title="bbox 2222 3366 3802 3443">
    <p class='ocr_par' dir='ltr' id='par_1_92' title="bbox 2222 3366 3802 3443">
     <span class='ocr_line' id='line_1_92' title="bbox 2222 3366 3802 3443; baseline 0.003 -20"><span class='ocrx_word' id='word_1_751' title='bbox 2222 3368 2318 3423; x_wconf 90' lang='lat' dir='ltr'><strong>sed</strong></span> <span class='ocrx_word' id='word_1_752' title='bbox 2346 3378 2556 3423; x_wconf 87' lang='lat' dir='ltr'><strong>centum</strong></span> <span class='ocrx_word' id='word_1_753' title='bbox 2600 3366 2802 3424; x_wconf 85' lang='lat' dir='ltr'><strong>denarii</strong></span> <span class='ocrx_word' id='word_1_754' title='bbox 2829 3368 2966 3425; x_wconf 86' lang='lat' dir='ltr'><strong>forte</strong></span> <span class='ocrx_word' id='word_1_755' title='bbox 3006 3370 3150 3426; x_wconf 84' lang='lat' dir='ltr'><strong>mille</strong></span> <span class='ocrx_word' id='word_1_756' title='bbox 3179 3385 3329 3427; x_wconf 85' lang='lat' dir='ltr'><strong>asses</strong></span> <span class='ocrx_word' id='word_1_757' title='bbox 3355 3379 3495 3426; x_wconf 88' lang='lat' dir='ltr'><strong>sunt.</strong></span> <span class='ocrx_word' id='word_1_758' title='bbox 3536 3369 3649 3427; x_wconf 88' lang='lat' dir='ltr'><strong>Sed</strong></span> <span class='ocrx_word' id='word_1_759' title='bbox 3683 3369 3802 3443; x_wconf 81' lang='lat' dir='ltr'><strong>quid</strong></span> 
     </span>
    </p>
   </div>
   <div class='ocr_carea' id='block_1_93' title="bbox 2221 3450 3079 3516">
    <p class='ocr_par' dir='ltr' id='par_1_93' title="bbox 2221 3450 3079 3516">
     <span class='ocr_line' id='line_1_93' title="bbox 2221 3450 3079 3516; baseline 0.003 -3"><span class='ocrx_word' id='word_1_760' title='bbox 2221 3450 2290 3514; x_wconf 91' lang='lat' dir='ltr'><strong>ad</strong></span> <span class='ocrx_word' id='word_1_761' title='bbox 2317 3458 2500 3515; x_wconf 90' lang='lat' dir='ltr'><strong>decem</strong></span> <span class='ocrx_word' id='word_1_762' title='bbox 2532 3460 2693 3514; x_wconf 90' lang='lat' dir='ltr'><strong>millia</strong></span> <span class='ocrx_word' id='word_1_763' title='bbox 2727 3460 3079 3516; x_wconf 81' lang='lat' dir='ltr'><strong>talentorum?</strong></span> 
     </span>
    </p>
   </div>
   <div class='ocr_carea' id='block_1_94' title="bbox 2318 3549 3804 3609">
    <p class='ocr_par' dir='ltr' id='par_1_94' title="bbox 2318 3549 3804 3609">
     <span class='ocr_line' id='line_1_94' title="bbox 2318 3549 3804 3609; baseline 0.003 -5"><span class='ocrx_word' id='word_1_764' title='bbox 2318 3549 2544 3605; x_wconf 83' lang='lat' dir='ltr'><strong>CAPUT</strong></span> <span class='ocrx_word' id='word_1_765' title='bbox 2581 3550 2668 3605; x_wconf 84' lang='lat' dir='ltr'><strong>IV.</strong></span> <span class='ocrx_word' id='word_1_766' title='bbox 2714 3581 2785 3591; x_wconf 91' lang='lat'><em>—</em></span> <span class='ocrx_word' id='word_1_767' title='bbox 2812 3552 2866 3606; x_wconf 73' lang='grc' dir='ltr'><strong>ι.</strong></span> <span class='ocrx_word' id='word_1_768' title='bbox 2925 3550 3109 3606; x_wconf 82' lang='lat' dir='ltr'><strong>Omnia</strong></span> <span class='ocrx_word' id='word_1_769' title='bbox 3151 3553 3319 3607; x_wconf 65' lang='lat' dir='ltr'><strong>debuit</strong></span> <span class='ocrx_word' id='word_1_770' title='bbox 3352 3552 3679 3609; x_wconf 76' lang='lat' dir='ltr'><strong>dimittenda.</strong></span> <span class='ocrx_word' id='word_1_771' title='bbox 3730 3554 3804 3608; x_wconf 80' lang='lat' dir='ltr'><strong>Ac</strong></span> 
     </span>
    </p>
   </div>
   <div class='ocr_carea' id='block_1_95' title="bbox 2226 3639 3799 3713">
    <p class='ocr_par' dir='ltr' id='par_1_95' title="bbox 2226 3639 3799 3713">
     <span class='ocr_line' id='line_1_95' title="bbox 2226 3639 3799 3713; baseline 0.001 -19"><span class='ocrx_word' id='word_1_772' title='bbox 2226 3656 2322 3712; x_wconf 90' lang='lat' dir='ltr'><strong>per</strong></span> <span class='ocrx_word' id='word_1_773' title='bbox 2346 3639 2448 3695; x_wconf 91' lang='lat' dir='ltr'><strong>hoc</strong></span> <span class='ocrx_word' id='word_1_774' title='bbox 2476 3655 2662 3696; x_wconf 87' lang='lat' dir='ltr'><strong>omnes</strong></span> <span class='ocrx_word' id='word_1_775' title='bbox 2683 3642 2890 3710; x_wconf 86' lang='lat' dir='ltr'><strong>culpas,</strong></span> <span class='ocrx_word' id='word_1_776' title='bbox 2912 3657 3031 3712; x_wconf 70' lang='lat' dir='ltr'><strong>qua:</strong></span> <span class='ocrx_word' id='word_1_777' title='bbox 3057 3643 3110 3696; x_wconf 90' lang='lat' dir='ltr'><strong>iu</strong></span> <span class='ocrx_word' id='word_1_778' title='bbox 3136 3657 3235 3697; x_wconf 91' lang='lat' dir='ltr'><strong>nos</strong></span> <span class='ocrx_word' id='word_1_779' title='bbox 3255 3643 3681 3710; x_wconf 86' lang='lat' dir='ltr'><strong>committuntur,</strong></span> <span class='ocrx_word' id='word_1_780' title='bbox 3708 3657 3799 3713; x_wconf 46' lang='lat' dir='ltr'><strong>pas</strong></span> 
     </span>
    </p>
   </div>
   <div class='ocr_carea' id='block_1_96' title="bbox 2223 3732 3801 3804">
    <p class='ocr_par' dir='ltr' id='par_1_96' title="bbox 2223 3732 3801 3804">
     <span class='ocr_line' id='line_1_96' title="bbox 2223 3732 3801 3804; baseline -0.001 -15"><span class='ocrx_word' id='word_1_781' title='bbox 2223 3734 2323 3789; x_wconf 87' lang='lat' dir='ltr'><strong>rati</strong></span> <span class='ocrx_word' id='word_1_782' title='bbox 2351 3734 2521 3788; x_wconf 88' lang='lat' dir='ltr'><strong>simus</strong></span> <span class='ocrx_word' id='word_1_783' title='bbox 2561 3734 2837 3804; x_wconf 88' lang='lat' dir='ltr'><strong>ignoscere</strong></span> <span class='ocrx_word' id='word_1_784' title='bbox 2860 3775 2875 3801; x_wconf 95' lang='lat'><strong>,</strong></span> <span class='ocrx_word' id='word_1_785' title='bbox 2926 3733 2972 3788; x_wconf 86' lang='lat' dir='ltr'><strong>si</strong></span> <span class='ocrx_word' id='word_1_786' title='bbox 3013 3733 3167 3788; x_wconf 86' lang='lat' dir='ltr'><strong>nobis</strong></span> <span class='ocrx_word' id='word_1_787' title='bbox 3189 3733 3556 3791; x_wconf 75' lang='lat' dir='ltr'><strong>desideramus</strong></span> 
     </span>
    </p>
   </div>
   <div class='ocr_carea' id='block_1_97' title="bbox 2223 3824 3803 3896">
    <p class='ocr_par' dir='ltr' id='par_1_97' title="bbox 2223 3824 3803 3896">
     <span class='ocr_line' id='line_1_97' title="bbox 2223 3824 3803 3896; baseline 0.001 -17"><span class='ocrx_word' id='word_1_788' title='bbox 2223 3824 2275 3879; x_wconf 88' lang='lat' dir='ltr'><strong>Si</strong></span> <span class='ocrx_word' id='word_1_789' title='bbox 2302 3825 2443 3880; x_wconf 90' lang='lat' dir='ltr'><strong>enim</strong></span> <span class='ocrx_word' id='word_1_790' title='bbox 2473 3827 2870 3881; x_wconf 79' lang='lat' dir='ltr'><strong>consideremus</strong></span> <span class='ocrx_word' id='word_1_791' title='bbox 2894 3836 3110 3896; x_wconf 85' lang='lat' dir='ltr'><strong>peccata</strong></span> <span class='ocrx_word' id='word_1_792' title='bbox 3132 3836 3313 3881; x_wconf 72' lang='lat' dir='ltr'><strong>noctra</strong></span> <span class='ocrx_word' id='word_1_793' title='bbox 3336 3866 3357 3893; x_wconf 85' lang='lat'><strong>,</strong></span> <span class='ocrx_word' id='word_1_794' title='bbox 3381 3835 3436 3881; x_wconf 89' lang='lat' dir='ltr'><strong>et</strong></span> <span class='ocrx_word' id='word_1_795' title='bbox 3454 3839 3803 3883; x_wconf 62' lang='lat' dir='ltr'><strong>numerem:</strong></span> 
     </span>
    </p>
   </div>
   <div class='ocr_carea' id='block_1_98' title="bbox 2224 3917 3802 3990">
    <p class='ocr_par' dir='ltr' id='par_1_98' title="bbox 2224 3917 3802 3990">
     <span class='ocr_line' id='line_1_98' title="bbox 2224 3917 3802 3990; baseline 0.001 -18"><span class='ocrx_word' id='word_1_796' title='bbox 2224 3918 2350 3989; x_wconf 89' lang='lat' dir='ltr'><strong>quid</strong></span> <span class='ocrx_word' id='word_1_797' title='bbox 2377 3917 2546 3986; x_wconf 87' lang='lat' dir='ltr'><strong>facto,</strong></span> <span class='ocrx_word' id='word_1_798' title='bbox 2575 3917 2701 3989; x_wconf 90' lang='lat' dir='ltr'><strong>quid</strong></span> <span class='ocrx_word' id='word_1_799' title='bbox 2728 3919 2921 3988; x_wconf 73' lang='lat' dir='ltr'><strong>oculo,</strong></span> <span class='ocrx_word' id='word_1_800' title='bbox 2959 3917 3087 3989; x_wconf 91' lang='lat' dir='ltr'><strong>quid</strong></span> <span class='ocrx_word' id='word_1_801' title='bbox 3112 3933 3275 3986; x_wconf 89' lang='lat' dir='ltr'><strong>aure,</strong></span> <span class='ocrx_word' id='word_1_802' title='bbox 3306 3918 3433 3988; x_wconf 88' lang='lat' dir='ltr'><strong>quid</strong></span> <span class='ocrx_word' id='word_1_803' title='bbox 3464 3919 3802 3990; x_wconf 83' lang='lat' dir='ltr'><strong>cogitatione,</strong></span> 
     </span>
    </p>
   </div>
   <div class='ocr_carea' id='block_1_99' title="bbox 2226 4008 3805 4080">
    <p class='ocr_par' dir='ltr' id='par_1_99' title="bbox 2226 4008 3805 4080">
     <span class='ocr_line' id='line_1_99' title="bbox 2226 4008 3805 4080; baseline 0.002 -18"><span class='ocrx_word' id='word_1_804' title='bbox 2226 4008 2354 4080; x_wconf 91' lang='lat' dir='ltr'><strong>quid</strong></span> <span class='ocrx_word' id='word_1_805' title='bbox 2402 4008 2875 4064; x_wconf 86' lang='lat' dir='ltr'><strong>innumerabilibus</strong></span> <span class='ocrx_word' id='word_1_806' title='bbox 2918 4010 3190 4073; x_wconf 82' lang='lat' dir='ltr'><strong>motibus;</strong></span> <span class='ocrx_word' id='word_1_807' title='bbox 3234 4009 3416 4064; x_wconf 88' lang='lat' dir='ltr'><strong>nescio</strong></span> <span class='ocrx_word' id='word_1_808' title='bbox 3463 4018 3640 4063; x_wconf 85' lang='lat' dir='ltr'><strong>utrum</strong></span> <span class='ocrx_word' id='word_1_809' title='bbox 3683 4008 3805 4065; x_wconf 80' lang='lat' dir='ltr'><strong>dor-</strong></span> 
     </span>
    </p>
   </div>
   <div class='ocr_carea' id='block_1_100' title="bbox 2224 4101 3805 4173">
    <p class='ocr_par' dir='ltr' id='par_1_100' title="bbox 2224 4101 3805 4173">
     <span class='ocr_line' id='line_1_100' title="bbox 2224 4101 3805 4173; baseline 0.001 -16"><span class='ocrx_word' id='word_1_810' title='bbox 2224 4103 2451 4157; x_wconf 85' lang='lat' dir='ltr'><strong>miamus</strong></span> <span class='ocrx_word' id='word_1_811' title='bbox 2476 4102 2591 4158; x_wconf 89' lang='lat' dir='ltr'><strong>siue</strong></span> <span class='ocrx_word' id='word_1_812' title='bbox 2616 4102 2833 4157; x_wconf 86' lang='lat' dir='ltr'><strong>talento.</strong></span> <span class='ocrx_word' id='word_1_813' title='bbox 2875 4102 3016 4173; x_wconf 84' lang='lat' dir='ltr'><strong>Ergo</strong></span> <span class='ocrx_word' id='word_1_814' title='bbox 3052 4101 3289 4173; x_wconf 80' lang='lat' dir='ltr'><strong>quotidie</strong></span> <span class='ocrx_word' id='word_1_815' title='bbox 3318 4102 3546 4173; x_wconf 75' lang='lat' dir='ltr'><strong>petimus</strong></span> <span class='ocrx_word' id='word_1_816' title='bbox 3568 4143 3586 4170; x_wconf 93' lang='lat'><strong>,</strong></span> <span class='ocrx_word' id='word_1_817' title='bbox 3623 4102 3805 4173; x_wconf 85' lang='lat' dir='ltr'><strong>quoti-</strong></span> 
     </span>
    </p>
   </div>
   <div class='ocr_carea' id='block_1_101' title="bbox 2223 4193 3806 4266">
    <p class='ocr_par' dir='ltr' id='par_1_101' title="bbox 2223 4193 3806 4266">
     <span class='ocr_line' id='line_1_101' title="bbox 2223 4193 3806 4266; baseline 0 -16"><span class='ocrx_word' id='word_1_818' title='bbox 2223 4193 2311 4251; x_wconf 91' lang='lat' dir='ltr'><strong>die</strong></span> <span class='ocrx_word' id='word_1_819' title='bbox 2337 4193 2564 4266; x_wconf 65' lang='lat' dir='ltr'><strong>{divinas</strong></span> <span class='ocrx_word' id='word_1_820' title='bbox 2608 4210 2766 4251; x_wconf 89' lang='lat' dir='ltr'><strong>aures</strong></span> <span class='ocrx_word' id='word_1_821' title='bbox 2812 4195 3015 4251; x_wconf 89' lang='lat' dir='ltr'><strong>orando</strong></span> <span class='ocrx_word' id='word_1_822' title='bbox 3056 4196 3365 4266; x_wconf 86' lang='lat' dir='ltr'><strong>pulsamus,</strong></span> <span class='ocrx_word' id='word_1_823' title='bbox 3418 4193 3664 4265; x_wconf 82' lang='lat' dir='ltr'><strong>quotidie</strong></span> <span class='ocrx_word' id='word_1_824' title='bbox 3708 4207 3806 4250; x_wconf 81' lang='lat' dir='ltr'><strong>nos</strong></span> 
     </span>
    </p>
   </div>
   <div class='ocr_carea' id='block_1_102' title="bbox 2222 4285 3801 4359">
    <p class='ocr_par' dir='ltr' id='par_1_102' title="bbox 2222 4285 3801 4359">
     <span class='ocr_line' id='line_1_102' title="bbox 2222 4285 3801 4359; baseline 0 -16"><span class='ocrx_word' id='word_1_825' title='bbox 2222 4287 2613 4359; x_wconf 85' lang='lat' dir='ltr'><strong>prosternimus</strong></span> <span class='ocrx_word' id='word_1_826' title='bbox 2642 4295 2699 4342; x_wconf 88' lang='lat' dir='ltr'><strong>et</strong></span> <span class='ocrx_word' id='word_1_827' title='bbox 2725 4287 2948 4342; x_wconf 90' lang='lat' dir='ltr'><strong>dicimus</strong></span> <span class='ocrx_word' id='word_1_828' title='bbox 2972 4305 2989 4342; x_wconf 89' lang='lat'><strong>:</strong></span> <span class='ocrx_word' id='word_1_829' title='bbox 3021 4285 3230 4341; x_wconf 82' lang='lat' dir='ltr'><strong>Dimitte</strong></span> <span class='ocrx_word' id='word_1_830' title='bbox 3256 4286 3398 4341; x_wconf 79' lang='lat' dir='ltr'><strong>nobis</strong></span> <span class='ocrx_word' id='word_1_831' title='bbox 3426 4286 3590 4342; x_wconf 74' lang='lat' dir='ltr'><strong>debita</strong></span> <span class='ocrx_word' id='word_1_832' title='bbox 3607 4295 3801 4351; x_wconf 68' lang='grc' dir='ltr'><strong><em>παίω,</em></strong></span> 
     </span>
    </p>
   </div>
   <div class='ocr_carea' id='block_1_103' title="bbox 2224 4376 3803 4451">
    <p class='ocr_par' dir='ltr' id='par_1_103' title="bbox 2224 4376 3803 4451">
     <span class='ocr_line' id='line_1_103' title="bbox 2224 4376 3803 4451; baseline -0.002 -17"><span class='ocrx_word' id='word_1_833' title='bbox 2224 4385 2353 4434; x_wconf 84' lang='lat' dir='ltr'><strong>sicut</strong></span> <span class='ocrx_word' id='word_1_834' title='bbox 2397 4388 2444 4432; x_wconf 90' lang='lat' dir='ltr'><strong>et</strong></span> <span class='ocrx_word' id='word_1_835' title='bbox 2478 4395 2569 4434; x_wconf 90' lang='lat' dir='ltr'><strong>nos</strong></span> <span class='ocrx_word' id='word_1_836' title='bbox 2609 4378 2906 4432; x_wconf 84' lang='lat' dir='ltr'><strong>dimittimus</strong></span> <span class='ocrx_word' id='word_1_837' title='bbox 2941 4376 3245 4432; x_wconf 84' lang='lat' dir='ltr'><strong>debitoribus</strong></span> <span class='ocrx_word' id='word_1_838' title='bbox 3281 4378 3464 4432; x_wconf 83' lang='lat' dir='ltr'><strong>nostris</strong></span> <span class='ocrx_word' id='word_1_839' title='bbox 3490 4376 3708 4451; x_wconf 66' lang='lat' dir='ltr'><strong>(Mutis.</strong></span> <span class='ocrx_word' id='word_1_840' title='bbox 3732 4391 3803 4443; x_wconf 82' lang='grc' dir='ltr'><strong>ιη,</strong></span> 
     </span>
    </p>
   </div>
   <div class='ocr_carea' id='block_1_104' title="bbox 2226 4465 3806 4544">
    <p class='ocr_par' dir='ltr' id='par_1_104' title="bbox 2226 4465 3806 4544">
     <span class='ocr_line' id='line_1_104' title="bbox 2226 4465 3806 4544; baseline -0.002 -19"><span class='ocrx_word' id='word_1_841' title='bbox 2226 4470 2339 4544; x_wconf 72' lang='grc'><strong>12).</strong></span> <span class='ocrx_word' id='word_1_842' title='bbox 2382 4470 2509 4538; x_wconf 73' lang='lat' dir='ltr'><strong>Qua:</strong></span> <span class='ocrx_word' id='word_1_843' title='bbox 2534 4471 2713 4525; x_wconf 83' lang='lat' dir='ltr'><strong>debita</strong></span> <span class='ocrx_word' id='word_1_844' title='bbox 2743 4469 2873 4524; x_wconf 79' lang='lat' dir='ltr'><strong>tua?</strong></span> <span class='ocrx_word' id='word_1_845' title='bbox 2917 4467 3143 4536; x_wconf 85' lang='lat' dir='ltr'><strong>Omnia,</strong></span> <span class='ocrx_word' id='word_1_846' title='bbox 3183 4484 3252 4524; x_wconf 82' lang='lat' dir='ltr'><strong>an</strong></span> <span class='ocrx_word' id='word_1_847' title='bbox 3296 4469 3526 4539; x_wconf 83' lang='lat' dir='ltr'><strong>aliquam</strong></span> <span class='ocrx_word' id='word_1_848' title='bbox 3564 4465 3806 4538; x_wconf 71' lang='lat' dir='ltr'><strong>parturn?</strong></span> 
     </span>
    </p>
   </div>
   <div class='ocr_carea' id='block_1_105' title="bbox 2223 4559 3803 4635">
    <p class='ocr_par' dir='ltr' id='par_1_105' title="bbox 2223 4559 3803 4635">
     <span class='ocr_line' id='line_1_105' title="bbox 2223 4559 3803 4635; baseline -0.003 -16"><span class='ocrx_word' id='word_1_849' title='bbox 2223 4563 2635 4635; x_wconf 80' lang='lat' dir='ltr'><strong>Respondebis,</strong></span> <span class='ocrx_word' id='word_1_850' title='bbox 2678 4561 2889 4617; x_wconf 87' lang='lat' dir='ltr'><strong>Omnia.</strong></span> <span class='ocrx_word' id='word_1_851' title='bbox 2943 4560 3033 4617; x_wconf 88' lang='lat' dir='ltr'><strong>Sic</strong></span> <span class='ocrx_word' id='word_1_852' title='bbox 3069 4575 3198 4631; x_wconf 88' lang='lat' dir='ltr'><strong>ergo</strong></span> <span class='ocrx_word' id='word_1_853' title='bbox 3225 4569 3282 4616; x_wconf 88' lang='lat' dir='ltr'><strong>et</strong></span> <span class='ocrx_word' id='word_1_854' title='bbox 3320 4569 3379 4616; x_wconf 84' lang='lat' dir='ltr'><strong>tu</strong></span> <span class='ocrx_word' id='word_1_855' title='bbox 3418 4559 3647 4615; x_wconf 85' lang='lat' dir='ltr'><strong>debitori</strong></span> <span class='ocrx_word' id='word_1_856' title='bbox 3691 4567 3803 4615; x_wconf 71' lang='lat' dir='ltr'><strong>tuo.</strong></span> 
     </span>
    </p>
   </div>
   <div class='ocr_carea' id='block_1_106' title="bbox 2226 4649 3809 4726">
    <p class='ocr_par' dir='ltr' id='par_1_106' title="bbox 2226 4649 3809 4726">
     <span class='ocr_line' id='line_1_106' title="bbox 2226 4649 3809 4726; baseline -0.005 -15"><span class='ocrx_word' id='word_1_857' title='bbox 2226 4654 2378 4711; x_wconf 76' lang='lat' dir='ltr'><strong>Haric</strong></span> <span class='ocrx_word' id='word_1_858' title='bbox 2401 4670 2529 4726; x_wconf 88' lang='lat' dir='ltr'><strong>ergo</strong></span> <span class='ocrx_word' id='word_1_859' title='bbox 2563 4654 2796 4725; x_wconf 81' lang='lat' dir='ltr'><strong>regulam</strong></span> <span class='ocrx_word' id='word_1_860' title='bbox 2824 4652 3019 4723; x_wconf 85' lang='lat' dir='ltr'><strong>ponis,</strong></span> <span class='ocrx_word' id='word_1_861' title='bbox 3058 4650 3197 4708; x_wconf 81' lang='lat' dir='ltr'><strong>hanc</strong></span> <span class='ocrx_word' id='word_1_862' title='bbox 3236 4650 3592 4709; x_wconf 71' lang='lat' dir='ltr'><strong>conditionem</strong></span> <span class='ocrx_word' id='word_1_863' title='bbox 3619 4649 3809 4721; x_wconf 75' lang='lat' dir='ltr'><strong>loque-</strong></span> 
     </span>
    </p>
   </div>
   <div class='ocr_carea' id='block_1_107' title="bbox 2224 4742 3806 4815">
    <p class='ocr_par' dir='ltr' id='par_1_107' title="bbox 2224 4742 3806 4815">
     <span class='ocr_line' id='line_1_107' title="bbox 2224 4742 3806 4815; baseline -0.004 -13"><span class='ocrx_word' id='word_1_864' title='bbox 2224 4745 2301 4803; x_wconf 87' lang='lat' dir='ltr'><strong>ris</strong></span> <span class='ocrx_word' id='word_1_865' title='bbox 2329 4763 2342 4799; x_wconf 91' lang='lat'><strong>:</strong></span> <span class='ocrx_word' id='word_1_866' title='bbox 2373 4745 2476 4800; x_wconf 88' lang='lat' dir='ltr'><strong>hoc</strong></span> <span class='ocrx_word' id='word_1_867' title='bbox 2499 4754 2656 4815; x_wconf 85' lang='lat' dir='ltr'><strong>pacto</strong></span> <span class='ocrx_word' id='word_1_868' title='bbox 2683 4753 2738 4799; x_wconf 89' lang='lat' dir='ltr'><strong>et</strong></span> <span class='ocrx_word' id='word_1_869' title='bbox 2760 4744 2955 4815; x_wconf 81' lang='lat' dir='ltr'><strong>placito</strong></span> <span class='ocrx_word' id='word_1_870' title='bbox 2985 4742 3199 4814; x_wconf 79' lang='lat' dir='ltr'><strong>quando</strong></span> <span class='ocrx_word' id='word_1_871' title='bbox 3221 4756 3364 4810; x_wconf 79' lang='lat' dir='ltr'><strong>oras,</strong></span> <span class='ocrx_word' id='word_1_872' title='bbox 3388 4754 3806 4808; x_wconf 68' lang='lat' dir='ltr'><strong>commemorns.</strong></span> 
     </span>
    </p>
   </div>
   <div class='ocr_carea' id='block_1_108' title="bbox 2226 4830 3810 4903">
    <p class='ocr_par' dir='ltr' id='par_1_108' title="bbox 2226 4830 3810 4903">
     <span class='ocr_line' id='line_1_108' title="bbox 2226 4830 3810 4903; baseline -0.004 -9"><span class='ocrx_word' id='word_1_873' title='bbox 2226 4846 2286 4894; x_wconf 88' lang='grc' dir='ltr'><strong>ιιι</strong></span> <span class='ocrx_word' id='word_1_874' title='bbox 2313 4837 2474 4903; x_wconf 89' lang='lat' dir='ltr'><strong>dicas,</strong></span> <span class='ocrx_word' id='word_1_875' title='bbox 2498 4836 2710 4892; x_wconf 87' lang='lat' dir='ltr'><strong>Dimitte</strong></span> <span class='ocrx_word' id='word_1_876' title='bbox 2723 4836 2893 4903; x_wconf 81' lang='lat' dir='ltr'><strong>nobis,</strong></span> <span class='ocrx_word' id='word_1_877' title='bbox 2915 4834 3045 4891; x_wconf 78' lang='lat' dir='ltr'><strong>sicut</strong></span> <span class='ocrx_word' id='word_1_878' title='bbox 3068 4844 3116 4888; x_wconf 79' lang='lat' dir='ltr'><strong>at</strong></span> <span class='ocrx_word' id='word_1_879' title='bbox 3138 4850 3231 4889; x_wconf 83' lang='lat' dir='ltr'><strong>nos</strong></span> <span class='ocrx_word' id='word_1_880' title='bbox 3562 4830 3810 4888; x_wconf 62' lang='lat' dir='ltr'><strong>ddisti-</strong></span> 
     </span>
    </p>
   </div>
   <div class='ocr_carea' id='block_1_109' title="bbox 2224 4931 2889 4988">
    <p class='ocr_par' dir='ltr' id='par_1_109' title="bbox 2224 4931 2889 4988">
     <span class='ocr_line' id='line_1_109' title="bbox 2224 4931 2889 4988; baseline -0.002 0"><span class='ocrx_word' id='word_1_881' title='bbox 2224 4931 2301 4988; x_wconf 86' lang='lat' dir='ltr'><strong>bis</strong></span> <span class='ocrx_word' id='word_1_882' title='bbox 2337 4931 2537 4986; x_wconf 82' lang='lat' dir='ltr'><strong>nostris.</strong></span> <span class='ocrx_word' id='word_1_883' title='bbox 2878 4980 2889 4987; x_wconf 46' lang='grc' dir='ltr'>τ</span> 
     </span>
    </p>
   </div>
   <div class='ocr_carea' id='block_1_110' title="bbox 2297 5015 3841 5100">
    <p class='ocr_par' dir='ltr' id='par_1_110' title="bbox 2297 5015 3841 5100">
     <span class='ocr_line' id='line_1_110' title="bbox 2297 5015 3841 5100; baseline -0.004 -21"><span class='ocrx_word' id='word_1_884' title='bbox 2297 5026 2350 5081; x_wconf 80' lang='lat'><strong>5.</strong></span> <span class='ocrx_word' id='word_1_885' title='bbox 2397 5024 2623 5096; x_wconf 76' lang='lat' dir='ltr'><strong>Insignis</strong></span> <span class='ocrx_word' id='word_1_886' title='bbox 2654 5022 2922 5077; x_wconf 70' lang='lat' dir='ltr'><strong>[taedere</strong></span> <span class='ocrx_word' id='word_1_887' title='bbox 2952 5021 3138 5093; x_wconf 65' lang='lat' dir='ltr'><strong>ﬁgure.</strong></span> <span class='ocrx_word' id='word_1_888' title='bbox 3209 5019 3345 5086; x_wconf 76' lang='lat' dir='ltr'><strong>Quid</strong></span> <span class='ocrx_word' id='word_1_889' title='bbox 3387 5017 3488 5076; x_wconf 83' lang='lat' dir='ltr'><strong>sibi</strong></span> <span class='ocrx_word' id='word_1_890' title='bbox 3522 5030 3658 5089; x_wconf 75' lang='lat' dir='ltr'><strong>ergo</strong></span> <span class='ocrx_word' id='word_1_891' title='bbox 3694 5015 3841 5100; x_wconf 49' lang='lat' dir='ltr'><strong>vlt:</strong></span> 
     </span>
    </p>
   </div>
   <div class='ocr_carea' id='block_1_111' title="bbox 2224 5114 3841 5191">
    <p class='ocr_par' dir='ltr' id='par_1_111' title="bbox 2224 5114 3841 5191">
     <span class='ocr_line' id='line_1_111' title="bbox 2224 5114 3841 5191; baseline -0.005 -17"><span class='ocrx_word' id='word_1_892' title='bbox 2224 5122 2509 5191; x_wconf 73' lang='lat' dir='ltr'><strong>septuagies</strong></span> <span class='ocrx_word' id='word_1_893' title='bbox 2540 5118 2721 5188; x_wconf 83' lang='lat' dir='ltr'><strong>septies</strong></span> <span class='ocrx_word' id='word_1_894' title='bbox 2741 5118 2768 5171; x_wconf 75' lang='lat'><strong><em>7</em></strong></span> <span class='ocrx_word' id='word_1_895' title='bbox 2806 5115 3000 5170; x_wconf 75' lang='lat' dir='ltr'><strong>Audite</strong></span> <span class='ocrx_word' id='word_1_896' title='bbox 3018 5155 3035 5179; x_wconf 89' lang='lat'><strong>,</strong></span> <span class='ocrx_word' id='word_1_897' title='bbox 3074 5114 3301 5180; x_wconf 63' lang='lat' dir='ltr'><strong>funes,</strong></span> <span class='ocrx_word' id='word_1_898' title='bbox 3324 5126 3574 5183; x_wconf 65' lang='lat' dir='ltr'><strong>magnum</strong></span> <span class='ocrx_word' id='word_1_899' title='bbox 3600 5119 3841 5183; x_wconf 58' lang='lat' dir='ltr'><strong>ants-1</strong></span> 
     </span>
    </p>
   </div>
   <div class='ocr_carea' id='block_1_112' title="bbox 2225 5202 3811 5279">
    <p class='ocr_par' dir='ltr' id='par_1_112' title="bbox 2225 5202 3811 5279">
     <span class='ocr_line' id='line_1_112' title="bbox 2225 5202 3811 5279; baseline -0.006 -11"><span class='ocrx_word' id='word_1_900' title='bbox 2225 5213 2365 5268; x_wconf 87' lang='lat' dir='ltr'><strong>rium</strong></span> <span class='ocrx_word' id='word_1_901' title='bbox 2388 5254 2403 5279; x_wconf 96' lang='lat'><strong>,</strong></span> <span class='ocrx_word' id='word_1_902' title='bbox 2456 5209 2768 5265; x_wconf 84' lang='lat' dir='ltr'><strong>admirabile</strong></span> <span class='ocrx_word' id='word_1_903' title='bbox 2812 5215 3225 5263; x_wconf 78' lang='lat' dir='ltr'><strong>sacramentum.</strong></span> <span class='ocrx_word' id='word_1_904' title='bbox 3276 5203 3501 5270; x_wconf 79' lang='lat' dir='ltr'><strong>Quando</strong></span> <span class='ocrx_word' id='word_1_905' title='bbox 3545 5202 3811 5259; x_wconf 54' lang='lat' dir='ltr'><strong>Doni-ﬁ</strong></span> 
     </span>
    </p>
   </div>
   <div class='ocr_carea' id='block_1_113' title="bbox 2226 5294 3795 5375">
    <p class='ocr_par' dir='ltr' id='par_1_113' title="bbox 2226 5294 3795 5375">
     <span class='ocr_line' id='line_1_113' title="bbox 2226 5294 3795 5375; baseline -0.007 -15"><span class='ocrx_word' id='word_1_906' title='bbox 2226 5303 2523 5375; x_wconf 76' lang='lat' dir='ltr'><strong>baptizatus</strong></span> <span class='ocrx_word' id='word_1_907' title='bbox 2550 5311 2633 5357; x_wconf 87' lang='lat' dir='ltr'><strong>est</strong></span> <span class='ocrx_word' id='word_1_908' title='bbox 2652 5342 2668 5365; x_wconf 93' lang='lat'><strong>,</strong></span> <span class='ocrx_word' id='word_1_909' title='bbox 2692 5300 2863 5355; x_wconf 86' lang='lat' dir='ltr'><strong>Lucas</strong></span> <span class='ocrx_word' id='word_1_910' title='bbox 2885 5299 3207 5368; x_wconf 68' lang='lat' dir='ltr'><strong>evangelista</strong></span> <span class='ocrx_word' id='word_1_911' title='bbox 3234 5304 3446 5351; x_wconf 79' lang='lat' dir='ltr'><strong>sanctus</strong></span> <span class='ocrx_word' id='word_1_912' title='bbox 3472 5294 3545 5350; x_wconf 65' lang='lat' dir='ltr'><strong>ibi</strong></span> <span class='ocrx_word' id='word_1_913' title='bbox 3566 5308 3795 5350; x_wconf 66' lang='lat' dir='ltr'><strong>cum</strong></span> 
     </span>
    </p>
   </div>
   <div class='ocr_carea' id='block_1_114' title="bbox 2227 5387 3813 5463">
    <p class='ocr_par' dir='ltr' id='par_1_114' title="bbox 2227 5387 3813 5463">
     <span class='ocr_line' id='line_1_114' title="bbox 2227 5387 3813 5463; baseline -0.007 -11"><span class='ocrx_word' id='word_1_914' title='bbox 2227 5396 2452 5452; x_wconf 83' lang='lat' dir='ltr'><strong>moravit</strong></span> <span class='ocrx_word' id='word_1_915' title='bbox 2474 5393 2847 5463; x_wconf 81' lang='lat' dir='ltr'><strong>generationes</strong></span> <span class='ocrx_word' id='word_1_916' title='bbox 2865 5390 3000 5461; x_wconf 78' lang='lat' dir='ltr'><strong>ejus,</strong></span> <span class='ocrx_word' id='word_1_917' title='bbox 3024 5404 3137 5459; x_wconf 87' lang='lat' dir='ltr'><strong>quo</strong></span> <span class='ocrx_word' id='word_1_918' title='bbox 3159 5387 3363 5451; x_wconf 59' lang='lat' dir='ltr'><strong>«dine,</strong></span> <span class='ocrx_word' id='word_1_919' title='bbox 3386 5400 3489 5457; x_wconf 78' lang='lat' dir='ltr'><strong>qua</strong></span> <span class='ocrx_word' id='word_1_920' title='bbox 3507 5387 3669 5452; x_wconf 77' lang='lat' dir='ltr'><strong>seris,</strong></span> <span class='ocrx_word' id='word_1_921' title='bbox 3700 5399 3813 5456; x_wconf 66' lang='lat' dir='ltr'><strong>quo</strong></span> 
     </span>
    </p>
   </div>
   <div class='ocr_carea' id='block_1_115' title="bbox 2225 5479 3814 5553">
    <p class='ocr_par' dir='ltr' id='par_1_115' title="bbox 2225 5479 3814 5553">
     <span class='ocr_line' id='line_1_115' title="bbox 2225 5479 3814 5553; baseline -0.009 -8"><span class='ocrx_word' id='word_1_922' title='bbox 2225 5495 2509 5545; x_wconf 85' lang='lat' dir='ltr'><strong>stemmate</strong></span> <span class='ocrx_word' id='word_1_923' title='bbox 2540 5486 2554 5516; x_wconf 78' lang='grc'>⁸</span> <span class='ocrx_word' id='word_1_924' title='bbox 2580 5484 2648 5539; x_wconf 86' lang='lat' dir='ltr'><strong>ad</strong></span> <span class='ocrx_word' id='word_1_925' title='bbox 2675 5484 2821 5538; x_wconf 71' lang='lat' dir='ltr'><strong>illam</strong></span> <span class='ocrx_word' id='word_1_926' title='bbox 2837 5482 3232 5553; x_wconf 75' lang='lat' dir='ltr'><strong>generationem</strong></span> <span class='ocrx_word' id='word_1_927' title='bbox 3261 5489 3475 5536; x_wconf 69' lang='lat' dir='ltr'><strong>ventus-</strong></span> <span class='ocrx_word' id='word_1_928' title='bbox 3498 5479 3679 5545; x_wconf 80' lang='lat' dir='ltr'><strong>l&#39;uerit,</strong></span> <span class='ocrx_word' id='word_1_929' title='bbox 3705 5488 3814 5550; x_wconf 63' lang='grc' dir='ltr'><em>φ</em></span> 
     </span>
    </p>
   </div>
   <div class='ocr_carea' id='block_1_116' title="bbox 2233 5574 3817 5654">
    <p class='ocr_par' dir='ltr' id='par_1_116' title="bbox 2233 5574 3817 5654">
     <span class='ocr_line' id='line_1_116' title="bbox 2233 5574 3817 5654; baseline -0.005 -19"><span class='ocrx_word' id='word_1_930' title='bbox 2233 5590 2388 5635; x_wconf 89' lang='lat' dir='ltr'><strong>natus</strong></span> <span class='ocrx_word' id='word_1_931' title='bbox 2415 5586 2497 5634; x_wconf 92' lang='lat' dir='ltr'><strong>est</strong></span> <span class='ocrx_word' id='word_1_932' title='bbox 2515 5577 2757 5632; x_wconf 86' lang='lat' dir='ltr'><strong>Christus</strong></span> <span class='ocrx_word' id='word_1_933' title='bbox 2789 5574 2935 5648; x_wconf 85' lang='lat' dir='ltr'><strong>(an.</strong></span> <span class='ocrx_word' id='word_1_934' title='bbox 2966 5590 3053 5643; x_wconf 89' lang='grc' dir='ltr'><strong>ιιι,</strong></span> <span class='ocrx_word' id='word_1_935' title='bbox 3078 5574 3292 5646; x_wconf 76' lang='lat'><strong>21-38).</strong></span> <span class='ocrx_word' id='word_1_936' title='bbox 3342 5574 3621 5629; x_wconf 64' lang='lat' dir='ltr'><strong>Matthaaus</strong></span> <span class='ocrx_word' id='word_1_937' title='bbox 3642 5574 3817 5654; x_wconf 59' lang='lat' dir='ltr'><strong>capit</strong></span> 
     </span>
    </p>
   </div>
   <div class='ocr_carea' id='block_1_117' title="bbox 2292 5682 3817 5804">
    <p class='ocr_par' dir='ltr' id='par_1_117' title="bbox 2292 5682 3817 5804">
     <span class='ocr_line' id='line_1_117' title="bbox 2292 5682 3817 5804; baseline -0.001 -63"><span class='ocrx_word' id='word_1_938' title='bbox 2292 5693 2511 5804; x_wconf 56' lang='grc' dir='ltr'><strong>Ῐαῗειιιιιθε</strong></span> <span class='ocrx_word' id='word_1_939' title='bbox 2552 5698 2703 5752; x_wconf 88' lang='lat' dir='ltr'><strong>prope</strong></span> <span class='ocrx_word' id='word_1_940' title='bbox 2742 5690 2871 5749; x_wconf 68' lang='lat' dir='ltr'><strong>Mss,</strong></span> <span class='ocrx_word' id='word_1_941' title='bbox 2914 5690 3156 5753; x_wconf 79' lang='lat' dir='ltr'><strong>stegmate.</strong></span> <span class='ocrx_word' id='word_1_942' title='bbox 3182 5684 3377 5748; x_wconf 84' lang='lat' dir='ltr'><strong>Quidam</strong></span> <span class='ocrx_word' id='word_1_943' title='bbox 3408 5694 3520 5739; x_wconf 84' lang='lat' dir='ltr'><strong>cum</strong></span> <span class='ocrx_word' id='word_1_944' title='bbox 3548 5684 3693 5748; x_wconf 65' lang='grc' dir='ltr'><strong>Διιι..</strong></span> <span class='ocrx_word' id='word_1_945' title='bbox 3726 5682 3817 5740; x_wconf 65' lang='grc' dir='ltr'><strong>αἱ-</strong></span> 
     </span>
    </p>
   </div>
   <div class='ocr_carea' id='block_1_118' title="bbox 2228 5768 2402 5822">
    <p class='ocr_par' dir='ltr' id='par_1_118' title="bbox 2228 5768 2402 5822">
     <span class='ocr_line' id='line_1_118' title="bbox 2228 5768 2402 5822; baseline -0.023 -17"><span class='ocrx_word' id='word_1_946' title='bbox 2228 5768 2402 5822; x_wconf 74' lang='lat' dir='ltr'><strong>gnum.</strong></span> 
     </span>
    </p>
   </div>
   <div class='ocr_carea' id='block_1_119' title="bbox 2294 5831 3099 5901">
    <p class='ocr_par' dir='ltr' id='par_1_119' title="bbox 2294 5831 3099 5901">
     <span class='ocr_line' id='line_1_119' title="bbox 2294 5831 3099 5901; baseline -0.009 -15"><span class='ocrx_word' id='word_1_947' title='bbox 2294 5837 2367 5901; x_wconf 90' lang='lat' dir='ltr'><strong>(a)</strong></span> <span class='ocrx_word' id='word_1_948' title='bbox 2389 5836 2506 5886; x_wconf 74' lang='lat' dir='ltr'><strong>Vide</strong></span> <span class='ocrx_word' id='word_1_949' title='bbox 2529 5833 2668 5897; x_wconf 83' lang='lat' dir='ltr'><strong>infra,</strong></span> <span class='ocrx_word' id='word_1_950' title='bbox 2692 5846 2970 5885; x_wconf 87' lang='lat' dir='ltr'><strong>sermonem</strong></span> <span class='ocrx_word' id='word_1_951' title='bbox 2994 5831 3099 5881; x_wconf 75' lang='lat' dir='ltr'><strong>1M.</strong></span> 
     </span>
    </p>
   </div>
  </div>
