4032 6332
247 351 354 408 Si?

246 466 316 519 et;
346 461 610 517 Abraham
630 498 645 527 ,
673 467 729 516 et
762 460 910 516 venit
944 468 1113 531 usque
1143 457 1210 516 ad
1234 457 1433 531 Josepb
1453 458 1822 516 descendendo

248 555 463 629 (lauti.
492 572 543 621 ι,
575 555 728 627 146)
753 571 767 609 :
796 556 965 610 Lucas
990 564 1165 610 autem
1189 554 1524 611 ascendendo
1548 555 1706 624 capit
1736 569 1825 608 nu-

248 659 480 703 merare.
529 646 706 713 Quare
750 646 839 701 ille
877 644 1280 713 descendendo,
1322 645 1411 701 ille
1450 645 1825 701 ascendendo?

250 740 382 807 Quia
428 740 706 795 Matthacus
749 740 1141 811 generationem
1168 740 1361 794 Christi
1400 739 1821 808 commendabat,

258 846 359 905 qua
387 834 669 889 descendit
704 835 769 888 ad
798 848 933 900 nos;
983 833 1104 888 ideo
1131 834 1341 904 quando
1364 845 1517 888 natus
1554 843 1637 893 est
1669 833 1825 889 Chri-

255 935 389 991 stus,
413 929 574 998 coepit
593 940 875 983 numerare
889 925 1279 983 descendendo.
1312 928 1481 983 Lucas
1503 936 1678 983 autem
1704 928 1824 998 quia

262 1031 383 1075 tunc
399 1021 563 1091 coepit
582 1035 884 1089 numerare,
913 1021 1123 1091 quando
1144 1021 1436 1090 baptizatus
1454 1032 1536 1075 est
1555 1021 1822 1086 Christus;

252 1116 320 1169 ibi
347 1124 431 1171 est
453 1115 659 1170 initium
682 1117 1008 1171 ascensionis
1033 1132 1047 1169 :
1077 1118 1176 1171 iste
1195 1115 1530 1171 ascendendo
1546 1128 1827 1169 numerare

252 1209 433 1275 cmpit,
460 1208 792 1263 numerando
822 1218 998 1263 autem
1030 1210 1315 1279 complevit
1351 1207 1716 1277 generationes
1736 1220 1824 1260 ωδ

248 1299 515 1367 ptuaginta
543 1308 766 1368 septem.
796 1300 835 1352 Α
866 1308 973 1368 quo
991 1300 1343 1361 numerabat?
1368 1298 1626 1353 lntendite
1648 1313 1677 1352 a
1698 1306 1821 1368 quo.

250 1391 489 1446 morsus
532 1400 611 1447 est
659 1404 940 1447 numerare
978 1408 1008 1447 a
1049 1392 1261 1447 Christo
1290 1395 1306 1426 ί
1338 1402 1505 1462 usque
1542 1391 1609 1445 ad
1652 1392 1825 1461 ipsum

248 1484 442 1547 Adam,
486 1485 576 1553 qui
608 1486 811 1553 primus
842 1486 1096 1555 peccavit,
1120 1495 1173 1540 et
1202 1500 1299 1539 nos
1323 1501 1441 1540 cum
1464 1486 1664 1554 peccati
1686 1484 1821 1539 obii-

244 1576 458 1645 gntione
478 1578 766 1645 generavit.
797 1576 1039 1631 Pervenit
1058 1588 1223 1647 usque
1248 1577 1315 1630 ad
1336 1576 1525 1643 Adam,
1557 1584 1611 1630 et
1639 1589 1825 1630 nume~

244 1674 430 1723 rantur
464 1670 839 1738 generationes
877 1670 1211 1739 septuaginta
1243 1678 1445 1738 septem
1480 1680 1492 1723 ξ
1526 1667 1627 1723 hoc
1646 1677 1761 1731 est,
1792 1684 1823 1721 ιι

242 1760 458 1814 Christo
482 1770 648 1830 usque
688 1760 754 1813 ad
795 1756 961 1814 Adam
984 1800 998 1826 ,
1038 1772 1169 1831 quas
1216 1761 1447 1815 diximus
1490 1761 1821 1832 septuaginta

243 1859 487 1921 scptem;
524 1852 669 1907 etab
701 1852 866 1906 Adam
908 1866 1075 1921 usque
1098 1852 1164 1906 ad
1194 1852 1462 1908 Christum
1492 1854 1821 1925 septuaginta

240 1950 469 2012 septem.
494 1944 549 1997 Si
568 1956 696 2013 ergo
724 1943 863 1997 nulla
884 1944 1155 2014 generatio
1176 1945 1527 2013 praetermissa
1554 1953 1654 2012 est,
1678 1946 1821 1999 nulla

242 2039 393 2106 culpa
426 2038 761 2106 praeteritur,
799 2038 884 2091 ubi
917 2051 1018 2091 non
1045 2034 1237 2091 debeat
1276 2038 1493 2107 ignosci.
1531 2036 1662 2092 Nam
1702 2038 1821 2093 ideo

242 2130 411 2200 ipsius
453 2130 784 2199 septuaginta
830 2138 1032 2198 septem
1066 2132 1433 2200 generationes
1467 2133 1816 2198 ennmeravit,

240 2231 397 2291 quem
435 2232 711 2276 numerum
758 2222 1010 2276 Dominus
1041 2222 1093 2276 in
1131 2231 1467 2293 peccatorum
1510 2224 1819 2278 remissione

238 2314 667 2379 commodavit;
695 2315 949 2383 quoniam
970 2329 997 2367 a
1022 2315 1282 2385 baptismo
1302 2316 1463 2385 cmpit
1482 2326 1814 2380 enumerare,

237 2407 327 2461 tibi
349 2408 529 2461 omnia
562 2414 771 2476 peccata
802 2408 1095 2462 solvuntur.

306 2502 532 2557 CAPUT
576 2502 637 2556 V.
683 2528 749 2542 -ε-
795 2504 846 2557 6.
891 2504 1003 2556 Atio
1046 2503 1210 2572 ﬁgura
1255 2503 1318 2556 de
1361 2503 1552 2556 eodem.
1604 2502 1818 2557 Decatoa

236 2606 345 2667 ges.
408 2596 473 2650 Et
507 2596 559 2649 in
603 2594 731 2661 hoc,
774 2594 995 2659 fratres,
1037 2595 1208 2648 adhuc
1251 2595 1471 2662 accipite
1515 2608 1814 2649 sacramen-

236 2688 345 2743 Iu‘m
366 2690 562 2759 majus.
598 2690 653 2744 in
691 2690 1079 2760 septuagesimo
1117 2690 1342 2759 septimo
1371 2702 1592 2745 numero
1621 2699 1815 2761 myste-

232 2780 369 2834 rium
406 2789 493 2835 est
534 2781 862 2835 remissionis
906 2790 1261 2850 [necatorum
1302 2780 1401 2833 Tot
1441 2781 1812 2849 generationes

232 2871 575 2925 inveniuntur
598 2886 624 2924 a
650 2872 867 2929 Christo
905 2882 1073 2942 usque
1105 2873 1170 2926 ad
1198 2868 1385 2926 Adam.
1420 2871 1623 2928 Deinde
1658 2874 1811 2943 paulo

233 2962 539 3034 (tingendus
588 2966 853 3035 interroga
898 2966 1062 3035 ipsius
1100 2968 1303 3021 numeri
1332 2976 1628 3029 secretum,
1674 2966 1808 3021 late-

232 3058 459 3127 brasque
499 3060 613 3128 ejus
638 3060 845 3129 inquire
877 3074 888 3111 :
918 3061 1067 3128 pulsa
1108 3058 1430 3129 diligentius,
1466 3069 1521 3114 ut
1546 3061 1811 3130 aperiatur

234 3152 340 3203 tibi.
374 3150 587 3206 Justitia
615 3152 731 3221 lege
753 3151 848 3206 Dei
869 3161 1078 3207 constat
1106 3169 1118 3206 :
1145 3166 1327 3207 verum
1357 3162 1457 3208 cst.
1485 3153 1616 3208 Nam
1646 3155 1725 3209 lex
1755 3154 1807 3207 in

229 3241 412 3297 decem
464 3245 745 3313 prmceptis
785 3245 1202 3300 commendatur.
1267 3245 1391 3299 ideo
1448 3246 1537 3300 ille
1582 3246 1811 3301 debebat

231 3335 410 3390 decem
450 3336 614 3390 millia
656 3338 989 3390 talentorum.
1041 3338 1156 3405 ipse
1199 3346 1280 3391 est
1314 3337 1404 3392 ille
1449 3337 1807 3391 memorabilis

232 3426 524 3497 Decalogus
572 3428 799 3497 scriptus
842 3429 1005 3497 digito
1048 3428 1166 3493 Dei,
1215 3428 1434 3483 traditus
1480 3430 1672 3499 populo
1715 3445 1809 3498 per

228 3520 443 3591 Moysen
474 3521 724 3576 famulum
750 3522 860 3576 Dei.
912 3521 1143 3575 Debebat
1164 3536 1291 3590 ergo
1320 3521 1404 3575 ille
1426 3521 1610 3575 decem
1646 3522 1806 3575 millia

227 3612 548 3665 talentorum
575 3629 588 3664 :
616 3612 789 3666 omnia
814 3623 1024 3681 peccata
1052 3612 1340 3682 signiﬁcat,
1376 3622 1589 3681 propter
1618 3628 1805 3666 mune-

224 3718 346 3758 rum
392 3704 543 3774 legis.
610 3705 845 3760 Debebat
888 3714 939 3758 et
980 3704 1066 3759 ille
1113 3712 1323 3758 centum
1373 3703 1664 3758 denarios:
1701 3714 1833 3778 non.

225 3797 402 3850 minus
424 3796 494 3848 ab
518 3796 705 3851 eodem
744 3812 983 3851 numero.
1026 3796 1155 3850 Nam
1183 3806 1235 3849 ct
1272 3796 1472 3849 centies
1500 3794 1710 3849 centum
1744 3794 1802 3849 lit

222 3888 409 3943 decem
438 3889 605 3943 millia
628 3907 641 3955 ;
667 3898 721 3943 et
746 3888 922 3943 decies
952 3888 1073 3943 deni
1096 3929 1109 3951 ,
1133 3896 1369 3942 centum.
1415 3886 1481 3941 Et
1509 3886 1595 3942 ille
1620 3876 1803 3941 decem

224 3983 385 4037 millia
416 3984 737 4037 talentorum
762 4024 776 4049 ,
809 3992 862 4037 et
883 3983 970 4037 ille
1004 3980 1184 4037 decies
1209 3981 1375 4036 denos
1398 3984 1438 4033 '.
1488 3982 1530 4035 A
1571 3981 1803 4051 legitimo

225 4079 362 4132 enim
393 4091 619 4131 numero
650 4091 753 4130 non
795 4091 1062 4133 recessum
1088 4083 1208 4140 est,
1256 4075 1309 4129 in
1335 4091 1439 4145 quo
1466 4085 1690 4145 utroque
1721 4075 1805 4129 in-

223 4170 399 4224 venies
428 4178 657 4238 utraque
686 4178 923 4239 peccata.
969 4168 1201 4238 Uterque
1233 4164 1441 4222 debitor
1463 4209 1476 4232 ,
1508 4178 1560 4223 et
1582 4178 1803 4238 uterque

224 4262 387 4316 veniat
426 4261 735 4330 deploratur
759 4269 812 4317 et
857 4261 1164 4330 impetrator
1196 4279 1208 4314 :
1235 4256 1329 4316 sed
1355 4261 1443 4314 ille
1471 4275 1658 4315 servus
1691 4276 1803 4315 ma-

222 4353 333 4420 lus,
360 4368 551 4410 servus
585 4356 841 4426 ingratus,
875 4356 1115 4425 iniquus,
1152 4355 1319 4410 noluit
1339 4355 1632 4427 rependere
1662 4358 1801 4425 quod

222 4444 460 4519 accepit,
524 4444 691 4499 noluit
735 4454 988 4515 praestare
1029 4446 1171 4517 quod
1218 4446 1294 4501 illi
1335 4446 1548 4518 indigno
1596 4449 1801 4516 praesti-

224 4542 332 4590 tum
359 4535 481 4591 fuit.

286 4628 518 4685 CAPUT
572 4629 757 4684 VL—
796 4630 846 4684 7.
901 4631 1284 4702 Septuagesimo
1334 4634 1544 4703 septimo
1590 4650 1799 4687 numero

226 4731 423 4791 pacata
449 4723 618 4775 omnia
653 4738 758 4776 esse
788 4724 1110 4794 prwsignata.
1145 4722 1363 4778 Peccata
1396 4725 1601 4779 dimissa
1639 4710 1797 4797 repli-

225 4825 395 4870 cantur
436 4832 539 4870 non
574 4816 858 4869 dimiuenti.
896 4817 1079 4871 Videte
1108 4832 1252 4886 ergo,
1298 4817 1489 4873 fratres
1522 4835 1534 4871 :
1576 4820 1800 4889 quisqtte

224 4906 445 4977 incipite
472 4908 764 4979 Baptismo,
794 4908 927 4963 liber
949 4910 1080 4975 exit,
1105 4909 1320 4964 dimissa
1359 4920 1481 4965 sunt
1509 4911 1584 4965 illi
1614 4912 1797 4966 decem

223 5000 376 5055 millia
403 5003 755 5068 talentorum;
781 5012 834 5057 et
852 5018 974 5058 cum
995 5004 1205 5069 exierit,
1230 5004 1465 5059 iuvenire
1491 5003 1651 5059 habet
1671 5020 1797 5059 con-

223 5104 427 5149 servum
463 5110 619 5149 suum
658 5095 970 5151 debitorem.
1011 5094 1266 5151 Observet
1300 5112 1425 5166 ergo
1464 5098 1635 5166 ipsum
1678 5112 1797 5165 pec-

222 5196 386 5240 eatum
431 5203 448 5237 :
479 5188 602 5257 quia
640 5202 894 5243 numerus
926 5187 1246 5244 undenarius
1286 5189 1635 5259 transgressio
1669 5188 1797 5258 legis

222 5286 314 5331 est.
341 5278 452 5333 Lex
492 5279 637 5334 enim
676 5279 1233 5350 denarius,peccatum
1274 5281 1645 5335 undenarium.
1687 5280 1795 5335 Lex

222 5370 350 5423 enim
379 5386 474 5437 per
504 5369 686 5425 decem
705 5412 721 5437 ,
749 5381 1021 5441 peccatum
1052 5387 1147 5441 per
1175 5371 1438 5426 undecim.
1472 5371 1648 5438 Quare
1676 5386 1796 5439 pec-

220 5473 385 5517 catum
415 5478 513 5533 per
540 5462 822 5517 undecim?
843 5462 975 5532 Quia
1007 5467 1359 5534 transgressio
1381 5464 1581 5518 denarii
1611 5472 1709 5528 est,
1739 5473 1796 5517 ut

250 5607 411 5717 ’ἓξὲξ
450 5608 749 5657 Fossateusis
778 5606 1084 5667 manuscripti
1122 5607 1402 5654 auctoritate
1442 5603 1725 5664 addidimus,
1764 5618 1794 5655 a

218 5673 468 5780 (met
488 5736 625 5787 Lov.,
650 5729 791 5781 dena.
829 5738 928 5778 Am.
957 5736 1008 5779 et
1031 5729 1251 5793 plerique
1274 5728 1402 5788 Mss,
1442 5728 1570 5781 dmi.
1604 5734 1694 5779 Sed
1718 5747 1792 5783 ca-

217 5795 431 5905 :teiggius
452 5794 750 5845 Fossatensis
780 5793 955 5857 codex,
992 5793 1137 5845 denos
1165 5792 1181 5845 ἐ
1213 5792 1415 5856 supple,
1457 5793 1676 5849 denarios
1712 5799 1793 5850 de-

1585 342 1811 401 SERMO
1846 340 2129 402 LXXXIII.

3400 370 3509 431 518

1926 474 2018 515 eas
2045 461 2113 517 ad
2141 463 2506 523 national-ium.
2546 467 2604 525 in
2629 468 2747 545 lege
2782 482 2959 532 autem
2990 478 3182 538 modus
3208 479 3345 539 ﬁxus
3370 495 3457 547 est
3484 504 3502 545 :

1928 556 2279 651 transgressio
2320 569 2496 616 autem
2524 576 2799 634 peceatum
2828 578 2928 625 est.
2961 570 3077 629 Jam
3117 575 3207 631 ubi
3234 585 3501 651 transgre-

1928 643 2077 699 deris
2098 646 2394 716 denarium,
2426 651 2492 707 ad
2518 655 2864 714 nndcnarium
2887 665 3055 720 venis.
3086 665 3236 723 Adeo
3252 643 3502 741 mgnum

1926 742 2234 810 mysterium
2269 744 2543 814 ﬁguratum
2585 758 2684 812 est,
2724 754 2936 823 «plaudo
2963 756 3168 827 iussum
3204 771 3289 817 est
3331 762 3507 820 taber-

1928 834 2172 888 naculum
2214 835 2476 893 t‘abricari.
2508 840 2667 897 Multa
2696 846 2766 899 ibi
2796 862 3077 905 numerosa
3106 851 3245 909 dicta
3273 866 3419 924 sunt,
3449 859 3499 915 ia

1925 937 2121 995 magno
2152 942 2502 986 sacramento.
2547 933 2690 991 inter
2726 947 2915 994 caetera
2954 943 3069 997 vela
3113 945 3318 1001 cilicina
3351 948 3502 1019 iussa

1924 1028 2049 1113 sunt
2079 1020 2209 1087 ﬁeri,
2242 1037 2347 1077 non
2372 1024 2579 1091 decem,
2608 1029 2701 1083 sed
2723 1030 2965 1087 undecim
2992 1034 3188 1107 (Exod.
3218 1055 3364 1110 xxvr,
3397 1042 3451 1113 7)
3489 1060 3506 1099 :

1925 1111 2048 1178 quia
2091 1129 2188 1183 per
2224 1116 2454 1173 ciiicium
2498 1122 2794 1178 ostenditur
2834 1126 3099 1185 confessio
3141 1111 3497 1201 peccatorum.

1927 1200 2061 1269 Quid
2087 1216 2262 1261 autem
2288 1211 2511 1279 amplius
2532 1215 2761 1281 quaeris?
2782 1216 2873 1272 Vis
2896 1234 3053 1276 nosse
3079 1200 3257 1279 omnia
3283 1238 3500 1296 peccata

1929 1296 2183 1391 contineri
2212 1316 2432 1356 numero
2462 1304 2563 1360 isto
2600 1312 2987 1380 septuagesitno
3020 1316 3281 1384 septimo?
3306 1319 3501 1391 Septub

1928 1386 2069 1482 plum
2119 1392 2253 1445 solet
2304 1410 2396 1462 pro
2447 1405 2556 1451 toto
2599 1404 2895 1471 computari
2941 1421 2954 1456 :
3002 1408 3246 1475 quoniam
3295 1386 3499 1482 septem

1927 1477 2113 1535 diebus
2141 1484 2372 1540 volvitur
2403 1496 2628 1559 tempus,
2669 1503 2721 1548 et
2767 1495 2915 1550 linito
2954 1500 3273 1566 septenario,
3317 1477 3502 1560 rursus

1927 1566 1989 1623 ad
2016 1574 2171 1641 caput
2199 1576 2420 1645 reditur,
2449 1588 2507 1635 ut
2534 1580 2716 1637 eadem
2744 1576 2911 1640 forma
2939 1588 3181 1643 volVatur
3207 1584 3245 1643 ί.
3276 1588 3375 1647 Per
3406 1586 3504 1650 liu-

1922 1660 2153 1730 jusmodi
2201 1667 2379 1722 forma:
2427 1672 2781 1730 revolutiones
2827 1678 3021 1733 srccula
3075 1690 3348 1740 transeunt
3400 1701 3415 1741 :
3469 1702 3500 1742 a

1924 1758 2228 1823 septenario
2249 1768 2422 1815 tamen
2452 1774 2672 1821 numero
2702 1780 2807 1823 non
2829 1768 3111 1828 receditur.
3142 1766 3328 1831 Omnia
3357 1778 3499 1836 enim

1924 1846 2136 1942 peccata
2177 1850 2325 1918 dixit,
2359 1856 2566 1924 quando
2608 1862 2887 1932 septuagies
2925 1867 3106 1933 septies
3144 1858 3279 1923 dixit
3318 1887 3339 1924 :
3372 1870 3497 1942 quia

1920 1932 2048 1993 illud
2096 1942 2336 1999 undecim
2382 1946 2483 2002 duc
2519 1952 2734 2019 septies,
2772 1953 2904 2009 ﬁunt
2945 1958 3241 2028 Septuagies
3278 1932 3494 2031 septies.

1920 2034 2107 2089 Omnia
2144 2050 2268 2107 ergo
2298 2038 2488 2095 dimitti
2527 2054 2739 2112 peccata
2769 2047 2960 2112 voluit,
2991 2050 3079 2120 qui
3120 2060 3181 2106 ea
3218 2062 3498 2125 septuage-

1921 2126 2058 2181 Slmo
2098 2129 2322 2198 septimo
2360 2144 2582 2188 numero
2625 2138 2977 2209 praesigttavit.
3022 2136 3189 2197 Nemo
3224 2148 3407 2201 contra
3436 2156 3498 2203 se

1923 2224 2099 2273 teneat
2142 2234 2249 2276 non
2298 2223 2637 2295 ignoscendo,
2684 2240 2750 2285 ne
2798 2240 2985 2287 contra
3028 2234 3177 2290 illum
3230 2230 3492 2307 teneatur,

1920 2312 2128 2380 quando
2153 2324 2288 2369 orat.
2320 2314 2451 2371 Dicit
2478 2321 2616 2374 enim
2649 2322 2807 2387 Deus,
2842 2324 3086 2393 Dimitte,
3118 2334 3175 2383 et
3200 2329 3496 2387 dimittetur

1919 2398 2035 2456 tibi.
2060 2402 2161 2459 Sed
2187 2421 2283 2477 ego
2304 2410 2450 2479 prior
2475 2408 2647 2467 diitii‘si
2678 2432 2690 2468 :
2714 2414 2919 2471 dimitte
2946 2419 3033 2474 vel
3058 2428 3258 2490 prtea.
3287 2421 3418 2477 Nam
3446 2424 3493 2479 si

1918 2498 2022 2549 non
2054 2498 2347 2568 dimiseris,
2375 2506 2634 2560 revocabo
2662 2513 2743 2572 te;
2778 2516 2831 2563 et
2860 2510 3111 2582 quidquid
3149 2514 3239 2569 tibi
3272 2516 3493 2571 dimise-

1918 2594 2047 2651 rant,
2080 2588 2344 2660 replicabo
2376 2595 2486 2650 tibi.
2516 2594 2627 2650 Non
2656 2599 2794 2655 enim
2822 2598 3074 2657 mentitur
3106 2604 3339 2672 Veritas;
3382 2618 3491 2663 non

1917 2680 2055 2734 enim
2089 2679 2239 2750 fallit,
2265 2694 2354 2737 aut
2380 2684 2851 2757 falliturCltristus,
2885 2693 3237 2764 quisubjecit,
3260 2694 3444 2753 dicens
3473 2716 3489 2754 :

1918 2767 2005 2825 Sic
2031 2782 2076 2826 et
2105 2772 2240 2829 vobis
2267 2776 2415 2845 faetet
2437 2776 2592 2832 Pater
2617 2786 2789 2846 vester,
2818 2784 2906 2854 qui
2923 2786 2975 2839 in
3001 2776 3139 2842 caelis
3163 2797 3254 2842 ut.
3281 2789 3491 2846 invenis

1913 2862 2144 2932 Patrem,
2188 2867 2393 2925 imitare
2439 2869 2667 2927 Patrem.
2716 2874 2772 2930 Si
2820 2878 2960 2930 enim
3010 2872 3202 2934 imitari
3242 2894 3345 2936 non
3386 2883 3485 2948 vis,

1913 2954 2241 3033 exliacredari
2272 2965 2292 2994 ²
2336 2964 2592 3033 disponis,
2623 2965 2796 3021 Faciet
2838 2982 2963 3039 ergo
3000 2972 3074 3025 ita
3111 2973 3267 3041 vobis,
3300 2974 3487 3045 inquit,

1914 3045 2070 3105 Pater
2114 3058 2272 3108 uester
2308 3057 2547 3122 caelestis,
2598 3058 2640 3111 si
2682 3072 2780 3113 non
2827 3060 3114 3117 remiseritis
3150 3066 3493 3137 unusquisque

1914 3144 2126 3216 [utribus
2151 3147 2325 3200 vestris
2360 3164 2421 3202 ex
2448 3150 2681 3204 cordibus
2704 3153 2896 3206 vestris.
2931 3153 3006 3209 Ne
3030 3154 3177 3210 dicas
3206 3157 3258 3210 in
3290 3157 3487 3229 lingua,

1914 3232 2152 3307 ignosco,
2184 3246 2235 3293 et
2273 3240 2434 3296 corde
2459 3241 2692 3297 diil‘eras.
2726 3242 3052 3315 Supplicium
3079 3249 3221 3302 enim
3259 3250 3492 3307 ostendit

1912 3331 2004 3385 tibi
2038 3330 2194 3397 Deus,
2224 3330 2473 3389 minando
2505 3335 2808 3390 vindictam.
2839 3332 2994 3393 Novit
3024 3340 3163 3395 Deus
3193 3341 3282 3395 ubi
3320 3342 3485 3399 dicas.

1913 3420 2108 3479 Vocem
2141 3430 2280 3480 tuam
2314 3425 2472 3481 homo
2500 3426 2706 3483 audivit
2734 3445 2748 3483 :
2775 3432 3151 3486 conscientiam
3175 3442 3318 3488 tuam
3348 3435 3489 3490 Deus

1910 3516 2140 3587 inspicit.
2180 3516 2233 3574 Si
2271 3518 2423 3582 dicis,
2465 3520 2716 3586 Dimitte;
2755 3516 2982 3577 dimitte.
3023 3518 3209 3578 Melius
3247 3532 3331 3579 est
3367 3539 3488 3581 cum

1909 3610 2106 3663 t‘lamas
2135 3620 2229 3665 ore
2248 3653 2261 3675 ,
2295 3619 2347 3664 et
2371 3608 2590 3666 dimittis
2619 3612 2673 3667 in
2700 3612 2890 3679 come,
2918 3624 3077 3683 quam
3106 3614 3330 3671 blandus
3358 3628 3487 3685 ore,

1908 3702 2137 3757 crudelis
2167 3704 2217 3757 in
2245 3703 2422 3758 corde.

1978 3792 2200 3851 CAPUT
2234 3794 2339 3850 νη.
2363 3827 2433 3837 -
2458 3796 2509 3852 8.
2543 3795 2631 3850 Ita
2664 3797 3039 3867 ignoscendum,
3082 3807 3137 3853 ut
3180 3814 3282 3854 non
3322 3799 3487 3872 ηαῃιὶο

1906 3897 2054 3960 gatur
2112 3889 2399 3958 disciplina.
2438 3884 2553 3944 Jam
2601 3898 2727 3960 ergo
2769 3889 3054 3945 obsecrant
3093 3891 3243 3960 pueri
3268 3890 3487 3947 indisci»

1907 3982 2109 4051 plinati,
2137 3982 2189 4036 el
2217 3978 2399 4036 nolunt
2421 3981 2688 4052 vapulare,
2714 3983 2805 4053 qui
2828 3982 2904 4037 sic
2929 3982 3277 4051 praescribunt
3302 3982 3476 4051 nobis,

1907 4074 2116 4144 quando
2145 4075 2387 4129 volumus
2424 4073 2550 4129 dare
2589 4073 2919 4145 disciplinam
2953 4091 2967 4127 :
2996 4071 3243 4137 Peccavi,
3272 4072 3484 4142 ignosco

1907 4164 2054 4219 mihi.
2088 4162 2224 4221 Ecce
2250 4165 2444 4235 ignovl,
2474 4177 2525 4220 et
2549 4166 2737 4221 iterum
2759 4173 2960 4235 peccat.
2989 4160 3207 4235 Ignosce
3239 4181 3259 4218 :-
3285 4164 3483 4234 ignavi.

1905 4252 2094 4315 Peccat
2144 4263 2318 4315 tertio.
2368 4256 2584 4331 ignesce
2623 4277 2637 4313 :
2690 4261 2846 4315 tertio
2887 4258 3085 4328 ignovi.
3135 4257 3251 4312 llam
3294 4267 3485 4327 quarto

1906 4352 2134 4419 vapulet.
2169 4352 2233 4405 Et
2263 4352 2351 4406 ille
2384 4368 2397 4404 :
2430 4350 2694 4420 Numquid
2725 4350 3024 4419 septuagies
3051 4348 3246 4417 septies
3276 4356 3328 4401 to
3360 4346 3484 4402 fati-

1904 4447 2063 4518 gavi?
2093 4444 2147 4501 Si
2176 4444 2273 4501 hac
2310 4444 2708 4516 praescriptione
2736 4443 2991 4498 severitas
3029 4440 3319 4510 disciplinae
3355 4439 3484 4494 dor-

1903 4541 2061 4603 miat,
2109 4550 2347 4606 repressa
2398 4534 2674 4606 disciplina
2725 4534 2875 4589 saevit
2920 4533 3175 4602 impunita
3228 4530 3482 4602 nequitia.

1882 4630 2038 4700 -Quid
2085 4640 2210 4701 ergo
2240 4622 2531 4685 faciendum
2564 4628 2685 4682 ett?
2721 4624 3085 4695 Corripiamus
3109 4623 3304 4690 verbis,
3346 4629 3401 4676 et
3438 4620 3486 4675 si

1903 4740 2037 4796 opus
2080 4722 2189 4788 est,
2228 4730 2279 4777 et
2308 4716 2617 4777 verberibus
2648 4739 2662 4775 :
2705 4719 2801 4775 sed
2842 4718 3093 4774 delictum
3132 4715 3483 4778 dimittamus,

1905 4815 2111 4886 cnlpam
2158 4810 2223 4870 de
2277 4815 2436 4869 corde
2486 4809 2816 4882 obiici-amns.
2868 4809 2993 4865 ideo
3042 4807 3181 4863 enim
3231 4804 3485 4860 Dominus

1902 4908 2151 4972 subdidit,
2202 4909 2264 4962 de
2313 4902 2544 4963 cordibus
2591 4906 2784 4973 vestris,
2840 4910 2899 4958 ut-
2946 4902 2991 4957 si
3034 4912 3127 4972 per
3166 4899 3481 4955 charitatem

1901 5003 2190 5073 imponitur
2236 5001 2532 5070 disciplina,
2575 4998 2639 5053 de
2677 4997 2837 5052 corde
2870 4994 3060 5049 lenitas
3099 5006 3203 5045 non
3245 4987 3479 5045 recedat.

1901 5090 2038 5163 Quid
2086 5094 2226 5147 enim
2276 5100 2384 5146 tam
2437 5092 2579 5162 pium
2610 5092 2766 5160 quam
2814 5078 3052 5141 medicus
3092 5084 3270 5138 ferens
3309 5079 3481 5136 ferra-

1901 5198 2135 5243 mentum
2158 5187 2181 5239 ?
2208 5183 2384 5240 Plorat
2412 5180 2674 5239 secandus
2694 5223 2708 5248 ,
2739 5186 2796 5236 et
2820 5176 3034 5234 secatur
3063 5193 3076 5229 :
3109 5174 3285 5244 plorat
3311 5186 3478 5228 uren-

1901 5280 2020 5345 dus,
2050 5286 2102 5332 et
2122 5278 2310 5332 uritur.
2342 5270 2455 5331 Non
2479 5282 2559 5330 eSt
2584 5270 2675 5329 illa
2699 5269 3018 5353 crudelitas;
3038 5267 3176 5322 absit
3200 5264 3478 5321 utsm'itia

1900 5370 2087 5427 medici
2133 5370 2355 5424 dicatur.
2396 5362 2554 5421 vait
2582 5362 2635 5419 in
2669 5362 2876 5424 vulture,
2920 5367 2982 5413 ut
3017 5358 3179 5412 homo
3213 5364 3431 5412 minetur
3463 5372 3478 5410 :

1898 5465 2015 5536 quia
2047 5464 2089 5517 si
2118 5462 2305 5517 vulnus
2335 5461 2593 5530 palpetur,
2626 5456 2784 5510 homo
2822 5453 3080 5524 perditur.
3111 5453 3197 5508 Sic
3224 5467 3351 5523 ergo
3379 5450 3479 5506 ista

1897 5563 2211 5625 monuerim,
2250 5562 2435 5613 fratres
2466 5555 2589 5621 mei,
2622 5565 2675 5607 ut
2704 5552 2893 5606 fratres
2930 5560 3141 5605 nostros
3167 5548 3256 5619 qui
3285 5561 3475 5637 pecca-

1960 5732 1975 5762 ¹
1994 5726 2286 5776 Fossatensis
2303 5730 2403 5784 51s.,
2420 5714 2701 5784 revolvatur.
2722 5722 2823 5765 Mox
2842 5713 3159 5776 Colhertinus,
3183 5722 3268 5784 per
3306 5706 3475 5774 Imita-

1894 5792 2027 5847 modi
2048 5791 2251 5851 formam
2274 5780 2588 5851 reteltitionis.
2714 5839 2724 5851 Ι
2860 5839 2871 5851 Ι
2901 5849 2907 5851 Α
2978 5841 2987 5850 _

1958 5839 2102 5903 iiii.
2128 5861 2199 5902 Er.
2222 5856 2273 5900 et
2294 5848 2477 5909 aliquot
2489 5851 2616 5903 Mss,
2641 5839 3004 5894 exhwredttart'.
