3980 6444
546 401 724 460 verint
749 396 894 455 omni
918 394 1079 454 modo
1110 393 1388 467 diligamus
1407 432 1422 460 ,
1450 389 1519 449 de
1543 388 1707 448 corde
1736 397 1920 446 nostro
1949 388 2129 445 chari-

546 502 711 551 tatem
750 493 802 548 in
844 504 940 546 eos
980 503 1087 544 non
1128 486 1476 551 dimittamus,
1516 491 1572 539 et
1609 481 1964 552 disciplinam,
2005 494 2128 535 cum

545 601 682 659 opus
732 593 815 641 est
835 625 851 651 ,
900 582 1089 639 demus
1139 596 1154 635 :
1209 594 1277 635 ne
1324 592 1421 650 per
1468 575 1783 632 solutionem
1835 571 2129 643 disciplinae

543 686 752 736 crescat
784 674 1037 746 nequitia,
1078 680 1133 729 et
1169 672 1483 743 incipiamus
1513 676 1733 740 propter
1768 665 1933 721 Deum
1971 677 2128 719 accu-

544 754 685 840 sari;
714 771 836 842 quia
862 767 1138 825 recitatum
1167 774 1249 822 est
1280 762 1454 831 nobis,
1477 761 1751 816 Peccantes
1770 774 1942 813 coram
1964 755 2128 812 omni-

544 864 635 918 bus
662 861 879 932 corripe,
911 868 967 914 ut
995 858 1164 919 cwteri
1189 857 1416 911 timorem
1445 852 1658 907 habeant
1681 849 1737 922 (Ι
1757 849 1893 905 Tim.
1924 863 1980 914 v,
2006 846 2123 919 20).

542 953 698 1010 Certe
723 951 769 1008 si
799 951 938 1022 quis,
968 947 1112 1021 quod
1140 946 1312 1002 solum
1339 960 1523 1002 verum
1553 951 1653 1010 est,
1685 938 1959 1009 distinguit
1989 946 2126 994 tem-

544 1059 702 1114 pora,
731 1050 785 1099 et
821 1041 980 1097 solvit
1007 1039 1386 1111 quaestionem,
1418 1050 1601 1092 verum
1629 1040 1730 1090 est.
1770 1031 1827 1089 Si
1850 1036 2126 1102 peccatum

543 1137 595 1193 in
622 1145 830 1192 secreto
858 1144 960 1203 est,
988 1134 1040 1189 in
1071 1142 1277 1190 secreto
1302 1130 1529 1202 corripe.
1561 1127 1619 1185 Si
1647 1133 1921 1199 peccatum
1950 1123 2126 1196 publi-

540 1246 661 1287 cum
701 1237 786 1285 est
814 1237 867 1285 et
892 1236 1132 1299 apertum
1152 1267 1172 1289 ..
1207 1225 1416 1298 publice
1441 1224 1649 1295 corripe
1690 1240 1703 1279 :
1735 1230 1792 1279 ut
1818 1221 1908 1278 ille
1943 1234 2126 1278 emen-

539 1321 715 1391 detur,
743 1329 797 1378 et
820 1320 1005 1377 caeteri
1033 1318 1272 1374 timeant.

997 1433 1226 1491 SERMO
1263 1431 1528 1489 LXXXIV
1550 1434 1569 1456 θ
1600 1431 1698 1503 (α).

508 1582 509 1587 η
538 1550 618 1607 De
636 1550 796 1607 verbis
817 1547 1079 1621 Evangelii
1101 1546 1348 1610 Matthtei,
1371 1562 1490 1617 cap.
1512 1561 1621 1612 nx,
1650 1545 1738 1611 17,
1760 1543 1816 1601 Si
1841 1542 1920 1599 vis
1941 1540 2125 1599 venire

957 1638 1026 1695 ad
1050 1639 1233 1707 vitam,
1265 1652 1415 1694 serva
1436 1636 1711 1692 mandata.

609 1754 837 1812 CAPUT
862 1751 1275 1810 PRIMUM.—i.
1309 1750 1528 1806 Eterna
1550 1750 1652 1804 vita
1677 1757 1919 1821 quantum
1940 1762 2122 1801 amau-

546 1850 616 1904 da
642 1849 726 1916 sit,
745 1845 1038 1922 intelligitur
1082 1860 1145 1900 ea:
1192 1859 1362 1898 amore
1394 1843 1546 1914 hujus
1591 1841 1722 1895 vitaz.
1771 1839 1909 1894 Dixit
1946 1837 2124 1893 Domi-

542 1954 644 1997 nus
671 1938 881 1996 cuidam
904 1935 1229 1993 adolescenti
1257 1953 1270 1989 :
1300 1934 1361 1990 Si
1392 1933 1461 1987 vis
1488 1932 1651 1986 venire
1677 1930 1745 1985 ad
1768 1931 1917 1985 vitam
1937 1971 1952 1997 ,
1980 1943 2122 1985 serva

544 2032 806 2089 mandata.
835 2030 953 2088 Non
981 2029 1132 2096 dixit,
1154 2027 1211 2084 Si
1237 2026 1318 2081 vis
1345 2025 1525 2081 venire
1550 2022 1616 2078 ad
1636 2022 1797 2078 vitam
1822 2030 2077 2078 aeternam
2102 2038 2118 2077 :

535 2125 655 2191 sed,
685 2124 744 2181 Si
769 2123 841 2179 vis
866 2123 1031 2178 venire
1055 2124 1123 2175 ad
1147 2120 1337 2184 vitam;
1366 2131 1485 2172 eam
1509 2114 1770 2171 deﬁniens
1795 2113 1975 2179 vitam,
2003 2127 2123 2183 quae

534 2217 694 2275 fuerit
715 2226 917 2296 aeterna
946 2214 1073 2270 vita.
1105 2211 1273 2282 Hujus
1297 2223 1427 2280 ergo
1457 2208 1579 2263 vitae
1608 2221 1847 2262 amorem
1879 2221 1975 2261 nos
2005 2205 2117 2275 pri-

536 2310 699 2366 mitus
717 2305 1169 2364 commendemus.
1191 2302 1405 2358 Etenim
1425 2307 1633 2355 amatur
1651 2306 1705 2355 et
1726 2297 2123 2368 qualiscumque

534 2403 643 2459 vita
692 2401 826 2466 ista;
881 2407 934 2454 et
984 2399 1153 2468 ipsam
1199 2394 1680 2466 qualemcumque,
1729 2402 2118 2455 aerumnosam,

534 2495 802 2559 miseram,
833 2491 985 2547 ﬁnire
1024 2488 1265 2545 homines
1304 2486 1513 2549 timent,
1556 2491 1611 2539 et
1649 2488 1955 2553 pavescunt.
1987 2478 2123 2534 Hinc

533 2585 821 2644 videndum
860 2592 963 2651 est,
1013 2583 1137 2639 hinc
1171 2577 1636 2643 considerandum,
1677 2573 2120 2648 quemadmodum

530 2682 755 2741 amanda
794 2681 863 2737 sit
893 2688 1093 2735 aeterna
1129 2675 1270 2741 vita;
1313 2671 1525 2745 quando
1566 2670 1644 2727 sic
1684 2677 1891 2725 amatur
1927 2668 2119 2724 misera

532 2777 632 2836 ista
652 2783 715 2833 ‘et
742 2774 1061 2846 quandoque
1087 2767 1317 2825 ﬁnienda
1346 2766 1471 2822 vita.
1501 2762 1870 2830 Considerate,
1902 2760 2114 2829 fratres,

533 2876 789 2940 quantum
820 2864 1045 2920 amanda
1083 2863 1152 2917 sit
1176 2850 1303 2927 vita,
1329 2858 1418 2914 ubi
1461 2870 1732 2927 nunquam
1758 2853 1909 2909 ﬁnias
1933 2857 2119 2908 vitam.

529 2963 694 3018 Amas
722 2974 849 3029 ergo
888 2958 1041 3013 istam
1068 2954 1250 3021 vitam,
1293 2952 1380 3008 ubi
1421 2958 1623 3005 tantum
1662 2948 1894 3014 laboras,
1923 2944 2114 3014 curris,

534 3054 751 3124 satagis,
782 3050 1039 3115 anhelas;
1066 3057 1121 3105 et
1145 3047 1230 3103 vix
1262 3052 1643 3101 enumerantur
1667 3056 1786 3112 qua:
1818 3038 2117 3095 necessaria

528 3154 656 3203 sunt
675 3145 726 3200 in
750 3143 945 3199 misera
964 3141 1108 3204 vita;
1136 3138 1419 3200 seminare,
1450 3148 1623 3201 arare,
1652 3131 1941 3198 novellare,
1967 3129 2118 3186 navi-

527 3252 674 3310 gare,
715 3235 937 3303 molere,
976 3245 1226 3302 coquere,
1268 3237 1448 3283 texere
1488 3243 1503 3280 :
1547 3234 1601 3281 et
1631 3234 1749 3295 post
1784 3224 1900 3279 haec
1938 3223 2116 3280 omnia

527 3329 682 3385 ﬁnire
712 3327 876 3383 habes
900 3325 1084 3380 vitam.
1130 3322 1271 3378 Ecce
1312 3334 1430 3391 qua:
1472 3318 1667 3389 pateris
1698 3319 1753 3373 in
1782 3317 1976 3372 misera
2012 3317 2117 3377 ista

526 3437 688 3495 quam
717 3419 892 3491 diligis
919 3417 1026 3473 vita
1059 3433 1073 3471 :
1118 3423 1172 3470 et
1220 3422 1374 3485 putas
1405 3422 1456 3468 te
1494 3426 1706 3482 semper
1738 3410 2021 3476 victurum,
2062 3416 2117 3465 ct

527 3529 796 3586 nunquam
821 3508 1173 3567 moriturum?
1199 3505 1439 3576 Templa,
1472 3519 1620 3571 saxa,
1652 3517 1940 3568 marmora,
1970 3501 2114 3558 ferro

528 3604 852 3678 plumboque
873 3598 1224 3666 consolidata,
1258 3604 1436 3652 tamen
1463 3595 1697 3651 cadunt:
1725 3605 1779 3649 et
1802 3594 1962 3649 homo
1987 3609 2116 3649 nun-

527 3713 686 3771 quam
730 3711 789 3752 se
835 3702 984 3766 putat
1027 3691 1381 3748 moriturum?
1434 3688 1630 3745 Discite
1675 3702 1837 3759 ergo,
1884 3687 2111 3755 fratres,

526 3805 766 3863 qumrere
789 3797 1046 3845 aeternam
1070 3786 1257 3853 vitam,
1288 3783 1376 3838 ubi
1408 3782 1507 3838 ista
1534 3797 1640 3837 non
1673 3780 1987 3846 tolerabitis,
2020 3778 2115 3835 sed

526 3885 580 3940 in
606 3892 863 3940 aeternum
889 3896 1012 3937 cum
1041 3879 1151 3936 Deo
1174 3874 1484 3948 regnabitis.
1512 3875 1611 3941 Qui
1640 3874 1780 3929 enim
1812 3872 1914 3925 vult
1938 3872 2110 3938 vitam,

526 3976 667 4031 sicut
698 3974 826 4029 dicit
868 3971 1157 4043 propheta,
1201 3969 1365 4040 diligit
1394 3966 1562 4022 videre
1601 3965 1707 4019 dies
1750 3966 1904 4019 bonos
1942 3960 2111 4034 (Psal.

526 4081 719 4131 sunt,
750 4064 861 4135 l5).
888 4063 1020 4117 Nam
1048 4062 1099 4116 in
1127 4061 1313 4116 diebus
1338 4058 1489 4113 malis
1515 4071 1660 4112 mors
1688 4056 1859 4125 potius
1878 4063 2110 4124 aptatur,

525 4172 685 4228 quam
724 4156 850 4211 vita.
896 4153 1082 4209 Nonne
1124 4150 1366 4206 audimus
1408 4157 1463 4204 et
1497 4148 1738 4203 videmus
1777 4146 2023 4201 homines
2060 4145 2114 4200 in

526 4250 790 4322 aliquibus
842 4245 1269 4304 tribulationibus
1314 4251 1369 4298 et
1416 4241 1709 4313 angustiis,
1758 4238 2111 4295 conﬂictatio-

528 4343 687 4399 nibus
710 4350 766 4397 et
789 4337 1187 4411 aegritudinibus
1213 4336 1339 4390 dum
1378 4343 1505 4389 sunt
1532 4332 1827 4399 constituti,
1854 4340 1906 4387 et
1936 4331 2117 4388 vident

528 4448 589 4490 se
624 4433 897 4498 laborare,
924 4429 1057 4485 nihil
1082 4427 1223 4485 aliud
1247 4427 1425 4483 dicere
1456 4425 1578 4489 nisi,
1623 4424 1762 4479 Deus
1801 4424 1951 4478 mitte
1985 4422 2114 4478 mihi

532 4534 790 4588 mortem,
841 4522 1083 4578 accelera
1129 4519 1244 4575 dies
1295 4518 1489 4574 meos?
1537 4517 1601 4571 Et
1643 4515 1925 4586 aliquando
1971 4515 2115 4569 venit

528 4616 817 4687 agritudo;
873 4612 1138 4677 curritur,
1189 4609 1526 4665 adducuntur
1578 4605 1801 4673 medici,
1855 4604 2010 4660 solidi
2061 4612 2116 4660 et

527 4722 749 4767 munera
796 4704 1196 4776 promittuntur.
1249 4701 1387 4756 Dicit
1430 4698 1524 4755 tibi
1572 4698 1686 4769 ipsa
1732 4711 1881 4752 mors
1922 4712 1935 4749 :
1979 4695 2114 4749 Ecce

528 4802 735 4867 adsum,
764 4813 919 4870 quam
948 4795 1105 4866 paulo
1126 4801 1250 4849 ante
1278 4808 1309 4848 a
1347 4788 1573 4847 Domino
1599 4788 1843 4860 petebas;
1872 4784 1998 4857 quid
2030 4799 2114 4841 me

530 4892 691 4951 modo
713 4890 896 4959 fugere
915 4888 1028 4944 vis?
1051 4885 1231 4942 Inveni
1258 4892 1310 4941 te
1334 4883 1658 4947 falsatorem,
1687 4888 1739 4936 et
1764 4879 1973 4937 miserae
1993 4877 2115 4934 vita:

528 4998 825 5045 amatorem
833 5027 846 5041 .

601 5082 657 5137 2.
699 5078 830 5134 Mali
868 5083 985 5132 sunt
1025 5073 1134 5128 dies
1176 5072 1326 5141 hujus
1363 5070 1497 5124 vita.
1546 5066 1677 5122 Vera
1713 5082 1772 5121 ac
1816 5066 1958 5120 beata
1991 5064 2112 5130 vita,

532 5183 741 5232 eterna.
814 5170 892 5226 De
938 5167 1025 5223 his
1098 5172 1278 5221 autem
1329 5161 1518 5218 diebus
1575 5174 1708 5231 quos
1755 5159 1992 5229 agimus,
2041 5156 2116 5235 ait

533 5264 820 5337 Apostolus
840 5304 856 5329 ,
906 5259 1225 5316 Redimentes
1274 5265 1468 5326 tempus
1492 5294 1507 5318 ,
1556 5251 1794 5323 quoniam
1839 5251 1946 5333 dies
1978 5248 2114 5335 .mali

533 5328 652 5413 sunt
696 5352 911 5427 (Ephes.
944 5338 1003 5417 ὗ,
1035 5348 1149 5420 10).
1186 5347 1304 5404 Non
1348 5354 1472 5403 sunt
1508 5358 1638 5415 ergo
1666 5343 1779 5398 dies
1821 5330 1945 5396 mali
1978 5328 2115 5411 quos

536 5446 742 5519 agimus
778 5445 833 5500 in
859 5440 1161 5513 corruptela
1205 5438 1364 5510 hujus
1392 5436 1598 5504 carnis,
1627 5434 1682 5490 in
1722 5441 1866 5488 tanta
1890 5430 1975 5487 vel
2015 5429 2114 5487 sub

601 5623 621 5643 '
642 5620 923 5672 uecensitus
944 5616 1003 5667 ad
1035 5622 1140 5667 tres
1159 5614 1244 5663 bu.
1270 5618 1322 5663 et
1350 5616 1558 5675 quatuor
1577 5606 1642 5660 cl.
1665 5605 1725 5658 ad
1752 5618 1798 5658 a.
1824 5604 1903 5658 ch.
1926 5603 1964 5656 ι.
1986 5604 2039 5657 ει.
2060 5618 2111 5670 ε.

540 5683 690 5757 λιπαρο
710 5696 789 5757 ,ρςο
820 5693 915 5757 πρέ
935 5678 1531 5757 Υὲξὲφλὲἷζεῗῗξήιθνη

604 5747 678 5813 (α)
699 5734 838 5809 nias,
860 5743 925 5795 de
940 5740 1111 5794 verbis
1128 5736 1312 5796 Domini
1335 5734 1413 5787 t7.

1753 275 1812 333 S.
1849 270 2218 333 AUGUSTINI
2254 272 2557 335 EPISCOPI

2241 396 2384 446 tanta
2410 392 2619 447 sarcina
2647 393 3007 464 corruptibilis
3037 394 3295 469 corporis,
3327 396 3466 455 inter
3493 405 3671 458 tantas
3695 409 3808 463 ten-

2235 484 2487 551 tationes,
2513 485 2652 540 inter
2683 494 2855 544 tantas
2883 488 3243 560 difﬁcultates,
3276 492 3365 549 ubi
3394 493 3526 551 falsa
3548 497 3805 569 voluptas,

2234 576 2379 632 nulla
2431 579 2691 635 securitas
2743 581 2916 651 gaudii
2937 625 2955 645 ,
3007 584 3165 640 timor
3218 593 3506 658 torquens,
3556 591 3812 662 cupiditas

2232 666 2416 735 avida,
2464 668 2674 724 tristitia
2715 672 2907 727 arida?
2946 673 3085 731 Ecce
3131 690 3291 747 quam
3334 679 3504 735 malos
3550 680 3667 737 dies
3705 700 3720 737 ε
3759 695 3813 741 ει

2232 773 2391 814 nemo
2420 761 2528 815 vult
2566 761 2720 818 ﬁnire
2760 764 2903 834 ipsos
2940 766 3110 823 malos
3144 767 3282 839 dies,
3324 771 3654 845 multumque
3691 774 3812 833 hinc

2231 864 2419 925 rogant
2447 854 2688 911 homines
2716 857 2905 928 Deum,
2937 867 2995 915 ut
3019 860 3107 915 diu
3134 863 3330 919 vivant.
3363 864 3502 933 Quid
3528 875 3612 923 est
3633 878 3809 926 autem

2231 945 2325 1003 diu
2370 947 2580 1015 vivere,
2626 950 2729 1006 nisi
2775 951 2865 1007 diu
2911 956 3186 1025 torqueri?
3232 956 3369 1025 Quid
3412 968 3496 1015 est
3539 961 3683 1018 aliud
3724 962 3811 1020 diu

2227 1038 2430 1106 vivere,
2473 1055 2632 1112 quam
2674 1042 2843 1099 malos
2878 1043 2994 1100 dies
3037 1046 3188 1102 malis
3232 1047 3420 1105 diebus
3459 1051 3703 1109 addere?
3745 1054 3809 1111 Et

2228 1143 2351 1185 cum
2396 1140 2644 1188 crescunt
2688 1134 2859 1205 pueri,
2908 1136 3058 1206 quasi
3102 1138 3377 1195 accedunt
3407 1141 3515 1199 illis
3561 1143 3704 1211 dies;
3761 1156 3812 1204 et

2229 1225 2473 1281 nesciunt
2519 1226 2641 1298 quia
2681 1228 2994 1285 minuuntur
3025 1247 3037 1283 :
3070 1238 3125 1287 et
3160 1232 3274 1304 ipsa
3312 1242 3392 1289 est
3430 1234 3559 1291 falsa
3597 1251 3814 1309 compu-

2229 1318 2379 1375 tatio.
2408 1317 2785 1377 Crescentibus
2820 1322 2964 1377 enim
2993 1321 3257 1380 decedunt
3283 1324 3399 1383 dies
3424 1328 3622 1399 potius,
3653 1346 3814 1401 quam

2225 1410 2505 1467 accedunt.
2539 1412 2818 1471 Constitue
2846 1414 3006 1471 alicui
3043 1416 3243 1472 homini
3273 1428 3421 1487 nato,
3451 1420 3599 1476 verbi
3624 1424 3814 1492 gratia,

2227 1504 2501 1575 octoginta
2530 1519 2700 1561 annos
2733 1524 2747 1561 :
2777 1505 3033 1578 quidquid
3065 1508 3229 1577 vivit,
3259 1508 3326 1565 de
3352 1525 3560 1567 summa
3602 1513 3813 1572 minuit.

2228 1594 2298 1650 Et
2320 1596 2485 1667 inepti
2506 1594 2752 1654 homines
2773 1599 3106 1670 gratulantur
3132 1600 3375 1671 plurimis
3399 1600 3676 1673 natalitiis,
3707 1615 3814 1665 tam

2227 1687 2359 1754 suis,
2372 1702 2531 1759 quam
2545 1688 2772 1745 ﬁliorum
2787 1706 3026 1747 suorum.
3039 1692 3084 1748 0
3096 1692 3264 1748 virum
3280 1694 3593 1764 prudentem
3612 1697 3626 1753 l
3643 1697 3704 1755 Si
3720 1699 3814 1756 tibi

2226 1781 2407 1836 vinum
2421 1782 2899 1852 minuaturinutre,
2925 1786 3152 1841 tristaris
3169 1786 3816 1862 :diesperdis,etgaudes2

2227 1871 2351 1927 Mali
2370 1888 2498 1945 ergo
2514 1882 2638 1930 sunt
2657 1874 2773 1931 dies
2797 1894 2810 1931 :
2832 1884 2888 1932 et
2909 1891 2974 1932 eo
2994 1877 3225 1949 pejores,
3250 1880 3373 1951 quia
3392 1880 3701 1953 diliguntur.
3732 1884 3816 1941 Sis

2224 1964 2493 2022 blanditur
2506 1967 2592 2023 hic
2614 1968 2864 2037 mundus,
2883 1977 2942 2025 ut
2967 1984 3125 2027 nemo
3145 1971 3269 2028 velit
3289 1972 3441 2031 ﬁnire
3457 1990 3817 2035 aarumnosam

2224 2056 2408 2112 vitam.
2428 2056 2565 2114 Vera
2594 2058 2735 2113 enim
2753 2060 2858 2115 vita
2879 2060 2964 2116 vel
2991 2061 3147 2118 beata
3165 2061 3283 2119 haec
3301 2072 3403 2132 est,
3426 2080 3548 2121 cum
3568 2081 3818 2140 resurge-

2224 2166 2344 2208 mus
2369 2160 2423 2207 et
2449 2166 2569 2207 cum
2599 2151 2814 2210 Christo
2837 2154 3197 2226 regnabimus.
3224 2156 3356 2212 Nam
3381 2166 3435 2215 et
3461 2159 3608 2232 impii
3636 2177 3817 2220 resur-

2225 2244 2419 2299 recturi
2447 2252 2592 2311 sunt,
2622 2243 2715 2301 sed
2746 2245 2801 2301 in
2825 2245 3002 2318 ignem
3044 2248 3190 2303 ituri.
3226 2249 3342 2304 Vita
3370 2250 3547 2321 itaque
3572 2268 3685 2309 non
3713 2264 3815 2325 est,

2224 2332 2329 2389 nisi
2354 2334 2527 2391 beata.
2555 2334 2623 2390 Et
2644 2336 2754 2392 vita
2782 2336 2937 2393 beata
2962 2353 3083 2395 esse
3111 2354 3219 2395 non
3241 2348 3433 2411 potest,
3460 2342 3564 2399 nisi
3588 2352 3815 2415 teterna,

2224 2424 2313 2481 ubi
2337 2434 2460 2481 sunt
2489 2424 2603 2482 dies
2629 2426 2783 2495 boni;
2816 2443 2917 2484 nec
2956 2429 3140 2498 multi,
3168 2429 3263 2487 sed
3292 2447 3451 2488 unus.
3482 2432 3560 2488 Ex
3588 2448 3817 2493 consue-

2227 2517 2407 2575 tudine
2435 2519 2593 2589 hujus
2619 2520 2741 2575 vitae
2769 2522 3017 2592 appellati
3046 2532 3169 2579 sunt
3204 2523 3341 2580 dies.
3373 2525 3495 2581 Dies
3521 2526 3611 2582 ille
3642 2530 3819 2587 nescit

2223 2618 2421 2678 ortum,
2450 2612 2620 2667 nescit
2646 2627 2914 2668 occasum.
2944 2614 3026 2670 llli
3061 2613 3172 2671 diei
3201 2631 3308 2671 nou
3346 2617 3583 2673 succedit
3616 2621 3819 2677 crasti-

2223 2716 2355 2769 nus;
2384 2702 2507 2773 quia
2546 2717 2651 2759 non
2691 2704 2940 2774 prtecedit
2966 2720 3090 2762 eum
3129 2705 3428 2764 hesternos.
3458 2708 3611 2765 Hunc
3645 2710 3815 2782 diem,

2222 2795 2307 2851 vel
2336 2795 2434 2851 hos
2458 2795 2573 2851 dies
2591 2836 2607 2865 ,
2637 2804 2691 2852 et
2720 2796 2857 2853 hanc
2884 2798 3045 2854 vitam
3068 2840 3084 2867 ,
3116 2808 3170 2855 et
3198 2814 3378 2855 veram
3402 2800 3566 2857 vitam
3602 2801 3663 2857 in
3695 2818 3823 2873 pro-

2222 2889 2399 2946 missis
2428 2888 2707 2945 habemus.
2738 2890 2981 2962 Alicujus
3010 2906 3139 2963 ergo
3163 2892 3341 2963 operis
3368 2907 3574 2948 merces
3615 2902 3726 2949 est.
3759 2893 3818 2951 Si

2221 2982 2364 3038 enim
2394 2981 2695 3038 mercedem
2726 2997 2995 3051 amamus,
3037 2983 3090 3038 in
3120 2998 3282 3055 opere
3319 2998 3427 3040 non
3449 2984 3770 3043 deﬁciamus
3799 3003 3815 3042 :

2221 3084 2277 3132 et
2304 3075 2357 3131 in
2386 3082 2642 3131 aeternum
2671 3090 2792 3131 cum
2820 3075 3035 3132 Christo
3060 3076 3424 3148 regnahimus.

2676 3188 2906 3246 SERMO
2942 3188 3180 3245 LXXXV
3201 3197 3219 3214 '
3245 3189 3345 3261 (α).

2219 3280 2299 3337 De
2322 3281 2480 3338 verbis
2519 3280 2783 3353 Evangelii
2810 3280 3060 3348 Matthwi,
3102 3298 3217 3353 cap.
3254 3297 3367 3349 nx,
3402 3281 3587 3338 17-25.
3634 3282 3698 3340 Si
3735 3284 3819 3341 vis

2466 3374 2646 3431 venire
2676 3374 2743 3430 ad
2775 3375 2955 3442 vitam,
2985 3390 3138 3431 serva
3167 3375 3433 3444 mandata,
3465 3385 3571 3433 etc.

2289 3490 2514 3547 CAPUT
2537 3487 3030 3546 PRIMUM.—NUI.
3061 3489 3113 3543 1.
3139 3487 3497 3543 Mandatorum
3526 3490 3821 3546 observatio

2218 3585 2287 3638 ad
2315 3583 2695 3656 promerendam
2723 3582 2893 3635 vitam.
2924 3580 3276 3652 Evangelium,
3305 3596 3361 3636 os
3390 3580 3596 3635 Christi.
3631 3581 3823 3637 Evan-

2222 3676 2392 3747 gelica
2418 3673 2597 3740 lectio,
2628 3688 2746 3744 quae
2772 3672 2930 3727 modo
2960 3672 3233 3743 personuit
3260 3672 3313 3727 in
3342 3671 3557 3727 auribus
3582 3674 3817 3739 nostris,

2218 3766 2430 3834 fratres,
2458 3766 2755 3821 auditorem
2781 3766 2947 3836 magis
2971 3773 3129 3835 atque
3155 3764 3429 3831 factorem,
3452 3780 3611 3835 quam
3643 3781 3824 3837 expo-

2219 3861 2437 3916 sitorem
2468 3858 2753 3916 desiderat.
2784 3857 2919 3925 Quid
2946 3858 3045 3913 hac
3070 3857 3186 3912 luce
3210 3857 3421 3925 clarius,
3452 3857 3514 3913 Si
3540 3859 3616 3913 vis
3642 3860 3825 3914 venire

2218 3953 2286 4006 ad
2305 3955 2476 4018 vitam,
2493 3968 2633 4006 serva
2649 3950 2888 4003 mandata
2900 3949 3071 4016 ?Quid
3086 3964 3211 4019 ergo
3228 3948 3465 4004 dicturus
3479 3964 3597 4004 sum
3612 3948 3638 4003 7
3653 3949 3725 4007 Si
3747 3951 3825 4005 vis

2218 4046 2385 4100 venire
2402 4045 2469 4097 ad
2484 4044 2656 4110 vitam,
2674 4057 2817 4097 serva
2830 4041 3087 4095 mandata.
3101 4041 3229 4107 Quis
3242 4050 3328 4096 est
3345 4042 3432 4112 qui
3452 4041 3583 4095 nolit
3603 4041 3785 4097 vitam
3800 4042 3828 4097 ἲ

2219 4144 2272 4191 ει
2289 4144 2463 4189 tamen
2481 4134 2694 4204 quis_est
2708 4133 2795 4204 qui
2807 4132 2936 4187 velit
2953 4146 3168 4187 servare
3187 4131 3468 4187 mandata?
3482 4130 3540 4188 Si
3554 4133 3829 4190 mandata

2219 4239 2434 4280 servare
2454 4238 2561 4278 non
2585 4224 2685 4291 vis,
2708 4238 2873 4294 quare
2892 4222 3053 4277 vitam
3082 4222 3313 4293 quaeris?
3338 4222 3394 4279 Si
3414 4222 3478 4277 ad
3500 4238 3640 4293 opus
3663 4225 3831 4296 piger

2218 4332 2293 4382 es,
2311 4332 2473 4387 quare
2492 4316 2558 4371 ad
2580 4315 2878 4371 mercedem
2898 4315 3150 4371 festinas?
3170 4314 3313 4370 Dixit
3330 4330 3389 4371 se
3404 4316 3491 4371 ille
3505 4315 3672 4372 dives
3688 4318 3832 4373 ado-

2219 4406 2426 4463 lescens
2447 4421 2687 4463 servasse
2708 4406 2953 4461 mandata
2970 4424 2983 4460 :
3001 4405 3201 4461 audivit
3215 4415 3478 4477 praecepta
3498 4406 3745 4477 majora,
3764 4409 3834 4466 Si

2218 4501 2291 4555 vis
2309 4502 2556 4573 perfectus
2566 4515 2690 4565 esse,
2708 4514 2863 4552 unum
2880 4498 2967 4552 tibi
2986 4497 3122 4553 deest
3131 4514 3152 4564 ;
3172 4498 3317 4564 vade,
3336 4499 3490 4552 vende
3506 4500 3692 4554 omnia
3709 4514 3835 4572 qua

2220 4592 2391 4658 habes,
2423 4600 2469 4646 et
2495 4594 2561 4645 da
2593 4591 2894 4662 pauperibus
2923 4606 2941 4645 :
2966 4605 3065 4647 nec
3091 4588 3307 4661 perdes,
3335 4590 3430 4647 sed
3455 4591 3673 4647 habebis
3704 4595 3825 4649 the.

2218 4701 2425 4739 saurum
2462 4685 2513 4738 in
2551 4684 2710 4749 calo;
2746 4691 2792 4738 et
2830 4683 2962 4750 veni,
3002 4699 3206 4753 sequere
3242 4699 3341 4739 me.
3370 4682 3503 4739 Nam
3541 4684 3683 4754 quid
3730 4686 3837 4743 tibi

2220 4774 2455 4846 prodest,
2500 4774 2544 4829 si
2592 4774 2803 4841 feceris,
2851 4781 2908 4829 et
2945 4788 3055 4829 non
3097 4773 3339 4845 sequaris
3372 4774 3500 4830 me?
3528 4774 3845 4834 Absoessit

2218 4876 2396 4923 autem
2446 4867 2611 4922 tristis
2657 4880 2721 4922 ac
2764 4874 3011 4933 maestus,
3062 4866 3201 4921 sicut
3242 4865 3467 4922 audistis
3513 4883 3525 4919 :
3571 4864 3845 4926 habebat

2218 4961 2361 5016 enim
2390 4961 2584 5015 multas
2621 4958 2853 5015 divitias.
2884 4958 3038 5026 Quod
3066 4958 3269 5015 audivit
3293 4959 3401 5026 ille,
3429 4958 3759 5019 audivimus
3781 4973 3849 5021 et

2219 5068 2338 5108 nos.
2371 5051 2444 5108 Os
2471 5051 2689 5119 Christi,
2719 5050 3067 5123 Evangelium
3093 5059 3195 5107 est.
3222 5050 3285 5108 In
3309 5052 3451 5108 ctelo
3478 5051 3639 5108 sedet
3675 5071 3694 5108 :
3733 5055 3846 5113 sed

2220 5145 2273 5201 in
2304 5154 2447 5201 terra
2471 5145 2615 5216 loqui
2642 5160 2747 5201 non
2774 5154 2970 5202 cessat.
2999 5144 3107 5202 Nos
3132 5160 3241 5201 non
3265 5146 3433 5203 simus
3455 5144 3604 5203 surdi
3640 5163 3660 5202 :
3697 5163 3849 5205 nam

2221 5241 2310 5296 ille
2333 5241 2544 5296 clamat.
2576 5238 2685 5296 Nos
2712 5254 2823 5294 non
2864 5239 3035 5295 simus
3063 5240 3259 5295 mortui
3289 5255 3305 5294 :
3332 5254 3455 5295 nam
3496 5239 3587 5295 ille
3637 5249 3846 5297 tonat.

2218 5333 2272 5391 Si
2301 5334 2501 5405 majora
2529 5347 2636 5389 non
2664 5333 2747 5390 vis
2773 5331 2969 5401 facere,
2999 5332 3207 5388 minora
3236 5332 3337 5389 fac.
3366 5333 3512 5389 Onus
3537 5333 3851 5404 majorum

2218 5425 2285 5480 ad
2312 5433 2365 5481 te
2389 5425 2613 5481 multum
2637 5433 2740 5494 est,
2763 5424 2849 5481 vel
2869 5425 3074 5480 minora
3096 5423 3315 5495 prende.
3330 5424 3465 5495 Quid
3482 5423 3551 5480 ad
3573 5432 3856 5498 utraque

2221 5521 2371 5592 piger
2416 5520 2510 5575 es?
2556 5518 2685 5591 quid
2730 5518 2971 5591 utrisque
3016 5518 3349 5576 adversaria?
3393 5516 3592 5589 Majora
3654 5529 3852 5591 sunt,

3870 5396 3889 5448 δ

2590 5662 2739 5737 ades.
2757 5661 2820 5713 cl.
2844 5675 2985 5737 grai.
3006 5668 3105 5714 Am.
3126 5668 3201 5714 Er.
3223 5668 3326 5713 Par.
3348 5667 3459 5714 ιον.

2283 5725 2357 5795 (a)
2380 5725 2518 5791 Alias,
2539 5726 2606 5778 de
2624 5722 2871 5790 Tempore
2879 5722 2989 5783 ωδ.
