4032 6332
269 329 364 387 521

280 453 447 507 Vende
472 451 644 506 omnia
669 467 782 523 quis
808 452 958 507 habes
977 494 993 520 ,
1030 460 1078 508 et
1106 453 1173 506 da
1200 452 1504 524 pauperibus
1521 495 1538 522 ,
1565 462 1612 508 et
1641 470 1844 525 sequere

268 561 363 597 me.
397 541 601 598 Minora
630 552 778 612 sunt,
813 543 936 598 Non
964 543 1289 598 homicidium
1315 544 1494 612 facias,
1539 544 1661 599 Non
1698 544 1851 598 adul-

269 654 411 703 .eres,
443 636 565 690 Non
609 637 795 707 falsum
833 639 1170 693 testimonium
1193 655 1389 709 quceras
1416 640 1455 702 ί,
1487 637 1610 693 Νοη
1647 639 1848 709 fureris.

271 727 481 782 Honora
525 738 719 798 patrem
763 739 811 784 et
856 739 1067 784 matrem
1087 772 1101 796 ,
1145 730 1341 802 Diliges
1382 731 1670 801 proximum
1712 741 1854 784 tuum

266 831 506 891 :anquam
533 829 580 874 te
605 822 790 892 ipsum.
822 822 925 877 Ista
955 823 1053 877 fac.
1085 822 1222 889 Quid
1250 822 1318 877 ad
1345 831 1397 877 te
1422 823 1613 889 clamo,
1642 831 1701 877 ut
1725 837 1853 878 veno

266 913 360 967 das
390 928 480 968 res
527 924 666 979 luas,
709 914 793 969 cui
833 924 1154 985 extorquere
1181 929 1286 970 non
1315 930 1532 984 possunt
1567 929 1638 970 ne
1676 914 1851 984 rapias

265 1005 504 1061 alienas?
535 1005 777 1073 Audisti,
811 1004 932 1060 Non
959 1006 1246 1076 furaberis;
1277 1016 1333 1059 tu
1361 1006 1525 1075 rapis.
1553 1005 1690 1060 Ante
1716 1018 1849 1058 con-

266 1109 508 1167 spectum
535 1099 666 1152 tanti
705 1098 925 1165 Judicis,
961 1099 1071 1168 jam
1101 1109 1152 1154 te
1180 1114 1284 1154 non
1330 1098 1500 1154 furem
1542 1109 1716 1165 teneo,
1755 1096 1850 1152 sed

265 1201 556 1258 raptorem.
599 1189 765 1244 Parce
806 1190 922 1258 tibi,
964 1191 1217 1246 miserere
1255 1192 1347 1245 tui.
1388 1190 1575 1245 Adhuc
1603 1191 1708 1244 vita
1750 1190 1848 1244 ista

261 1283 353 1337 dat
378 1283 476 1338 tibi
497 1283 834 1349 dilationem,
859 1285 968 1339 noli
994 1284 1226 1354 abjicere
1247 1285 1656 1354 correptionem.
1681 1283 1848 1338 Fuisti

267 1375 380 1430 heri
410 1374 530 1441 fur;
579 1375 692 1430 noli
721 1385 775 1430 et
813 1375 990 1431 hodie.
1039 1375 1156 1431 Jam
1190 1375 1327 1430 forte
1365 1384 1420 1430 et
1465 1375 1624 1430 hodie
1663 1373 1844 1440 fuisti;

227 1485 380 1524 ‘cras
429 1470 558 1523 noli.
615 1468 909 1538 Aliquando
956 1467 1047 1522 ﬁni
1096 1468 1312 1532 malum,
1363 1476 1417 1522 et
1465 1482 1562 1537 pro
1599 1466 1848 1521 mercede

261 1563 414 1633 exige
461 1562 680 1618 bonum.
725 1561 870 1616 Bona
906 1561 1104 1617 habere
1142 1562 1242 1629 vis,
1284 1571 1338 1616 et
1372 1561 1543 1616 bonus
1578 1575 1697 1616 esse
1739 1575 1846 1614 non

261 1654 342 1708 vis
384 1670 398 1705 :
447 1655 712 1708 contraria
745 1661 828 1708 est
873 1653 978 1706 vita
1028 1663 1113 1707 tua
1152 1653 1288 1708 votis
1322 1653 1447 1707 tuis.
1493 1651 1549 1707 Si
1597 1666 1846 1722 magnum

262 1743 462 1798 bonum
504 1756 587 1799 est
633 1744 828 1799 habere
868 1744 1044 1798 villam
1069 1745 1297 1812 bonam,
1344 1751 1598 1814 quantum
1645 1744 1843 1798 malum

263 1846 344 1891 est
374 1836 572 1890 habere
601 1836 833 1890 animam
865 1835 1101 1890 malam?

330 1927 555 1983 CAPUT
586 1928 651 1981 ll.
671 1955 742 1968 -—
764 1927 817 1981 2.
847 1926 1036 1981 Divites
1058 1925 1256 1998 difﬁcile
1274 1926 1554 1981 salvantur.
1587 1926 1845 1998 Pauperes

264 2024 378 2092 quid
422 2039 596 2076 cavere
638 2031 852 2092 oportet.
899 2021 1151 2076 Discessit
1192 2020 1343 2076 dives
1371 2020 1745 2087 contristatus,
1791 2028 1847 2075 et

262 2117 332 2169 ait
359 2115 612 2170 Dominus
642 2133 655 2169 :
687 2115 850 2181 Quam
884 2113 1083 2184 difficile
1115 2121 1220 2177 est,
1251 2122 1306 2166 ut
1327 2113 1410 2184 qui
1447 2113 1645 2166 divitias
1674 2111 1840 2179 habet,

263 2207 404 2260 intret
435 2207 488 2259 in
512 2223 719 2278 regnum
746 2205 1021 2260 calorum!
1050 2204 1118 2258 Et
1145 2220 1302 2275 quam
1328 2213 1469 2259 esset
1496 2203 1742 2270 difﬁcile,
1767 2203 1843 2258 si-

264 2298 556 2352 militudine
582 2297 884 2368 proposita,
927 2296 1158 2350 ostendit
1200 2305 1304 2350 tam
1349 2311 1468 2350 esse
1505 2293 1751 2359 difﬁcile,
1783 2302 1846 2349 ut

263 2393 478 2446 omnino
507 2393 575 2444 sit
604 2389 946 2460 impossibile.
978 2387 1146 2443 Omne
1171 2390 1314 2443 enim
1355 2387 1677 2457 impossibile
1703 2386 1846 2453 difﬁg

262 2483 360 2537 cile
383 2492 466 2537 est
495 2500 506 2535 :
538 2481 631 2537 sed
660 2497 764 2536 non
791 2495 950 2536 omne
969 2478 1186 2535 diflicile
1207 2480 1531 2549 impossibile
1551 2488 1650 2533 est.
1674 2479 1843 2545 Quale

262 2573 472 2628 difﬁcile
509 2584 623 2639 est,
667 2571 1063 2626 similitudinem
1093 2571 1303 2626 attende
1327 2588 1341 2624 :
1367 2572 1520 2625 Amen
1548 2572 1660 2625 dico
1683 2570 1838 2636 vobis,

261 2666 455 2734 facilius
496 2674 569 2719 est
607 2664 852 2719 camelum
889 2680 976 2734 per
1019 2663 1242 2731 foramen
1271 2679 1390 2716 acus
1418 2663 1629 2716 transire
1649 2705 1662 2728 ,
1693 2680 1844 2732 quam

261 2757 455 2810 divitem
484 2757 677 2810 intrare
715 2755 769 2809 in
809 2772 1016 2826 regnum
1055 2755 1311 2808 cazlorum.
1343 2755 1614 2810 Camelum
1645 2756 1843 2810 intrare

262 2865 350 2917 per
374 2849 614 2903 foramen
643 2863 768 2903 acus
796 2865 810 2900 :
839 2848 883 2901 si
909 2847 1108 2902 diceret
1133 2847 1379 2916 pulicem,
1407 2847 1732 2918 impossibile
1757 2864 1841 2903 es-

259 2949 353 2994 set.
383 2940 624 3010 Denique
654 2939 756 2994 hoc
783 2939 994 3007 audito,
1023 2941 1317 2995 contristati
1347 2949 1469 2994 sunt
1491 2941 1757 3012 discipuli,
1788 2950 1843 2997 et

258 3031 506 3086 dixerunt
536 3050 548 3083 :
582 3031 642 3086 Si
663 3032 735 3107 ita
759 3042 850 3096 est,
877 3033 1109 3102 quisnam
1136 3033 1314 3102 poterit
1339 3031 1506 3087 salvus
1531 3032 1643 3099 fieri
1654 3033 1679 3086 ?
1713 3033 1842 3100 Quis

259 3125 516 3180 divitum?
544 3125 812 3196 Pauperes
833 3167 847 3189 ,
879 3124 1057 3180 audite
1085 3124 1349 3180 Christum
1366 3167 1380 3191 ,
1414 3125 1608 3194 populo
1635 3124 1728 3179 Dei
1756 3125 1840 3180 lo-

259 3235 404 3289 quor.
436 3219 626 3273 Plures
650 3219 778 3273 estis
803 3233 1084 3288 pauperes,
1113 3219 1197 3272 vel
1226 3232 1321 3271 vos
1345 3217 1756 3287 apprehendite;
1788 3226 1841 3272 et

260 3319 428 3365 tamen
461 3309 660 3364 audite.
697 3309 1023 3379 Quicumque
1061 3309 1128 3364 de
1167 3317 1474 3378 paupertate
1519 3309 1837 3378 gloriamini,

258 3413 435 3457 cavete
477 3403 815 3471 superbiam,
848 3417 914 3455 ue
955 3402 1166 3456 vincant
1206 3415 1301 3455 vos
1342 3399 1568 3455 humiles
1610 3400 1836 3455 divites:

259 3511 434 3556 cavete
464 3501 808 3572 impietatem,
837 3515 903 3554 ne
928 3500 1139 3554 vincant
1165 3514 1260 3552 vos
1288 3498 1357 3567 pii
1387 3498 1573 3552 divites
1607 3517 1620 3552 :
1652 3506 1840 3552 cavete

256 3594 566 3648 ebrietatem
587 3636 601 3661 ,
649 3608 719 3648 ne
756 3592 973 3647 vincant
1007 3606 1100 3646 vos
1135 3592 1296 3645 sobrii
1334 3592 1541 3646 divites.
1576 3590 1745 3645 Nolite
1774 3592 1840 3646 de

257 3696 570 3756 paupertate
607 3685 850 3757 gloriari,
909 3685 952 3739 si
1006 3699 1111 3738 non
1161 3683 1356 3738 dehcut
1410 3683 1485 3737 illi
1532 3682 1600 3738 de
1644 3683 1839 3738 divitiis

255 3779 491 3849 gloriari.

322 3871 549 3927 CAPUT
592 3871 679 3926 lll.
707 3901 778 3910 —
805 3871 857 3925 '5.
900 3867 1144 3924 Divitibus
1172 3867 1294 3933 quid
1323 3867 1528 3938 ρι’ωεὶρὶ
1558 3866 1672 3920 velit
1697 3866 1838 3937 Apo-

255 3965 430 4018 stolus.
486 3961 674 4017 Vermis
712 3962 1028 4028 divitiarum,
1069 3961 1321 4031 superbia.
1355 3960 1586 4014 Audiaut
1622 3959 1834 4026 divites,

257 4055 298 4108 si
324 4067 500 4109 tamen
532 4063 689 4118 sunt;
720 4053 936 4107 audiant
963 4053 1273 4121 Apostolum
1304 4069 1315 4104 :
1353 4051 1580 4120 Prwcipe
1608 4050 1840 4104 divitibus

257 4146 402 4215 hujus
430 4144 609 4198 mundi
637 4161 655 4198 :
681 4146 802 4213 quia
842 4153 965 4197 sunt
998 4143 1187 4197 divites
1216 4136 1435 4197 alterius
1476 4143 1673 4196 saeculi.
1703 4143 1841 4197 Pau-

259 4253 405 4305 peres
440 4245 567 4290 sunt
596 4236 786 4290 divites
817 4236 1032 4290 alterius
1062 4235 1238 4289 saeculi
1259 4277 1273 4302 ,
1316 4234 1556 4303 Apostoli
1596 4242 1719 4290 sunt
1759 4235 1838 4289 di-

257 4330 383 4383 vites
410 4329 632 4382 alterius
657 4328 833 4382 sazculi
857 4369 872 4393 ,
898 4328 986 4396 qui
1007 4327 1285 4392 dicebant,
1316 4325 1575 4396 Tanquam
1601 4326 1728 4378 nihil
1749 4326 1840 4379 ha-

257 4418 438 4484 bentes,
471 4427 515 4471 et
546 4419 714 4472 omnia
747 4418 1049 4487 possidentes
1077 4416 1141 4489 (ll
1173 4414 1291 4470 Cor.
1318 4432 1399 4482 v1,
1429 4416 1538 4485 10).
1571 4416 1638 4470 Ut
1659 4416 1838 4470 sciatis

258 4511 318 4565 de
352 4512 550 4581 quibus
587 4511 830 4580 loquatur
858 4509 1138 4571 divitibus,
1176 4507 1409 4575 addidit,
1447 4507 1598 4577 hujus
1640 4507 1834 4561 mundi.

259 4605 484 4657 Audiant
498 4618 628 4672 ergo
648 4603 955 4671 Apostolum
976 4601 1163 4654 divites
1181 4600 1334 4669 hujus
1352 4599 1560 4654 mundi:
1580 4596 1834 4667 Praecipe,

261 4695 443 4764 inquit,
471 4695 706 4747 divitibus
740 4695 891 4764 hujus
929 4693 1126 4759 mundi,
1148 4709 1248 4746 non
1271 4691 1480 4762 superbe
1498 4708 1692 4760 sapere.
1722 4691 1840 4746 Pri-
1906 4760 1908 4762 τ

259 4804 367 4842 llltlS
416 4787 619 4841 vermis
665 4785 962 4839 divitiarum
1009 4784 1271 4854 superbia.
1301 4783 1434 4837 Mala
1461 4785 1600 4838 tinea
1621 4825 1635 4850 ,
1669 4793 1836 4838 totum

259 4877 410 4943 rodit,
430 4886 487 4932 et
515 4877 582 4930 ad
608 4877 842 4931 cinerem
869 4891 1036 4945 usque
1061 4874 1318 4945 perducit.
1334 4872 1566 4945 Prwcipe
1594 4891 1720 4945 ergo
1737 4892 1838 4930 non

260 4970 465 5037 superbe
489 4985 688 5038 sapere,
715 4984 869 5037 neque
894 4983 1097 5037 sperare
1132 4968 1184 5020 in
1204 4966 1391 5019 incerto
1416 4965 1703 5020 divitiarum
1731 4983 1748 5020 :
1772 4983 1838 5022 ne

261 5058 389 5127 forte
413 5061 568 5114 dives
592 5059 854 5122 dormias,
883 5067 937 5113 et
963 5073 1159 5128 pauper
1184 5072 1388 5127 surgas.
1421 5055 1600 5127 Neque
1635 5074 1840 5128 sperare

260 5150 307 5203 in
345 5153 536 5204 incerto
585 5151 870 5204 divitiarum
911 5147 1181 5221 (Apostoli
1222 5149 1382 5203 verba
1425 5149 1620 5219 sunt);
1661 5149 1749 5202 sed
1785 5150 1839 5202 in

260 5239 379 5307 Deo,
408 5242 600 5311 inquit,
633 5244 759 5295 vivo.
787 5241 895 5295 Fur
923 5241 1014 5295 tibi
1045 5241 1179 5295 tollit
1201 5256 1409 5304 aurum,
1438 5241 1555 5310 quis
1586 5242 1718 5295 tollit
1743 5241 1836 5295 tibi

261 5333 459 5389 Deum?
488 5336 626 5403 Quid
668 5336 825 5390 habet
857 5335 1004 5389 dives
1028 5376 1042 5399 ,
1072 5335 1116 5388 si
1150 5335 1313 5389 Deum
1344 5350 1448 5388 non
1480 5334 1675 5389 habet?
1701 5334 1837 5401 Quid

260 5439 357 5480 non
387 5425 551 5479 habet
577 5441 806 5496 pauper,
835 5426 878 5479 si
907 5426 1070 5479 Deum
1104 5425 1296 5479 habet?
1327 5424 1446 5477 Non
1481 5440 1608 5494 ergo
1636 5442 1838 5494 sperare

261 5516 307 5570 in
349 5519 572 5584 divitiis,
611 5519 717 5583 ait;
757 5517 844 5572 sed
887 5518 942 5572 in
989 5516 1098 5572 Deo
1143 5517 1280 5581 vivo,
1323 5517 1408 5584 qui
1451 5525 1655 5585 praestat
1696 5516 1836 5569 nobis

260 5607 566 5664 abundanter
592 5611 761 5664 omnia
788 5610 855 5664 ad
882 5613 1184 5682 fruendum;
1214 5623 1335 5665 cum
1369 5607 1562 5678 quibus
1589 5609 1835 5665 omnibus

261 5709 311 5756 et
330 5718 386 5757 se
411 5704 609 5773 ipsum.

320 5815 337 5846 ί
353 5815 511 5866 codex
533 5829 626 5875 cs.,
651 5813 802 5866 dicas.

494 5901 719 5964 Sauc'r.
763 5902 1040 5963 Anausr.
1078 5901 1150 5960 V.

1629 339 1858 396 SERMO
1894 339 2152 397 LXXXV.

2030 455 2084 510 4.
2116 453 2195 509 De
2237 453 2421 510 divitiis
2466 456 2588 528 quid
2631 457 2992 529 prmtandum.
3040 459 3096 515 Si
3143 473 3270 533 ergo
3302 476 3411 519 non
3444 465 3540 522 de-

1960 544 2086 600 bent
2115 544 2183 601 de
2207 546 2404 601 divitiis
2433 561 2666 618 sperare,
2697 564 2802 604 non
2829 549 2886 604 in
2913 551 2992 607 eis
3015 549 3200 620 ﬁdere,
3231 553 3327 608 sed
3349 553 3405 609 in
3427 555 3539 614 Deo

1958 637 2111 702 vivo;
2141 637 2207 692 de
2231 625 2432 694 divitiis
2453 639 2576 710 quid
2605 641 2787 696 facturi
2807 643 2967 696 sunt?
2995 643 3132 698 Audi
3151 644 3276 715 quid
3305 662 3319 700 :
3346 644 3538 705 Divites

1958 728 2057 783 sint
2076 730 2129 784 in
2149 731 2381 800 operibus
2399 731 2557 786 bonis.
2587 732 2722 800 Quid
2741 733 2976 788 esthoc?
2997 735 3238 805 Expone,
3261 737 3529 808 Apostole.

1957 821 2103 877 Multi
2130 823 2270 878 enim
2298 824 2436 894 quod
2463 825 2648 879 nolunt
2668 825 2862 893 facere,
2888 829 3074 882 nolunt
3097 829 3410 900 intelligere.
3432 832 3532 886 Ex-

1958 932 2118 987 pone,
2148 918 2394 986 Apostole
2423 935 2435 968 :
2464 918 2571 972 noli
2593 918 2721 974 dare
2740 921 3071 975 occasionem
3097 923 3218 976 mali
3245 925 3422 992 operis
3442 939 3535 994 per

1955 1009 2333 1064 obscuritatem
2373 1011 2654 1064 sermonis.
2689 1010 2783 1064 Dic
2810 1011 2934 1080 quid
2963 1012 3159 1068 dixeris
3178 1055 3193 1078 ,
3223 1012 3410 1069 Divites
3436 1015 3536 1070 sint

1957 1101 2009 1155 in
2035 1101 2265 1172 aper-ibus
2301 1101 2460 1156 bonis.
2491 1100 2720 1156 Audiant
2741 1144 2754 1168 ,
2799 1102 3093 1174 intelligant
3123 1122 3136 1157 :
3171 1121 3273 1160 non
3314 1107 3537 1175 permit-

1957 1200 2134 1247 tantur
2162 1208 2220 1248 se
2249 1207 2502 1248 excusare
2521 1233 2536 1256 ,
2568 1192 2660 1248 sed
2691 1208 2747 1247 se
2776 1195 2949 1262 potius
2979 1195 3233 1264 incipiant
3262 1212 3534 1265 accusare,

1955 1293 2009 1339 et
2035 1284 2212 1339 dicere
2249 1285 2391 1354 quod
2419 1284 2716 1339 audivimus
2745 1285 2902 1338 modo
2933 1286 2983 1338 in
3011 1285 3251 1352 Psalmo,
3287 1289 3538 1354 Quoniam

1956 1385 2214 1446 peccatum
2244 1393 2409 1431 meum
2435 1394 2528 1448 ego
2566 1393 2780 1448 agnosco
2822 1376 2996 1448 (Psal.
3024 1393 3074 1446 L,
3102 1377 3178 1450 5).
3211 1379 3305 1434 Dic
3330 1389 3385 1434 tu
3411 1380 3538 1452 quid

1953 1479 2033 1524 est
2054 1509 2069 1534 ,
2101 1467 2286 1522 Divites
2313 1469 2413 1522 sint
2446 1469 2499 1522 in
2528 1467 2756 1538 Operibus
2786 1469 2944 1523 bonis.

2023 1560 2249 1616 CAPUT
2297 1560 2388 1615 IV.
2415 1591 2486 1600 —-
2516 1559 2692 1615 Facile
2742 1561 2977 1614 tribuant.
3023 1561 3160 1628 Quid
3202 1570 3310 1628 est,
3362 1561 3539 1616 Facile

1952 1651 2212 1706 tribuant?
2237 1651 2499 1722 Numquid
2530 1661 2584 1706 et
2607 1652 2709 1707 hoc
2733 1668 2839 1706 non
2869 1653 3214 1723 intelligitur?
3242 1652 3419 1707 Facile
3447 1655 3536 1708 tri-

1952 1746 2126 1814 buant,
2152 1746 2535 1800 communicent.
2565 1745 2738 1800 Habes
2761 1755 2839 1810 tu,
2867 1762 2970 1800 non
3002 1747 3160 1801 habet
3187 1747 3321 1801 alius
3349 1765 3361 1800 :
3390 1761 3536 1801 com«

1950 1837 2190 1904 munica,
2225 1845 2282 1891 ut
2317 1837 2740 1891 communicetur
2779 1837 2890 1890 tibi.
2938 1837 3279 1891 Communica
3323 1837 3436 1902 hic,
3484 1845 3538 1892 et

1950 1927 2368 1983 communicabis
2394 1927 2485 1980 ibi.
2514 1926 2859 1981 Communica
2882 1926 2966 1981 hic
2989 1943 3197 1996 panem,
3229 1937 3283 1982 et
3308 1927 3536 1997 accipies

1949 2021 2021 2077 ibi
2046 2036 2254 2092 panem.
2282 2019 2448 2086 Quem
2491 2021 2575 2074 hic
2609 2019 2836 2089 panem?
2860 2019 3028 2087 Quem
3053 2020 3258 2090 colligis
3283 2036 3403 2076 cum
3443 2034 3535 2074 su-

1949 2114 2080 2168 dore
2106 2122 2160 2168 et
2186 2113 2386 2177 labore,
2419 2129 2485 2167 ex
2511 2112 2793 2167 inaledicto
2818 2111 2974 2182 primi
2998 2111 3245 2167 hominis.
3269 2113 3436 2180 Quem
3464 2114 3537 2167 ibi

1949 2206 2177 2276 panem?
2207 2204 2306 2270 Qui
2336 2203 2496 2271 dixit,
2533 2201 2642 2274 Ego
2680 2219 2791 2256 sum
2831 2204 2974 2272 panis
3015 2205 3179 2267 vivus,
3212 2205 3296 2274 qui
3327 2205 3387 2256 de
3410 2205 3536 2258 ctelo

1948 2295 2181 2349 descendi
2209 2293 2382 2364 (Joan.
2401 2311 2471 2358 v1,
2498 2295 2606 2364 51).
2637 2293 2791 2347 Dives
2810 2307 2870 2348 es
2891 2293 2994 2358 hic,
3028 2294 3118 2348 sed
3143 2309 3341 2363 pauper
3361 2310 3420 2350 es
3441 2295 3533 2350 ibi.

1949 2386 2124 2440 Habes
2145 2401 2350 2448 aurum,
2376 2384 2469 2440 sed
2493 2384 2723 2439 nondum
2748 2393 2894 2438 tenes
2910 2394 3224 2455 prmsentem
3242 2385 3533 2443 Christum.

1948 2477 2120 2548 Eroga
2143 2477 2283 2546 quod
2308 2477 2489 2542 habes,
2520 2486 2575 2530 ut
2593 2477 2822 2543 accipias
2841 2475 2982 2545 quod
3008 2493 3110 2530 non
3138 2476 3321 2532 habes.
3345 2478 3536 2534 Divites

1945 2572 2046 2624 sint
2071 2571 2124 2623 in
2149 2569 2379 2638 operibus
2408 2568 2567 2632 bonis,
2597 2568 2746 2638 facile
2776 2569 3020 2634 tribuant,
3045 2573 3425 2625 communicent.

2018 2663 2071 2717 5.
2104 2663 2364 2727 Quantum
2406 2661 2460 2714 in
2505 2677 2750 2730 pauperes
2793 2661 3120 2732 erogandum.
3167 2663 3309 2733 Ergo
3355 2663 3534 2731 perdi-

1947 2755 2049 2808 turi
2076 2763 2200 2809 sunt
2229 2769 2314 2808 res
2346 2753 2506 2808 suas?
2530 2751 2934 2820 Communicent,
2967 2754 3099 2809 dixit
3131 2773 3143 2808 :
3174 2771 3308 2822 non,
3341 2755 3535 2811 Totum

1946 2845 2093 2903 dent.
2117 2846 2361 2901 Teneant
2379 2844 2480 2899 sibi
2499 2852 2750 2914 quantum
2772 2844 2985 2910 sufﬁcit,
3005 2854 3220 2901 teneant
3238 2847 3354 2915 plus
3376 2863 3533 2915 quam

1945 2939 2161 2996 sufﬁcit.
2185 2939 2383 2994 Demus
2407 2937 2530 2991 inde
2550 2937 2830 3007 quamdam
2854 2947 3076 3008 partem.
3099 2939 3266 3005 Quam
3292 2940 3539 3009 partem?

1945 3031 2214 3087 Decimam
2236 3037 2465 3102 partem.
2497 3029 2741 3084 Decimas
2766 3028 2964 3085 dabant
2987 3029 3186 3087 Scribze
3209 3039 3263 3086 et
3283 3031 3532 3087 Pharisaei

1947 3123 2095 3196 (Luc.
2125 3139 2253 3178 xvm
2272 3164 2287 3188 ,
2316 3123 2430 3195 12).
2461 3122 2850 3176 Erubescamus
2872 3163 2885 3186 ,
2915 3121 3142 3187 fratres;
3173 3122 3407 3178 decimas
3437 3123 3531 3178 da—

1945 3217 2090 3280 bant,
2120 3231 2218 3287 pro
2244 3215 2433 3285 quibus
2454 3215 2698 3269 Christus
2716 3212 2947 3268 nondum
2963 3215 3271 3284 sanguinem
3299 3214 3530 3270 fuderat.

1947 3308 2190 3364 Decimas
2213 3307 2410 3361 dabant
2441 3305 2639 3361 Scriba:
2665 3313 2718 3359 et
2745 3305 2997 3358 Pharisaei
3031 3323 3043 3358 :
3073 3321 3138 3360 ne
3167 3305 3301 3360 forte
3331 3307 3530 3376 aliquid

1945 3414 2194 3471 magnum
2223 3399 2394 3453 facere
2421 3407 2470 3452 te
2498 3405 2668 3466 putes,
2697 3397 2816 3465 quia
2839 3394 3036 3466 frangis
3064 3413 3250 3466 panem
3279 3400 3530 3468 pauperi;

1944 3503 1998 3550 et
2019 3495 2109 3548 vix
2131 3501 2210 3548 est
2240 3492 2517 3547 millesima
2549 3492 2647 3545 ista
2672 3490 2974 3544 facultatum
3003 3499 3230 3545 tuarum.
3259 3493 3326 3546 Et
3356 3502 3532 3546 tamen

1943 3602 2052 3639 non
2079 3582 2411 3655 reprehendo
2435 3600 2447 3636 :
2475 3583 2556 3637 vel
2585 3582 2686 3638 hoc
2711 3581 2811 3635 fac.
2842 3581 2931 3636 Sic
2954 3583 3076 3637 sitio
3095 3624 3108 3646 ,
3143 3584 3218 3638 sic
3247 3583 3447 3650 esurio,
3476 3591 3535 3637 ut

1945 3688 1998 3731 et
2023 3677 2089 3730 ad
2115 3677 2243 3731 istas
2268 3675 2433 3728 micas
2457 3673 2735 3744 gaudeam.
2760 3671 2864 3728 Sed
2885 3682 3059 3729 tamen
3087 3677 3210 3743 quid
3236 3674 3428 3728 dixerit
3456 3675 3535 3728 vi-

1943 3783 2072 3832 vus,
2117 3768 2205 3837 qui
2252 3782 2348 3835 pro
2390 3765 2542 3820 nobis
2585 3773 2824 3819 mortuus
2861 3774 2976 3831 est,
3022 3781 3127 3820 non
3175 3767 3375 3820 tacebo.
3415 3766 3533 3821 Nisi

1944 3859 2267 3913 abundaverit
2296 3857 2498 3928 justitia
2535 3865 2694 3910 vestra
2714 3898 2728 3922 ,
2759 3857 2958 3926 inquit,
2987 3874 3135 3929 super
3159 3855 3454 3912 Scribarum
3484 3867 3533 3911 et

1947 3950 2348 4016 Pharisaeorum,
2368 3965 2466 4003 non
2489 3948 2736 4002 intrabitis
2756 3948 2809 4000 in
2829 3965 3038 4019 regnum
3059 3949 3294 4002 ctelorum
3315 3948 3520 4022 (Matth.

1944 4060 1999 4108 v,
2029 4042 2143 4113 20).
2178 4041 2271 4095 Ille
2301 4055 2398 4095 nos
2429 4055 2532 4093 non
2564 4039 2741 4108 palpat
2784 4057 2795 4093 :
2836 4039 3073 4094 medicus
3111 4049 3220 4108 est,
3259 4056 3426 4110 usque
3464 4042 3531 4098 ad

1946 4137 2121 4189 vivum
2155 4133 2411 4203 pervenit.
2463 4130 2584 4184 Nisi
2622 4130 2947 4184 abundaverit
2977 4132 3179 4202 justitia
3218 4143 3377 4186 vestra
3417 4134 3532 4204 plus

1944 4210 2095 4299 quam
2127 4225 2420 4279 Scribarum
2447 4233 2492 4277 et
2521 4221 2898 4276 Pharisaeorum
2920 4265 2934 4288 ,
2969 4240 3068 4277 non
3097 4224 3343 4278 intrabitis
3371 4227 3422 4279 in
3448 4243 3530 4281 re-

1944 4335 2096 4390 gnum
2125 4317 2382 4371 caelorum.
2424 4316 2621 4370 Scriba:
2660 4324 2714 4369 et
2755 4314 3005 4368 Pharisaei
3052 4315 3284 4370 decimas
3312 4317 3528 4373 dabant.
3571 4375 3574 4380 ,

1944 4407 2081 4476 Quid
2111 4408 2230 4462 est?
2260 4407 2582 4475 lnterrogale
2611 4420 2706 4459 vos
2739 4405 2899 4474 ipsos.
2935 4405 3118 4460 Videte
3147 4407 3272 4476 quid
3303 4407 3526 4477 faciatis,

1944 4499 2011 4554 de
2037 4507 2233 4568 quanto
2260 4495 2494 4561 faciatis;
2528 4494 2648 4564 quid
2680 4495 2836 4559 detis,
2865 4495 2992 4565 quid
3017 4497 3165 4551 vobis
3192 4498 3525 4566 relinquatis;

1945 4591 2067 4660 quid
2092 4587 2468 4644 misericordiae
2495 4587 2841 4655 impendatis,
2874 4588 3000 4657 quid
3029 4589 3248 4643 luxuria:
3283 4606 3525 4646 reserve-

1945 4684 2031 4736 tis.
2066 4683 2236 4752 Ergo,
2269 4679 2446 4733 Facile
2475 4678 2724 4743 tribuant,
2769 4681 3159 4748 communicent,
3193 4683 3529 4737 thesaurizent

1945 4774 2038 4828 sibi
2074 4773 2456 4845 fundamentum
2491 4772 2674 4826 bonum
2703 4772 2756 4825 in
2781 4775 3041 4842 futurum,
3070 4784 3122 4827 ut
3146 4776 3528 4845 apprehendant

1944 4857 2110 4920 veram
2135 4867 2305 4919 vitam.

2015 4955 2239 5012 CAPUT
2274 4955 2337 5010 V.
2358 4985 2429 4996 -—
2457 4955 2510 5010 6.
2539 4953 2798 5026 Pauperes
2836 4965 3062 5012 tenentur
3091 4960 3291 5029 frenare
3329 4959 3527 5030 cupidi-

1944 5058 2087 5102 tates.
2138 5046 2330 5101 Pietas.
2390 5046 2653 5101 Admonui
2701 5047 2891 5102 divites
2934 5066 2948 5102 :
2989 5048 3194 5113 audite,
3246 5065 3522 5121 pauperes.

1943 5140 2052 5196 Vos
2089 5148 2300 5210 erogate
2329 5157 2342 5193 :
2370 5154 2465 5194 vos
2495 5155 2683 5209 rapere
2714 5140 2935 5196 ‘nolite.
2969 5141 3074 5196 Vos
3110 5141 3322 5198 tribuite
3354 5143 3524 5200 facul-

1946 5239 2078 5285 tates
2103 5247 2115 5283 :
2141 5245 2234 5284 vos
2257 5230 2460 5284 frenate
2480 5231 2814 5298 cupiditates.
2843 5231 3049 5296 Audite,
3078 5247 3358 5302 pauperes,
3381 5251 3528 5291 eum-

1943 5323 2062 5376 dem
2105 5324 2276 5392 ipsum
2315 5323 2609 5392 apostolum
2649 5341 2662 5376 :
2701 5322 2795 5377 Est
2830 5333 2995 5377 autem
3035 5336 3252 5395 quwstus
3290 5345 3521 5400 magnus.

1942 5415 2187 5481 Quaestus
2217 5407 2297 5468 est
2323 5414 2598 5482 acquisitio
2626 5413 2759 5467 lucri
2778 5416 2820 5466 '.
2853 5412 2950 5468 Est
2973 5426 3140 5470 autem
3169 5430 3387 5487 quaestus
3417 5439 3526 5476 ma-

1941 5525 2088 5578 gnus,
2112 5507 2299 5576 inquit,
2325 5506 2480 5576 pietas
2499 5523 2613 5558 cum
2631 5507 2940 5576 suﬁicieutia.
2955 5507 3298 5567 Communem
3318 5513 3524 5570 habetis

1941 5613 2060 5654 cum
2086 5597 2334 5653 divitibus
2362 5597 2617 5652 mundum
2648 5616 2660 5651 :
2691 5613 2794 5652 non
2818 5592 3153 5658 communem
3179 5604 3383 5662 habetis
3401 5621 3523 5661 cum

1915 5745 1921 5749 ’
2005 5756 2023 5825 ξ
2047 5754 2385 5825 cet-manensis
2406 5753 2562 5804 codex
2588 5763 2639 5806 et
2661 5757 3004 5821 Cisterciensis,
3028 5775 3220 5825 cupere.

2005 5819 2024 5848 θ
2049 5824 2175 5876 Μδε..
2200 5812 2403 5865 lucrum.

2574 5904 2958 5987 κυῶ-θερί.)
