3980 6496
472 528 728 588 divitibus
749 526 965 586 timum
985 541 1001 593 ;
1027 522 1127 582 sed
1140 522 1354 580 habetis
1368 528 1653 580 cumanae
1666 523 1883 589 omium,
1909 536 2057 579 com-

474 622 692 678 munem
723 620 918 677 lucem:
959 616 1346 675 Sulﬂcientiam
1384 615 1637 686 quat-ite,
1674 614 1821 686 quod
1858 613 2057 670 suﬂeit

471 713 713 786 quam,
745 714 864 784 plus
888 712 1075 767 nolite.
1104 708 1309 766 Caetera
1337 716 1578 779 gravant,
1604 724 1711 764 non
1738 709 2048 775 sublevant;

470 810 698 863 onerant
715 846 732 874 ,
758 814 865 860 non
890 802 1175 860 uenerant.
1207 802 1440 869 Quartus
1478 816 1690 873 magna
1707 842 1724 870 ,
1756 802 1916 871 pietas
1938 816 2055 855 cum

469 899 780 972 suﬁcientia.
821 897 879 953 tn
921 897 1106 969 primis
1148 897 1326 968 pietas.
1374 896 1549 951 Pictas
1590 903 1674 950 est
1718 895 1813 950 Dei
1854 893 2047 950 cultus.

467 988 650 1045 Pietas
685 1004 804 1044 cunt
838 986 1151 1060 suﬁlcientis:
1185 985 1337 1041 Nihil
1372 986 1507 1040 erant:
1537 986 1799 1041 intulimus
1825 986 1881 1039 in
1917 985 2052 1038 hunc

465 1080 731 1135 mundum.
760 1083 841 1135 An
870 1079 1091 1135 attulisti
1118 1080 1224 1135 huc
1245 1079 1481 1150 aliquid?
1508 1078 1615 1135 Sed
1643 1093 1744 1134 nec
1763 1092 1880 1142 vos,
1911 1077 2049 1133 divi-

465 1183 567 1240 tes,
597 1171 799 1244 aliquid
823 1171 1087 1228 attulistis.
1115 1171 1307 1228 Totum
1332 1170 1420 1226 hit:
1444 1170 1741 1238 invenistis,
1769 1180 1891 1225 cum
1912 1185 2048 1241 pau-

463 1268 681 1340 peribus
727 1267 853 1323 nudi
901 1268 1009 1322 nati
1055 1267 1206 1323 estis.
1255 1265 1565 1322 Communis
1605 1273 1688 1319 est
1730 1264 1785 1318 in
1823 1272 2048 1332 utroque

462 1360 745 1416 inﬁrmitas
772 1363 1045 1430 corporis;
1090 1360 1388 1415 communis
1428 1358 1668 1430 vagitus,
1712 1357 2046 1412 miseriarum

461 1454 631 1510 testis.
666 1454 813 1508 Nihil
837 1455 970 1509 enim
993 1454 1255 1508 intulimus
1277 1454 1332 1507 in
1358 1454 1491 1508 hunc
1510 1452 1751 1506 mundum
1776 1450 2045 1525 (pauperi-

460 1546 559 1601 bus
576 1547 862 1617 loquitur);
885 1547 973 1602 sed
993 1562 1083 1600 nec
1100 1550 1299 1617 auferre
1318 1546 1509 1617 aliquid
1528 1560 1810 1617 possumus.
1848 1543 2043 1598 Victum

459 1647 507 1691 et
544 1647 879 1709 tegumentum
917 1638 1185 1705 habentes,
1217 1639 1295 1694 Itis
1328 1640 1545 1694 contenti
1578 1639 1754 1694 simus.
1789 1631 1928 1691 Nam
1954 1638 2041 1709 qui

456 1730 630 1783 colunt
648 1729 824 1783 divites
843 1729 972 1798 ﬁeri.
999 1730 1099 1796 Qui
1118 1730 1289 1784 volunt
1310 1730 1422 1800 ﬁeri
1435 1748 1447 1794 ;
1474 1736 1599 1797 nun,
1620 1730 1720 1798 Qui
1740 1740 1883 1785 sunt.
1905 1730 2039 1784 Nam

456 1821 546 1890 qui
568 1828 690 1874 sunt
704 1862 720 1889 ,
743 1821 865 1875 sint.
893 1821 1045 1888 Quod
1070 1822 1136 1876 ad
1160 1822 1279 1877 illos
1299 1823 1530 1891 pertinet
1546 1822 1851 1889 audierunt,
1884 1829 1942 1877 ut
1958 1822 2039 1875 di-

453 1913 576 1968 vites
593 1914 694 1968 sint
714 1914 769 1967 in
787 1914 1019 1985 operibus
1037 1912 1198 1979 bonis,
1222 1914 1372 1987 facile
1390 1915 1627 1980 tribuant,
1647 1913 2032 1969 communicent;

523 2002 751 2060 CAPUT
790 2003 876 2059 Vi.
918 2035 989 2045 —
1028 2005 1321 2060 Audierant
1355 2006 1476 2076 ipsi.
1518 2004 1625 2061 Vos
1665 2007 1757 2077 qui
1796 2006 2035 2061 nondum

452 2098 601 2163 estis,
629 2097 827 2153 audite.
862 2097 961 2164 Qui
982 2099 1152 2152 volant
1180 2099 1356 2153 divites
1384 2098 1515 2168 fieri,
1543 2099 1774 2154 incidunt
1795 2100 1849 2154 in
1870 2107 2035 2154 tenta-

452 2190 636 2245 tionem
662 2199 711 2245 et
750 2191 952 2262 laqueos
971 2234 983 2257 ,
1033 2201 1079 2244 et
1125 2191 1373 2245 desideria
1416 2190 1577 2245 multa
1619 2199 1667 2245 et
1702 2192 1875 2246 noxia.
1915 2190 2036 2247 Non

453 2284 690 2340 timetis?
716 2283 911 2340 Audite
932 2283 1072 2355 quod
1093 2284 1332 2354 sequitur
1359 2300 1376 2340 :
1404 2283 1531 2350 Qui:
1550 2294 1779 2356 mergunt
1807 2285 2035 2340 homines

448 2378 505 2431 in
522 2376 776 2431 interitum
804 2387 849 2431 et
876 2376 1223 2447 perditionem.
1252 2375 1369 2431 Non
1398 2376 1584 2431 times?
1609 2376 1782 2433 Radix
1808 2387 1881 2433 est
1901 2378 2034 2431 enim

449 2471 674 2525 omnium
698 2470 1196 2523 malorum-avaritia.
1236 2468 1470 2524 Avaritia
1497 2477 1609 2536 est,
1640 2470 1777 2525 velle
1801 2483 1922 2525 esse
1948 2470 2031 2526 di-

447 2562 633 2630 vitem,
663 2576 768 2616 non
792 2561 904 2631 jam
933 2576 1051 2616 esse
1078 2561 1319 2617 divitem.
1352 2560 1469 2631 ipsa
1495 2569 1577 2617 est
1601 2562 1841 2617 avaritia.
1867 2560 2033 2634 Mergi

447 2668 557 2710 non
587 2655 742 2709 times
779 2654 835 2709 in
872 2648 1144 2709 interitum
1188 2663 1240 2709 et
1283 2654 1674 2725 perditionem?
1719 2655 1834 2709 Non
1874 2655 2032 2710 times

447 2744 682 2802 radicem
724 2746 960 2801 omnium
1003 2745 1263 2801 malorum
1312 2746 1625 2801 avaritiam?
1669 2747 1742 2802 De
1780 2761 1910 2819 agro
1939 2754 2031 2803 tuo

445 2840 708 2909 exstirpas
726 2839 960 2895 radicem
986 2839 1276 2909 Spinarnm,
1301 2846 1354 2893 et
1374 2852 1478 2893 non
1500 2839 1759 2909 exstirpas
1779 2839 1848 2896 de
1868 2840 2030 2895 corde

446 2940 538 2985 tuo
581 2930 813 2986 radicem
862 2930 1119 2985 malarum
1168 2930 1554 3001 cupiditatum?
1601 2931 1800 3002 Purgas
1845 2948 2027 3003 agrum

445 3029 623 3087 tuum,
653 3021 794 3077 unde
823 3020 1053 3077 fructum
1078 3022 1251 3093 capiat
1277 3030 1465 3078 venter
1495 3029 1647 3089 tuus;
1682 3032 1736 3078 et
1764 3038 1870 3078 non
1900 3038 2027 3093 pur-

445 3132 538 3187 gas
561 3130 654 3172 cor
680 3125 828 3171 tuum
847 3157 864 3181 ,
897 3115 985 3171 ubi
1016 3115 1220 3172 habitet
1242 3114 1382 3173 Deus
1408 3118 1565 3171 tuus?
1600 3116 1772 3171 Radix
1798 3126 1871 3172 est
1894 3117 2029 3172 enim

444 3211 667 3265 omnium
700 3211 950 3265 malorum
984 3212 1194 3266 avaritia
1226 3226 1245 3266 :
1271 3226 1419 3283 quam
1442 3212 1648 3287 quidam
1674 3224 1962 3283 sequentes,
1993 3220 2027 3267 α

442 3303 545 3373 [ide
587 3313 991 3376 pererraverunt,
1036 3314 1084 3359 et
1127 3303 1443 3360 inseruerunt
1475 3323 1529 3360 se
1561 3306 1817 3362 doloribus
1854 3307 2025 3364 multis

444 3394 498 3469 (l
527 3394 657 3451 Tim.
685 3413 768 3462 γι,
802 3396 995 3463 1749,
1027 3395 1204 3467 6-10).

414 3540 419 3543 .
511 3488 564 3542 7.
597 3487 886 3545 Conclusio.
930 3486 1165 3544 Audistis
1203 3490 1328 3559 quid
1368 3488 1589 3557 faciatis,
1635 3489 1857 3546 audistis
1896 3490 2023 3561 quid

438 3582 688 3647 timeatis,
716 3583 938 3639 audistis
964 3582 1105 3638 unde
1133 3592 1341 3638 ematur
1369 3599 1588 3653 regnum
1616 3584 1893 3651 caelorum,
1922 3599 2021 3639 au-

436 3672 587 3730 distis
622 3674 762 3732 unde
796 3674 1116 3746 impediatur
1157 3691 1376 3745 regnum
1417 3676 1695 3731 caelorum.
1736 3676 1934 3732 Omnes
1965 3678 2020 3731 in

433 3767 597 3822 verbo
633 3768 729 3822 Dei
753 3767 1090 3823 concordate.
1121 3766 1190 3822 Et
1218 3767 1431 3823 divitem
1458 3775 1513 3822 et
1553 3783 1834 3839 pauperem
1876 3767 2019 3825 Deus

432 3857 576 3915 fecit.
615 3858 882 3929 Scriptura
912 3860 1144 3929 loquitur
1173 3878 1187 3913 :
1220 3858 1370 3915 Dives
1396 3869 1445 3914 et
1471 3877 1664 3933 pauper
1692 3868 2017 3916 occurrerunl

428 3950 559 4016 sibi;
589 3950 703 4020 fecit
728 3960 897 4005 autem
922 3951 1093 4007 ambos
1116 3950 1360 4006 Dominus
1388 3950 1565 4021 (Prov.
1590 3968 1726 4020 χιιι,
1750 3951 1829 4025 2).
1861 3952 2015 4008 Dives

428 4050 477 4096 et
500 4058 691 4113 pauper
707 4052 1033 4097 occurrerunt
1058 4043 1171 4097 sibi.
1204 4042 1258 4097 in
1286 4044 1388 4114 qua
1407 4044 1511 4109 via,
1541 4044 1643 4100 nisi
1669 4045 1719 4099 in
1748 4046 1847 4101 ista
1873 4046 2013 4101 vita?

426 4130 592 4187 Natus
618 4140 701 4188 est
729 4133 906 4201 dives,
941 4141 1094 4188 natus
1123 4143 1204 4189 cst
1238 4149 1457 4204 pauper.
1503 4135 1821 4190 Occurristis
1858 4137 2010 4192 vobis

424 4224 624 4296 pariter
651 4224 984 4282 ambulantes
1020 4226 1183 4281 viam.
1222 4225 1301 4281 Tu
1345 4226 1454 4281 noli
1493 4242 1770 4297 premere,
1814 4238 1869 4283 tu
1899 4229 2009 4286 noli

421 4315 691 4373 lraudare.
726 4316 829 4373 Iste
854 4328 993 4391 eget,
1023 4318 1110 4373 ille.
1133 4318 1311 4373 habet.
1338 4316 1482 4373 Fecit
1507 4328 1674 4374 autem
1701 4320 1874 4375 ambos
1897 4321 2009 4377 Do-

422 4407 610 4463 minus.
642 4406 744 4465 Per
781 4425 903 4464 eum
934 4411 1023 4480 qui
1053 4409 1243 4476 habet,
1270 4409 1418 4480 juvat
1445 4422 1686 4481 egentem
1717 4430 1731 4467 :
1757 4428 1855 4485 per
1881 4428 2003 4469 eum

419 4501 512 4573 qui
553 4517 662 4557 non
700 4500 887 4569 habet,
934 4503 1122 4572 probat
1151 4502 1449 4558 habentem.
1482 4502 1829 4571 Audivimus,
1859 4504 1998 4560 dixi-

418 4606 537 4649 mus
566 4610 580 4646 :
610 4591 892 4648 timeamus
914 4592 954 4658 ί,
989 4604 1296 4658 caveamus,
1326 4609 1540 4651 oremus
1561 4637 1575 4663 ,
1604 4598 1994 4667 perveniamus.

868 4705 1098 4762 SERMO
1134 4705 1555 4783 LXXXVI‘(a).

412 4817 673 4877 [lembis
713 4817 981 4891 Evangelii
1023 4817 1290 4887 HattIusi,
1337 4836 1451 4893 cap.
1484 4837 1621 4889 xxx,
1656 4822 1763 4891 εις
1812 4825 1989 4898 Vade,

473 4908 644 4965 vende
670 4910 849 4965 omnia
874 4926 992 4980 quae
1012 4908 1177 4967 habes
1194 4951 1211 4978 ,
1239 4920 1293 4968 et
1319 4911 1384 4967 da
1408 4915 1728 4984 pauperibus
1756 4919 1798 4983 ³,
1830 4928 1924 4974 etc.

477 5021 707 5080 CAPUT
740 5023 1113 5082 PRIMUM;-'-—
1140 5026 1190 5080 i.
1224 5025 1509 5084 Thesaurls
1531 5028 1587 5083 in
1606 5032 1733 5086 caelo
1746 5048 1991 5105 reponen-

409 5118 525 5169 dus.
570 5114 786 5173 Sursum
834 5133 939 5172 cor.
987 5116 1333 5188 Evangeiium
1395 5132 1495 5175 nos
1563 5123 1838 5180 admonuit
1905 5127 1986 5181 le-

407 5205 585 5262 ctione
626 5211 907 5278 prresenti,
939 5204 1008 5267 de
1053 5210 1301 5266 thesauro
1327 5212 1533 5269 cmlesti
1561 5214 1702 5285 loqui
1728 5216 1987 5275 Cbaritati

407 5307 621 5354 vestras.
669 5300 850 5373 Neque
887 5303 1062 5370 enim,
1121 5302 1258 5359 sicut
1292 5305 1533 5362 inﬁdeles
1570 5309 1721 5364 avari
1766 5321 1982 5385 putant,

465 5431 483 5463 ι
506 5428 805 5486 Colbertinus
821 5443 922 5491 Ms.
946 5444 1203 5491 teneamus.

463 5472 1327 5574 ὶεῖἑέᾣῗιὲὢᾝπΐῖῗῶῖὲἓωεν
1352 5501 1414 5574 de
1457 5503 1647 5574 ama
1676 5514 1724 5559 et
1754 5515 1979 5566 ιιιτισία.

398 5554 764 5631 {messes
787 5558 851 5611 de
876 5560 1109 5631 Τ¹Ξ³αὲ⁸τ⁰
1132 5554 1329 5631 ollim“:
1356 5554 1617 5630 “Mitigat:
1629 5554 1985 5628 deﬁat

398 5621 578 5679 gustini
604 5621 786 5691 verbis,
818 5636 867 5671 n.
914 5624 992 5684 17,
1024 5626 1383 5678 inscribendum
1415 5621 1615 5693 censet,
1652 5621 1712 5686 de
1745 5621 1983 5698 [acie—ridis

397 5676 731 5728 Eleemosums.

460 5740 1208 5818 :iEnet'nplariahabuimusitria
1240 5754 1437 5816 scripta,
1478 5756 1665 5808 scilicet
1707 5760 1766 5808 cl.
1809 5763 1886 5811 cb.
1934 5779 1973 5815 s.

396 5814 503 5851 cum
529 5804 723 5855 excuéis
744 5804 879 5857 Ulim.
897 5814 1000 5857 Par.
1024 5815 1076 5859 et
1094 5817 1203 5863 ιον.

455 5864 529 5927 (a)
552 5864 694 5929 Alias,
710 5866 776 5919 de
798 5868 1011 5922 Diversis
1030 5870 1110 5921 45.

1706 402 1762 460 S.
1805 397 2171 465 AUGUSTN
2208 405 2507 467 ΕΡΙΒΕΟΡΙ

2166 523 2310 582 Deus
2337 534 2525 584 noster
2550 526 2777 598 perdere
2817 542 2916 586 nos
2938 530 3107 588 voluit
3130 544 3220 590 res
3244 540 3492 591 nostras:
3518 531 3566 589 si
3616 533 3755 593 bene

2163 615 2518 688 intelligatur,
2571 628 2629 674 et
2677 620 2765 691 pie
2799 621 3046 679 crethtur
3068 658 3084 691 ,
3142 634 3196 681 et
3222 624 3415 682 devote
3459 625 3753 696 accipiatur

2161 709 2305 781 quod
2333 720 2657 784 praeceptum
2703 723 2787 773 est
2810 716 2999 783 nobis;
3050 732 3159 773 non
3202 720 3373 776 nobis
3404 721 3657 791 precepit
3693 730 3754 778 ut

2160 801 2539 871 perderemus,
2588 805 2685 862 sed
2736 806 2913 863 locum
2962 809 3200 866 cetettdit
3253 810 3345 867 ubi
3399 826 3748 883 poneremus.

2158 892 2329 950 Nemo
2350 897 2493 951 enim
2544 906 2723 966 potest
2745 899 2848 955 nisi
2875 902 3111 972 cogitare
3130 902 3198 959 de
3241 903 3494 960 thesauro
3519 921 3619 962 suo
3635 948 3652 972 ,
3697 915 3753 963 et

2155 985 2387 1054 quodam
2411 986 2587 1043 cordis
2612 988 2803 1046 itinere
2822 990 3033 1048 divitias
3074 1008 3197 1049 suas
3226 995 3397 1066 sequi.
3437 995 3493 1053 Si
3517 1012 3649 1067 ergo
3692 998 3751 1053 in

2156 1083 2297 1131 terra
2323 1078 2649 1145 obruuntur,
2680 1082 2786 1136 ima
2817 1084 2948 1153 petit
2966 1099 3062 1139 cor
3088 1102 3106 1141 :
3130 1085 3178 1142 si
3207 1094 3389 1142 autem
3417 1087 3470 1142 in
3500 1089 3643 1144 coelo
3669 1103 3740 1145 re

2151 1178 2470 1239 servantur,
2517 1186 2734 1228 sursum
2778 1174 2883 1230 erit
2907 1189 3021 1231 cor.
3065 1175 3125 1232 Si
3152 1191 3283 1247 ergo
3333 1179 3525 1235 volunt
3565 1178 3718 1237 lacer

2150 1256 2436 1316 Christiani
2485 1262 2628 1332 quod
2673 1276 2872 1322 norunt
2918 1281 2978 1323 se
3014 1268 3177 1325 etiam
3228 1271 3470 1341 proﬁteri
3512 1289 3527 1327 :
3570 1285 3745 1342 neque

2149 1353 2295 1408 enim
2321 1352 2423 1409 hoc
2449 1370 2637 1412 omnes
2663 1358 2752 1429 qui
2780 1359 3002 1421 audiunt
3028 1370 3323 1428 noverunt;
3353 1371 3515 1434 atque
3539 1348 3744 1421 utinam

2148 1459 2259 1500 non
2301 1444 2498 1502 frustra
2523 1451 2799 1518 noverint,
2846 1454 2939 1524 qui
2974 1461 3236 1510 noverunt
3262 1474 3277 1511 :
3308 1456 3400 1526 qui
3445 1470 3575 1527 ergo
3628 1458 3748 1514 vult

2146 1550 2243 1592 eor
2268 1552 2481 1594 sursum
2505 1539 2736 1611 habere,
2767 1544 2876 1611 ibi,
2911 1545 2985 1601 ibi
3010 1555 3174 1617 ponat
3212 1547 3353 1617 quod
3376 1557 3557 1615 amat;
3602 1556 3663 1605 et
3690 1550 3747 1605 in

2146 1636 2287 1684 terra
2316 1631 2523 1700 positus
2567 1646 2762 1701 carne,
2793 1650 2917 1691 cum
2963 1636 3181 1694 Christo
3204 1637 3411 1695 habitet
3451 1638 3656 1696 corde:
3689 1648 3747 1696 et

2145 1719 2284 1777 sicut
2311 1720 2608 1779 Ecclesium
2632 1728 2906 1795 praeessit
2931 1738 3091 1800 caput
3117 1730 3235 1800 ejus
3251 1772 3267 1798 ,
3288 1732 3369 1787 sic
3388 1732 3745 1789 christianum

2142 1813 2413 1881 praecedat
2434 1830 2530 1870 eor
2552 1818 2687 1886 ejus.
2717 1818 2995 1887 Quomodo
3023 1821 3262 1877 membra
3304 1824 3443 1879 itura
3476 1833 3602 1880 sunt
3630 1840 3746 1895 quo

2142 1905 2416 1973 prmcessit
2441 1918 2599 1977 caput
2622 1907 2866 1965 Christus
2884 1950 2901 1978 ,
2929 1912 3009 1967 sic
3037 1913 3229 1969 iterum
3253 1929 3541 1986 resurgens
3566 1915 3746 1973 iturus

2141 2004 2225 2051 est
2252 2011 2358 2067 quo
2396 2014 2539 2054 nunc
2582 2003 2919 2069 praecesserit
2962 2019 3058 2059 cor
3085 2003 3336 2062 hominis.
3377 2007 3577 2063 Eamus
3602 2022 3746 2079 ergo

2140 2086 2303 2156 hinc,
2347 2104 2412 2144 ex
2456 2106 2560 2161 qua
2588 2100 2741 2162 parte
2766 2107 3092 2163 possumus:
3126 2105 3378 2168 sequetur
3421 2108 3589 2155 totum
3635 2115 3742 2156 no-

2139 2187 2312 2234 strum
2353 2195 2461 2251 quo
2485 2186 2821 2252 praecesserit
2848 2186 3048 2257 aliquid
3089 2196 3351 2245 nostrum.
3396 2173 3591 2247 Domus
3620 2202 3741 2249 ter-

2140 2286 2271 2327 rena
2296 2272 2514 2329 ruinosa
2563 2283 2645 2330 est
2678 2295 2691 2332 :
2721 2276 2912 2334 domus
2955 2278 3417 2357 cmiestisaaterua
3459 2290 3561 2339 est.
3616 2282 3743 2350 Quo

2137 2365 2322 2421 venire
2350 2366 2713 2436 disponimus,
2740 2380 2864 2425 ante
2888 2372 3199 2443 migremus.

2208 2458 2436 2516 CAPUT
2469 2457 2539 2516 ’ll.
2564 2492 2630 2502 —
2656 2462 2713 2517 2.
2743 2460 3024 2520 Consilium
3065 2465 3245 2521 salutis
3273 2476 3444 2540 petens
3467 2508 3484 2535 ,
3515 2483 3607 2523 nec
3648 2469 3740 2523 lu-

2138 2553 2306 2606 benter
2329 2552 2561 2608 audiens.
2590 2553 2728 2609 Deus
2764 2556 2875 2625 ipse
2900 2568 3064 2612 ursas
3105 2558 3243 2629 quod
3289 2560 3503 2631 pauperi
3550 2560 3735 2615 datur.

2135 2645 2452 2702 Audivimus
2477 2646 2697 2703 divitem
2747 2649 3032 2719 quemdam
3058 2664 3089 2704 a
3116 2651 3258 2708 bene
3305 2652 3559 2723 magistro
3582 2668 3740 2723 quam

2136 2745 2342 2793 rentem
2362 2739 2642 2794 consilium
2669 2740 3027 2813 adipiscenda:
3052 2743 3179 2799 vita:
3197 2753 3433 2800 internae.
3476 2744 3740 2816 Magnum

2135 2840 2251 2886 erat
2276 2832 2418 2902 quod
2458 2832 2702 2901 amabat,
2734 2846 2788 2889 et
2816 2835 2921 2891 vile
2947 2846 3065 2892 erat
3087 2837 3233 2908 quod
3251 2848 3597 2895 contemnere
3628 2855 3740 2895 no-

2134 2922 2301 2981 lebat.
2330 2924 2511 2995 Itaque
2548 2941 2802 2996 perverso
2827 2928 2989 2983 corde
3010 2929 3233 2985 audiens
3260 2946 3419 3001 quem
3439 2930 3553 3001 jam
3577 2930 3740 2988 dixe-

2131 3025 2218 3071 rat
2243 3018 2557 3088 magistrum
2606 3020 2802 3076 bonum
2829 3061 2844 3088 ,
2876 3023 3082 3093 majore
3107 3039 3293 3080 amore
3318 3025 3567 3091 vilitatis,
3606 3042 3742 3096 pos-

2132 3109 2427 3164 sessionem
2476 3110 2705 3179 perdidit
2744 3113 3042 3169 charitatis.
3094 3114 3209 3171 Nisi
3260 3116 3421 3170 vitam
3468 3125 3740 3175 aeternam

2131 3202 2385 3272 consequi
2415 3202 2608 3271 vellet,
2659 3206 2939 3261 consilium
2977 3206 3045 3263 de
3091 3208 3334 3264 habenda
3371 3209 3475 3264 vita
3526 3219 3741 3269 eterna

2131 3308 2237 3349 non
2268 3296 2589 3365 requireret.
2612 3297 2747 3367 Quid
2774 3314 2903 3369 ergo
2926 3308 3036 3367 est,
3076 3300 3273 3357 fratres
3290 3342 3308 3367 ,
3337 3310 3397 3357 ut
3418 3302 3581 3357 verba
3608 3303 3739 3374 ejus

2129 3402 2288 3457 quem
2332 3392 2644 3461 magistrum
2689 3394 2887 3450 bonum
2928 3394 3045 3465 ipse
3067 3394 3306 3464 dixerat,
3350 3396 3418 3452 dc
3444 3396 3587 3453 ﬁdeli
3625 3397 3737 3453 do-

2128 3479 2298 3533 etrina
2325 3480 2423 3536 sibi
2450 3481 2763 3554 deprompta
2792 3487 3115 3556 respueret?
3140 3487 3390 3559 Magister
3432 3489 3522 3544 ille
3552 3488 3737 3547 bonus

2126 3578 2209 3625 est
2235 3581 2517 3643 antequam
2544 3574 2768 3643 doceat;
2797 3593 2920 3633 cum
2962 3579 3243 3647 docuerit,
3292 3581 3502 3637 malus?
3550 3583 3733 3639 Ante-

2125 3679 2282 3734 quam
2308 3665 2555 3735 doceret,
2606 3669 2779 3726 dictus
2819 3682 2902 3727 est
2928 3672 3119 3728 bonus.
3170 3674 3290 3729 Non
3328 3675 3533 3730 audivit
3570 3677 3729 3746 quod

2124 3758 2321 3826 voluit,
2350 3762 2444 3815 sed
2474 3762 2678 3817 audivit
2702 3764 2842 3834 quod
2870 3765 3084 3821 debuit:
3117 3767 3433 3823 desiderans
3456 3778 3688 3823 venerat
3707 3810 3727 3836 ,

2122 3849 2218 3903 sed
2271 3851 2436 3906 tristis
2463 3853 2740 3909 abscessit.
2771 3855 2940 3923 Quid,
2991 3857 3037 3912 si
3084 3858 3132 3912 ei
3188 3858 3495 3925 diceretur,
3546 3860 3731 3918 Perde

2120 3941 2261 4011 quod
2290 3941 2503 3999 habes?
2551 3947 2766 4015 quando
2792 3948 2958 4002 tristis
3005 3949 3293 4018 abscessit,
3345 3952 3468 4022 quia
3514 3953 3731 4009 dictum

2118 4041 2240 4101 est,
2289 4034 2434 4091 Bene
2480 4049 2633 4092 serva
2660 4038 2801 4108 quod
2831 4038 3018 4095 habes.
3076 4039 3247 4110 Vade,
3296 4043 3507 4113 inquit,
3557 4043 3731 4100 vende

2117 4126 2291 4179 omit:
2313 4143 2429 4197 qua!
2454 4128 2604 4183 habes
2623 4172 2636 4195 ,
2686 4140 2733 4185 et
2778 4132 2848 4184 da
2895 4134 3220 4204 pauperibus.
3267 4133 3429 4190 Forte
3458 4135 3618 4191 times
3649 4150 3729 4193 ne

2118 4217 2351 4287 perdas?
2374 4218 2509 4276 Vide
2535 4223 2664 4292 quid
2692 4224 2936 4294 sequitur
2963 4243 2975 4279 :
3008 4224 3077 4280 Et
3100 4226 3303 4281 habebis
3340 4227 3639 4281 thesaurum
3664 4228 3728 4283 in

2113 4309 2257 4363 ctelo.
2283 4309 2568 4368 Custodem
2600 4314 2693 4369 tibi
2720 4315 3093 4372 thesaurorum
3121 4326 3333 4372 tuorum
3365 4318 3505 4373 forte
3525 4333 3729 4374 servu-

2111 4399 2220 4454 lum
2251 4401 2480 4472 aliquem
2506 4406 2810 4474 posuisses:
2834 4417 3015 4463 custos
3034 4409 3149 4463 auri
3169 4408 3244 4463 tui
3267 4410 3370 4465 erit
3398 4411 3539 4465 Deus
3564 4419 3723 4466 tuus.

2108 4490 2209 4558 Qui
2239 4492 2387 4549 dedit
2412 4495 2469 4549 in
2492 4504 2631 4551 terra
2653 4538 2667 4562 ,
2697 4497 2809 4567 ipse
2834 4509 3013 4554 servat
3039 4500 3093 4555 in
3112 4502 3269 4556 caelo.
3303 4501 3575 4559 Fortassis
3603 4520 3723 4562 non

2105 4584 2402 4642 dubitasset
2445 4588 2533 4643 ille
2578 4589 2795 4646 Christo
2820 4594 3201 4650 commendare
3249 4594 3392 4665 quod
3436 4595 3722 4667 habebat,

2102 4684 2162 4732 et
2186 4676 2310 4733 ideo
2333 4682 2679 4737 coutristatus
2699 4690 2814 4752 est,
2844 4685 2965 4755 quia
3004 4685 3202 4741 dictum
3242 4698 3326 4743 est
3352 4688 3403 4744 ei
3425 4730 3439 4755 ,
3467 4689 3547 4743 Da
3579 4708 3721 4760 puts-

2101 4767 2351 4868 peribusr
2390 4782 2639 4868 tanqtiam
2670 4776 2723 4868 in
2766 4777 2929 4833 corde
2968 4792 3069 4834 suo
3105 4778 3321 4848 dicens,
3367 4781 3425 4837 Si
3456 4783 3673 4841 diceres
3695 4838 3724 4868 ,

2066 4859 2177 4916 Da
2222 4862 2385 4931 mihi,
2412 4867 2626 4935 egotibi
2670 4867 2724 4921 in
2768 4869 2904 4925 creto
2931 4872 3189 4939 servabo;
3244 4888 3353 4929 non
3397 4859 3722 4939 dnbitareni

2096 4951 2227 5009 dare
2274 4954 2502 5011 Domino
2545 4960 2701 5026 meo,
2733 4962 2995 5032 magistro
3015 4964 3160 5021 bona
3188 4982 3201 5020 :
3233 4979 3381 5022 nunc
3400 4976 3589 5026 autem
3615 4970 3712 5025 di—

2095 5044 2216 5099 xisti
2238 5085 2252 5109 ,
2297 5045 2381 5099 Da
2406 5050 2731 5119 pauperibus.

2165 5136 2390 5194 CAPUT
2427 5137 2515 5194 ΙΙΙ.
2542 5172 2615 5182 -
2647 5143 2699 5199 5.
2738 5142 2880 5200 Dens
2923 5147 2981 5202 in
3023 5164 3244 5219 paupere
3282 5152 3489 5223 accipit.
3521 5152 3723 5212 Fontes

2094 5231 2237 5303 pium
2265 5240 2312 5285 et
2348 5235 2496 5305 fenus
2542 5236 2788 5306 iniquum.
2828 5237 3000 5294 Nemo
3051 5240 3234 5297 timeat
3284 5257 3510 5316 erogare
3554 5261 3721 5317 pau-

2094 5323 2338 5392 peribus;
2368 5340 2525 5380 nemo
2551 5337 2699 5395 putet
2712 5342 2833 5384 eum
2849 5331 3091 5401 accipere
3106 5333 3259 5404 cujus
3279 5348 3498 5391 manum
3518 5338 3717 5398 videt.

2091 5414 2185 5472 Ille
2210 5418 2404 5487 accipit
2428 5420 2519 5488 qui
2539 5419 2700 5489 jussit
2725 5428 2787 5475 ut
2824 5421 3001 5478 dares.
3046 5424 3233 5497 Neque
3274 5427 3377 5484 hoc
3406 5442 3472 5485 ex
3498 5440 3720 5490 nostro

2089 5509 2254 5565 corde
2283 5519 2373 5565 aut
2403 5510 2636 5567 humana
2682 5513 2991 5584 conjectura
3039 5516 3310 5574 dicimus:
3345 5520 3517 5590 ipsum
3558 5525 3723 5583 and!

2087 5611 2141 5657 et
2161 5610 2214 5657 te
2240 5613 2545 5660 monentem
2567 5646 2581 5669 ,
2613 5615 2669 5661 et
2693 5605 2791 5661 tibi
2812 5610 3151 5666 securitatem
3172 5612 3515 5669 scribentem.
3546 5614 3721 5673 Esu—

2084 5696 2182 5749 riui
2199 5735 2215 5760 ,
2250 5696 2449 5766 inquit,
2479 5707 2527 5751 et
2555 5698 2767 5755 dedistis
2792 5702 2925 5755 milii
2942 5702 3264 5760 manducare.
3296 5705 3364 5762 Et
3392 5720 3519 5763 cum
3542 5704 3718 5768 cmi-

2084 5789 2302 5843 meratis
2328 5786 2515 5843 ofﬁciis
2544 5804 2728 5844 eorum
2757 5793 3190 5862 respondissent,
3225 5796 3445 5862 Quando
3474 5808 3523 5856 te
3542 5801 3717 5857 sidi—

2084 5903 2194 5937 mus
2223 5882 2551 5939 esurientem?
2593 5882 2682 5939 ille
2717 5886 3029 5956 respondit,
3052 5888 3180 5944 Cum
3210 5892 3300 5946 Isti
3342 5909 3407 5950 an
3452 5894 3716 5957 uitiaui.
