3980 6446
449 362 554 419 527

454 486 622 535 scute.
651 475 816 532 Serva
846 472 976 536 tibi,
1009 469 1177 540 inquit
1201 467 1438 522 avaritia.
1490 467 1634 522 Pone
1678 475 1728 522 te
1757 468 1895 523 velle
1939 469 2038 522 ob-

452 579 751 638 temperare
778 585 793 622 :
823 565 1089 632 interroga
1135 562 1221 615 ubi
1259 575 1461 615 serves.
1499 560 1592 614 llla
1636 559 1730 614 tibi
1772 569 2036 615 monstra-

453 670 569 713 tura
597 667 681 713 est
706 657 965 712 munitum
994 654 1190 720 locum,
1216 662 1480 707 muratum
1507 652 1828 718 cubiculum,
1860 668 2038 706 arcam

448 750 698 805 ferream.
745 747 932 803 Omnia
981 745 1126 799 muni
1161 743 1342 798 :forte
1382 743 1708 799 domesticus
1752 742 1838 797 fur
1879 743 2038 798 etiam

450 841 709 896 i:.teriora
734 847 1075 910 perrumpet;
1107 845 1164 892 et
1200 853 1320 891 cum
1355 836 1592 906 pecunia:
1633 847 1734 891 tuae
1769 836 2036 901 consulis,

447 933 571 986 vita:
602 940 706 986 tua}.
737 930 968 984 timebis.
996 929 1158 983 Forte
1177 928 1303 982 dum
1332 928 1556 982 multum
1583 942 1783 992 servas,
1813 928 1900 997 qui
1930 928 2041 980 vult

451 1025 681 1096 eripere,
710 1025 908 1095 cogitat
931 1030 986 1078 et
1010 1022 1273 1077 occidere.
1305 1021 1583 1077 Postremo
1612 1021 1867 1076 adversus
1899 1022 2042 1074 iures

450 1116 578 1172 licet
623 1130 957 1187 quocumque
995 1115 1287 1170 munimine
1325 1113 1632 1168 thesaurum
1665 1123 1809 1168 tuum
1851 1123 1907 1169 et
1947 1128 2041 1166 ve—

450 1219 588 1266 stem
612 1220 754 1265 tuam
781 1210 1111 1264 communias
1128 1226 1141 1273 ;
1161 1209 1442 1263 communi
1469 1223 1530 1263 ea
1562 1207 1817 1262 adversus
1840 1207 2041 1277 rubigi-

450 1319 574 1359 nem
615 1316 668 1359 et
711 1304 926 1358 tineam.
956 1301 1092 1367 Quid
1125 1301 1356 1356 facturus
1382 1301 1484 1355 es?
1518 1299 1635 1355 Non
1665 1308 1751 1355 est
1785 1299 1916 1354 foris
1946 1299 2042 1352 ho-

368 1439 370 1442 μ
450 1398 550 1452 stis
577 1396 846 1460 auferens,
874 1396 967 1449 sed
995 1405 1076 1450 est
1105 1396 1245 1448 intus
1272 1395 1577 1448 absumens.

524 1487 747 1544 CAPUT
788 1486 923 1541 Vlll.
959 1515 1029 1525 —
1069 1486 1122 1540 9.
1154 1485 1308 1538 Aliud
1337 1485 1573 1539 stolidum
1599 1487 1882 1539 consilium.
1927 1485 2042 1539 Non

451 1595 580 1650 ergo
610 1579 807 1633 bonum
850 1577 1131 1631 consilium
1159 1569 1308 1631 dedit
1341 1577 1584 1630 avaritia.
1615 1576 1756 1632 Ecce
1789 1577 1949 1646 jussit
1987 1584 2045 1630 ut

451 1686 634 1727 serves
657 1711 673 1736 ,
717 1679 771 1725 et
800 1685 904 1724 non
938 1669 1138 1722 invenit
1175 1667 1301 1723 dare
1331 1668 1503 1722 locum
1536 1669 1624 1723 ubi
1650 1683 1850 1723 serves.
1895 1669 2046 1722 Dicat

451 1766 613 1818 etiam
655 1761 1067 1831 consequentia,
1101 1760 1332 1814 Consule
1364 1761 1413 1814 in
1446 1769 1736 1830 posterum.
1780 1761 1834 1814 ln
1870 1777 2042 1831 quan-

449 1865 564 1910 tum
587 1865 856 1925 posterum
879 1856 902 1907 ’ἰ
928 1852 985 1906 In
1012 1852 1127 1906 dies
1148 1867 1344 1922 paucos
1363 1861 1417 1907 et
1443 1853 1692 1907 incertos.
1719 1852 1874 1916 Dicit,
1905 1850 2042 1907 Con-

451 1946 566 2000 sule
595 1947 651 1999 in
675 1953 967 2014 posterum,
993 1944 1195 1998 homini
1218 1943 1465 1998 fortassis
1489 1944 1696 1998 victuro
1726 1959 1826 1999 nec
1851 1945 1902 1998 in
1930 1961 2047 1999 cra-

450 2040 670 2094 stinum.
715 2037 820 2094 Sed
864 2054 989 2092 ecce
1020 2039 1161 2091 vivat
1189 2047 1444 2107 quantum
1477 2046 1626 2107 putat
1649 2037 1902 2102 avaritia,
1937 2054 2041 2092 non

451 2144 708 2205 quantum
736 2131 992 2195 ostendit,
1023 2148 1128 2184 non
1157 2140 1413 2200 quantum
1440 2131 1618 2198 docet,
1652 2147 1756 2185 non
1789 2139 2046 2201 quantum

452 2225 568 2280 ﬁdit
596 2243 609 2276 :
643 2225 736 2279 sed
766 2233 1023 2292 quantum
1052 2232 1204 2293 putat
1245 2222 1467 2288 vixerit,
1511 2223 1786 2289 senuerit,
1821 2223 2045 2290 ﬁnierit;

451 2317 625 2370 adhuc
655 2331 820 2370 senex
851 2316 1100 2369 incurvus
1120 2354 1136 2380 ,
1169 2315 1357 2368 baculo
1388 2315 1617 2380 innixus,
1659 2315 1867 2370 lucrum
1899 2332 2046 2385 QUIB-

451 2411 541 2474 rit,
567 2421 622 2464 et
645 2408 792 2463 audit
811 2408 1088 2463 avaritiam
1109 2408 1394 2473 dicentem,
1422 2407 1652 2463 Consule
1674 2410 1725 2463 in
1754 2419 2042 2478 posterum.

453 2501 509 2555 ln
527 2501 668 2571 quod
687 2510 954 2570 posterum
976 2500 1000 2553 ?
1025 2500 1142 2554 .Iam
1166 2501 1448 2570 exspirans
1464 2501 1537 2572 (a)
1554 2503 1800 2572 loquitur.
1827 2503 2052 2574 Propter

452 2593 592 2648 ﬁlios
617 2602 756 2660 tuos,
790 2593 981 2662 inquit.
1012 2592 1226 2648 Utinam
1267 2593 1350 2646 vel
1382 2592 1500 2648 illos
1531 2609 1688 2648 senes
1716 2611 1824 2648 non
1859 2609 2050 2649 avaros

455 2682 796 2748 haberemus,
829 2684 918 2754 qui
949 2683 1087 2738 ﬁlios
1114 2701 1218 2738 non
1248 2683 1466 2740 habent.
1499 2683 1675 2739 Etiam
1701 2686 1849 2757 ipsis,
1889 2687 2048 2740 etiam

455 2775 680 2841 talibus,
709 2777 871 2832 etiam
913 2777 1247 2846 iniquitatem
1287 2787 1438 2831 suam
1482 2778 1626 2832 nulla
1667 2779 1877 2847 pietatis
1912 2780 2048 2832 ima-

453 2870 576 2938 gine
603 2871 980 2925 excusantibus
1009 2885 1115 2924 non
1145 2879 1319 2924 cessat
1343 2869 1523 2926 dicere
1542 2913 1557 2937 ,
1584 2870 1817 2926 Consule
1858 2873 1910 2926 in
1953 2888 2047 2940 po-

454 2969 675 3015 sterum.
718 2960 823 3016 Sed
863 2960 999 3016 forte
1039 2961 1138 3030 ipsi
1177 2962 1284 3016 cito
1312 2962 1636 3018 erubescunt
1667 2981 1679 3016 :
1713 2964 1833 3018 illos
1862 2965 2049 3019 videa-

455 3070 574 3108 mus
620 3055 710 3124 qni
757 3054 895 3108 ﬁlios
941 3055 1176 3120 habent,
1221 3067 1397 3109 utrum
1439 3056 1570 3110 certi
1609 3056 1714 3110 sint
1744 3055 1881 3112 ﬁlios
1920 3072 2048 3112 suos

456 3160 802 3214 possessuros
830 3161 948 3199 esse
973 3161 1091 3214 quae
1123 3147 1453 3216 reliquerint.
1499 3147 1783 3202 lntendant
1811 3165 1932 3203 cum
1963 3150 2049 3204 vi-

459 3245 588 3290 vunt
605 3276 620 3301 ,
650 3236 786 3290 ﬁlios
811 3237 1034 3290 aliorum
1053 3277 1066 3302 ,
1092 3237 1227 3291 alios
1248 3237 1436 3292 alienis
1458 3239 1885 3308 improbitatibus
1908 3241 2048 3312 quod

455 3327 749 3382 habuerant
775 3328 1100 3392 amittentes,
1125 3328 1257 3382 alios
1273 3330 1486 3399 propria
1507 3331 1741 3399 nequitia
1761 3333 1902 3401 quod
1921 3347 2048 3403 pos-

455 3422 708 3478 sederant
733 3433 1111 3476 consumentes
1139 3423 1156 3452 ι
1193 3440 1205 3475 :
1237 3430 1290 3477 et
1318 3433 1597 3478 remanent
1624 3425 1811 3495 inopes
1841 3427 1932 3480 ﬁlii
1963 3427 2047 3482 di-

454 3513 644 3568 vitum.
669 3514 875 3568 Parcite
902 3513 1046 3567 nasci
1069 3514 1207 3568 servi
1231 3514 1466 3570 avaritia:
1494 3517 1534 3569 '.
1565 3515 1671 3571 Sed
1703 3518 2052 3586 possidebunt

456 3607 588 3674 hoc,
620 3608 821 3677 inquit,
852 3606 944 3660 lilii
974 3607 1098 3662 mei.
1140 3608 1405 3662 Incertum
1441 3618 1523 3664 est
1553 3627 1565 3661 :
1601 3624 1707 3664 non
1738 3610 1858 3666 dico
1879 3654 1892 3676 ,
1923 3612 2050 3666 Fal-

457 3716 575 3756 sum
603 3709 716 3766 est;
743 3699 838 3755 sed
862 3699 1003 3770 quod
1032 3699 1224 3756 feceris
1251 3700 1293 3769 ³,
1326 3702 1586 3757 incertum
1613 3712 1712 3757 est.
1747 3705 2044 3772 Postremo,

456 3794 540 3850 lac
567 3804 770 3849 certum
801 3811 815 3846 :
847 3793 972 3863 quid
999 3794 1077 3848 eis
1105 3794 1184 3848 vis
1211 3795 1555 3863 relinquere?
1585 3795 1737 3864 Quod
1777 3800 2049 3868 acquisisti

459 3887 572 3941 tibi.
594 3885 750 3942 Certe
775 3885 915 3956 quod
945 3886 1217 3956 acquisisti
1249 3887 1489 3940 relictum
1525 3902 1631 3942 non
1671 3899 1817 3954 erat,
1857 3899 1912 3944 et
1948 3890 2048 3946 ha-

458 3978 573 4032 bes.
620 3977 677 4032 Si
724 3986 782 4031 tu
825 3977 1024 4032 habere
1063 3977 1279 4046 potuisti
1322 3977 1465 4047 quod
1513 3979 1606 4033 tibi
1652 3981 1896 4036 relictum
1941 3999 2046 4039 non

459 4075 575 4132 est,
608 4075 857 4137 poterunt
892 4082 1019 4138 ergo
1047 4067 1246 4123 habere
1283 4076 1336 4122 et
1375 4067 1450 4122 illi
1489 4068 1630 4138 quod
1672 4080 1725 4124 tu
1765 4087 1870 4126 non
1916 4074 2046 4128 reli-

456 4159 655 4229 queris.

527 4249 752 4306 CAPUT
792 4248 881 4303 IX.
913 4278 985 4289 κ·-
1012 4249 1100 4304 10.
1131 4249 1410 4303 Consilium
1451 4249 1547 4304 Dei
1579 4252 1634 4304 id
1648 4253 1874 4323 jubentis
1911 4257 2048 4326 quod

460 4344 691 4398 avaritia.
740 4342 986 4397 Refutata
1035 4351 1157 4397 sunt
1216 4343 1438 4398 consilia
1477 4344 1713 4400 avaritia:
1747 4365 1759 4399 :
1793 4348 1886 4403 sed
1934 4349 2044 4404 Do-

462 4439 637 4492 minus
665 4436 851 4491 eadem
879 4437 1037 4501 dicat,
1063 4437 1266 4506 justitia
1289 4438 1398 4506 jam
1428 4439 1676 4509 loquatur
1705 4460 1718 4496 :
1751 4443 1860 4513 ipsa
1891 4454 2048 4501 erunt

457 4530 620 4585 verba
646 4571 662 4597 ,
691 4545 797 4583 non
824 4529 937 4599 ipsa
973 4531 1254 4584 sententia.
1300 4530 1465 4585 Serva
1506 4532 1597 4587 tibi
1624 4575 1637 4596 ,
1683 4534 1756 4588 ait
1787 4535 2047 4593 Dominus

459 4633 583 4676 tuus
609 4662 624 4688 ,
651 4621 870 4675 consule
914 4621 965 4674 in
1006 4629 1297 4690 posterum.
1328 4623 1393 4676 Et
1429 4623 1570 4679 hunc
1598 4625 1865 4698 interroga
1887 4671 1901 4694 ,
1947 4631 2046 4686 Ubi

457 4713 720 4768 servabo?
747 4711 966 4767 Habebis
988 4713 1273 4768 thesaurum
1297 4716 1349 4768 in
1371 4717 1494 4771 caelo
1518 4733 1536 4771 :
1557 4718 1644 4772 ubi
1666 4718 1750 4774 fur
1772 4738 1874 4776 non
1896 4738 2048 4780 acce-

457 4805 578 4871 det,
618 4821 793 4874 neque
839 4804 980 4860 tinea
1022 4817 1347 4877 corrumpet.
1393 4808 1447 4863 ln
1478 4821 1732 4880 quantum
1775 4823 2045 4884 posterum

455 4896 731 4952 servabis?
771 4895 976 4964 Venite,
1015 4899 1258 4952 benedicti
1301 4897 1471 4955 Patris
1502 4903 1636 4966 mei,
1683 4907 1923 4975 percipite
1962 4926 2045 4965 re-

455 5004 612 5058 gnum
635 4989 770 5058 quod
803 4987 938 5043 vobis
978 4999 1210 5060 paratum
1249 5000 1321 5044 est
1358 4993 1420 5044 ab
1462 4993 1655 5063 origine
1696 4998 1890 5051 mundi.
1933 4999 2047 5056 Hoc

454 5096 677 5152 regnum
724 5092 1046 5152 quantorum
1093 5083 1299 5138 dierum
1337 5093 1450 5152 est,
1493 5088 1725 5144 ostendit
1773 5093 1891 5147 linis
1931 5094 2044 5164 ipse

455 5171 753 5226 sententicc.
787 5171 919 5227 Cum
950 5173 1016 5228 de
1057 5174 1289 5230 sinistris
1329 5176 1564 5244 diceret,
1605 5179 1694 5235 Sic
1724 5183 1864 5237 ibunt
1889 5185 1968 5238 illi
1991 5187 2043 5240 in

453 5265 816 5319 ambustionem
837 5275 1116 5332 (sternam;
1143 5267 1217 5322 ait
1243 5267 1310 5323 de
1339 5270 1570 5326 dexteris
1591 5313 1606 5338 ,
1634 5274 1773 5328 Justi
1801 5287 1968 5331 autem
1990 5279 2042 5332 in

460 5356 612 5408 vitam
635 5365 875 5410 aeternam
908 5357 1123 5427 (Matth.
1154 5375 1292 5427 xxv,
1331 5361 1399 5415 54
1417 5403 1431 5428 ,
1458 5363 1572 5433 46).
1601 5365 1712 5419 Hoc
1736 5377 1818 5421 est
1842 5385 2042 5424 consu-

519 5467 542 5543 ξ
745 5541 753 5543 Δ
772 5463 1108 5543 alios‘nlienis
1151 5467 1529 5543 improbitatibus
1554 5475 1686 5543 quod
1735 5479 2043 5543 possederant

455 5535 798 5604 consummes.
820 5529 992 5604 melius
1016 5539 1138 5604 uss,
1158 5529 1360 5604 propria
1382 5529 1608 5604 nequitia.

517 5591 655 5668 :ls‘te
695 5588 830 5668 locus
842 5599 1103 5668 corruptus
1126 5588 1334 5668 videtur.
1369 5605 1433 5644 At]
1457 5588 1536 5668 'jta
1557 5597 1850 5668 legendum,
1874 5613 2038 5668 parci,

451 5657 658 5723 tenaces,
673 5653 798 5723 servi
809 5653 1025 5723 avaritia:
1042 5653 1125 5704 ?—
1134 5657 1307 5723 Lov._in
1323 5659 1542 5723 margine
1554 5653 1715 5723 feriunt
1729 5653 1850 5714 hanc
1874 5653 2040 5718 lectio:

453 5711 534 5780 ms-
552 5713 835 5780 vari-eu-nem
860 5728 871 5761 ³
908 5733 927 5757 ί(
945 5713 1084 5776 Alias,
1113 5717 1297 5780 Ρατείτε
1314 5711 1586 5771 ηοδεῖδεηνὶ
1606 5711 1845 5777 avaritia}:
1866 5711 2034 5780 snﬂhvl.

559 5775 864 5824 Corbeiensis
879 5782 983 5838 Ms.,
1007 5775 1091 5828 sed
1113 5779 1313 5843 feceris;
1331 5783 1525 5843 omisso,
1549 5786 1691 5848 quod.

514 5849 587 5913 (a)
611 5857 767 5913 Forte,
790 5850 1074 5915 exspiranti.

1691 356 1746 409 S.
1789 355 2154 412 AUGUSTlNl
2192 355 2492 413 EPISCOPI

2148 467 2258 523 lere
2284 469 2335 523 in
2361 477 2653 539 posterum.
2679 465 2978 533 Posterum,
3007 464 3149 536 quod
3179 463 3473 535 posteriora
3497 480 3604 522 non
3631 465 3728 521 ha-

2145 559 2288 614 heat.
2322 560 2445 614 Dies
2465 559 2538 614 illi
2567 559 2684 614 sine
2711 558 2834 626 ﬁne,
2872 558 2998 613 dicti
3029 567 3152 612 sunt
3179 558 3322 623 dies,
3355 565 3410 613 et
3437 557 3612 613 dictus
3649 568 3732 615 est

2145 653 2279 707 dies.
2312 653 2401 706 Ait
2421 653 2562 707 enim
2589 653 2826 724 quidam,
2863 651 2928 707 Ut
2955 652 3172 706 habitem
3196 652 3248 705 in
3274 651 3423 706 domo
3449 650 3659 706 Domini
3677 654 3730 708 in

2147 744 2512 815 longitudinem
2538 746 2736 800 dierum
2757 743 2931 816 (Psal.
2960 761 3095 813 xxu,
3125 745 3216 817 6),
3249 760 3369 801 cum
3395 745 3464 802 de
3498 747 3601 801 illis
3625 747 3736 803 die-

2145 834 2244 889 bus
2271 835 2492 891 diceret.
2543 837 2610 891 Et
2652 838 2767 891 dies
2808 837 2979 891 dictus
3017 847 3131 904 est,
3166 837 3276 909 Ego
3315 839 3465 893 hodie
3506 840 3659 923 gen_ui
3693 849 3740 894 te

2147 926 2316 997 (Psal.
2347 945 2418 996 ιι,
2471 928 2545 1001 7).
2590 931 2656 984 Et
2692 931 2767 985 illi
2813 931 2927 985 dies
2959 946 3095 985 unus
3143 930 3290 998 dies;
3341 932 3460 1002 quia
3501 933 3611 1003 jam
3642 949 3741 988 nec

2148 1029 2356 1091 tempus
2386 1040 2399 1076 :
2431 1021 2546 1076 dies
2576 1023 2665 1078 ille
2695 1039 2793 1078 nec
2831 1024 2899 1078 ab
2944 1023 3197 1078 hesterno
3243 1025 3563 1096 praeceditur
3587 1069 3600 1091 ,
3643 1043 3742 1082 nec

2146 1114 2383 1170 crastino
2413 1113 2730 1170 excluditur.
2764 1116 2903 1185 Ergo
2941 1116 2991 1170 in
3032 1116 3204 1186 ipsum
3234 1126 3508 1188 posterum
3540 1134 3741 1173 consu-

2146 1206 2319 1262 lamus
2348 1225 2361 1260 :
2392 1216 2448 1262 et
2476 1223 2581 1262 non
2619 1208 2826 1263 diversa
2857 1217 2980 1262 sunt
3019 1209 3179 1264 verba
3204 1251 3220 1276 ,
3261 1225 3381 1280 quae
3411 1209 3502 1264 tibi
3529 1209 3745 1266 dicebat

2146 1299 2399 1365 avaritia;
2429 1309 2484 1354 et
2509 1315 2694 1354 eversa
2723 1309 2804 1354 est
2828 1299 3074 1354 avaritia.

2219 1391 2307 1446 11.
2335 1421 2407 1431 -
2431 1390 2711 1445 Avarorum
2747 1390 2879 1462 falsa
2909 1391 3066 1460 pietas
3101 1391 3152 1444 in
3182 1390 3337 1460 ﬁlios.
3380 1390 3429 1444 F
3431 1391 3531 1446 ilio.
3547 1402 3748 1446 mortuo

2147 1498 2244 1536 sua
2269 1499 2389 1553 pars
2434 1493 2505 1537 est
2537 1483 2938 1537 transmittenda.
2970 1483 3157 1538 Restat
3194 1493 3254 1538 ut
3280 1483 3428 1538 dicas
3459 1502 3470 1536 :
3518 1485 3580 1538 Et
3617 1485 3748 1554 quid

2148 1589 2248 1646 ago
2291 1575 2359 1629 de
2402 1574 2524 1628 ﬁliis
2564 1574 2739 1628 meis?
2781 1575 2918 1628 Audi
2953 1584 3008 1629 et
3044 1573 3168 1630 inde
3205 1575 3489 1629 consilium
3536 1575 3749 1630 Domini

2149 1667 2225 1722 tui
2251 1665 2350 1738 (a).
2381 1665 2436 1721 Si
2469 1666 2558 1720 tibi
2590 1666 2732 1720 dicat
2761 1667 3020 1721 Dominus
3046 1675 3187 1734 tuus,
3219 1666 3408 1722 Melius
3443 1683 3542 1738 ego
3571 1671 3752 1738 cogito

2151 1761 2240 1830 qui
2272 1759 2470 1825 creavi,
2501 1774 2661 1829 quam
2693 1768 2749 1813 tu
2775 1761 2862 1829 qui
2901 1760 3168 1830 generasti
3198 1777 3210 1812 :
3245 1759 3384 1816 forte
3426 1760 3568 1832 quod
3597 1761 3750 1816 dicas

2151 1866 2257 1905 non
2281 1851 2520 1906 habebis.
2555 1851 2658 1906 Sed
2689 1851 2907 1906 divitem
2940 1853 3086 1906 illutn
3114 1862 3423 1922 aspecturus
3443 1868 3502 1907 es
3531 1854 3619 1924 qni
3655 1855 3752 1908 tri-

2151 1944 2248 1998 stis
2276 1943 2556 2011 abscessit,
2581 1952 2638 1998 et
2664 1943 2715 1997 in
2746 1944 3033 2013 Evangelio
3056 1944 3412 2015 reprehensus
3433 1953 3550 2010 est;
3580 1955 3637 1999 et
3670 1946 3752 2000 di-

2151 2053 2242 2094 ces
2274 2039 2369 2092 tibi
2398 2037 2535 2092 forte
2569 2054 2581 2090 :
2611 2037 2705 2092 Ille
2731 2038 2880 2093 dives
2911 2037 3034 2093 ideo
3058 2039 3196 2094 male
3233 2037 3358 2094 fecit
3381 2056 3486 2093 non
3516 2040 3756 2094 vendere

2153 2130 2331 2184 omnia
2355 2170 2369 2195 ,
2397 2137 2452 2185 et
2484 2130 2612 2184 dare
2645 2130 2985 2200 pauperibus,
3017 2131 3138 2201 quia
3168 2131 3307 2186 ﬁlios
3332 2147 3436 2186 non
3470 2131 3708 2188 habebat
3739 2151 3752 2188 :

2155 2238 2254 2293 ego
2293 2229 2467 2276 autem
2511 2221 2681 2276 habeo
2713 2221 2878 2288 ﬁlios;
2915 2222 3084 2278 habeo
3110 2223 3302 2293 quibus
3332 2239 3562 2280 servem.
3601 2226 3679 2282 Et
3703 2226 3756 2280 in

2154 2312 2255 2368 hac
2283 2313 2586 2368 inﬁrmitate
2615 2313 2860 2368 consistit
2887 2313 2982 2367 tibi
3011 2313 3269 2369 Dominus
3293 2324 3436 2370 tuus.

2224 2403 2451 2461 CAPUT
2491 2405 2560 2460 Χ.
2588 2437 2657 2448 -
2693 2407 2931 2461 Audeam
2961 2406 3140 2462 dicere
3170 2422 3265 2478 per
3294 2409 3410 2478 ejus
3437 2409 3756 2466 misericor-

2153 2496 2295 2551 diam
2330 2514 2344 2550 :
2375 2497 2597 2552 audeam
2624 2497 2806 2553 dicere
2835 2498 3033 2568 aliquid
3054 2540 3068 2565 ,
3101 2515 3204 2553 non
3233 2499 3300 2554 de
3341 2517 3458 2555 mea
3488 2518 3759 2572 praesum-

2155 2591 2358 2658 ptione,
2383 2588 2477 2644 sed
2505 2590 2571 2644 de
2601 2590 2766 2659 ipsius
2793 2591 3154 2644 miseratione.
3184 2591 3347 2646 Serva
3375 2603 3427 2646 et
3458 2593 3580 2648 ﬁliis
3606 2595 3720 2649 tuis
3744 2611 3755 2647 :

2154 2681 2250 2736 sed
2271 2682 2393 2736 audi
2419 2681 2618 2750 me.Si,
2649 2692 2706 2737 ut
2724 2694 2846 2738 sunt
2874 2687 3125 2749 humana,
3149 2685 3216 2740 de
3245 2685 3366 2740 ﬁliis
3387 2687 3612 2757 quisque
3643 2689 3759 2742 suis

2155 2773 2389 2844 aliquem
2415 2775 2651 2828 amiserit
2682 2791 2695 2828 :
2727 2775 3006 2842 intendite,
3039 2775 3264 2844 fratres,
3298 2778 3557 2834 intendite
3579 2821 3593 2844 ,
3628 2780 3758 2850 quia

2157 2865 2374 2918 avaritia
2405 2867 2802 2922 exeusationem
2834 2882 2939 2922 non
2965 2867 3144 2935 habet,
3164 2885 3336 2940 neque
3359 2870 3467 2939 hic,
3493 2888 3680 2943 neque
3707 2874 3760 2928 in

2162 2957 2339 3013 futuro
2361 2961 2578 3014 saeculo.
2610 2960 2749 3015 Ecce
2770 2971 2822 3014 et
2845 2963 3074 3017 humana
3101 2974 3221 3018 sunt
3253 2982 3266 3018 :
3297 2979 3401 3019 non
3427 2965 3572 3020 enim
3593 2975 3757 3036 opta-

2159 3067 2314 3118 mus,
2345 3051 2438 3106 sed
2474 3053 2718 3121 exempla
2745 3054 3122 3122 conspicimus.
3154 3055 3400 3111 Amissus
3435 3066 3519 3112 est
3558 3057 3762 3129 aliquis

2157 3142 2479 3196 christianus
2503 3183 2518 3208 ,
2557 3142 2908 3198 christianum
2947 3143 3113 3198 ﬁlium
3164 3145 3388 3201 amisisti
3422 3164 3434 3200 :
3469 3163 3578 3202 non
3623 3165 3762 3222 ergo

2156 3233 2423 3300 amisisti,
2461 3233 2556 3288 sed
2598 3236 2924 3305 praemisisti.
2971 3235 3152 3306 Neque
3178 3239 3320 3292 enim
3352 3239 3437 3292 ille
3478 3239 3756 3307 decessit,

2158 3329 2251 3384 sed
2278 3329 2571 3399 praecessit.
2605 3330 2874 3401 Interroga
2907 3330 3063 3385 ﬁdem
3094 3342 3234 3386 tuam
3269 3350 3281 3385 :
3313 3343 3462 3388 certe
3489 3344 3544 3389 et
3577 3346 3635 3388 tu
3669 3335 3762 3404 illo

2157 3420 2326 3474 iturus
2351 3436 2410 3475 es
2430 3460 2447 3487 ,
2475 3436 2581 3490 quo
2607 3421 2697 3475 ille
2725 3423 3032 3476 antecessit.
3064 3422 3197 3476 Rem
3225 3424 3444 3479 brevem
3474 3425 3596 3480 dico
3619 3467 3638 3492 ,
3674 3428 3759 3482 cui

2157 3522 2286 3580 puto
2315 3511 2458 3581 quod
2483 3527 2644 3567 nemo
2672 3514 3015 3582 respondeat.
3046 3513 3186 3569 Vivit
3212 3515 3352 3570 ﬁlius
3377 3518 3542 3572 tuus?
3573 3519 3758 3575 luter-

2157 3619 2284 3674 roga
2313 3604 2470 3660 ﬁdem
2502 3613 2668 3660 tuam.
2693 3605 2747 3661 Si
2775 3622 2900 3677 ergo
2942 3607 3104 3674 vivit,
3139 3624 3304 3678 quare
3333 3609 3600 3666 invaditur
3629 3628 3760 3682 pars

2157 3695 2272 3764 ejus
2301 3711 2330 3748 a
2372 3696 2623 3752 fratribus
2651 3696 2808 3767 ejus?
2832 3697 2938 3753 Sed
2967 3699 3114 3754 dices
3143 3718 3157 3754 :
3185 3699 3452 3771 Numquid
3481 3703 3759 3765 rediturus

2155 3795 2238 3840 est
2260 3827 2273 3850 ,
2315 3795 2370 3840 et
2399 3790 2782 3856 possessurus?
2813 3788 3045 3844 Mittatur
3085 3806 3211 3861 ergo
3240 3792 3316 3845 illi
3341 3808 3447 3862 quo
3474 3797 3762 3863 pra-cessit

2156 3875 2246 3931 ille
2275 3894 2287 3929 :
2317 3877 2383 3932 ad
2410 3893 2523 3932 rem
2546 3894 2697 3932 suam
2725 3879 2906 3934 venire
2927 3895 3032 3934 non
3059 3891 3255 3950 potest,
3284 3898 3371 3938 res
3392 3884 3508 3954 ejus
3531 3886 3598 3941 ad
3629 3905 3756 3942 eum

2155 3967 2233 4022 ire
2273 3977 2467 4037 potest.
2509 3969 2640 4025 Vide
2683 3985 2938 4040 cumquo
2964 3973 3050 4026 sit.
3083 3973 3140 4028 Si
3179 3975 3231 4028 in
3271 3977 3462 4044 palatio
3491 3977 3762 4037 militaret

2157 4059 2296 4113 ﬁlius
2327 4070 2482 4127 tuus,
2521 4069 2576 4115 et
2615 4063 2816 4116 amicus
2845 4061 3187 4134 Imperatoris
3229 4067 3420 4134 ﬁeret,
3465 4077 3519 4124 ct
3544 4070 3762 4127 diceret

2156 4149 2270 4213 tibi,
2307 4150 2492 4206 Vende
2522 4151 2591 4206 ibi
2616 4162 2824 4222 partem
2851 4169 3057 4222 meam,
3100 4165 3156 4211 et
3194 4158 3346 4212 mitte
3375 4159 3504 4212 mihi
3537 4179 3550 4214 :
3586 4177 3759 4217 num-

2153 4241 2281 4311 quid
2301 4241 2569 4297 invenires
2593 4243 2718 4313 quid
2748 4245 3140 4314 responderes?
3169 4247 3327 4304 Modo
3357 4266 3478 4305 eum
3505 4251 3757 4322 Impera-

2159 4342 2276 4391 tore
2302 4335 2537 4389 omnium
2567 4335 2970 4405 imperatorum,
2996 4347 3050 4393 et
3075 4355 3196 4394 cum
3221 4341 3367 4412 Rege
3390 4344 3638 4399 omnium
3657 4362 3755 4403 re-

2151 4439 2280 4494 gum
2303 4465 2319 4491 ,
2348 4434 2403 4479 et
2432 4439 2552 4480 cum
2583 4426 2807 4481 Domino
2838 4429 3076 4483 omnium
3112 4431 3448 4488 dominorum
3495 4446 3576 4490 est
3607 4439 3760 4493 ﬁlius

2153 4523 2276 4570 tuns
2311 4533 2323 4568 :
2354 4517 2507 4572 mitte
2537 4518 2631 4571 illi.
2663 4518 2778 4572 Non
2809 4519 2948 4587 dico,
2980 4520 3354 4579 Necessarium
3396 4525 3557 4582 habet
3581 4529 3708 4598 ipse
3742 4549 3756 4583 :

2157 4604 2412 4660 Dominus
2453 4607 2831 4678 ipsius,'apud
2871 4625 3029 4680 quem
3059 4623 3140 4667 est
3167 4614 3304 4670 lilius
3343 4624 3500 4682 tuus,
3546 4631 3676 4689 eget
3704 4621 3758 4674 in

2153 4703 2316 4750 terra.
2365 4697 2461 4752 Hic
2489 4699 2598 4752 vult
2627 4702 2868 4770 accipere
2899 4705 3040 4772 quod
3071 4704 3160 4759 dat
3201 4707 3255 4760 in
3285 4709 3444 4763 caelo.
3483 4709 3645 4776 Quod
3679 4713 3761 4768 fa-

2150 4790 2521 4844 cerenonnulli
2546 4793 2688 4846 avari
2716 4794 2906 4861 solent,
2931 4795 3013 4850 fac
3043 4798 3383 4867 trajectitium
3415 4821 3429 4856 :
3457 4803 3523 4858 da
3542 4804 3600 4860 in
3627 4822 3759 4876 pcr-

2153 4881 2387 4951 cgrinos,
2420 4883 2559 4951 quod
2583 4885 2809 4955 recipias
2841 4887 2890 4940 in
2921 4889 3086 4958 patria
3115 4900 3224 4946 tua.

2221 4972 2446 5028 CAPUT
2485 4974 2575 5029 Xl.
2604 5007 2674 5015 —
2700 4977 2784 5031 12.
2816 4977 3023 5033 Mortuo
3063 4981 3302 5052 debetur,
3335 4987 3472 5056 quod
3499 4990 3610 5044 vivo
3637 5007 3757 5045 ser-

2149 5062 2373 5116 vabalur.
2396 5064 2674 5121 Postremo
2692 5071 2799 5137 jam
2821 5069 2887 5125 de
2908 5080 2959 5126 te
2980 5073 3148 5140 nihil;
3176 5075 3246 5130 de
3276 5077 3383 5132 lilio
3411 5088 3500 5135 tuo
3528 5081 3756 5152 loquor.

2151 5156 2371 5212 Dubitas
2391 5159 2518 5214 dare
2545 5170 2714 5228 tuum,
2742 5163 2951 5220 dubitas
2974 5175 3028 5221 et
3047 5167 3273 5225 reddere
3299 5171 3530 5228 alienum
3558 5193 3572 5228 :
3596 5188 3760 5233 certe

2149 5248 2502 5316 convinceris,
2537 5253 2658 5321 quia
2703 5269 2808 5308 non
2838 5257 2956 5310 ﬁliis
2989 5259 3094 5313 tuis
3125 5262 3397 5319 servabas.
3446 5265 3590 5322 Ecce
3634 5284 3759 5324 non

2147 5339 2244 5395 das
2269 5341 2390 5394 ﬁliis
2425 5343 2563 5410 tuis,
2593 5345 2713 5414 quia
2742 5347 2896 5402 tolles
2922 5348 3048 5404 ﬁliis
3075 5353 3200 5407 tuis.
3235 5355 3364 5410 Huic
3389 5369 3534 5413 certe
3561 5362 3756 5418 tolles.

2147 5433 2319 5501 Quare
2343 5435 2589 5506 indignus
2613 5447 2696 5494 est
2724 5441 2983 5510 accipere,
3015 5446 3136 5514 quia
3165 5462 3283 5501 cum
3311 5449 3552 5520 digniore
3571 5453 3760 5510 vivit?

2147 5525 2333 5581 Merito
2358 5529 2402 5581 si
2431 5528 2521 5582 ille
2546 5545 2665 5584 cum
2696 5547 2805 5602 quo
2844 5533 2972 5588 vivit
3003 5537 3172 5594 nollet
3199 5541 3466 5611 accipere,
3494 5543 3603 5612 jam
3640 5545 3755 5600 do-

2146 5616 2255 5671 mni
2285 5628 2408 5682 tuae,
2437 5621 2532 5675 sed
2558 5621 2737 5677 domui
2760 5624 2950 5682 divina:
2978 5627 3128 5684 dives
3163 5632 3202 5684 ί.
3227 5633 3381 5688 Absit
3406 5650 3534 5706 ergo
3556 5644 3618 5691 ut.
3647 5639 3758 5696 tibi

2143 5707 2345 5776 dicam,
2390 5711 2461 5765 Da
2500 5713 2640 5782 quod
2683 5713 2846 5771 habes
2875 5735 2888 5771 :
2921 5718 3016 5774 sed
3043 5720 3164 5776 dico
3203 5723 3336 5792 tibi,
3370 5725 3552 5783 Redde
3585 5730 3757 5799 quod

2207 5813 2220 5842 ¹
2250 5819 2380 5872 Lov.,
2405 5811 2448 5862 si
2465 5811 2628 5863 domui
2645 5815 2822 5867 (lirium
2837 5820 2983 5870 dives.
3053 5831 3108 5872 Μ.

2206 5873 2282 5935 (a)
2306 5876 2420 5925 vide
2441 5888 2602 5938 supra,
2629 5891 2906 5932 sermonem
2930 5885 2977 5946 9,
2999 5899 3079 5934 nn.
3107 5887 3184 5951 20,
3209 5890 3281 5941 21.
