4032 6332
312 270 405 330 629
1665 263 1893 321 SERMO
1933 263 2238 326 LXXXVII.

313 384 487 440 debes.
520 379 628 438 Sed
659 379 927 436 habebunt
951 379 1102 447 illud,
1131 380 1231 448 ais,
1260 378 1452 436 fratres
1480 378 1644 435 illius.
1671 377 1717 434 Ο
1744 378 1886 434 mala

312 473 566 540 doctrina,
605 473 804 529 docens
836 473 971 526 ﬁlios
1012 483 1129 526 tuos
1155 481 1379 525 mortem
1423 480 1608 541 optare
1634 469 1888 524 fratribus

311 568 411 624 suis
435 568 450 622 Σ
492 566 550 622 Si
576 565 643 620 de
671 582 730 620 re
760 564 937 619 fratris
965 563 1047 618 sui
1072 565 1266 618 mortui
1293 563 1512 619 ditiores
1536 571 1727 629 erunt,
1769 561 1888 617 vide

310 657 754 730 quemadmodum
811 670 871 710 se
926 655 1204 710 attendant
1265 655 1318 709 in
1385 655 1543 709 domo
1593 664 1701 709 tua.
1751 653 1889 722 Quid

309 764 431 822 ergo
495 749 705 806 facies?
767 748 1153 804 Patrimonium
1213 747 1439 813 dividis,
1499 756 1552 802 et
1609 745 1888 818 parricidia

307 842 509 898 doces?

375 934 462 988 15.
505 963 580 974 σ-
621 929 853 989 Christus
897 933 1018 1003 ﬁliis
1055 933 1464 986 annumerandus
1507 933 1558 985 in
1602 931 1892 1003 patrimonii

307 1026 564 1080 divisione.
589 1026 693 1082 Sed
722 1027 846 1080 nolo
865 1026 1045 1082 dicere
1072 1026 1139 1080 de
1161 1041 1265 1080 uno
1285 1025 1501 1090 amisso,
1527 1040 1594 1080 ne
1614 1040 1768 1080 casus
1797 1025 1891 1078 hu-

310 1135 494 1174 manos
523 1119 705 1174 videar
729 1118 940 1172 minari.
989 1117 1176 1172 Melius
1219 1117 1447 1187 quodam
1479 1117 1637 1171 modo
1668 1131 1890 1187 prospe-

277 1210 520 1283 ‘riusque
565 1213 862 1282 loquamur.
887 1211 1002 1266 Non
1031 1211 1186 1278 dico,
1223 1226 1385 1265 unum
1426 1211 1602 1266 minus
1640 1209 1888 1275 habebis,

307 1316 555 1376 computa
589 1307 710 1376 quia
739 1321 897 1360 unum
934 1306 1054 1376 plus
1090 1304 1275 1359 habes.
1316 1304 1423 1359 Fac
1462 1304 1640 1359 locum
1683 1303 1893 1358 Christo

306 1413 425 1452 cum
457 1398 581 1452 filiis
620 1397 759 1464 tuis,
804 1396 1025 1451 accedat
1051 1395 1268 1450 familias
1307 1405 1410 1450 tuae
1446 1396 1700 1450 Dominus
1730 1404 1852 1449 tuus
1875 1435 1889 1460 ,

305 1489 526 1544 accedat
557 1488 624 1543 ad
653 1487 855 1559 prolem
891 1487 1114 1543 Creator
1140 1496 1263 1542 tuus
1287 1529 1302 1554 ,
1341 1487 1562 1542 accedat
1602 1486 1668 1541 ad
1708 1500 1896 1541 nume-

307 1598 422 1637 rum
455 1583 685 1637 filiorum
720 1590 931 1637 tuorum
975 1581 1138 1636 frater
1165 1589 1306 1637 tuus.
1348 1579 1479 1636 Cum
1508 1580 1648 1636 enim
1689 1587 1892 1635 tantum

305 1674 535 1742 intersit,
564 1682 620 1728 et
644 1673 806 1728 frater
835 1689 955 1729 esse
980 1673 1228 1744 dignatus
1252 1683 1353 1728 est.
1401 1675 1464 1728 Et
1492 1689 1613 1729 cum
1645 1673 1713 1728 sit
1751 1673 1893 1727 Patri

303 1765 525 1824 Unicus.
554 1767 725 1822 voluit
750 1766 945 1822 habere
971 1767 1301 1822 colurredes.
1328 1767 1466 1822 Ecce
1497 1767 1583 1820 ille
1603 1782 1762 1836 quam
1789 1766 1894 1838 laor-

303 1861 478 1931 giter!
528 1869 581 1914 tu
621 1875 786 1930 quare
821 1869 928 1914 tam
969 1859 1273 1914 steriliter?
1323 1860 1466 1914 Duos
1507 1859 1641 1913 ﬁlios
1686 1858 1890 1926 habes,

305 1953 518 2006 tertium
551 1950 696 2006 illum
726 1959 973 2020 computa
1003 1967 1014 2002 :
1049 1959 1158 2005 tres
1188 1949 1374 2017 habes,
1403 1961 1620 2020 quartus
1645 1965 1893 2004 numere-

303 2051 387 2096 tur
419 2057 436 2096 :
466 2042 707 2112 quintum
733 2041 899 2096 habes
919 2081 934 2108 ,
963 2049 1147 2096 sextus
1183 2041 1391 2095 dicatur
1427 2059 1440 2096 :
1467 2040 1649 2095 decem
1693 2040 1856 2094 habes
1876 2083 1890 2106 ,

303 2137 624 2194 undecimus
661 2137 749 2191 sit.
791 2135 926 2191 Nolo
965 2136 1194 2205 amplius
1232 2135 1454 2190 dicere:
1495 2135 1651 2189 unius
1695 2133 1783 2186 ﬁlii
1820 2134 1893 2188 tui

303 2245 463 2284 serva
493 2230 670 2284 locum
698 2228 924 2283 Domino
965 2236 1075 2283 tuo.
1123 2226 1272 2295 Quod
1302 2226 1443 2281 enim
1478 2225 1630 2280 dabis
1671 2224 1895 2280 Domino

305 2329 394 2376 tuo
415 2363 433 2388 ,
477 2329 535 2376 et
574 2320 667 2375 tibi
700 2319 937 2390 proderit
960 2327 1014 2374 et
1045 2318 1164 2372 ﬁliis
1196 2318 1299 2373 tuis
1330 2335 1342 2371 :
1379 2316 1520 2388 quod
1548 2326 1724 2371 autem
1759 2316 1896 2371 male

303 2428 491 2469 servas
522 2412 643 2468 ﬁliis
670 2412 774 2467 tuis
797 2455 812 2479 ,
851 2421 905 2466 et
931 2411 1024 2466 tibi
1051 2410 1221 2465 oberit
1254 2418 1310 2466 et
1348 2409 1492 2465 filiis.
1527 2409 1687 2464 Dabis
1714 2418 1892 2464 autem

304 2505 610 2574 portionem
639 2518 798 2557 unam
821 2546 833 2564 ,
863 2518 1020 2573 quam
1051 2503 1207 2556 unius
1238 2501 1330 2556 filii
1357 2501 1646 2571 deputasti.
1691 2500 1895 2570 Deputa

303 2609 350 2654 te
374 2614 547 2653 unum
574 2597 801 2666 amplius
825 2596 1093 2666 genuisse.

367 2689 602 2746 CAPUT
643 2689 760 2744 XII.
809 2720 879 2729 —-
933 2689 1020 2743 M.
1076 2687 1314 2742 Avaritia:
1364 2686 1619 2741 excusatio
1675 2686 1893 2742 sublata.

301 2781 439 2850 Quid
469 2797 718 2852 magnum
741 2823 753 2846 ,
783 2780 973 2836 fratres
997 2779 1144 2834 mei?
1175 2779 1466 2833 Consilium
1499 2778 1566 2831 ιΙο
1593 2818 1605 2840 ,
1639 2777 1896 2849 numquid

300 2884 486 2944 guttur
514 2873 661 2943 ligo?
705 2870 852 2927 Sicut
889 2872 962 2925 ait
999 2872 1286 2942 Apostolus
1319 2889 1330 2922 :
1364 2868 1490 2923 Htec
1534 2869 1599 2922 ad
1630 2870 1895 2923 utilitatem

301 2976 519 3020 vestram
545 2967 678 3033 dico,
707 2983 809 3019 non
832 2974 887 3018 ut
920 2963 1156 3034 laqueum
1177 2960 1312 3017 vobis
1332 2963 1555 3032 injiciam
1582 2960 1628 3033 (Ι
1654 2960 1770 3016 Cor.
1801 2978 1892 3027 vn,

303 3061 415 3128 35).
449 3059 608 3123 Puto,
649 3057 840 3112 fratres
859 3099 872 3121 ,
903 3057 1022 3126 quia
1053 3071 1210 3125 parva
1236 3063 1290 3110 et
1317 3055 1483 3109 facilis
1507 3054 1753 3124 cogitatio
1779 3062 1894 3123 est,

302 3162 495 3222 putare
526 3162 728 3221 patrem
758 3150 989 3205 ﬁliorum
1022 3149 1217 3204 habere
1243 3165 1404 3203 unum
1441 3149 1606 3202 lilium
1637 3148 1892 3217 amplius,

305 3255 352 3298 et
381 3259 704 3312 comparare
731 3243 849 3296 talia
874 3241 1073 3312 praedia
1104 3256 1221 3310 qum
1247 3239 1518 3309 possideas
1541 3240 1593 3292 in
1615 3225 1894 3307 :rternum,

303 3345 351 3392 et
376 3337 501 3407 ipse
521 3343 575 3389 et
612 3335 703 3388 ﬁlii
727 3335 821 3389 tui.
853 3333 989 3401 Quid
1018 3333 1160 3388 dicat
1183 3333 1402 3387 avaritia
1432 3347 1537 3386 non
1565 3331 1743 3388 habet.
1775 3331 1894 3387 Cla-

304 3429 495 3484 mastis
541 3428 609 3482 ad
649 3428 808 3483 verba
849 3427 968 3482 ista.
1011 3425 1312 3496 Loquimini
1355 3433 1538 3480 contra
1571 3424 1714 3479 illam
1743 3467 1758 3491 ,
1791 3440 1895 3480 non

303 3537 394 3576 vos
451 3522 646 3583 vincat,
699 3535 804 3574 non
861 3520 980 3588 plus
1038 3517 1210 3572 valeat
1272 3517 1322 3572 in
1375 3517 1624 3573 cordibus
1682 3518 1895 3585 vestris,

307 3628 477 3682 quam
515 3613 837 3681 Redemptor
880 3621 1076 3666 vester.
1115 3609 1231 3664 Non
1276 3609 1394 3678 plus
1424 3609 1595 3661 valeat
1641 3609 1692 3661 in
1734 3607 1898 3663 corde

307 3716 509 3773 vestro,
540 3720 694 3775 quam
729 3705 818 3758 ille
843 3704 933 3775 qui
969 3712 1148 3757 monet
1173 3710 1230 3755 ut
1256 3715 1468 3754 sursum
1509 3699 1670 3754 corda
1701 3699 1896 3755 habea-

309 3817 448 3854 mus.
485 3798 602 3853 Jam
633 3812 760 3866 ergo
786 3797 938 3850 istam
977 3795 1324 3849 dimittamus.

374 3893 469 3947 15.
498 3920 572 3932 —-
594 3888 822 3946 Christus
852 3899 1026 3942 contra
1053 3887 1306 3940 luxuriam
1341 3885 1475 3938 idem
1503 3883 1717 3937 consulit
1763 3883 1898 3951 quod

308 3985 534 4039 luxuria.
577 3982 728 4036 Dives
761 3980 1072 4052 imprudens.
1108 3978 1334 4033 Luxuria
1359 3976 1486 4046 quid
1521 3976 1680 4030 dicit?
1722 3975 1898 4043 Quid?

309 4076 408 4132 Fac
431 4091 558 4130 cum
582 4075 753 4128 anima
782 4083 864 4127 tua
898 4073 1052 4127 bene.
1079 4073 1213 4125 Ecce
1234 4069 1364 4124 dicit
1386 4077 1442 4124 et
1471 4067 1724 4122 Dominus
1749 4083 1768 4122 :
1793 4067 1900 4124 Fac

308 4186 424 4226 cum
458 4169 635 4222 anima
681 4176 767 4220 tua
799 4165 956 4219 bene.
985 4163 1137 4231 Quod
1166 4161 1256 4216 tibi
1285 4160 1498 4216 dicebat
1526 4161 1728 4214 luxuria
1749 4201 1764 4226 ,
1797 4159 1900 4215 hoc

309 4264 399 4317 tibi
439 4262 574 4316 dicit
598 4258 823 4328 justitia.
865 4256 969 4313 Sed
999 4255 1118 4310 vide
1159 4265 1212 4310 et
1240 4255 1324 4309 hic
1363 4253 1630 4324 quomodo
1669 4253 1896 4308 dicatur.

309 4358 360 4412 Si
390 4372 518 4412 cum
547 4355 724 4408 anima
755 4361 840 4407 tua
865 4353 946 4405 vis
973 4351 1144 4405 facere
1174 4349 1309 4404 bene
1335 4389 1350 4412 ,
1391 4347 1608 4402 attende
1638 4347 1786 4400 illum
1815 4346 1900 4400 di-

308 4449 472 4503 vitem
499 4446 589 4516 qui
617 4461 682 4498 cx
707 4443 929 4499 consilio
957 4440 1176 4495 luxuria:
1203 4449 1255 4494 et
1281 4439 1514 4493 avaritia:
1539 4437 1748 4491 volebat
1778 4453 1900 4492 cum

311 4543 487 4598 anima
509 4554 606 4594 sua
636 4539 772 4592 bene
800 4535 994 4592 facere.
1024 4533 1292 4589 Successit
1317 4533 1365 4586 ei
1397 4531 1563 4602 regio,
1594 4540 1646 4585 ct
1676 4548 1778 4584 non
1809 4530 1902 4584 lia-

316 4634 472 4690 sebat
503 4631 594 4685 ubi
628 4629 946 4686 reconderet
984 4625 1184 4680 fructus
1227 4639 1385 4689 suos,
1417 4632 1471 4678 et
1499 4623 1572 4677 ait
1605 4640 1618 4677 :
1654 4622 1790 4688 Quid
1818 4627 1901 4695 fa-

315 4727 437 4780 siam
465 4726 490 4779 ?
517 4740 620 4777 non
664 4722 820 4775 habeo
853 4736 954 4792 quo
989 4717 1242 4789 colligam.
1293 4715 1472 4769 Inveni
1508 4715 1629 4781 quid
1668 4716 1853 4786 faciam
1885 4731 1903 4769 :

313 4817 574 4873 destruant
598 4813 868 4885 apothecas
891 4819 1078 4865 veteres
1096 4849 1111 4875 ,
1156 4817 1200 4862 et
1225 4823 1377 4861 novas
1402 4806 1666 4875 aediﬁcabo
1690 4847 1706 4872 ,
1737 4816 1783 4861 et
1826 4823 1905 4861 re-

314 4911 457 4979 plebo
495 4924 583 4962 eas
605 4948 622 4974 ,
665 4915 710 4960 et
752 4905 917 4958 dicam
955 4903 1141 4956 anima:
1174 4915 1299 4954 mea:
1325 4917 1342 4953 :
1371 4898 1540 4954 Habes
1567 4900 1724 4953 multa
1751 4900 1899 4966 bona,

315 5003 615 5058 iucundare.
658 4997 797 5054 Audi
832 4995 1112 5053 consilium
1157 5003 1342 5048 contra
1376 4992 1637 5046 luxuriam
1670 5009 1681 5044 :
1713 4991 1901 5058 Stulte,

314 5099 486 5152 anima
513 5105 602 5148 tua
628 5095 726 5147 hac
754 5100 897 5146 nocte
929 5093 1186 5160 auferetur
1208 5087 1297 5140 abs
1334 5093 1382 5139 te
1401 5101 1419 5138 :
1439 5100 1552 5154 qua:
1576 5083 1902 5156 praeparasti,

315 5192 462 5260 cujus
489 5196 640 5243 erunt
669 5169 816 5257 (Luc.
841 5198 941 5250 xu,
969 5179 1198 5249 16-20)?
1221 5177 1289 5232 Et
1315 5192 1421 5247 quo
1450 5176 1585 5231 itura
1615 5184 1696 5231 est
1731 5176 1906 5230 anima

316 5283 416 5337 ista
439 5326 455 5348 ,
488 5297 608 5352 quae
633 5279 904 5333 auferetur
925 5275 994 5330 ab
1022 5271 1153 5328 illo?
1184 5271 1295 5326 Hac
1320 5277 1477 5325 nocte
1512 5267 1784 5323 auferetur
1809 5311 1824 5336 ,
1853 5277 1908 5324 et

319 5374 490 5428 nescit
519 5387 627 5442 quo
653 5371 791 5425 itura
819 5374 921 5423 est.

389 5463 620 5520 CAPUT
659 5459 796 5516 XIII.
823 5489 896 5500 ——-
935 5457 1022 5512 16.
1069 5454 1220 5508 Dives
1257 5453 1384 5506 alter
1424 5451 1732 5504 luxuriosus.
1777 5449 1908 5506 Vide

319 5561 486 5614 alium
531 5557 750 5612 divitem
792 5552 1159 5613 luxuriosum,
1221 5545 1530 5615 superbum.
1584 5543 1909 5613 Epulabatur

320 5651 562 5724 quotidie
591 5646 866 5721 splendide
885 5686 902 5712 ,
928 5652 984 5699 et
1008 5639 1323 5698 induebatur
1354 5651 1583 5708 purpura
1614 5645 1668 5691 et
1700 5637 1861 5708 bysso
1890 5655 1904 5692 :

327 5754 381 5799 et
426 5757 628 5816 pauper
673 5739 948 5795 ulcerosus
982 5733 1192 5806 iacebat
1235 5731 1303 5787 ad
1339 5729 1553 5800 ianuam
1578 5769 1594 5796 ,
1639 5727 1804 5784 micas
1840 5728 1910 5784 de

3482 277 3586 335 550

2001 394 2180 432 mensa
2209 378 2386 436 divitis
2419 382 2612 439 frustra
2639 387 3079 457 concupiscebat;
3117 404 3279 446 canes
3317 393 3586 447 ulceribus

2001 471 2289 539 pascebat,
2322 481 2376 527 et
2403 488 2432 527 a
2458 475 2620 531 divite
2649 493 2753 532 non
2795 481 3128 551 pascebatur.
3165 481 3399 553 Uterque
3443 500 3569 540 mon

1999 569 2120 615 tuus
2148 571 2230 616 est
2263 580 2274 615 :
2309 579 2445 619 unus
2483 581 2666 622 eorum
2711 571 2950 640 sepultus
2987 581 3099 636 est;
3143 573 3210 628 de
3250 574 3418 629 altero
3456 574 3585 646 quid

1998 650 2195 706 dictum
2223 653 2353 708 est?
2383 654 2592 712 Ablatus
2617 670 2689 712 est
2718 660 2778 712 ab
2808 660 3014 733 Angelis
3053 663 3105 717 in
3134 665 3301 720 sinum
3342 666 3584 723 Abrahae.

1999 741 2154 798 Videt
2180 743 2333 800 dives
2361 762 2670 817 pauperem,
2703 752 2808 806 imo
2831 753 2942 822 jam
2972 770 3169 826 pauper
3196 756 3415 814 divitem
3448 778 3462 814 :
3489 759 3585 816 de-

1998 835 2195 891 siderat
2222 837 2290 892 de
2326 839 2490 910 digito
2527 843 2719 898 stillam
2761 862 2910 917 aqua:
2945 849 3000 903 in
3030 850 3259 920 linguam
3299 867 3484 919 suam,
3512 855 3582 910 ab

1999 926 2089 980 illo
2109 929 2195 997 qui
2228 929 2550 987 desideravit
2577 934 2766 990 micam
2789 937 2856 993 de
2886 955 3069 995 mensa
3099 943 3235 1011 ejus.
3266 943 3422 1000 Certe
3441 947 3584 1002 vices

2001 1030 2213 1076 mutata:
2257 1033 2401 1078 sunt.
2443 1026 2658 1082 Frustra
2690 1029 2791 1084 hoc
2815 1030 2943 1084 dicit
2970 1032 3118 1088 dives
3149 1044 3389 1091 mortuus
3423 1057 3436 1091 :
3476 1054 3584 1092 non

1999 1111 2193 1168 frustra
2224 1115 2324 1171 hoc
2353 1117 2631 1173 audiamus
2656 1122 2745 1190 qui
2778 1123 3027 1180 vivimus.
3062 1125 3192 1180 Nam
3225 1137 3277 1181 ct
3304 1129 3394 1184 ille
3417 1131 3588 1187 voluit

1999 1204 2064 1258 ad
2106 1221 2329 1274 superos
2369 1212 2641 1276 revocari,
2679 1221 2732 1267 et
2775 1229 2879 1269 non
2928 1225 3010 1271 est
3046 1219 3334 1286 permissus
3371 1239 3382 1277 :
3417 1223 3586 1278 voluit

1999 1297 2228 1366 aliquem
2257 1311 2587 1357 mortuorum
2637 1306 2772 1359 mitti
2807 1307 2874 1361 ad
2908 1308 3101 1364 fratres
3141 1325 3301 1379 suos,
3342 1329 3443 1369 nec
3483 1313 3585 1368 hoc

2001 1389 2075 1444 illi
2102 1407 2414 1447 concessum
2443 1405 2541 1450 est.
2591 1396 2696 1452 Sed
2739 1400 2867 1469 quid
2897 1401 2946 1455 ei
2981 1403 3346 1460 dictumiest?
3385 1407 3586 1462 Habent

1999 1480 2068 1535 ibi
2113 1482 2320 1554 Moysen
2351 1495 2395 1538 et
2432 1484 2737 1558 PrOphetas.
2790 1491 2856 1546 Et
2893 1493 2981 1548 ille
3015 1512 3026 1547 :
3065 1495 3183 1550 Non
3212 1499 3416 1552 audient
3445 1540 3458 1564 ,
3490 1501 3587 1554 nisi

2000 1573 2182 1643 aliquis
2207 1592 2238 1626 a
2267 1578 2474 1631 mortuis
2513 1579 2646 1634 ierit.
2689 1581 2776 1635 Ait
2827 1584 2900 1636 illi
2939 1585 3244 1641 Abraham:
3282 1587 3343 1643 Si
3375 1589 3585 1660 Moysen

2001 1676 2046 1718 et
2075 1665 2359 1737 Prophetas
2389 1686 2489 1724 non
2519 1673 2756 1739 audiunt,
2789 1692 2898 1742 nec,
2940 1679 2983 1731 si
3006 1679 3116 1748 quis
3143 1696 3175 1732 α
3201 1681 3412 1734 mortuis
3437 1683 3583 1750 ierit,

2001 1757 2200 1811 credent
2242 1757 2389 1827 (Luc.
2415 1777 2542 1824 xvn,
2580 1763 2794 1836 19-51).
3582 1797 3620 1831 ο

2070 1848 2294 1906 CAPUT
2334 1852 2473 1906 XIV.
2501 1885 2570 1893 —
2625 1857 2710 1910 17.
2753 1855 3032 1914 Consilium
3080 1863 3176 1916 Dei
3233 1864 3296 1916 de
3341 1864 3588 1933 faciendis

2001 1943 2326 2015 eleemosynis
2376 1963 2510 2000 nunc
2557 1950 2977 2019 amplectendam.
3033 1954 3106 2009 De
3161 1955 3412 2011 faciendis
3463 1973 3588 2028 ergo

2000 2036 2354 2108 eleemosynis
2378 2080 2392 2104 ,
2434 2046 2488 2093 et
2515 2042 2873 2110 comparanda
2899 2045 3090 2100 animae
3120 2048 3304 2116 requie
3330 2048 3382 2101 in
3411 2057 3590 2117 poste—

2002 2143 2140 2192 rum,
2171 2137 2226 2181 ut
2253 2127 2509 2185 faciamus
2539 2131 2676 2186 bene
2702 2149 2823 2188 cum
2852 2136 3025 2190 anima
3056 2146 3257 2204 nostra,
3292 2141 3433 2209 quod
3467 2157 3589 2210 per-

2002 2232 2156 2272 verse
2171 2218 2303 2272 dixit
2324 2219 2527 2275 luxuria
2539 2264 2554 2288 ,
2568 2222 2699 2277 dixit
2714 2234 2768 2280 et
2788 2225 3018 2297 Moyses,
3033 2228 3343 2285 dixeruntet
3356 2233 3590 2302 PrOphe-

2004 2318 2088 2362 tze.
2107 2310 2394 2366 Audiamus
2407 2327 2528 2366 cum
2552 2313 2796 2370 vivimus.
2816 2316 2947 2384 Quia
2966 2318 3033 2372 ibi
3049 2318 3242 2374 frustra
3263 2316 3591 2392 conettpiscit

2001 2401 2204 2464 audire,
2237 2403 2327 2472 qui
2361 2407 2681 2476 contempsit
2708 2407 2809 2462 ista
2851 2424 2972 2463 cum
3021 2411 3249 2466 audiret.
3284 2415 3365 2467 An
3397 2430 3562 2484 exsiie

2002 2503 2206 2548 ctamus
2227 2505 2284 2549 ut
2299 2496 2488 2566 aliquis
2504 2506 2558 2551 et
2586 2513 2615 2551 a
2646 2501 2870 2555 mortuis
2897 2513 3156 2572 resurgat,
3175 2513 3228 2559 et
3248 2505 3389 2560 dicat
3412 2507 3587 2573 nobis,

2003 2597 2061 2642 ut
2089 2586 2349 2642 faciamus
2376 2604 2496 2644 cum
2514 2591 2685 2644 anima
2703 2600 2882 2648 nostra
2904 2593 3065 2649 bene?
3080 2595 3195 2649 lam
3213 2596 3377 2652 ethoc
3394 2595 3589 2652 factum

2002 2687 2084 2734 est
2115 2698 2128 2733 :
2162 2695 2268 2734 non
2296 2682 2588 2737 resurrexit
2615 2693 2763 2752 pater
2788 2693 2908 2739 tuus
2927 2727 2942 2752 ,
2969 2685 3382 2743 sed‘resurrexit
3407 2689 3594 2743 Domi-

2007 2785 2107 2824 nus
2149 2779 2287 2825 tuus.
2319 2771 2493 2840 Ipsum
2522 2772 2680 2840 audi,
2710 2774 2892 2844 accipe
2915 2775 3110 2831 bonum
3137 2779 3438 2834 consilium.
3473 2779 3591 2834 Noli

2004 2876 2222 2930 parcere
2254 2862 2515 2919 thesauris
2556 2865 2659 2920 tuis
2681 2906 2697 2932 ,
2723 2880 2883 2936 eroga
2931 2879 3183 2937 quantum
3213 2880 3382 2938 potes.
3415 2871 3594 2926 Luxu-

2003 2956 2096 3010 riae
2124 2972 2226 3011 vox
2257 2966 2374 3012 orat
2400 2975 2411 3010 :
2445 2959 2653 3012 Domini
2682 2975 2780 3014 vox
2816 2959 2955 3016 facta
3002 2972 3102 3017 est.
3134 2963 3308 3034 Eroga
3334 2976 3590 3034 quantum

2006 3057 2159 3118 potes
2182 3091 2196 3116 ,
2243 3048 2326 3104 fac
2375 3050 2511 3104 bene
2548 3066 2672 3105 cum
2712 3053 2889 3107 anima
2924 3063 3008 3108 tua
3030 3096 3044 3120 ,
3079 3070 3145 3109 ne
3175 3055 3450 3112 auferatur
3491 3057 3592 3112 hac

2004 3153 2159 3198 nocte
2205 3143 2382 3198 anima
2427 3152 2534 3198 tua.
2565 3143 2784 3198 Habetis
2823 3146 2878 3199 in
2907 3146 3122 3201 nomine
3151 3146 3349 3202 Christi
3374 3189 3389 3212 ,
3417 3165 3590 3219 quan-

2006 3242 2114 3288 tum
2165 3234 2424 3296 arbitror,
2467 3249 2768 3289 sermonem
2814 3235 2879 3290 de
2927 3236 3180 3292 faciendis
3209 3238 3590 3310 eleemosynis.

2006 3323 2120 3380 Vox
2150 3325 2250 3380 ista
2278 3334 2449 3380 vestra
2479 3325 2805 3382 laudantium
2833 3370 2847 3394 ,
2891 3337 3016 3384 tunc
3045 3339 3262 3400 accepta
3288 3340 3372 3386 est
3401 3332 3587 3387 Domi-

2005 3433 2102 3486 no,
2127 3419 2171 3473 si
2197 3418 2372 3474 videat
2400 3428 2455 3474 et
2482 3434 2670 3474 manus
2694 3420 3050 3489 operantium.

2430 3552 2658 3608 SERMO
2695 3554 2982 3609 LXXXVII
3006 3559 3023 3580 ⁶
3062 3555 3160 3631 (a).

2007 3689 2226 3744 Habitus
2271 3690 2352 3745 die
2383 3691 2636 3746 dominica
2661 3735 2677 3760 ,
2708 3693 2770 3748 de
2809 3710 2866 3748 eo
2908 3695 3042 3766 quod
3075 3695 3318 3766 scriptum
3355 3705 3462 3761 est,
3506 3699 3592 3754 Si-

2077 3783 2201 3838 mile
2239 3792 2321 3837 est
2361 3800 2582 3852 regnum
2627 3785 2883 3840 caelorum
2934 3785 3133 3840 homini
3184 3786 3592 3858 patrifamilias,

2075 3876 2162 3947 qui
2184 3876 2328 3930 misit
2350 3877 2624 3946 operarios
2641 3878 2692 3932 in
2711 3879 2925 3933 vineam
2943 3894 3095 3934 suam
3112 3881 3150 3933 ί.
3168 3879 3355 3934 Matth.
3369 3897 3485 3951 cap.
3499 3897 3593 3948 xx,

2090 3971 2162 4040 ᾗ.
2208 3969 2359 4025 1-16.

2075 4102 2303 4159 CAPUT
2369 4102 2653 4159 PRIMUM.
2707 4134 2779 4145 —-
2840 4104 2890 4159 1.
2958 4103 3182 4160 Colimus
3243 4122 3336 4162 nos
3385 4105 3592 4174 Deum,

2005 4205 2052 4250 et
2103 4197 2223 4250 colit
2271 4213 2362 4250 nos
2419 4195 2577 4251 Deus.
2634 4197 2711 4251 De
2768 4206 2954 4252 sancto
3005 4199 3293 4270 Evangelio
3342 4200 3598 4270 praesenti

2007 4290 2233 4360 tempori
2277 4299 2659 4344 consonantem
2711 4291 3112 4346 similitudinem
3162 4292 3386 4350 audistis
3419 4293 3597 4350 dehis

2005 4386 2097 4458 qui
2124 4393 2417 4456 operantur
2447 4386 2499 4439 in
2530 4386 2704 4439 vinea.
2739 4385 2835 4441 Est
2865 4387 3009 4440 enim
3053 4387 3214 4442 modo
3245 4397 3454 4457 tempus
3483 4390 3602 4443 vin-

2006 4477 2196 4532 demiae
2222 4476 2536 4546 corporalis.
2571 4477 2667 4530 Est
2691 4486 2869 4531 autem
2912 4487 2965 4531 et
2993 4479 3282 4548 spiritualis
3308 4480 3595 4548 vindemia,

2009 4568 2100 4624 ubi
2153 4568 2298 4622 Deus
2349 4567 2543 4638 gaudet
2585 4567 2651 4621 ad
2692 4567 2923 4622 fructum
2959 4569 3130 4623 vineae
3175 4584 3305 4624 sure.
3359 4570 3600 4626 Colimus

2007 4663 2152 4717 enim
2183 4661 2371 4720 Deum.
2401 4667 2455 4714 et
2478 4660 2604 4715 colit
2630 4675 2728 4714 nos
2755 4661 2919 4716 Deus.
2943 4661 3050 4717 Sed
3071 4678 3176 4716 non
3206 4663 3282 4717 sic
3313 4663 3474 4716 Deum
3508 4678 3598 4718 co-

2009 4755 2166 4810 limus
2187 4795 2203 4822 ,
2248 4764 2305 4808 ut
2347 4769 2445 4808 nos
2475 4769 2596 4809 eum
2624 4755 2900 4810 meliorem
2927 4756 3154 4811 colendo
3185 4754 3457 4810 faciamus.
3491 4753 3593 4811 Co-

2010 4847 2165 4901 limus
2193 4847 2336 4900 enim
2377 4861 2496 4900 eum
2533 4845 2826 4914 adorando,
2871 4862 2977 4900 non
3019 4847 3236 4900 arando.
3283 4846 3376 4901 Ille
3421 4855 3596 4903 autem

2011 4938 2138 4994 colit
2157 4952 2256 4991 nos
2288 4946 2537 5006 tanquam
2563 4937 2796 5006 agricola
2823 4953 3030 5008 agrum.
3055 4938 3206 5004 Quod
3233 4953 3361 5008 ergo
3389 4952 3486 4992 nos
3511 4938 3599 4993 ille

2011 5031 2176 5096 colit,
2206 5031 2456 5085 meliores
2503 5045 2601 5085 nos
2648 5029 2860 5092 reddit;
2909 5031 3033 5100 quia
3069 5038 3123 5085 et
3151 5030 3384 5099 agricola
3413 5045 3600 5100 agrum

2013 5121 2239 5178 colendo
2269 5121 2395 5176 facit
2420 5121 2696 5176 meliorem
2729 5139 2742 5174 :
2771 5130 2826 5176 et
2869 5122 3039 5190 ipsum
3080 5120 3307 5174 fructum
3353 5121 3407 5176 in
3448 5122 3604 5178 nobis

2077 5305 2094 5335 ί
2122 5309 2256 5352 Hunc
2277 5315 2440 5352 sermo
2462 5299 2651 5351 titulum
2691 5299 2888 5362 praefert
2903 5300 2968 5363 in
2992 5299 3242 5363 veteribus
3258 5299 3396 5350 libris
3412 5302 3604 5363 optima:

2014 5371 2140 5414 notae
2163 5365 2436 5414 Colbertino
2456 5370 2508 5412 et
2529 5360 2931 5412 Phimarconensi.
2950 5367 2997 5410 tn
3015 5360 3122 5410 aliis
3156 5375 3274 5412 vero
3304 5370 3409 5413 Mss.
3443 5360 3607 5413 minus

2013 5428 2144 5476 bene
2178 5427 2477 5539 inscribitur,
2497 5425 2558 5474 de
2597 5423 2762 5475 Verbis
2785 5422 2975 5473 Domini
3016 5423 3282 5474 secundum
3316 5433 3480 5486 Joan.,
3506 5433 3604 5489 Ego

2013 5503 2119 5539 sum
2141 5502 2186 5539 vi
2208 5503 2269 5539 is.
2293 5497 2386 5538 etc.

2255 5525 2269 5548 ’
2294 5525 2386 5538 νιν·

2077 5571 2090 5590 ⁹
2123 5573 2409 5633 Recognitus
2439 5569 2712 5634 adcodices
2731 5581 2905 5634 omnes
2925 5576 3117 5634 notatos
3137 5582 3281 5634 supra
3303 5573 3354 5621 In
3375 5583 3604 5622 sermone

2013 5633 2094 5694 82,
2119 5646 2176 5683 ac
2188 5630 2430 5696 praeterea
2452 5631 2510 5679 ad
2526 5632 2608 5692 pb.
2637 5639 2688 5680 et
2709 5630 2768 5679 ad
2789 5632 3010 5693 quintum
3041 5631 3102 5682 cl.

2077 5715 2151 5780 (a)
2175 5714 2316 5769 Alias.
2339 5713 2404 5764 de
2427 5713 2596 5762 Verbis
2616 5713 2799 5763 Domini
2816 5712 2894 5762 59.
