3980 6470
432 310 529 367 551

431 425 624 492 ψιωιηὶι
647 466 662 488 ,
714 434 769 480 ut
798 441 917 480 eum
949 430 1207 483 colamus.
1241 431 1457 486 Cultura
1491 432 1653 500 ipsius
1682 441 1766 489 est
1795 433 1847 487 in
1875 449 1972 488 nos
1997 476 2012 502 ,

431 515 572 586 quod
603 531 708 572 non
748 530 922 574 cessat
961 521 1125 576 verbo
1173 539 1271 578 suo
1302 527 1598 596 exstirpare
1641 530 1846 585 semina
1877 532 2014 587 mala

429 607 498 664 de
523 608 770 665 cordibus
797 615 984 678 notris,
1016 617 1222 686 aperire
1249 633 1343 674 eor
1364 631 1599 678 nostrum
1627 631 1872 695 tanquam
1899 645 2016 682 ara-

430 710 513 757 tro
541 707 802 759 sermonis
823 748 837 774 ,
865 708 1106 776 plantare
1136 715 1337 770 semina
1371 728 1786 790 praeceptorum,
1820 740 2013 793 exspe-

429 802 575 850 ctare
617 796 845 852 fructum
880 800 1108 869 pietatis.
1153 804 1282 860 Cum
1314 811 1456 864 enim
1488 811 1640 868 istam
1671 815 1931 873 culturam
1961 819 2014 873 in

429 904 524 945 cor
553 903 794 950 nostrum
824 898 900 952 sic
928 903 1313 970 acceperimus,
1343 914 1400 960 ut
1424 923 1548 966 eum
1573 910 1709 965 bene
1731 913 1970 970 colamus
1997 961 2010 983 ,

423 993 533 1038 non
577 986 854 1044 existimas
885 994 1071 1062 ingrati
1099 998 1344 1066 agricola:
1374 1009 1556 1064 nostro
1579 1045 1594 1071 ,
1641 1004 1734 1062 sed
1784 1005 2012 1063 fructum

423 1075 698 1133 reddimus
754 1096 859 1151 quo
911 1087 1158 1154 gaudeat.
1196 1088 1264 1146 Et
1293 1090 1497 1158 fructus
1519 1104 1701 1160 noster
1731 1115 1835 1154 non
1867 1101 2012 1156 illum

421 1166 670 1230 ditiorem
700 1173 857 1244 facit,
891 1180 982 1233 sed
1013 1196 1112 1242 nos
1137 1181 1424 1252 beatiores.

495 1259 550 1317 2.
596 1263 861 1329 Quomodo
906 1289 997 1330 nos
1044 1273 1180 1344 Deus
1229 1279 1364 1332 colit.
1429 1280 1568 1338 Ecce
1621 1286 1834 1353 audite,
1891 1289 2011 1358 quia

422 1353 559 1407 sicut
587 1355 733 1425 dixi,
783 1361 909 1415 colit
951 1378 1046 1432 nos
1103 1366 1260 1434 Deus.
1311 1371 1440 1426 Nam
1485 1375 1606 1444 quia
1649 1393 1747 1433 nos
1788 1380 2012 1436 colimus

422 1449 591 1506 Deum
619 1493 632 1516 ,
664 1468 769 1508 non
802 1471 932 1526 Opus
959 1469 1042 1514 est
1083 1472 1140 1516 ut
1170 1466 1426 1532 probetur
1455 1471 1622 1527 vobis.
1656 1471 1843 1530 Omnis
1868 1479 2008 1532 enim

424 1539 586 1598 homo
618 1545 718 1600 hoc
756 1547 914 1604 habet
944 1552 995 1606 in
1024 1569 1116 1609 ore
1139 1597 1152 1620 ,
1185 1557 1308 1626 quia
1338 1559 1580 1617 homines
1607 1567 1788 1621 colunt
1819 1569 2008 1624 Deum.

420 1637 553 1703 Quia
583 1654 710 1694 vero
753 1641 895 1697 Deus
925 1646 1051 1700 colit
1094 1647 1337 1705 homines
1363 1693 1376 1717 ,
1409 1656 1562 1724 quasi
1588 1662 2009 1727 expavescimu-

421 1732 562 1787 ditor
591 1736 803 1805 quando
829 1739 975 1806 audit
1005 1759 1020 1810 ς
1052 1743 1175 1812 quia
1207 1761 1312 1800 non
1343 1758 1426 1804 est
1451 1750 1502 1804 in
1529 1765 1626 1806 usu
1653 1751 1926 1810 hominum
1953 1767 2010 1813 ut

420 1826 629 1882 dicatur
647 1831 767 1900 quia
797 1831 939 1889 Deus
965 1836 1092 1889 colit
1128 1836 1406 1910 homines;
1451 1844 1543 1898 sed
1571 1846 1694 1915 quia
1723 1849 1884 1904 Deum
1913 1866 2006 1906 co-

421 1917 537 1972 lunt
587 1921 850 1980 homines.
900 1927 1164 1986 Debemus
1212 1947 1340 2003 ergo
1374 1937 1600 2004 probare
1626 1939 1778 1994 vobis
1808 1945 1927 2012 quia
1957 1954 2010 2001 et

423 2011 561 2066 Deus
607 2015 733 2068 colit
771 2016 1054 2084 homines;
1099 2040 1164 2078 ne
1214 2022 1350 2082 forte
1391 2037 1638 2097 putemur
1663 2033 1882 2090 verbum
1921 2038 2007 2092 in-

419 2104 814 2177 diseiplinatum
843 2111 1041 2174 dixisse
1065 2157 1078 2180 ,
1110 2129 1163 2176 et
1199 2119 1389 2188 aliquis
1419 2124 1472 2177 in
1503 2125 1666 2182 corde
1693 2143 1792 2184 suo
1821 2131 2007 2201 dispu-

420 2206 495 2251 tet
521 2211 705 2262 contra
733 2219 850 2272 nos,
882 2219 934 2272 et
965 2212 1212 2268 nesciens
1241 2216 1367 2285 quid
1397 2219 1691 2277 dixerimus
1717 2229 2006 2294 reprehen-

418 2289 510 2346 dat
561 2309 677 2348 nos.
745 2297 858 2353 lloc
912 2315 1041 2371 ergo
1092 2309 1440 2366 constitutum
1502 2324 1586 2371 est
1633 2313 2006 2379 demonstrare

418 2385 607 2452 vobis;
656 2390 776 2459 quia
817 2402 869 2448 et
916 2395 1056 2452 Deus
1095 2401 1222 2456 colit
1263 2409 1514 2473 nos;sed
1540 2411 1648 2479 jam
1678 2413 1821 2485 dixi,
1871 2420 2006 2474 sicut

416 2491 648 2548 agrum,
700 2493 758 2538 ut
808 2489 1057 2546 meliores
1101 2511 1199 2552 nos
1241 2497 1418 2555 faciat.
1466 2503 1723 2561 Dominus
1771 2509 1894 2564 dicit
1951 2513 2002 2566 in

416 2573 704 2646 Evangelio
738 2597 750 2633 :
785 2579 898 2654 Ego
938 2602 1049 2640 sum
1077 2590 1224 2656 vitis,
1267 2607 1353 2649 vos
1378 2598 1494 2651 estis
1522 2613 1809 2666 tramenta,
1848 2602 2005 2659 Pater

415 2686 558 2726 meus
586 2683 658 2728 est
685 2677 911 2745 agricola
952 2680 1148 2747 (Joen.
1193 2701 1284 2754 xv,
1329 2690 1363 2746 δ
1383 2733 1397 2758 ,
1432 2692 1455 2746 Ι
1555 2695 1689 2760 Quid
1719 2696 1843 2752 facit
1867 2702 2000 2768 agri-

415 2764 573 2820 cola?
615 2767 888 2842 iuterrogo
933 2789 1028 2830 vos
1053 2819 1066 2840 ,
1093 2780 1183 2848 qui
1230 2764 1486 2852 agricolas
1505 2788 1676 2856 estis;
1722 2793 1846 2863 quid
1879 2794 2006 2851 facit

415 2857 688 2925 agricola?
727 2861 862 2920 Puto
889 2867 1010 2936 quia
1037 2883 1224 2940 agrum
1245 2875 1392 2930 colit.
1438 2877 1495 2933 Si
1521 2893 1652 2952 ergo
1679 2857 1838 2940 Pater
1864 2886 2004 2943 Deus

414 2950 646 3016 agricola
674 2965 755 3009 est
778 2998 792 3021 ,
823 2958 982 3014 habet
1009 2977 1191 3032 agrum
1217 3010 1230 3033 ,
1263 2978 1318 3023 et
1343 2971 1471 3024 colit
1501 2985 1686 3044 agrum
1724 2992 1877 3032 suum
1905 3023 1918 3047 ,
1952 2992 2005 3035 et

415 3054 690 3113 exspectat
721 3050 844 3105 inde
874 3052 1125 3111 fructum.

487 3137 713 3196 CAPUT
752 3143 817 3198 ﬂ.
849 3176 923 3186 --
949 3149 1001 3202 5.
1060 3149 1218 3206 Vinea
1255 3163 1288 3208 α
1327 3155 1436 3212 Deo
1487 3160 1737 3228 plantam.
1769 3163 2003 3236 Denique

410 3228 671 3296 plantavit
723 3235 971 3307 vineam,
1028 3242 1164 3298 sicut
1215 3246 1344 3302 dicit
1395 3251 1510 3319 ipse
1560 3251 1817 3311 Deminus
1849 3258 2002 3315 .lesus

410 3321 658 3378 Christus
683 3367 696 3388 ,
723 3335 782 3381 et
806 3330 1001 3386 locavit
1031 3349 1147 3388 eam
1180 3338 1429 3407 agricolis
1449 3385 1464 3409 ,
1508 3346 1596 3414 qui
1639 3347 1928 3405 redderent
1953 3354 2000 3407 ei

410 3411 643 3471 fructum
677 3423 1006 3490 temporibus
1034 3431 1285 3497 propriis.
1333 3433 1395 3487 Et
1423 3436 1653 3493 misitad
1681 3455 1772 3495 eos
1816 3445 2000 3500 servos

410 3520 537 3560 suos
559 3549 572 3571 ,
606 3517 664 3562 ut
706 3523 952 3579 peterent
999 3521 1298 3576 merct‘dcm
1327 3525 1513 3581 vinea).
1546 3527 1622 3582 liii
1661 3543 1836 3588 autem
1863 3549 2000 3591 con-

413 3601 650 3656 tumeliis
678 3619 773 3659 eos
797 3607 1112 3679 all‘ecerutit,
1142 3615 1350 3687 aliquos
1375 3628 1430 3674 et
1455 3622 1788 3693 occiderunt,
1808 3637 1862 3682 et
1885 3629 1996 3684 fru~

408 3700 552 3748 ctum
596 3697 822 3756 reddere
850 3711 1306 3776 contempserunt.
1340 3711 1482 3768 Misit
1508 3715 1676 3782 alios;
1722 3721 1840 3774 talia
1875 3739 1995 3792 per-

405 3787 547 3854 pessi
575 3799 717 3844 sunt.
748 3791 816 3847 Et
839 3794 970 3850 dixit
991 3797 1080 3851 ille
1108 3801 1526 3874 paterfamilias,
1553 3810 1724 3864 cultor
1748 3815 1859 3884 agri
1876 3787 1993 3883 :sui,

407 3888 459 3934 et
487 3881 752 3948 plantator
794 3895 848 3941 et
896 3888 1100 3945 locator
1142 3894 1312 3949 vinea:
1359 3912 1470 3953 suae
1503 3917 1515 3952 :
1552 3900 1756 3958 Mittam
1789 3909 1996 3963 unicum

413 3973 570 4028 tilium
595 3993 759 4032 meum
783 3996 803 4044 ;
832 3985 962 4051 forte
987 3984 1068 4039 vel
1093 3985 1262 4057 ipsum
1287 3990 1606 4048 verebuntur.
1638 3995 1706 4050 Et
1729 4000 1883 4068 misit,
1915 4002 1995 4056 in-

401 4068 550 4136 quit,
581 4071 731 4125 etiam
754 4075 920 4140 ﬁlium
959 4095 1124 4132 suum.
1158 4080 1417 4140 Dixerunt
1445 4088 1518 4142 illi
1544 4091 1684 4159 apud
1708 4105 1766 4146 se
1800 4095 1945 4163 ipsos
1977 4115 1989 4151 :

402 4159 507 4213 llic
525 4173 596 4244 est
645 4165 844 4235 haeres;
875 4172 1036 4234 venite
1064 4216 1078 4240 ,
1123 4178 1410 4240 occidantur
1439 4200 1553 4238 eum
1573 4225 1590 4252 ,
1619 4197 1666 4241 et
1695 4199 1868 4246 nostra
1897 4194 1991 4248 erit

400 4241 689 4312 lttl’rt’dilas.
733 4259 801 4318 Et
845 4264 1155 4331 occiderunt
1191 4285 1354 4338 eum;
1401 4283 1456 4331 et
1477 4279 1818 4347 projecerunt
1841 4295 1988 4341 extra

402 4345 632 4400 vineam.
657 4350 788 4432 Cum
819 4357 1024 4418 venerit
1049 4358 1307 4431 Dominus
1337 4345 1525 4432 vineae,
1557 4345 1683 4441 quid
1711 4373 1868 4431 faciet
1889 4379 1990 4433 illis

397 4439 554 4493 malis
601 4443 846 4508 colonis?
876 4447 1212 4520 Responsum
1239 4465 1362 4512 est:
1398 4439 1740 4520 Malos—male
1779 4470 1985 4538 perdet,

397 4538 444 4584 et
471 4532 667 4589 vineam
719 4553 865 4593 suam
912 4540 1097 4606 locabit
1133 4547 1249 4602 aliis
1277 4552 1517 4621 agricolis
1537 4595 1552 4621 ,
1582 4557 1668 4626 qui
1693 4532 1911 4616 reddant

396 4627 624 4695 fructum
646 4630 696 4682 in
725 4640 948 4702 tempore
971 4654 1061 4698 suo
1087 4637 1303 4710 (Matth.
1333 4659 1429 4702 XXI
1453 4689 1468 4714 ,
1489 4647 1704 4721 55—“).
1741 4653 1983 4711 Platttata

395 4727 480 4772 est
507 4719 680 4788 vinea,
712 4723 826 4794 lege
848 4726 968 4791 data
991 4730 1042 4784 in
1071 4733 1322 4790 cordibus
1341 4719 1673 4797 Judaeorum.
1695 4745 1842 4802 Missi
1859 4758 1986 4805 sunt

395 4809 700 4882 Propheta},
731 4831 1032 4886 quaerentes
1059 4823 1312 4893 fructum,
1338 4829 1533 4890 bonam
1561 4835 1722 4890 vitam
1750 4855 1935 4896 eorum
1964 4860 1978 4896 :

396 4901 680 4975 Propheta:
709 4909 776 4963 ab
803 4911 882 4966 eis
905 4917 1244 4973 contumeliis
1268 4919 1442 4976 aﬂ'ecti
1468 4965 1483 4989 ,
1525 4933 1580 4980 et
1625 4929 1784 4983 occisi
1837 4944 1974 4987 sunt.

395 4994 585 5053 Missus
627 5010 712 5056 est
751 5011 806 5059 et
837 5003 1082 5064 Christus
1119 5011 1304 5074 unicus
1339 5014 1506 5072 Filius
1545 5022 1977 5094 patrisfamilias;

397 5098 446 5144 ,ξι
478 5090 649 5160 ipsum
682 5096 994 5166 occiderunt
1025 5101 1290 5164 hzcredem
1315 5147 1331 5174 ,
1379 5119 1434 5165 et
1481 5112 1603 5168 ideo
1631 5090 1978 5184 perdiderunt

396 5179 780 5244 hereditatem.
827 5189 884 5245 In
929 5197 1254 5252 contrarium
1284 5201 1362 5256 eis
1389 5205 1548 5259 vertit
1577 5208 1773 5264 malum
1801 5216 1977 5268 consi-

396 5271 541 5328 lium.
565 5276 633 5332 Ut
661 5283 1013 5354 possiderent,
1038 5290 1348 5350 occiderunt
1375 5313 1390 5350 :
1412 5305 1466 5352 et
1490 5299 1612 5368 quia
1643 5304 1970 5373 occiderunt,

389 5365 752 5433 perdiderunt.

456 5472 688 5531 CAPUT
726 5478 814 5537 III.
839 5511 913 5526 -—
945 5483 1002 5542 ι.
1039 5485 1272 5561 Operarii
1290 5493 1361 5548 ad
1380 5497 1538 5552 vineta
1565 5499 1820 5557 culturam
1847 5521 1971 5560 con-

391 5565 544 5620 ducti.
589 5569 655 5622 Et
697 5573 856 5627 modo
907 5580 1129 5636 audistis
1165 5586 1562 5647 similitudinem
1587 5610 1650 5649 ex
1682 5595 1969 5672 Evangelio

385 5669 593 5726 sancto,
626 5664 748 5732 quia
774 5666 938 5722 simile
965 5681 1036 5724 est
1064 5690 1272 5745 regnum
1300 5680 1538 5738 ctelorum
1564 5689 1924 5760 patrifamilias
1948 5738 1964 5763 ,

383 5749 468 5818 qui
507 5753 629 5808 exiit
668 5757 946 5814 conducere
988 5770 1245 5834 aperarios
1287 5773 1356 5834 ad
1396 5776 1590 5833 vineam
1618 5797 1784 5839 suam.
1824 5783 1966 5844 Exiit

1673 317 1727 370 S.
1769 311 2142 372 AUGUSTINI
2176 315 2477 378 EPISCOPI

3614 340 3720 397 539.

2130 447 2289 498 mane
2309 478 2325 502 ,
2369 446 2423 504 et
2461 453 2594 509 quos
2630 439 2835 500 invenit
2866 446 3150 515 conduxit;
3181 458 3236 506 et
3259 451 3460 522 placuit
3487 470 3610 531 cum
3637 463 3715 517 eis

2122 528 2422 586 mercedem
2439 531 2735 589 denarium.
2752 537 2891 594 Exiit
2906 549 2960 594 et
2982 541 3106 596 hora
3135 545 3312 608 tertia,
3333 529 3535 604 invenit
3553 553 3710 622 alios,

2123 631 2173 673 et
2203 621 2422 677 adduxit
2445 623 2511 679 ad
2539 641 2673 696 opus
2703 629 2889 686 viuere.
2925 634 2989 688 Et
3024 643 3171 690 sexta
3200 637 3330 694 hora
3357 640 3460 696 hoc
3485 644 3628 709 fecit,
3661 657 3715 702 et

2121 727 2258 766 nona
2309 713 2407 780 hoc
2451 716 2594 772 fecit.
2640 720 2781 776 Exiit
2809 723 2971 780 etiam
2999 735 3055 782 et
3078 727 3207 783 hora
3235 732 3517 789 undecima
3542 752 3715 808 prope

2121 803 2186 856 ad
2217 805 2376 868 linem
2418 807 2522 863 diei
2549 853 2563 877 ,
2597 811 2800 876 invenit
2831 817 3087 886 quosdam
3127 836 3326 878 vacuos
3364 835 3419 880 et
3459 803 3670 886 stantes
3699 850 3712 896 ;

2121 903 2176 949 ct
2213 898 2287 950 ait
2327 899 2428 953 illis
2461 919 2472 952 :
2503 901 2639 969 Quid
2668 904 2756 959 hic
2783 909 2973 962 statis?
2998 925 3160 980 quare
3195 930 3300 969 non
3329 922 3626 988 operamini
3659 923 3712 975 in

2122 991 2316 1052 vinea?
2353 993 2768 1064 Responderunt
2801 1018 2814 1053 ι
2837 1001 2971 1069 Quia
2993 1020 3151 1060 nemo
3170 1023 3268 1061 nos
3287 1012 3571 1066 emiduxit.
3603 1015 3712 1069 Ve-

2121 1082 2250 1150 nite,
2284 1084 2471 1155 inquit,
2504 1096 2561 1143 et
2585 1105 2680 1150 vos
2705 1132 2718 1155 ,
2752 1102 2804 1148 et
2831 1095 2971 1163 quod
2995 1096 3196 1165 justum
3221 1099 3411 1168 fuerit,
3445 1104 3585 1160 dabo
3613 1122 3714 1160 vo-

2121 1173 2217 1230 bis.
2248 1177 2543 1242 Mercedem
2571 1182 2848 1242 denarium
2888 1190 3102 1258 placuit.
3150 1193 3238 1248 lsti
3285 1198 3376 1266 qui
3423 1215 3527 1254 una
3574 1202 3712 1258 hora

2120 1277 2273 1334 erant
2295 1277 2566 1342 Operaturi
2588 1319 2600 1341 ,
2628 1280 2841 1348 quando
2865 1283 2964 1338 sibi
3003 1285 3265 1342 auderent
3299 1305 3516 1359 sperare
3544 1295 3715 1350 dena-

2119 1359 2297 1428 rium?
2338 1363 2444 1435 sed
2485 1375 2661 1426 tamen
2702 1386 2761 1426 se
2797 1373 2994 1443 aliquid
3023 1388 3334 1448 accepturos
3359 1385 3714 1452 gratulaban-

2119 1462 2222 1512 tur.
2273 1457 2496 1524 Adducti
2541 1471 2664 1518 sunt
2699 1474 2753 1522 et
2805 1466 2904 1535 ipsi
2953 1468 3017 1523 ad
3049 1487 3206 1526 unam
3239 1475 3424 1531 horam
3458 1479 3493 1530 ¹.
3533 1479 3713 1535 Finito

2116 1547 2242 1616 die,
2290 1550 2448 1619 jussit
2485 1557 2730 1618 omnibus
2769 1560 2917 1616 reddi
2945 1566 3244 1620 mercedem
3271 1609 3284 1632 ,
3335 1585 3361 1621 a
3401 1573 3712 1629 novissimis

2117 1652 2284 1714 u5que
2313 1646 2377 1699 ad
2403 1647 2626 1715 primos.
2662 1650 2786 1708 Inde
2811 1655 2978 1724 erepit
3001 1657 3231 1714 reddere
3253 1661 3320 1714 ab
3345 1663 3427 1717 eis
3452 1665 3542 1734 qui
3571 1667 3710 1721 hora

2117 1734 2393 1790 undecima
2421 1751 2698 1807 venerant,
2729 1743 2887 1813 jussit
2914 1748 2994 1804 eis
3021 1749 3150 1804 dare
3174 1751 3470 1809 denarium.
3503 1755 3584 1812 illi
3616 1761 3708 1828 qui

2118 1829 2287 1896 prima
2317 1832 2445 1885 hora
2478 1845 2774 1904 venerant,
2804 1839 3043 1897 videntes
3070 1843 3192 1899 illos
3225 1849 3497 1918 accepisse
3539 1851 3711 1907 dena-

2118 1923 2278 1986 rium,
2309 1939 2467 1993 quem
2495 1943 2614 1982 cum
2645 1929 2775 1999 ipsis
2794 1933 3092 2002 placuerat,
3117 1951 3468 2006 speraveruut
3497 1959 3556 1998 se
3583 1946 3709 2013 plus

2115 2014 2310 2084 aliquid
2343 2028 2696 2089 accepturos:
2733 2034 2950 2080 ventum
2980 2039 3063 2084 est
3091 2039 3143 2085 et
3171 2032 3236 2086 ad
3264 2034 3426 2102 ipsos,
3463 2046 3516 2090 et
3541 2052 3672 2093 accc

2115 2117 2305 2174 perunt
2332 2109 2632 2166 denarium.
2673 2114 3135 2176 Murmuraverunt
3161 2125 3421 2181 adversus
3465 2139 3705 2198 patrem-

2115 2196 2340 2253 familias
2365 2244 2378 2267 ,
2424 2202 2662 2262 dicentes
2692 2225 2703 2258 :
2731 2207 2872 2264 Ecce
2898 2227 2996 2266 nos
3036 2215 3122 2283 qui
3154 2217 3502 2274 sustinuimus
3543 2223 3704 2277 ardo-

2113 2309 2226 2350 rem
2255 2296 2356 2350 diei
2385 2307 2438 2353 et
2479 2309 2666 2356 aestum
2693 2345 2707 2369 ,
2737 2308 2956 2375 aequasti
2987 2318 3040 2363 et
3069 2325 3228 2380 pares
3271 2313 3440 2368 fecisti
3479 2317 3585 2371 illis
3609 2319 3707 2388 qui

2115 2404 2272 2444 unam
2302 2391 2487 2447 horam
2515 2397 2719 2465 operati
2741 2409 2866 2454 sunt
2894 2401 2946 2455 in
2975 2403 3146 2458 vinea.
3181 2405 3248 2460 Et
3277 2408 3350 2461 ait
3386 2410 3706 2477 paterfami-

2114 2481 2251 2544 lias,
2291 2485 2642 2550 justissimum
2688 2507 3005 2561 responsum
3046 2495 3278 2554 reddens
3324 2503 3412 2555 uni
3456 2511 3700 2558 eorum:

2111 2577 2342 2643 Sodalis.
2371 2596 2478 2636 non
2503 2584 2595 2638 tibi
2623 2584 2722 2640 feci
2751 2588 3027 2657 injuriam;
3055 2591 3156 2646 hoc
3187 2603 3301 2661 est,
3341 2609 3448 2650 non
3475 2605 3528 2651 te
3547 2597 3708 2653 frau-

2114 2672 2267 2736 davi;
2298 2675 2438 2744 quod
2458 2676 2628 2746 placui
2660 2680 2863 2735 reddidi
2891 2684 3005 2738 tibi.
3026 2685 3287 2742 Fraudem
3315 2690 3407 2745 tibi
3439 2706 3544 2746 non
3573 2692 3702 2761 feci,

2111 2767 2231 2836 quia
2261 2769 2402 2838 quod
2430 2780 2618 2840 pactus
2659 2789 2773 2827 sum
2818 2777 3048 2831 reddidi.
3074 2780 3206 2834 llni‘c
3232 2795 3334 2836 non
3357 2784 3480 2838 volo
3505 2785 3708 2840 redde—

2111 2873 2191 2925 re,
2225 2860 2316 2914 sed
2354 2861 2576 2918 donare.
2619 2865 2732 2920 Non
2766 2868 2889 2923 licet
2926 2871 3057 2925 mihi
3098 2870 3277 2928 facere
3303 2877 3445 2945 quod
3475 2878 3594 2931 volo
3636 2879 3705 2934 de

2111 2954 2276 3007 meo?
2305 2956 2383 3010 An
2411 2958 2597 3013 oculus
2643 2967 2762 3016 tuus
2791 2979 3015 3034 nequam
3061 2975 3143 3022 est
3166 3011 3179 3035 ,
3215 2970 3336 3039 quia
3381 2985 3478 3040 ego
3524 2973 3704 3028 bonus

2109 3048 2274 3101 sum?
2310 3048 2363 3104 Si
2394 3051 2553 3105 alicui
2591 3054 2830 3108 tollerem
2858 3058 3089 3113 alienum
3117 3102 3130 3126 ,
3162 3074 3304 3117 recte
3336 3064 3706 3133 reprehende-

2110 3153 2218 3205 rer,
2234 3141 2381 3208 quasi
2410 3141 2682 3199 fraudator
2697 3147 3010 3218 etinjustus;
3031 3152 3076 3205 si
3095 3153 3248 3207 alicui
3281 3169 3384 3209 non
3414 3155 3702 3212 redderem

2111 3229 2347 3286 debitum
2374 3275 2388 3294 .
2432 3246 2581 3291 recte
2624 3240 3080 3308 reprcbenderer,
3131 3247 3282 3314 quasi
3323 3248 3598 3304 fraudator
3648 3263 3704 3308 et

2109 3331 2333 3392 negator
2355 3325 2510 3380 alieni
2543 3348 2556 3382 :
2585 3343 2705 3384 cum
2732 3345 2860 3386 vero
2886 3334 3120 3390 debitum
3152 3339 3318 3392 reddo
3344 3382 3356 3402 ,
3387 3347 3440 3395 et
3467 3343 3549 3396 cui
3577 3345 3704 3398 volo

2107 3414 2267 3469 etiam
2289 3417 2452 3484 dono,
2481 3435 2581 3475 nec
2606 3423 2687 3475 cui
2719 3423 2973 3479 debebam
3007 3443 3091 3483 me
3117 3438 3292 3499 potest
3328 3433 3699 3502 reprehende-

2105 3521 2165 3561 re
2191 3547 2205 3570 ,
2252 3516 2307 3561 et
2347 3510 2432 3562 cui
2479 3510 2671 3567 donavi
2717 3515 2875 3570 debet
2899 3520 3128 3588 amplius
3157 3509 3410 3590 gaudere.
3440 3524 3555 3578 Non
3579 3537 3705 3582 erat

2107 3599 2248 3668 quod
2280 3603 2697 3671 responderetur
2725 3625 2737 3660 :
2768 3618 2819 3664 et
2847 3614 3040 3680 aequati
3071 3625 3194 3669 sunt
3215 3631 3404 3672 omnes
3429 3661 3442 3682 ,
3475 3630 3529 3673 et
3571 3620 3698 3676 facti

2104 3701 2231 3744 sunt
2259 3695 2539 3750 novissimi
2584 3699 2738 3766 primi
2782 3711 2835 3754 et
2870 3703 3027 3773 primi
3057 3708 3364 3776 novissimi;
3393 3714 3656 3781 siquando
3681 3758 3696 3778 ,

2103 3796 2209 3835 non
2259 3790 2866 3859 praeposterando.Quid
2907 3805 2989 3850 est
3013 3840 3025 3860 ,
3060 3799 3205 3854 Facti
3250 3811 3374 3857 sunt
3417 3805 3697 3861 novissimi

2104 3872 2257 3941 primi
2279 3885 2332 3928 et
2354 3879 2506 3945 primi
2530 3883 2838 3939 novissimi?
2857 3886 2989 3955 Quia
3011 3893 3340 3949 tantumdem
3369 3909 3699 3967 acceperunt

2101 3971 2154 4018 et
2179 3965 2333 4034 primi
2358 3976 2414 4023 et
2436 3973 2727 4029 novissimi.

2169 4058 2395 4117 CAPUT
2434 4063 2522 4120 IV.
2547 4098 2619 4108 —
2656 4071 2708 4125 5.
2743 4071 2936 4128 Merces
2961 4077 3248 4135 novissimis
3278 4083 3419 4152 prius
3446 4086 3652 4141 reddita
3676 4132 3692 4157 ,

2099 4152 2221 4220 quid
2264 4155 2345 4207 sit.
2385 4153 2562 4212 Vocati
2605 4161 2728 4215 hora
2770 4167 2934 4234 prima
2967 4211 2980 4232 ,
3042 4173 3223 4237 (mia,
3270 4183 3375 4228 etc.
3427 4177 3562 4245 Quid
3610 4193 3695 4236 est

2099 4258 2270 4315 ergo,
2323 4250 2465 4319 quod
2520 4267 2551 4308 a
2614 4257 2919 4315 novissimis
2979 4265 3140 4333 cmpit
3181 4267 3445 4324 reddere?
3501 4271 3694 4331 Nonne

2100 4351 2309 4408 omnes,
2342 4343 2480 4399 sicut
2505 4346 2748 4417 legimus,
2782 4353 2936 4408 simul
2975 4361 3240 4427 accepturi
3265 4357 3692 4435 sunt?Legimus

2096 4430 2238 4485 enim
2261 4431 2310 4486 in
2328 4435 2431 4490 alio
2454 4437 2572 4492 loco
2600 4439 2892 4511 Evangelii,
2921 4447 3042 4516 quia
3069 4449 3305 4505 dicturus
3331 4464 3413 4508 est
3439 4457 3517 4510 eis
3552 4474 3691 4527 quos

2096 4535 2259 4592 ponet
2282 4527 2347 4581 ad
2374 4528 2648 4586 dexteram
2684 4534 2912 4598 :Venite.
2950 4538 3191 4596 bettedicti
3221 4543 3392 4600 Patris
3417 4550 3543 4611 mei,
3572 4568 3690 4618 per-

2095 4619 2245 4688 cipite
2284 4637 2492 4691 regnum
2522 4627 2658 4694 quod
2682 4629 2818 4683 vobis
2848 4643 3081 4700 paratum
3115 4647 3190 4690 est
3235 4639 3298 4692 ab
3333 4640 3476 4694 initio
3505 4646 3690 4700 mundi

2099 4708 2310 4780 (Matth.
2329 4729 2451 4776 xxv,
2480 4715 2592 4788 54).
2611 4716 2668 4772 Si
2698 4736 2826 4789 ergo
2852 4735 3037 4779 omnes
3056 4727 3212 4782 simul
3235 4733 3503 4801 acc-epturi
3535 4747 3683 4803 sunt,

2092 4803 2360 4871 quomodo
2387 4806 2475 4862 bie
2502 4809 2843 4882 inteltigimus
2888 4817 3095 4885 priores
3138 4823 3409 4890 accepisse
3437 4823 3558 4880 illos
3589 4831 3684 4897 qui

2095 4893 2370 4950 undecima
2400 4903 2602 4968 operati
2645 4914 2799 4973 sunt,
2849 4917 2903 4961 et
2943 4912 3267 4978 posteriores
3298 4914 3418 4968 illos
3448 4917 3533 4985 qui
3567 4920 3686 4987 pri—

2090 4988 2219 5040 ma?
2243 4987 2301 5044 Si
2331 4998 2554 5059 potuero
2581 4995 2657 5049 sic
2685 4996 2864 5053 dicere
2889 5042 2902 5063 ,
2948 5008 3006 5055 ut
3047 4999 3320 5072 perveniat
3362 5007 3428 5061 ad
3471 5011 3690 5065 intelle-

2087 5087 2231 5134 ctum
2265 5091 2496 5137 vestrum
2523 5127 2537 5151 ,
2567 5087 2676 5142 Deo
2703 5091 2919 5159 gratias.
2945 5092 3022 5147 llli
3066 5095 3205 5150 enim
3233 5098 3440 5153 debetis
3480 5105 3688 5170 gratias

2086 5183 2250 5239 agere
2268 5213 2282 5235 ,
2311 5173 2401 5242 qui
2423 5175 2574 5231 vobis
2601 5193 2698 5247 per
2719 5193 2818 5235 nos
2849 5193 3029 5253 erogat
3054 5204 3070 5239 :
3101 5201 3204 5240 non
3228 5190 3372 5244 enim
3400 5190 3466 5245 de
3491 5203 3687 5247 nostro

2085 5277 2386 5334 erogamus.
2413 5267 2468 5322 Si
2497 5270 2794 5344 interroges
2822 5276 2890 5331 de
2913 5267 3139 5345 duobus,
3163 5282 3308 5336 verbi
3335 5287 3524 5354 gratia,
3541 5289 3684 5356 quis

2083 5356 2229 5424 prior
2258 5363 2557 5432 acceperit,
2602 5365 2692 5434 qui
2733 5378 2854 5436 post
2891 5383 3049 5424 unam
3081 5371 3268 5428 horam
3311 5377 3517 5447 accepit
3541 5421 3557 5445 ,
3605 5397 3681 5439 an

2079 5448 2170 5517 qui
2215 5459 2339 5520 post
2382 5453 2750 5514 duodecimam
2777 5478 2790 5522 ;
2819 5465 2992 5518 omnis
3037 5466 3195 5522 homo
3234 5473 3520 5547 respondet
3549 5479 3680 5545 quia

2078 5539 2226 5608 prior
2251 5545 2488 5613 accepit,
2539 5548 2627 5617 qui
2673 5561 2793 5620 post
2827 5569 2986 5609 unam
3013 5556 3199 5611 horam
3237 5539 3442 5630 accepit
3465 5606 3478 5625 ,
3509 5580 3678 5634 quam

2080 5633 2168 5702 qui
2219 5646 2337 5702 post
2380 5636 2770 5698 duodecimam.
2802 5646 2891 5702 Sic
2939 5664 3064 5716 ergo
3104 5655 3344 5721 quamvis
3391 5656 3492 5710 una
3541 5659 3675 5715 hora

2139 5742 2485 5822 IJColhertinus
2509 5758 2561 5802 et
2585 5753 2731 5804 rlnm.
2751 5761 2874 5805 uss:
2905 5754 3114 5809 .tdduai
3125 5765 3235 5811 sunt
3263 5761 3330 5822 ad
3347 5757 3532 5814 tineam
3549 5764 3681 5820 liora
