4032 6332
316 279 417 339 553

316 389 616 461 acceperint
658 400 845 444 omnes
870 426 885 455 ,
934 392 1113 445 tamen
1147 384 1270 455 quia
1307 380 1396 438 alii
1422 387 1739 453 acceperunt
1768 386 1887 450 post

314 500 468 540 unam
510 481 698 543 horam
721 522 735 545 ,
762 479 848 541 alii
895 484 1215 547 acceperunt
1245 484 1363 546 post
1398 474 1761 531 duodecimam
1789 472 1885 527 ho—

311 593 457 641 ram,
490 574 567 635 illi
599 573 725 643 dicti
767 578 892 641 sunt
936 571 1139 640 priores
1169 569 1437 640 accepisse
1458 608 1475 635 ,
1506 567 1594 638 qui
1625 574 1744 637 post
1772 579 1886 619 mo-

309 670 480 724 dicum
512 666 767 737 temporis
794 670 1132 732 acceperunt.
1164 660 1326 717 Primi
1352 660 1482 731 justi
1506 701 1521 726 ,
1547 657 1684 717 sicut
1709 656 1845 717 Abel
1866 695 1882 722 ,

310 763 442 817 sicut
470 758 604 827 Noe,
632 757 781 828 quasi
810 756 975 825 prima
1002 755 1128 808 hora
1161 753 1351 821 vocati,
1380 752 1677 807 felicitatem
1705 764 1885 804 resur-

308 852 559 907 rectionis
606 849 881 903 uobiscum
920 846 1185 915 accepturi
1217 853 1356 907 sunt.
1384 843 1489 901 Alii
1523 842 1651 912 justi
1676 849 1795 911 post
1819 840 1885 893 il-

306 944 406 1011 los,
432 943 698 998 Abraham
720 982 733 1007 ,
764 939 927 1003 Isaac,
961 937 1125 992 Jacob
1144 978 1158 1002 ,
1189 945 1241 991 et
1270 936 1583 1005 quicumque
1606 940 1759 989 erant
1782 947 1884 986 sm-

305 1037 410 1092 culi
458 1036 738 1105 ipsorum,
782 1031 931 1103 quasi
966 1031 1115 1085 tertia
1157 1028 1287 1083 hora
1325 1028 1535 1093 vocati,
1580 1025 1884 1083 felicitatem

304 1126 714 1183 resurrectionis
757 1123 1022 1195 accepturi
1066 1130 1189 1175 sunt
1230 1120 1523 1177 nobiscum.
1568 1118 1671 1172 Alii
1712 1117 1881 1187 justi,

302 1219 513 1289 Moyses
539 1226 590 1271 et
636 1220 853 1289 Aaron,
902 1222 955 1269 et
995 1214 1313 1285 quicumque
1358 1226 1476 1265 cum
1508 1209 1609 1264 illis
1639 1218 1883 1277 tanquam

303 1309 433 1364 hora
461 1316 610 1362 sexta
634 1307 823 1371 vocati,
850 1306 1152 1359 felicitatem
1178 1302 1582 1357 resurrectionis
1608 1300 1883 1357 nobiscum

301 1402 571 1474 accepturi
612 1410 752 1455 sunt.
789 1401 915 1455 Post
941 1399 1084 1471 ipsos
1114 1396 1393 1465 PrOphctm
1424 1395 1591 1451 sancti
1634 1403 1883 1464 tanquam

304 1512 446 1550 nona
476 1494 607 1548 hora
634 1494 839 1559 vocati,
869 1491 1111 1547 eamdem
1156 1490 1460 1544 felicitatem
1490 1486 1763 1541 nobiscum
1792 1500 1881 1539 ac-

304 1587 515 1657 cepturi
564 1594 707 1641 sunt.
736 1584 793 1655 in
843 1584 943 1637 fine
987 1583 1166 1637 saeculi
1217 1597 1402 1649 omnes
1441 1578 1721 1635 Christiani
1770 1587 1886 1635 tan-

298 1694 460 1749 quam
492 1674 767 1730 undecima
801 1673 931 1728 hora
960 1674 1163 1739 vocati,
1202 1672 1506 1735 felicitatem
1540 1670 1679 1723 illius
1706 1682 1882 1723 resur-

298 1769 555 1824 rectionis
586 1784 707 1835 cum
735 1766 838 1821 illis
876 1766 1143 1837 accepturi
1184 1773 1325 1819 sunt.
1350 1762 1547 1817 Omnes
1589 1762 1745 1817 simul
1791 1775 1880 1815 ac-

298 1861 504 1932 cepturi
531 1868 653 1913 sunt
684 1876 694 1911 :
735 1857 827 1911 sed
856 1857 1028 1911 videte
1060 1858 1183 1911 illos
1215 1856 1446 1925 primos,
1482 1860 1601 1925 post
1629 1859 1881 1924 quantum

299 1963 512 2021 tempus
538 1951 822 2021 accipiunt.
858 1950 911 2004 Si
941 1963 1067 2020 ergo
1093 1949 1166 2003 illi
1193 1948 1345 2018 primi
1370 1956 1487 2016 post
1509 1945 1730 2001 multum
1756 1952 1884 1999 tem-

295 2060 419 2118 pus,
455 2060 553 2099 nos
582 2053 701 2117 post
727 2043 992 2099 modicum
1024 2052 1264 2111 tempus;
1295 2041 1535 2115 quamvis
1562 2038 1720 2095 simul
1744 2038 1884 2094 acci-

300 2138 535 2207 piamus,
566 2137 771 2205 priores
798 2136 1036 2203 videmur
1066 2136 1333 2204 accepisse
1353 2174 1367 2201 ,
1395 2134 1514 2204 quia
1540 2147 1746 2188 merces
1783 2146 1880 2187 no-

295 2238 408 2284 stra
436 2246 540 2284 non
567 2228 811 2283 tardabit.

368 2320 422 2375 6.
459 2319 709 2374 Denarius
747 2320 844 2373 vita
882 2328 1086 2373 artcrna.
1135 2317 1345 2375 Erimus
1387 2332 1514 2389 ergo
1551 2318 1604 2371 in
1630 2316 1717 2373 illa
1744 2331 1883 2372 mer-

294 2411 428 2466 cede
473 2428 661 2465 omnes
707 2408 955 2479 aequales,
1000 2420 1247 2481 tanquam
1294 2410 1448 2483 primi
1493 2409 1787 2475 novissimi,
1830 2419 1883 2465 et

293 2506 572 2559 novissimi
612 2505 763 2573 primi
806 2522 819 2558 :
856 2504 975 2573 quia
1022 2503 1271 2557 denarius
1303 2503 1390 2559 ille
1420 2503 1521 2559 vita
1550 2510 1745 2557 arterna
1779 2510 1877 2565 est,

293 2606 343 2653 et
368 2598 423 2651 in
450 2599 553 2650 vita
582 2604 781 2651 (eterna
804 2612 987 2650 omnes
1018 2594 1245 2665 :equales
1269 2605 1440 2650 erunt.
1470 2594 1719 2660 Quamvis
1740 2595 1882 2651 enim

292 2689 609 2743 meritorum
650 2688 954 2741 diversitate
997 2687 1288 2756 fulgebunt,
1334 2685 1466 2740 alius
1501 2684 1703 2754 magis,
1749 2685 1884 2745 alius

292 2782 472 2835 minus
523 2800 536 2847 :
588 2780 729 2851 quod
775 2789 949 2834 tamen
1008 2778 1071 2833 ad
1119 2778 1280 2833 vitam
1329 2788 1581 2837 arternam
1630 2778 1879 2849 pertinet,

290 2875 514 2946 mqualis
560 2875 661 2928 erit
698 2870 965 2929 omnibus.
1010 2870 1126 2925 Non
1167 2871 1308 2925 enim
1339 2854 1491 2935 alteri
1524 2870 1623 2923 erit
1653 2869 1878 2939 longius,

290 2965 447 3021 alteri
488 2965 720 3030 brevius,
759 2962 899 3034 quod
931 2963 1128 3034 pariter
1164 2962 1543 3032 sempiternum
1575 2970 1656 3015 est
1696 2976 1707 3012 :
1741 2958 1881 3030 quod

288 3072 396 3111 non
444 3055 605 3110 habet
641 3054 822 3121 finem,
866 3069 967 3109 nec
1011 3054 1101 3107 tibi
1148 3053 1381 3123 habebit,
1424 3068 1521 3107 nec
1567 3051 1714 3105 mihi.
1764 3051 1882 3107 Alio

289 3150 451 3205 modo
487 3149 557 3203 ibi
601 3149 699 3203 erit
726 3148 943 3203 castitas
982 3147 1291 3217 conjugalis,
1323 3146 1426 3201 alio
1473 3145 1629 3201 modo
1673 3145 1740 3198 ibi
1782 3136 1883 3213 erit

290 3242 571 3313 integritas
595 3240 863 3310 virginalis
897 3256 910 3291 :
949 3239 1053 3292 alio
1079 3236 1237 3291 modo
1274 3237 1341 3291 ibi
1385 3237 1487 3291 erit
1526 3235 1727 3290 fructus
1756 3222 1879 3303 boui

291 3332 490 3418 Operis,
525 3332 629 3389 alio
669 3329 827 3389 modo
853 3344 1047 3385 corona
1076 3328 1354 3399 passionis,
1382 3327 1513 3381 Illud
1544 3327 1647 3381 alio
1675 3326 1832 3380 modo
1865 3345 1877 3381 :

290 3425 420 3480 illud
452 3425 559 3479 alio
600 3424 757 3491 modo
786 3440 799 3475 :
831 3433 1004 3477 tamen
1041 3432 1291 3491 quantum
1332 3422 1560 3491 pertinet
1593 3422 1656 3476 ad
1699 3420 1881 3479 vivere

292 3518 342 3573 in
373 3528 652 3583 aeternum,
678 3532 775 3570 ncc
806 3515 893 3571 ille
931 3517 1047 3585 plus
1074 3515 1213 3568 vivet
1244 3514 1353 3585 illo,
1380 3528 1479 3581 nec
1504 3513 1593 3567 ille
1622 3513 1737 3583 plus
1768 3512 1874 3567 illo.

290 3610 499 3665 Pariter
524 3611 666 3665 enim
712 3609 825 3663 sine
866 3598 972 3661 fine
1011 3607 1213 3671 vivunt,
1246 3621 1365 3659 cum
1411 3606 1461 3658 in
1501 3605 1611 3660 suis
1659 3606 1880 3676 quisque

294 3702 619 3756 claritatibus
664 3702 802 3755 vivat
836 3718 846 3752 :
891 3707 941 3753 et
973 3698 1057 3767 ille
1099 3696 1349 3752 denarius
1391 3696 1496 3751 vita
1539 3704 1736 3761 :eterna
1776 3705 1875 3750 est.

291 3793 405 3848 Non
438 3794 731 3847 murnmret
758 3806 884 3863 ergo
913 3790 997 3863 qui
1022 3797 1143 3861 post
1169 3788 1388 3841 multum
1420 3797 1623 3856 tempus
1652 3788 1876 3859 accepit,

292 3896 474 3941 contra
499 3901 616 3940 cum
640 3885 726 3954 qui
751 3892 868 3955 post
888 3882 1152 3937 modicum
1178 3890 1385 3950 tempus
1407 3881 1627 3949 accepit.
1656 3880 1733 3933 illi
1760 3881 1879 3935 red-

292 3977 452 4042 ditur,
503 3976 578 4033 illi
624 3976 882 4041 donatur;
914 3973 1153 4053 utrisque
1183 3981 1358 4026 tamen
1387 3987 1489 4025 una
1519 3987 1606 4025 res
1632 3971 1876 4027 donatur.

356 4066 588 4124 CAPUT
641 4058 705 4122 ν.
729 4097 799 4106 —
819 4067 870 4119 7.
903 4064 1165 4132 Quomodo
1189 4064 1336 4117 aliter
1362 4064 1709 4133 intelliguntur
1735 4079 1880 4123 voca-

293 4166 327 4218 ti
353 4165 485 4218 hora
523 4163 707 4233 prima,
741 4154 1024 4227 tertia,ctc.
1054 4156 1147 4211 Est
1173 4166 1225 4212 et
1255 4158 1304 4211 in
1328 4157 1425 4211 ista
1456 4157 1558 4210 vita
1589 4156 1763 4210 simile
1785 4156 1879 4209 ali-

293 4254 436 4325 quid,
461 4263 516 4307 et
531 4263 750 4322 excepta
783 4250 870 4304 illa
894 4248 1158 4305 solutione
1188 4247 1549 4303 similitudinis
1579 4246 1755 4315 hujus,
1778 4262 1879 4318 qua

293 4346 660 4417 intelliguntur
690 4342 857 4413 prima
897 4334 1024 4395 hora
1057 4340 1226 4393 vocati
1266 4338 1397 4392 Abel
1427 4348 1480 4392 et
1514 4338 1676 4408 ipsius
1702 4338 1879 4397 saeculi

290 4438 436 4507 justi,
487 4437 643 4503 tertia
686 4433 952 4490 Abraham
1000 4441 1053 4501 et
1096 4432 1260 4505 ipsius
1312 4430 1489 4484 szeculi
1534 4430 1682 4500 justi,
1732 4438 1880 4485 sexta

294 4528 502 4600 Moyses
531 4536 585 4582 et
605 4527 781 4580 Aaron
804 4535 855 4579 et
878 4524 1040 4595 ipsius
1059 4523 1235 4577 saeculi
1258 4521 1410 4590 justi,
1432 4512 1571 4587 nona
1602 4519 1881 4607 Prophetze

294 4631 343 4677 et
387 4623 554 4693 ipsius
585 4620 762 4676 steculi
806 4618 954 4689 justi,
985 4614 1261 4683 undecima
1292 4624 1538 4687 tanquam
1565 4616 1616 4670 in
1648 4606 1751 4675 line
1780 4630 1880 4670 Ste-

297 4716 395 4779 culi
427 4713 713 4779 Christiani
746 4724 960 4779 omnes;
992 4718 1213 4780 excepta
1257 4706 1518 4775 solutione
1562 4707 1657 4760 ista
1696 4707 1883 4775 simili-

298 4806 492 4862 tudinis
513 4805 693 4876 hujus,
723 4812 775 4859 et
804 4803 854 4856 in
884 4801 983 4855 ista
1007 4800 1113 4853 vita
1144 4807 1323 4852 nostra
1353 4794 1525 4868 potest
1545 4796 1749 4851 adverti
1772 4798 1883 4852 haec

298 4894 606 4954 similitudo.
637 4895 908 4966 Tanquam
952 4892 1091 4946 enim
1133 4891 1301 4962 prima
1326 4886 1458 4943 hora
1488 4899 1759 4955 vocantur,
1793 4890 1881 4961 qui

300 4998 540 5044 recentes
584 4988 653 5041 ab
699 4994 850 5040 utero
900 4984 1083 5039 matris
1126 4980 1382 5052 incipiunt
1428 4995 1546 5034 esse
1575 4980 1879 5049 christiani;

301 5085 444 5152 quasi
479 5081 659 5149 tertia,
685 5079 862 5150 pueri;
893 5076 1041 5148 quasi
1072 5084 1238 5139 sexta,
1264 5074 1520 5143 juvenes;
1551 5073 1700 5144 quasi
1721 5088 1881 5140 nona,

302 5185 578 5247 vergentes
604 5174 655 5227 in
684 5171 922 5236 senium;
960 5166 1108 5239 quasi
1132 5164 1429 5229 undecima,
1454 5164 1670 5218 omnino
1696 5165 1882 5219 decre-

303 5270 389 5336 piti
422 5287 435 5321 :
468 5282 632 5322 unum
664 5275 838 5320 tamen
863 5263 985 5316 vita:
1014 5268 1228 5315 internae
1255 5254 1532 5326 denarium
1574 5272 1758 5313 omnes
1794 5273 1884 5313 ac-

304 5360 522 5430 cepturi.

371 5448 597 5505 CAPUT
634 5445 724 5504 Vl.
755 5475 827 5487 ——-
851 5442 905 5499 8.
937 5440 1003 5497 In
1029 5457 1113 5495 eos
1137 5440 1223 5510 qui
1243 5438 1401 5499 vocati
1426 5437 1493 5492 ad
1516 5438 1705 5505 pineam
1727 5438 1891 5492 venire

309 5542 565 5608 diﬂ'entnt.
592 5539 695 5595 Sed
737 5535 992 5591 attendite
1026 5543 1079 5588 et
1106 5531 1402 5600 intelligite,
1449 5529 1641 5584 fratres
1668 5530 1792 5593 mei,
1823 5545 1891 5585 ne

311 5632 428 5688 ideo
450 5634 672 5704 quisque
696 5628 907 5685 differat
938 5626 1119 5681 venire
1147 5623 1213 5677 ad
1253 5622 1482 5689 vineam,
1514 5621 1634 5691 quia
1674 5636 1891 5677 securus

315 5736 393 5785 est
412 5726 666 5801 quoniam
691 5721 1131 5795 quandocumque
1158 5716 1382 5783 venerit,
1412 5716 1586 5786 ipsum
1614 5714 1888 5773 denarium

1656 250 1882 311 SERMO
1917 248 2114 315 ωαχ
2125 253 2227 312 νυ.

3472 268 3577 327 854

1995 390 2309 453 accepturus
2334 388 2431 436 est.
2478 379 2709 436 Securus
2734 390 2815 441 est
2848 381 3059 452 quidem
3095 380 3236 451 quod
3269 381 3383 452 ipse
3404 381 3573 441 dena-

1994 472 2107 528 rius
2142 473 2218 537 illi
2256 474 2607 547 promittitur;
2632 472 2725 529 sed
2763 472 2975 537 differre
3018 473 3373 543 nonjuhetur.
3406 472 3554 529 Nutu-

1992 564 2118 635 quid
2144 564 2285 637 enim
2309 574 2363 621 et
2390 566 2463 619 illi
2489 566 2579 635 qui
2605 572 2728 623 sunt
2754 565 2818 621 ad
2840 565 3046 631 vineam
3073 565 3339 633 conducti,
3359 566 3570 637 quando

1992 655 2057 711 ad
2086 657 2203 712 illos
2227 657 2402 715 exibat
2427 657 2827 729 paterfamilias,
2852 666 2907 714 ut
2928 657 3248 717 conduceret
3272 672 3403 729 quos
3425 659 3569 713 inve-

1991 748 2070 804 nit
2116 748 2247 821 hora
2292 751 2466 816 tertia,
2508 758 2561 811 et
2597 750 2871 816 conduxit,
2901 751 3048 807 verbi
3088 752 3274 823 gratia,
3323 752 3571 811 dixerunt

1991 836 2087 905 illi,
2116 840 2395 909 Exspecta,
2438 856 2543 895 non
2588 842 2712 899 illuc
2752 843 2889 905 imus
2937 843 3036 901 nisi
3080 842 3209 896 hora
3254 844 3438 899 sexta?
3478 854 3572 899 aut

1991 944 2123 999 quos
2153 930 2353 985 invenit
2380 932 2507 987 hora
2536 943 2702 999 sexta,
2727 934 2991 999 dixerunt,
3019 934 3134 995 Non
3157 934 3293 990 imus
3319 935 3419 989 nisi
3438 935 3567 991 hora

1994 1022 2266 1089 nona?aut
2293 1038 2425 1092 quos
2457 1039 2590 1079 nona
2622 1025 2839 1092 invenit,
2874 1025 3139 1093 dixerunt,
3160 1026 3273 1081 Non
3304 1028 3438 1084 imus
3468 1028 3569 1084 nisi

1990 1114 2303 1171 undecima?
2332 1114 2584 1173 Omnibus
2629 1117 2767 1177 enim
2815 1118 3138 1172 tantumdem
3181 1119 3399 1174 daturus
3440 1128 3564 1175 est:

1990 1220 2151 1277 quare
2194 1222 2290 1261 nos
2331 1210 2557 1279 amplius
2601 1211 2910 1280 fatigantur?
2936 1211 3069 1279 Quid
3099 1211 3187 1267 ille
3215 1211 3435 1269 daturus
3476 1213 3563 1279 sit,

1989 1306 2041 1351 et
2065 1299 2187 1368 quid
2218 1298 2445 1355 facturus
2483 1302 2570 1368 sit,
2622 1318 2781 1371 penes
2827 1302 2997 1372 ipsum
3041 1304 3317 1359 consilium
3357 1312 3437 1361 est
3468 1324 3481 1360 :
3512 1313 3567 1365 tu

1988 1392 2199 1461 quando
2244 1395 2468 1461 vocaris,
2510 1395 2650 1451 veni.
2687 1396 2887 1451 Merccs
2924 1398 3066 1451 enim
3106 1398 3311 1453 cunctis
3348 1398 3568 1467 aequalis

1988 1485 2309 1552 promittitur
2337 1505 2350 1539 :
2382 1487 2475 1542 sed
2510 1488 2575 1542 de
2606 1488 2715 1558 ipsa
2750 1488 2877 1543 hora
2898 1490 3171 1559 operandi,
3200 1506 3388 1561 magna
3418 1506 3566 1561 qua:-

1989 1575 2090 1630 stio
2128 1586 2225 1632 est.
2262 1577 2317 1632 Si
2357 1580 2497 1634 enim
2527 1580 2622 1647 illi,
2666 1580 2813 1635 verbi
2861 1584 3045 1650 gratia,
3099 1582 3187 1651 qui
3232 1583 3404 1637 vocati
3445 1592 3567 1637 sunt

1988 1667 2115 1724 hora
2148 1679 2314 1739 sexta,
2351 1671 2401 1726 in
2433 1672 2531 1727 hac
2568 1683 2723 1729 aetate
2758 1674 2995 1743 corporis
3025 1674 3317 1741 constituti,
3348 1674 3435 1729 ubi
3476 1674 3563 1743 ju-

1986 1761 2185 1815 veniles
2223 1764 2347 1818 anni
2384 1763 2608 1831 fervent,
2639 1765 2775 1821 sicut
2817 1766 2929 1834 ipsa
2964 1766 3090 1819 hora
3119 1775 3263 1825 sexta
3294 1767 3493 1831 fervet;
3522 1767 3567 1823 si

1987 1851 2223 1909 dicerent
2242 1854 2315 1909 illi
2332 1854 2552 1923 juvenes
2572 1858 2742 1917 vocati
2764 1873 2776 1908 :
2800 1856 3081 1927 Exspecta,
3104 1858 3405 1913 audivimus
3425 1858 3566 1912 enim

1989 1944 2041 1998 in
2070 1944 2375 2015 Evangelia,
2406 1948 2529 2017 quia
2554 1963 2739 2003 omnes
2770 1964 2925 2003 unam
2969 1950 3271 2011 mercedem
3300 1950 3565 2019 accepturi

1987 2053 2198 2104 sumus;
2229 2054 2348 2095 cum
2378 2056 2534 2101 senes
2569 2040 2690 2096 facti
2726 2041 2997 2111 fuerimus,
3028 2044 3155 2097 hora
3181 2042 3455 2099 undecima
3470 2058 3564 2098 ve-

1988 2130 2229 2199 niemus;
2259 2131 2583 2188 tantumdem
2620 2134 2907 2203 accepturi,
2951 2149 3112 2204 quare
3140 2132 3564 2204 laboraturi(a)?

1988 2222 2420 2294 Responderetur
2459 2226 2537 2280 cis
2579 2234 2633 2281 et
2672 2226 2937 2282 diceretur
2982 2245 2994 2280 :
3027 2226 3292 2285 Lahorare
3330 2242 3437 2281 non
3464 2225 3566 2290 vis,

1987 2318 2076 2390 qui
2121 2327 2294 2374 utrum
2338 2320 2483 2375 vivas
2527 2335 2692 2391 usque
2734 2320 2802 2375 ad
2845 2330 3134 2383 senectam,
3181 2319 3385 2375 nescis?
3411 2320 3568 2374 Sexta

1989 2409 2116 2463 hora
2132 2411 2353 2475 vocaris,
2380 2412 2521 2466 veni.
2542 2411 2926 2466 Paterfamilias
2948 2413 3038 2466 tibi
3062 2411 3273 2481 quidem
3300 2412 3458 2466 etiam
3482 2428 3568 2464 un-

1988 2501 2190 2555 decima
2224 2504 2449 2557 venienti
2485 2504 2760 2557 denarium
2792 2504 3035 2573 promisit
3062 2522 3075 2558 :
3103 2504 3195 2560 sed
3224 2514 3397 2558 utrum
3423 2505 3569 2559 vivas

1987 2609 2153 2665 usque
2184 2595 2249 2650 ad
2284 2597 2583 2667 septimam,
2619 2612 2776 2651 nemo
2821 2598 2912 2652 tibi
2956 2598 3214 2666 promisit.
3260 2597 3373 2651 Non
3412 2596 3567 2664 dico,

1989 2702 2154 2755 usque
2178 2687 2245 2741 ad
2274 2687 2625 2755 undecimam,
2656 2689 2748 2743 sed
2781 2705 2947 2758 usque
2981 2690 3047 2744 ad
3075 2691 3370 2758 septimam.
3396 2689 3571 2757 Quare

1987 2793 2112 2846 ergo
2140 2778 2319 2833 differs
2345 2788 2620 2833 vocantem
2650 2789 2721 2847 te,
2753 2790 2929 2837 certus
2950 2780 3017 2834 de
3042 2780 3309 2848 mercede,
3334 2781 3569 2837 incertus

1987 2868 2050 2923 de
2077 2869 2198 2923 die?
2226 2869 2357 2933 Vide
2385 2887 2451 2933 ne
2488 2870 2627 2927 forte
2662 2872 2805 2943 quod
2845 2873 2935 2928 tibi
2967 2872 3052 2928 ille
3078 2872 3296 2927 daturus
3324 2880 3407 2927 est
3445 2886 3569 2941 pro-

1985 2962 2262 3027 mittendo,
2289 2971 2344 3019 tu
2377 2963 2468 3017 tihi
2497 2963 2706 3023 auferas
2735 2964 3048 3021 differendo.
3089 2965 3145 3020 Si
3185 2964 3285 3020 hoc
3314 2972 3457 3019 recte
3485 2964 3569 3019 di-

1986 3054 2122 3108 citur
2143 3054 2207 3109 de
2230 3054 2538 3122 infantibus,
2567 3063 2814 3129 tauquam
2836 3056 2900 3109 ad
2933 3056 3117 3111 horam
3146 3058 3370 3125 primam
3399 3055 3567 3127 perti—

1987 3146 2263 3211 nenlibus;
2291 3148 2334 3201 si
2365 3156 2509 3202 recte
2536 3147 2728 3203 dicitur
2757 3146 2821 3202 de
2848 3148 3045 3217 pueris,
3087 3156 3334 3217 tanquam
3368 3147 3435 3201 ad
3467 3147 3565 3200 ho-

1986 3253 2098 3291 ram
2140 3239 2347 3295 tertiam
2395 3238 2815 3307 pcrtinentihus;
2847 3238 2891 3292 si
2930 3247 3074 3297 recte
3101 3238 3295 3293 dicitur
3327 3238 3393 3292 de
3414 3237 3568 3305 juve~

1986 3332 2162 3401 nibus,
2198 3342 2445 3403 tanquam
2476 3333 2528 3385 in
2558 3331 2703 3387 horae
2734 3340 2896 3391 sextzn
2922 3330 3195 3403 ﬂagrantia
3227 3330 3526 3389 constitutis
3552 3349 3567 3401 ;

1985 3432 2181 3492 quanto
2219 3426 2383 3494 magis
2424 3432 2566 3483 recte
2599 3423 2665 3477 de
2707 3422 2991 3492 decrepitis
3032 3422 3243 3489 dicitur,
3287 3421 3424 3481 Ecce
3459 3421 3570 3490 jam

1986 3517 2114 3577 hora
2137 3517 2412 3577 undecima
2440 3526 2539 3579 est,
2568 3525 2621 3569 et
2642 3515 2814 3569 adhuc
2836 3524 2962 3581 stas,
2997 3516 3176 3569 venire
3197 3515 3344 3584 piger
3364 3515 3461 3569 es?

2056 3608 2280 3667 CAPUT
2314 3608 2424 3665 VII.
2456 3638 2523 3646 —
2546 3607 2600 3662 9.
2629 3606 2892 3673 Quomodo
2933 3606 3298 3675 paterfamilias
3331 3607 3451 3661 exiit
3476 3623 3566 3661 vo-

1985 3718 2098 3755 care
2140 3700 2207 3754 ad
2244 3700 2435 3757 vineam
2472 3714 2635 3753 suam.
2682 3697 2909 3751 Ecclesia
2938 3698 3156 3765 loquitur
3187 3697 3409 3769 omnium
3444 3712 3568 3769 gen-

1987 3792 2108 3843 tium
2137 3790 2337 3860 linguis.
2356 3787 2584 3845 Anforte
2610 3802 2714 3841 non
2737 3787 2865 3841 exiit
2892 3786 2958 3843 ad
2987 3794 3038 3841 te
3070 3785 3363 3855 vocandum
3387 3795 3566 3857 pater-

1984 3882 2247 3938 familias?
2273 3881 2328 3937 Si
2355 3896 2458 3935 non
2481 3880 2625 3944 exiit,
2654 3879 2779 3949 quid
2806 3888 2886 3933 est
2912 3878 3054 3951 quod
3086 3879 3380 3948 loquimur?
3408 3878 3567 3933 Nem-

1984 3993 2052 4049 pe
2074 3991 2169 4033 uos
2194 3976 2332 4030 servi
2358 3974 2425 4029 de
2460 3972 2655 4028 familia
2682 3974 2845 4041 ipsius
2876 3986 3079 4037 sumus,
3109 3970 3406 4033 conducere
3432 3985 3563 4041 ope-

1985 4072 2153 4141 rarios
2182 4069 2330 4125 missi
2352 4082 2554 4123 sumus.
2583 4065 2717 4137 Quid
2741 4080 2867 4137 ergo
2888 4065 3032 4121 stas?
3054 4062 3239 4135 Finisti
3264 4063 3374 4133 jam
3397 4077 3566 4119 anno-

1984 4179 2102 4218 rum
2151 4174 2463 4229 numerum,
2504 4158 2693 4215 festina
2736 4142 2802 4225 ad
2837 4155 3131 4227 denarium.
3179 4155 3293 4210 Hoc
3313 4165 3394 4208 est
3424 4153 3565 4209 enim

1984 4254 2131 4321 exire
2178 4249 2629 4323 patremfamilias,
2678 4249 3010 4321 innotescere
3050 4247 3336 4319 :quoniam
3380 4245 3468 4319 qui
3514 4244 3566 4299 in

1985 4345 2145 4409 domo
2169 4351 2273 4411 est,
2293 4343 2348 4398 in
2386 4341 2566 4405 abdito
2603 4348 2703 4404 est,
2734 4354 2839 4395 non
2868 4339 3076 4411 videtur
3113 4338 3181 4392 ab
3209 4336 3286 4393 eis
3323 4337 3409 4411 qui
3439 4335 3566 4390 foris

1986 4444 2140 4503 sunt;
2181 4447 2301 4489 cum
2344 4440 2517 4497 autem
2558 4431 2684 4499 exiit
2709 4429 2777 4503 de
2811 4430 2989 4499 domo,
3013 4428 3221 4497 videtur
3259 4429 3326 4495 ab
3366 4429 3441 4483 eis
3478 4427 3566 4496 qui

1986 4528 2114 4593 foris
2162 4533 2304 4583 sunt.
2334 4512 2599 4587 Christus,
2627 4520 2838 4593 quando
2884 4536 2991 4593 non
3036 4519 3344 4593 intelligitur
3383 4526 3435 4572 et
3460 4532 3565 4570 non

1987 4616 2310 4689 agnoscitur,
2340 4614 2392 4668 in
2414 4621 2621 4669 secreto
2641 4620 2723 4667 est
2755 4629 2767 4664 :
2800 4611 3011 4682 quando
3034 4621 3210 4666 autem
3243 4609 3565 4680 agnoscitur,

1987 4710 2115 4763 exiit
2138 4705 2456 4763 conducere.
2498 4704 2576 4758 Ex
2618 4704 2825 4759 occulto
2854 4705 2994 4775 enim
3034 4702 3292 4771 processit
3330 4700 3396 4754 ad
3426 4700 3566 4753 noti-

1990 4802 2113 4869 tiam
2147 4817 2160 4852 :
2202 4808 2360 4867 notus
2398 4805 2480 4855 est
2522 4796 2781 4863 Christus,
2823 4796 3017 4867 ubique
3058 4794 3375 4865 praedicatur
3412 4792 3567 4865 Chri-

1960 4884 2129 4956 'stus;
2179 4891 2400 4962 gloriam
2443 4888 2637 4959 Christi
2687 4888 2864 4959 omnia
2911 4902 3258 4959 quaecumque
3299 4894 3425 4955 sunt
3470 4886 3570 4955 sub

1989 4985 2125 5041 coelo
2152 4985 2402 5049 clamant.
2433 4980 2554 5041 Fuit
2578 4979 2843 5051 irrisibilis
2869 4979 3096 5053 quodam
3127 4978 3285 5051 modo
3313 4987 3366 5034 et
3394 4993 3569 5046 repre-

1993 5073 2271 5141 hensibilis
2295 5074 2430 5127 inter
2449 5071 2680 5147 Judaeos,
2703 5071 2847 5125 visus
2868 5079 2951 5139 est
2976 5070 3208 5143 humilis,
3234 5076 3569 5147 contemptus

1994 5175 2093 5221 est.
2122 5164 2431 5229 Occultabat
2458 5163 2598 5216 enim
2638 5162 2987 5231 majestatem,
3020 5169 3317 5233 promptam
3345 5159 3573 5231 habebat

1994 5255 2373 5309 infirmitatem.
2397 5238 2770 5323 Contemptum
2802 5262 2882 5311 est
2910 5254 2962 5307 in
2990 5252 3078 5308 illo
3103 5253 3243 5321 quod
3268 5262 3570 5325 promptum

1995 5358 2129 5414 erat,
2160 5360 2261 5405 nec
2286 5348 2552 5416 cognitum
2580 5346 2721 5417 quod
2747 5346 3008 5417 occultum
3042 5353 3174 5399 crat.
3213 5345 3266 5403 Si
3310 5346 3449 5419 enim
3477 5360 3571 5401 co-

1995 5438 2320 5509 gnovissent,
2343 5452 2609 5507 nunquam
2639 5437 2918 5492 Dominum
2960 5436 3142 5508 gloriae
3186 5437 3574 5495 crucifixissent

2001 5530 2043 5602 tl
2062 5532 2177 5585 Cor.
2212 5547 2268 5599 tt,
2302 5531 2376 5600 8).
2419 5528 2684 5600 Numquid
2711 5530 2881 5585 adhuc
2900 5532 3319 5591 contemnendus
3364 5540 3445 5587 est
3488 5547 3576 5593 se-,

1998 5622 2128 5678 dens
2179 5620 2230 5674 in
2272 5622 2428 5682 cmlo,
2460 5620 2503 5673 si
2545 5628 2878 5688 contemptus
2924 5630 3007 5679 est
3055 5636 3175 5683 cum
3218 5623 3472 5696 penderet
3519 5623 3574 5677 in

2063 5723 2136 5786 (a)
2154 5731 2311 5785 Forte,
2328 5721 2532 5785 amplius
2549 5719 2823 5774 laboraturi.
