4006 6460
413 321 519 377 535

408 434 587 506 ligno?
626 431 974 503 Agitaverunt
1015 438 1174 500 caput
1217 429 1308 500 qui
1347 442 1469 485 eum
1511 427 1908 492 crucifixerunt,
1941 436 1997 482 et

405 537 531 582 ante
571 541 785 582 crucem
833 524 948 594 ejus
996 531 1220 591 stantes,
1267 532 1321 578 et
1365 529 1616 594 tanquam
1657 520 1724 575 ad
1767 519 1996 574 fructum

403 636 516 676 suae
555 620 774 674 saevitiae
817 618 1204 688 pervenientes,
1241 616 1558 671 insultantes
1585 617 1602 647 ¹
1639 615 1905 676 dicebant.
1935 613 1996 669 Si

406 711 576 766 Filius
601 711 699 764 Dei
724 720 814 776 est,
837 709 1106 765 descendat
1125 711 1186 764 de
1213 727 1381 764 cruce.
1413 710 1552 763 Alios
1580 709 1743 763 salvos
1774 709 1910 777 fecit,
1943 724 1997 762 se

403 804 571 874 ipsum
603 803 796 857 salvum
827 807 991 873 facere
1019 818 1119 855 non
1143 801 1339 871 potest?
1365 800 1644 854 Descendo:
1666 799 1727 852 de
1751 815 1917 866 cruce,
1949 809 1994 852 et

405 894 652 948 credimus
675 896 728 947 in
755 911 868 947 eum
898 893 1108 964 (Matth.
1151 907 1325 957 xxvu,
1369 892 1576 961 59-45).
1623 889 1741 944 Non
1768 891 1992 944 descen-

403 987 582 1052 debat,
613 988 735 1058 quia
774 987 993 1041 latebat.
1035 986 1199 1040 Multo
1240 985 1384 1040 enim
1425 983 1631 1038 facilius
1675 990 1883 1052 poterat
1926 980 1994 1036 de

401 1091 562 1134 cruce
587 1076 930 1144 descendere,
965 1078 1053 1146 qui
1100 1076 1268 1146 potuit
1304 1075 1373 1130 de
1409 1076 1652 1146 sepulcro
1693 1087 1989 1144 resurgere.

401 1169 484 1225 Ad
512 1179 748 1224 nostram
771 1158 1198 1225 informatiOnem
1227 1166 1629 1222 demonstrabat
1656 1165 1990 1236 patientiam,

401 1262 679 1317 dili‘erebat
707 1264 1018 1330 potentiam,
1065 1270 1119 1316 et
1155 1276 1259 1315 non
1302 1269 1384 1315 est
1421 1259 1648 1329 agnitus.
1694 1257 1810 1312 Non
1850 1257 1990 1310 enim

401 1361 530 1408 tunc
571 1354 774 1408 exierat
800 1353 1098 1408 conducere
1127 1351 1420 1422 operarios,
1467 1365 1574 1404 non
1613 1350 1834 1414 exierat,
1887 1363 1991 1401 non

400 1448 726 1502 innotuerat.
779 1446 960 1500 Tertio
1007 1445 1094 1500 die
1145 1444 1454 1510 resurrexit,
1502 1442 1885 1498 demonstravit
1933 1455 1991 1496 se

398 1538 694 1608 discipulis,
729 1539 968 1594 ascendit
994 1538 1046 1592 in
1079 1538 1296 1601 caelum,
1329 1543 1384 1591 et
1408 1536 1552 1590 misit
1579 1535 1831 1606 Spiritum
1862 1548 1992 1587 san-

398 1641 542 1686 ctum
569 1631 1006 1701 quinquagesimo
1026 1630 1112 1684 die
1134 1638 1255 1698 post
1273 1627 1748 1694 resurrectionem,
1780 1624 1989 1680 decimo

396 1731 521 1793 post
559 1723 947 1777 ascensionem.
999 1721 1192 1775 Missus
1230 1719 1459 1790 Spiritus
1502 1728 1717 1774 sanctus
1754 1719 1992 1790 implevit

315 1807 329 1868 ἑ
401 1817 590 1873 omnes
619 1816 706 1886 qui
751 1815 960 1870 fuerunt
1006 1815 1058 1869 in
1104 1829 1210 1868 uno
1250 1813 1511 1879 conclavi,
1555 1821 1768 1868 centum
1807 1813 1990 1883 viginti

398 1909 642 1964 homines
669 1907 802 1979 (Act.
834 1924 870 1975 ι,
907 1907 1016 1978 15).
1048 1904 1252 1975 Impleti
1282 1905 1357 1959 illi
1394 1904 1594 1974 Spiritu
1633 1913 1842 1969 sancto,
1878 1919 1991 1960 caa-

397 2009 593 2072 perunt
631 2000 778 2069 loqui
825 1998 1019 2068 linguis
1047 1998 1285 2051 omnium
1329 1997 1586 2066 gentium,
1629 2011 1878 2066 expressa
1909 2004 1993 2050 est

396 2095 629 2160 vocatio,
673 2094 802 2148 exiit
850 2093 941 2146 ille
986 2091 1303 2146 conducere.
1349 2089 1526 2159 Coepit
1565 2088 1707 2143 enim
1753 2088 1990 2143 veritatis

395 2185 633 2258 potentia
662 2183 912 2239 omnibus
947 2184 1302 2237 innotescere.
1344 2179 1474 2234 Nam
1505 2187 1628 2233 tunc
1666 2179 1824 2233 etiam
1855 2194 1991 2233 unus

397 2287 617 2349 accepto
654 2277 854 2346 Spiritu
900 2284 1104 2342 sancto,
1145 2275 1305 2329 etiam
1352 2287 1487 2327 unus
1528 2272 1842 2342 loquebatur
1870 2287 1990 2326 om-

397 2372 544 2425 nium
576 2371 810 2440 gentium
854 2369 1065 2440 linguis.
1112 2368 1268 2423 Modo
1297 2375 1474 2422 autem
1518 2367 1569 2420 in
1617 2366 1848 2420 Ecclesia
1879 2367 1989 2435 ipsa

396 2466 574 2520 unitas
602 2473 852 2533 tanquam
883 2478 1015 2516 unus
1059 2463 1290 2532 loquitur
1335 2461 1573 2516 omnium
1614 2461 1845 2530 gentium
1892 2460 1993 2512 lin-

396 2558 533 2628 guis.
560 2556 642 2611 Ad
671 2571 826 2625 quam
856 2555 1088 2625 linguam
1127 2555 1313 2626 religio
1342 2554 1630 2608 christiana
1667 2568 1770 2606 non
1800 2567 1990 2622 perve-

397 2651 512 2704 nit?
541 2649 608 2703 ad
634 2665 768 2720 quos
794 2651 929 2703 fines
958 2665 1061 2703 non
1104 2648 1406 2718 pertendit?
1432 2647 1548 2702 Jam
1575 2662 1681 2700 non
1707 2653 1788 2701 est
1817 2646 1906 2716 qui
1933 2660 1991 2701 se

395 2741 688 2798 abscondat
717 2757 744 2794 a
771 2743 948 2796 calore
977 2741 1093 2811 ejus
1119 2739 1294 2812 (Psal.
1335 2756 1489 2807 xvui,
1525 2736 1580 2810 7)
1611 2756 1623 2792 :
1657 2745 1712 2793 et
1731 2738 1905 2792 adhuc
1935 2738 1993 2793 fit

395 2850 545 2890 mora
584 2834 650 2888 ab
675 2850 740 2890 eo
765 2834 853 2903 qui
880 2841 986 2887 stat
1010 2834 1061 2887 in
1085 2833 1400 2887 undecima!

467 2925 696 2981 CAPUT
743 2923 876 2979 VIII.
899 2954 973 2986 -τ
991 2924 1075 2980 10.
1103 2923 1394 2995 Desperatio
1414 2932 1461 2978 et
1482 2938 1713 2992 perversa
1736 2939 1848 2989 spes
1869 2923 1994 2976 occi-

397 3019 526 3071 dunt
582 3017 796 3070 animas.
862 3016 1200 3071 Manifestum
1253 3024 1336 3071 est
1393 3030 1558 3086 ergo,
1607 3013 1799 3069 fratres
1851 3014 1989 3082 mei,

397 3109 618 3164 omnino
645 3107 986 3162 manifestum
1012 3117 1114 3172 est,
1147 3114 1346 3174 tenete,
1364 3106 1497 3161 certi
1520 3114 1714 3173 estote,
1734 3106 1987 3176 quoniam

397 3201 542 3256 Deus
571 3208 754 3256 noster
779 3199 934 3254 Jesus
969 3198 1234 3264 Christus,
1261 3197 1474 3268 quando
1503 3196 1730 3268 quisque
1769 3211 1826 3251 se
1857 3212 1989 3252 con-

400 3292 620 3348 verterit
661 3291 727 3345 ad
759 3290 914 3345 fidem
958 3291 1144 3359 ipsius,
1178 3303 1208 3342 a
1240 3288 1325 3341 via
1366 3303 1459 3343 sua
1487 3288 1573 3342 vel
1614 3289 1879 3358 superflua
1908 3289 1991 3344 vel

396 3385 761 3455 nequissima,
814 3383 992 3437 omnia
1052 3381 1126 3435 illi
1181 3381 1449 3451 praeterita
1509 3380 1882 3448 dimittuntur,
1940 3390 1994 3437 et

401 3477 646 3541 omnino,
668 3485 917 3546 tanquam
936 3474 1146 3530 donatis
1167 3473 1379 3539 debitis,
1402 3473 1532 3527 fiunt
1553 3488 1674 3528 cum
1693 3473 1781 3527 illo
1804 3473 1992 3527 tabula:

396 3583 572 3623 novae.
604 3568 830 3621 Prorsus
865 3566 1042 3620 omnia
1089 3565 1444 3619 dimittuntur.
1476 3563 1643 3618 Nemo
1685 3564 1756 3618 sit
1792 3563 1992 3618 sollici-

400 3669 505 3728 tus,
531 3659 670 3730 quod
702 3657 900 3728 aliquid
924 3657 973 3712 ei
1004 3671 1108 3711 non
1136 3656 1449 3710 dimittatur.
1479 3655 1583 3710 Sed
1610 3656 1802 3710 iterum
1834 3670 1993 3710 nemo

397 3769 649 3825 perverse
677 3753 747 3807 sit
774 3767 1016 3807 securus.
1050 3749 1152 3804 ista
1180 3751 1322 3805 enim
1359 3749 1464 3803 duo
1489 3748 1739 3802 occidunt
1764 3748 1990 3815 animas,

397 3846 828 3916 autdesperatio,
863 3855 954 3899 aut
983 3858 1234 3914 perversa
1266 3856 1409 3912 spes.
1437 3841 1511 3896 De
1538 3841 1620 3895 his
1642 3841 1848 3896 duobus
1876 3856 1992 3894 ma—

397 3943 464 3997 lis
511 3955 679 4012 pauca
721 3939 916 3994 audite.
963 3936 1096 3992 Nam
1146 3937 1284 3990 sicut
1328 3935 1520 3990 liberat
1561 3934 1702 3989 bona
1748 3947 1895 4002 spes,
1940 3941 1994 3986 et

397 4043 544 4090 recta
571 4049 724 4104 spes;
767 4034 838 4086 ita
864 4032 1062 4100 decipit
1100 4044 1350 4100 perversa
1387 4042 1529 4097 spes.
1564 4027 1717 4082 Prius
1738 4026 1995 4082 attendite

399 4125 846 4198 quemadmodum
913 4125 1142 4193 decipiat
1183 4123 1500 4192 desperatio.
1552 4120 1687 4176 Sunt
1752 4120 1996 4175 homines

400 4221 490 4290 qui
521 4234 642 4273 cum
690 4218 924 4287 cogitare
968 4214 1232 4284 cmperint
1268 4214 1408 4269 mala
1445 4228 1562 4282 quae
1594 4213 1855 4277 fecerunt,
1887 4227 1994 4265 non

399 4311 500 4365 sibi
541 4317 729 4380 putant
768 4308 969 4376 ignosci
1014 4321 1203 4375 posse;
1238 4314 1292 4357 et
1330 4304 1456 4357 dum
1488 4317 1593 4357 non
1623 4311 1811 4373 putant
1838 4316 1996 4372 posse

348 4417 358 4470 ξ
400 4403 501 4457 sibi
526 4401 749 4472 ignosci,
779 4399 907 4454 dant
942 4398 1172 4452 animam
1199 4398 1220 4428 ²
1244 4396 1355 4466 jam
1393 4395 1590 4464 perire,
1621 4393 1994 4464 deSperatione

347 4503 354 4510 '
402 4502 646 4566 pereunt,
689 4492 930 4547 dicentes
978 4492 1031 4545 in
1069 4488 1476 4561 cogitationibus
1515 4487 1626 4542 suis
1655 4487 1809 4542 :Jam
1850 4488 1996 4543 nulla

401 4587 556 4643 nobis
581 4600 704 4657 spes
732 4593 847 4650 est;
878 4597 1053 4653 neque
1082 4581 1226 4636 enim
1254 4587 1397 4634 tanta
1433 4579 1521 4633 illa
1561 4595 1678 4650 quae
1719 4579 1994 4634 commisi-

400 4694 522 4735 mus
546 4678 734 4735 donari
779 4675 934 4730 nobis
976 4681 1070 4728 aut
1112 4673 1311 4742 ignosci
1359 4680 1617 4750 possunt;
1664 4685 1828 4740 quare
1867 4684 1996 4740 ergo

399 4789 508 4829 non
555 4769 910 4827 satisfacimus
969 4765 1347 4837 cupiditatibus
1393 4763 1626 4818 nostris?
1673 4763 1994 4832 lmpleamus

397 4865 590 4920 saltem
632 4861 910 4933 prtesentis
949 4858 1205 4929 temporis
1245 4858 1589 4926 voluptatem,
1630 4856 1752 4925 quia
1795 4855 1994 4909 nullam

398 4954 657 5010 habemus
705 4954 756 5006 in
804 4950 985 5005 futuro
1029 4947 1356 5005 mercedem.
1410 4947 1690 5003 Faciamus
1736 4945 1994 5016 quidquid

401 5044 550 5111 libet,
579 5045 681 5100 etsi
701 5059 810 5098 non
837 5043 990 5107 licet;
1014 5049 1073 5096 ut
1098 5039 1388 5094 habeamus
1413 5039 1726 5094 suavitatem
1747 5039 1832 5092 vel
1859 5046 1993 5092 tem-

399 5137 678 5208 poralem,
731 5135 856 5205 quia
903 5133 1178 5203 percipere
1232 5146 1338 5185 non
1393 5145 1661 5186 meremur
1712 5141 1989 5186 aeternam.

398 5225 544 5282 Talia
590 5226 830 5281 dicentes
873 5223 1208 5295 desperando
1257 5232 1502 5292 pereunt,
1552 5225 1664 5279 sive
1707 5233 1990 5294 antequam

397 5318 618 5375 omnino
639 5316 879 5381 credant,
917 5317 1029 5370 sive
1049 5315 1158 5385 jam
1201 5314 1477 5369 christiani
1502 5324 1556 5370 et
1582 5315 1637 5369 in
1661 5315 1833 5385 aliqua
1864 5329 1988 5384 pec-

400 5421 520 5468 cata
554 5419 609 5465 et
647 5409 848 5464 scelera
892 5409 1030 5463 male
1058 5407 1284 5462 vivendo
1332 5406 1580 5475 prolapsi.
1629 5405 1877 5462 Procedit
1920 5405 1990 5461 ad

401 5519 496 5560 eos
525 5502 783 5557 Dominus
803 5501 990 5566 vineae,
1012 5509 1066 5556 et
1081 5508 1330 5570 tanquam
1355 5499 1700 5570 desperantes
1719 5508 1774 5555 et
1795 5515 1991 5556 vocan-

400 5595 442 5650 ti
470 5593 492 5627 ³
517 5603 720 5664 tergum
767 5591 976 5658 dantes,
1023 5591 1197 5661 pulsat
1234 5602 1288 5647 et
1314 5593 1510 5648 clamat
1545 5608 1639 5664 per
1673 5592 1985 5663 prOphetam

465 5689 486 5756 ξ
508 5685 696 5750 Aliquot
718 5692 844 5756 viss,
869 5681 1176 5734 exsultantes.

462 5749 488 5788 ²
506 5755 632 5808 Mss,
656 5749 885 5796 animum.

467 5810 492 5843 ³
509 5810 582 5860 sic
603 5806 786 5871 aliquot
803 5814 911 5857 Mss.
938 5813 993 5857 At
1015 5807 1150 5869 editi,
1177 5811 1410 5859 vacuitas.

1654 311 1714 368 S.
1752 309 2120 369 AUCUS'I‘INI
2153 313 2451 372 EPISCOPI

3589 329 3692 384 556

2104 431 2440 489 Ezeeliielem
2476 453 2491 490 :
2523 434 2589 490 In
2618 452 2929 510 quacumque
2956 439 3037 492 die
3060 454 3326 494 conversus
3354 443 3505 513 fuerit
3539 444 3689 501 homo

2102 538 2134 575 a
2181 524 2261 577 via
2303 541 2394 578 sua
2441 527 2679 596 pessima,
2725 544 2894 582 omnes
2944 528 3228 599 iniquitates
3272 532 3383 601 ejus
3424 531 3691 591 obliviscar

2103 611 2315 682 (Ezech.
2347 631 2494 682 xvni,
2522 616 2737 689 21-22).
2772 619 2882 675 [lac
2909 635 3039 675 voce
3080 620 3258 676 audita
3301 631 3356 677 et
3394 625 3616 690 credita,
3656 643 3688 682 a

2099 702 2474 774 desperatione
2512 720 2842 776 recreantur,
2871 721 2924 766 et
2949 713 3016 766 ab
3045 713 3132 768 illa
3171 714 3425 769 altissima
3467 726 3519 771 et
3560 733 3687 788 pro-

2100 794 2261 852 funda
2289 802 2556 869 voragine,
2589 819 2690 872 qua
2717 805 2977 859 submersi
3004 806 3233 873 fuerant,
3266 820 3562 880 emergunt.

2170 888 2396 946 CAPUT
2441 892 2530 947 IX.
2554 925 2625 934 —
2651 896 2736 949 Η.
2768 896 2898 964 Spes
2924 915 3156 967 perversa
3180 918 3279 971 qua
3304 901 3538 969 diﬂertur
3565 922 3690 959 con-

2098 982 2278 1038 versio.
2310 983 2456 1038 Diem
2489 989 2763 1042 crastinum
2792 989 2930 1043 Deus
2969 994 3155 1045 nemini
3177 997 3424 1064 promisit.
3465 998 3571 1052 Sed
3603 998 3688 1054 his

2100 1071 2388 1129 timendum
2434 1085 2537 1145 est,
2568 1094 2634 1133 ne
2675 1081 2727 1133 iu
2767 1081 2926 1134 aliam
2968 1086 3272 1154 voraginem
3311 1087 3605 1153 incurrant,
3635 1100 3689 1144 et

2097 1179 2349 1233 perverse
2391 1171 2655 1238 sperando
2701 1173 3013 1240 moriantur,
3057 1179 3146 1246 qui
3189 1178 3524 1249 deSperando
3549 1185 3687 1238 mori

2097 1271 2202 1311 non
2236 1268 2536 1329 potuerunt.
2577 1263 2781 1320 Mutant
2818 1268 2960 1322 enim
2997 1270 3347 1339 cogitationes
3375 1275 3533 1344 longe
3563 1276 3685 1343 qui-

2097 1349 2216 1404 dem
2247 1352 2507 1422 diversas,
2535 1358 2629 1412 sed
2665 1373 2769 1413 non
2803 1364 2979 1416 minus
3016 1365 3378 1434 perniciosas;
3421 1379 3473 1421 et
3500 1385 3689 1423 rursus

2097 1442 2355 1512 incipiunt
2383 1447 2560 1503 dicere
2586 1450 2639 1504 in
2669 1451 2918 1507 cordibus
2956 1455 3066 1508 suis
3105 1472 3119 1508 :
3154 1457 3207 1511 Si
3244 1473 3577 1529 quacumque
3603 1461 3690 1514 die

2095 1549 2384 1592 conversus
2419 1538 2568 1594 fuero
2588 1556 2618 1595 a
2645 1543 2726 1595 via
2757 1559 2872 1596 mea
2904 1547 3152 1612 pessima,
3190 1549 3326 1602 Deus
3357 1550 3686 1612 misericors,

2095 1626 2231 1680 sicut
2267 1631 2526 1685 veraciter
2567 1647 2663 1702 per
2700 1634 3020 1703 Prophetam
3064 1640 3329 1707 promisit,
3359 1657 3547 1695 omnes
3583 1642 3691 1695 ini-

2094 1719 2324 1787 quitates
2353 1738 2502 1777 meas
2527 1724 2876 1794 obliviscitur,
2911 1744 3077 1798 quare
3109 1730 3267 1787 hodie
3293 1743 3602 1800 convertor,
3637 1745 3692 1788 et

2096 1823 2200 1863 non
2229 1813 2385 1865 cras?
2413 1812 2589 1880 Quare
2627 1816 2807 1883 hodie,
2837 1829 2890 1872 et
2933 1837 3036 1874 non
3081 1823 3236 1876 cras?
3268 1824 3367 1878 Eat
3395 1824 3690 1881 hodiernus

2095 1899 2208 1956 dies
2238 1903 2254 1933 ³
2282 1904 2420 1959 sicut
2465 1905 2766 1973 hesternus,
2814 1911 2881 1964 sit
2921 1912 2972 1966 in
3015 1913 3336 1983 nequissima
3382 1917 3687 1986 voluptate,

2095 1992 2163 2048 sit
2189 1994 2243 2048 in
2283 1995 2600 2066 ﬂagitiorum
2631 2003 2857 2072 gurgite,
2891 2005 3162 2061 volutetur
3201 2008 3253 2062 in
3284 2009 3558 2063 mortifera
3591 2011 3692 2064 de-

2096 2084 2379 2142 lectatione
2408 2107 2421 2142 :
2451 2105 2570 2146 cras
2599 2102 2905 2160 convertar,
2945 2105 3002 2150 et
3037 2097 3158 2152 finis
3184 2107 3286 2154 est.
3315 2099 3693 2170 Respondetur

2097 2176 2190 2230 tibi
2234 2177 2441 2248 :Cujus
2471 2182 2549 2236 rei
2595 2182 2752 2238 finis?
2799 2185 2939 2240 Dicis
2979 2205 2992 2241 :
3041 2187 3378 2258 lniquitatum
3424 2207 3688 2246 mearum.

2095 2269 2258 2339 Bene,
2290 2274 2461 2343 gaude
2490 2277 2532 2342 ³,
2565 2277 2687 2346 quia
2715 2280 2950 2333 crastino
2977 2281 3314 2352 iniquitatum
3344 2294 3553 2339 tuarum
3585 2285 3694 2340 erit

2097 2363 2236 2418 finis.
2267 2364 2424 2432 Quid,
2466 2368 2510 2422 si
2539 2377 2664 2424 ante
2701 2373 2990 2426 crastinum
3040 2382 3159 2429 tuus
3202 2376 3304 2430 erit
3349 2376 3506 2430 finis?
3550 2379 3694 2448 Ergo

2094 2454 2234 2510 bene
2281 2458 2492 2526 quidem
2538 2461 2760 2531 gaudes,
2805 2465 2926 2532 quia
2973 2477 3189 2535 propter
3228 2467 3535 2536 iniquitates
3573 2479 3692 2522 tuas

2094 2559 2356 2601 converso
2387 2548 2482 2604 tibi
2511 2550 2896 2623 indulgentiam
2936 2555 3073 2610 Dens
3118 2558 3358 2625 promisit
3390 2576 3402 2611 :
3445 2559 3537 2613 sed
3569 2574 3694 2613 cra-

2095 2636 2290 2690 stinum
2320 2637 2458 2694 diem
2491 2641 2583 2696 tibi
2608 2658 2767 2697 nemo
2794 2645 3057 2714 promisit.
3081 2647 3188 2700 Aut
3209 2648 3252 2702 si
3274 2647 3414 2704 forte
3441 2650 3696 2718 promisit

2095 2728 2524 2796 mathematicus,
2569 2733 2726 2804 longe
2776 2736 2920 2790 aliud
2964 2745 3046 2792 est
3083 2754 3242 2809 quam
3288 2741 3448 2796 Deus.
3497 2742 3695 2797 Multos

2096 2823 2456 2879 mathematici
2503 2825 2810 2883 fefellerunt
2856 2829 2898 2896 ³,
2947 2831 3070 2900 quia
3121 2841 3176 2886 et
3223 2833 3325 2888 sibi
3377 2835 3695 2905 plerumque

2097 2913 2244 2969 lucra
2271 2917 2654 2984 promiserunt,
2685 2930 2739 2974 et
2764 2919 2960 2976 damna
2992 2922 3326 2977 invenerunt.
3355 2925 3492 2994 Ergo
3523 2925 3691 2979 etiam

2096 3016 2314 3076 pr0pter
2344 3009 2472 3063 istos
2503 3011 2641 3065 male
2671 3023 2970 3082 sperantes,
3014 3017 3255 3082 procedit
3287 3017 3693 3086 paterfamilias.

2096 3098 2553 3166 Quemadmodum
2586 3106 2846 3172 processit
2881 3107 2945 3160 ad
2979 3108 3098 3162 illos
3134 3110 3222 3178 qui
3252 3111 3390 3164 male
3424 3111 3693 3180 despera-

2097 3203 2303 3260 verant,
2334 3205 2386 3250 et
2415 3198 2681 3264 perierant
2718 3197 3070 3267 desnerando,
3101 3210 3156 3255 et
3189 3203 3460 3257 revocavit
3495 3218 3590 3258 eos
3639 3204 3695 3257 in

2097 3301 2246 3356 spem
2283 3305 2296 3341 :
2330 3289 2405 3341 sic
2437 3289 2678 3358 procedit
2699 3291 2856 3344 etiam
2888 3292 2954 3345 ad
2981 3293 3111 3347 istos
3135 3295 3224 3363 qui
3256 3295 3396 3349 male
3421 3297 3695 3364 sperando

2096 3379 2280 3433 volunt
2310 3381 2515 3449 perire;
2537 3391 2594 3436 et
2618 3382 2748 3438 dicit
2767 3384 2845 3438 eis
2869 3399 2966 3454 per
2985 3385 3148 3439 alium
3176 3386 3392 3453 librum,
3417 3387 3498 3442 Ne
3524 3387 3699 3443 tardes

2096 3472 2318 3525 converti
2346 3473 2414 3525 ad
2443 3471 2740 3528 Dominum.
2771 3475 3051 3542 Quomodo
3077 3477 3180 3530 illis
3205 3477 3436 3545 dixerat,
3469 3476 3534 3532 In
3559 3496 3698 3550 qua-

2097 3580 2310 3632 cumque
2333 3565 2415 3618 die
2453 3566 2653 3636 iniquus
2676 3583 2940 3621 conversus
2967 3568 3120 3637 fuerit
3159 3586 3191 3622 a
3217 3570 3297 3622 via
3333 3587 3426 3625 sua
3453 3572 3692 3640 pessima,

2097 3671 2268 3710 omnes
2293 3657 2580 3726 iniquitates
2613 3659 2721 3728 ejus
2754 3658 3054 3725 obliviscar;
3081 3669 3136 3715 et
3167 3660 3286 3715 tulit
3319 3662 3397 3716 eis
3435 3661 3696 3732 despera-

2098 3749 2321 3815 tionem,
2354 3764 2455 3818 qua
2480 3749 2588 3819 jam
2617 3751 2876 3804 dederant
2910 3752 3143 3806 animam
3189 3768 3337 3808 suam
3379 3753 3698 3824 perditioni,

2099 3840 2247 3895 omni
2276 3841 2434 3896 modo
2481 3841 2863 3913 indulgentiam
2907 3842 3294 3914 desperantes:
3334 3844 3412 3899 sic
3453 3845 3706 3915 procedit

2097 3933 2260 3988 etiam
2285 3932 2351 3987 ad
2389 3934 2520 3988 istos
2549 3935 2638 4004 qui
2665 3934 2930 4004 sperando
2949 3944 3006 3991 et
3033 3935 3328 3992 differendo
3347 3937 3533 3993 volunt
3563 3954 3699 4007 per-

2099 4026 2212 4092 ire;
2244 4035 2298 4082 et
2341 4027 2576 4097 loquitur
2613 4027 2679 4082 ad
2721 4044 2836 4094 eos,
2877 4038 2930 4084 et
2989 4030 3226 4102 increpat
3259 4046 3372 4098 eos,
3402 4030 3484 4085 Ne
3522 4032 3704 4087 tardes

2099 4121 2318 4173 converti
2355 4120 2422 4173 ad
2464 4119 2761 4186 Dominum,
2792 4138 2948 4193 neque
2985 4122 3193 4190 differas
3227 4125 3291 4178 de
3323 4124 3406 4178 die
3445 4125 3498 4178 in
3535 4126 3699 4180 diem.

2102 4211 2282 4267 Subito
2313 4214 2444 4266 enim
2470 4214 2629 4267 veniet
2667 4215 2744 4267 ira
2770 4215 2897 4284 ejus,
2931 4224 2974 4269 et
3001 4216 3052 4268 in
3088 4224 3309 4285 tempore
3340 4216 3572 4271 vindicta:
3607 4217 3703 4270 di-

2100 4303 2300 4373 sperdet
2347 4314 2394 4357 te
2447 4303 2632 4375 (Eccli.
2664 4321 2718 4372 v,
2750 4305 2804 4370 8,
2831 4304 2909 4376 9).
2963 4305 3104 4376 Ergo
3150 4307 3256 4361 noli
3307 4307 3540 4375 differre,
3581 4309 3704 4363 noli

2100 4395 2240 4465 quod
2279 4403 2426 4465 patet
2457 4405 2640 4450 contra
2676 4406 2726 4450 te
2756 4397 3027 4453 claudere.
3057 4398 3194 4454 Ecce
3226 4399 3564 4469 indulgentiae
3592 4399 3701 4456 da—

2101 4493 2184 4540 tor
2211 4487 2383 4556 aperit
2421 4487 2517 4542 tibi
2546 4487 2775 4548 ostium;
2805 4488 2933 4558 quid
2961 4490 3224 4544 moraris?
3253 4490 3499 4547 Gaudere
3527 4491 3705 4547 debe-

2099 4593 2210 4646 res,
2242 4579 2288 4633 si
2325 4581 2559 4648 aperiret
2592 4579 2876 4650 aliquando
2901 4581 3135 4650 pulsanti
3165 4599 3178 4636 :
3218 4597 3325 4637 non
3367 4584 3606 4654 pulsasti,
3641 4595 3706 4640 et

2100 4671 2293 4741 aperit,
2330 4680 2385 4725 et
2417 4671 2544 4726 foris
2582 4673 2867 4727 remanes?
2899 4671 2978 4728 Ne
3001 4687 3130 4744 ergo
3151 4673 3387 4728 differas.
3422 4674 3498 4729 De
3524 4674 3702 4730 mise-

2099 4765 2344 4821 ricordiae
2382 4765 2634 4835 operibus
2672 4767 2902 4836 quodam
2943 4767 3061 4822 loco
3102 4765 3376 4837 Scriptura
3411 4767 3560 4835 dicit,
3608 4766 3707 4822 Ne

2099 4857 2305 4925 dixeris,
2350 4857 2486 4912 Vade
2521 4867 2567 4912 et
2607 4868 2868 4924 revertere,
2907 4875 3020 4914 cras
3053 4876 3144 4930 ego
3185 4859 3352 4924 dabo;
3389 4876 3504 4914 cum
3527 4861 3704 4931 possis
3744 4844 3762 4872 λ’

2098 4951 2334 5005 continuo
2375 4950 2497 5004 bene
2540 4954 2706 5022 facere
2753 4949 2931 5022 (Prov.
2978 4967 3057 5019 ιιι,
3096 4951 3185 5024 28)
3215 4971 3228 5006 :
3261 4968 3368 5008 non
3404 4954 3545 5008 enim
3584 4955 3703 5010 scis

2098 5041 2224 5112 quid
2263 5041 2534 5112 contingat
2561 5043 2803 5112 sequenti
2834 5042 2941 5098 die.
2983 5043 3189 5099 Audisti
3230 5055 3556 5116 praeceptum
3582 5060 3699 5100 non

2096 5131 2378 5188 differendi
2406 5143 2460 5186 ut
2489 5131 2542 5186 in
2582 5132 2744 5186 alium
2774 5133 2849 5187 sis
2877 5134 3203 5200 misericors,
3233 5145 3289 5191 et
3308 5135 3604 5192 differendo
3633 5137 3697 5192 in

2097 5232 2150 5279 te
2175 5238 2234 5278 es
2267 5224 2539 5278 crudelis?
2581 5224 2697 5279 Non
2721 5224 2885 5279 debes
2910 5224 3125 5280 differre
3155 5241 3347 5295 panem
3373 5227 3614 5292 daturus,
3636 5238 3702 5284 et

2098 5325 2152 5371 et
2209 5315 2393 5372 dill‘ers
2443 5316 2825 5387 indulgentiam
2878 5319 3229 5388 accepturus!
3278 5318 3332 5375 Si
3385 5318 3702 5376 miserando

2158 5496 2175 5527 ί
2203 5501 2305 5545 Mss.
2318 5493 2416 5556 alii,
2436 5491 2809 5576 cumdiemus;
2845 5493 2925 5544 alii
2940 5508 3049 5545 cum
3071 5502 3170 5545 Am.
3192 5501 3242 5545 et
3265 5501 3360 5558 Er.,
3384 5495 3484 5547 Erit
3500 5493 3703 5547 hodier-

2091 5571 2394 5691 mﬁ'aliquot
2409 5626 2538 5679 Mss,
2561 5628 2684 5691 uene
2700 5618 2900 5684 gaudes.
2919 5626 2974 5670 Et
2994 5618 3134 5680 infra,
3158 5628 3286 5687 Ergo
3301 5618 3417 5685 quid
3434 5626 3503 5671 est
3519 5619 3543 5670 7
3563 5628 3700 5672 Bene

2091 5684 2278 5746 gaudes
2311 5684 2425 5746 quia
2447 5688 2660 5745 propter,
2679 5690 2775 5733 etc.
3225 5684 3243 5687 '
3317 5684 3320 5685 ⁷

2093 5745 2274 5856 ﬁnes:
2310 5753 2414 5794 uss.
2441 5751 2494 5794 At
2517 5745 2656 5806 editi,
2680 5745 2819 5807 longe
2851 5742 2985 5795 aliud
3019 5749 3106 5796 est.
3137 5753 3306 5806 Quam.
3334 5757 3364 5795 ο
3386 5753 3533 5804 Deus,
3569 5742 3703 5794 σκαι-

2134 5836 2150 5868 ,
2179 5818 2274 5856 etc.
