4032 6332
254 312 368 369 537

254 428 483 481 alterum
513 437 618 479 non
658 420 869 487 ditl‘crs,
914 418 1169 474 miserere
1206 426 1259 471 et
1285 416 1475 471 animae
1501 424 1603 471 tum
1635 416 1847 486 placens

254 518 373 574 Deo
401 517 585 587 (Eccli.
622 531 756 579 xxx,
784 514 897 585 24).
932 511 1139 567 Exhibe
1173 520 1228 565 et
1261 511 1452 565 animae
1481 518 1584 564 tua:
1614 510 1848 564 eleemo-

249 625 461 681 synam.
490 607 605 663 Non
625 607 853 662 dicimus
882 611 944 659 ut
963 614 1019 658 tu
1042 603 1090 658 ei
1115 602 1233 670 des,
1262 602 1355 657 sed
1384 618 1451 657 ne
1477 602 1703 673 repellas
1733 614 1847 655 ma-

252 717 382 755 num
409 700 605 755 dantis.

324 792 559 849 CAPUT
588 792 658 848 X.
684 822 757 832 —
788 790 872 846 12.
908 789 1199 844 Potentiam
1215 789 1508 853 amicitiam,
1540 804 1654 841 cum
1691 786 1847 842 saluti

247 886 420 952 obest,
459 884 876 940 contemnendam
922 882 1064 935 docet
1118 880 1366 935 Christus.
1412 880 1515 935 Sed
1562 879 1845 949 aliquando

247 979 502 1035 homines
529 978 653 1033 inde
680 978 779 1033 sibi
808 977 1093 1046 plurimum
1124 983 1339 1041 nocent,
1370 990 1489 1028 cum
1518 975 1650 1027 alios
1677 973 1845 1027 oll'en-

244 1073 379 1129 dere
411 1074 619 1128 timent.
649 1073 869 1127 Multum
900 1072 1080 1126 valent
1108 1078 1162 1126 et
1190 1071 1315 1125 boni
1344 1070 1498 1125 amici
1527 1069 1594 1124 ad
1623 1070 1839 1137 bonum,

245 1176 299 1223 et
326 1169 455 1223 mali
484 1169 640 1223 amici
670 1168 737 1221 ad
768 1167 986 1221 malum.
1013 1166 1138 1221 Ideo
1166 1166 1444 1232 Dominus,
1466 1176 1522 1219 ut
1548 1180 1644 1234 pro
1673 1164 1842 1219 salute

244 1270 432 1315 nostra
502 1260 796 1330 potentium
864 1259 1124 1314 amicitias
1176 1265 1614 1322 contemnamus,
1676 1255 1845 1310 noluit

246 1354 395 1422 prius
428 1353 627 1422 eligere
658 1360 953 1416 senatores,
987 1351 1079 1406 sed
1112 1350 1420 1420 piscatores.
1454 1349 1637 1418 Magna
1670 1346 1841 1401 artill-

244 1446 321 1499 cis
348 1444 719 1500 misericordia
744 1446 783 1499 ί.
808 1444 1024 1499 Sciebat
1049 1442 1193 1497 enim
1222 1442 1345 1513 quia
1374 1442 1418 1495 si
1445 1441 1663 1510 eligeret
1690 1454 1843 1494 sena-

246 1546 451 1604 torem,
489 1538 692 1592 diceret
733 1546 948 1591 senator
981 1554 992 1589 :
1024 1536 1261 1605 Dignitas
1300 1550 1415 1589 mea
1452 1534 1618 1588 electa
1648 1541 1748 1585 est.
1787 1531 1841 1586 Si

247 1631 399 1699 prius
427 1630 655 1699 eligeret
679 1629 919 1693 divitem,
951 1628 1151 1681 diceret
1176 1627 1323 1680 dives
1358 1644 1372 1679 :
1408 1622 1682 1693 Opulentia
1724 1638 1842 1678 mea

243 1721 417 1774 electa
464 1729 566 1774 est.
624 1720 680 1775 Si
731 1721 875 1789 prius
919 1719 1142 1789 eligeret
1187 1718 1593 1787 imperatorem,
1642 1715 1844 1769 diceret

242 1814 543 1883 imperator
574 1832 586 1867 :
616 1814 860 1869 Potestas
890 1828 1007 1868 mea
1033 1813 1203 1867 electa
1235 1821 1335 1866 est.
1367 1809 1421 1865 Si
1450 1810 1593 1880 prius
1622 1810 1843 1879 eligeret

240 1916 536 1972 oratorem,
584 1905 787 1960 diceret
836 1914 1018 1959 orator
1072 1921 1084 1956 :
1138 1898 1455 1972 Eloquentia
1507 1917 1621 1955 mea
1672 1900 1841 1955 electa

241 2009 347 2054 est.
400 1999 459 2055 Si
508 1999 728 2069 eligeret
774 1998 1172 2068 philosophum,
1214 1996 1415 2051 diceret
1446 1996 1837 2065 philosophus:

244 2093 521 2163 Sapientia
565 2108 684 2146 mea
711 2092 880 2147 electa
905 2099 1006 2145 est.
1040 2088 1280 2156 Interim,
1310 2089 1497 2159 inquit,
1527 2088 1841 2141 differantur

241 2187 460 2256 superbi
516 2186 644 2251 isti,
700 2186 924 2239 multum
981 2192 1208 2238 tument.
1258 2182 1430 2236 Distat
1476 2192 1650 2235 autem
1703 2181 1842 2235 inter

240 2281 672 2351 magnitudinem
716 2288 769 2333 et
812 2287 1073 2332 tumorem
1111 2294 1122 2328 :
1158 2286 1442 2344 utrumque
1485 2274 1685 2344 grande
1718 2283 1838 2340 est;

244 2374 340 2428 sed
373 2389 480 2427 non
528 2383 811 2441 utrumque
850 2386 1039 2424 sanum
1086 2378 1188 2425 est.
1225 2368 1543 2422 Dill'erantur
1568 2382 1713 2437 ergo,
1758 2366 1839 2420 in-

240 2466 379 2534 quit,
422 2465 509 2517 isti
540 2462 779 2532 superbi,
813 2464 987 2531 aliqua
1018 2461 1284 2515 soliditate
1322 2460 1544 2513 sanandi
1571 2467 1713 2513 sunt.
1765 2459 1839 2513 Da

242 2558 398 2623 mihi,
434 2557 627 2626 inquit,
664 2556 809 2626 prius
852 2555 1010 2610 istum
1045 2555 1380 2623 piscatorem.
1423 2553 1551 2607 Veni
1600 2562 1675 2619 tu,
1710 2568 1839 2622 pau-

239 2665 359 2719 per,
391 2664 626 2719 sequere
671 2663 793 2713 me;
843 2647 975 2701 nihil
1018 2646 1203 2711 habes,
1250 2645 1381 2699 nihil
1420 2645 1582 2711 nosti,
1616 2660 1840 2714 sequere

238 2756 350 2795 me.
388 2739 556 2794 Idiota
597 2754 819 2808 pauper,
864 2752 1088 2807 sequere
1114 2753 1219 2792 me.
1262 2736 1378 2790 Non
1409 2745 1490 2791 est
1519 2735 1659 2805 quod
1706 2736 1755 2789 in
1790 2744 1840 2791 te

239 2839 656 2902 expavescatur,
704 2830 799 2884 sed
828 2830 1051 2883 multum
1082 2836 1165 2883 est
1190 2827 1332 2897 quod
1361 2828 1415 2881 in
1456 2836 1506 2882 te
1537 2828 1835 2897 impleatur.

238 2926 372 2979 Tam
404 2926 555 2993 largo
587 2922 718 2976 fonti
748 2938 839 2976 vas
880 2924 1037 2977 inane
1060 2921 1447 2976 admovendum
1477 2928 1575 2974 est.
1632 2920 1839 2974 Dimisit

238 3019 374 3073 retia
405 3019 660 3087 piscator,
693 3018 898 3085 accepit
926 3016 1147 3084 gratiam
1179 3024 1446 3084 peccator,
1470 3021 1524 3067 et
1554 3010 1723 3067 factus
1756 3023 1839 3067 est

238 3110 454 3164 divinus
479 3117 682 3162 orator.
714 3108 851 3161 Ecce
880 3106 1004 3176 quid
1034 3106 1162 3162 fecit
1186 3105 1463 3170 Dominus,
1492 3104 1559 3159 de
1584 3120 1689 3174 quo
1712 3105 1838 3160 dicit

242 3200 534 3271 Apostolus
572 3218 583 3252 :
618 3198 837 3267 Inﬁrma
874 3198 1049 3251 mundi
1085 3196 1230 3267 elegit
1275 3194 1432 3261 Deus,
1466 3204 1522 3248 ut
1560 3197 1839 3266 confundat

239 3294 441 3364 fortia;
482 3300 530 3344 et
568 3290 811 3362 ignobilia
839 3289 1013 3344 mundi
1055 3289 1203 3357 elegit
1235 3287 1389 3355 Deus,
1419 3297 1467 3341 et
1496 3304 1554 3341 ea
1588 3304 1700 3358 qua:
1736 3304 1837 3342 non

238 3396 358 3441 sunt
404 3395 646 3454 tanquam
689 3400 803 3455 quae
845 3384 966 3449 sint,
1019 3393 1076 3436 nt
1118 3398 1176 3435 ea
1222 3396 1334 3450 qua:
1378 3390 1497 3433 sunt
1540 3390 1840 3434 evacuentur

241 3479 292 3551 (I
332 3478 451 3533 Cor.
481 3495 532 3543 ι,
571 3478 639 3531 27
674 3486 719 3531 et
746 3476 879 3547 28).
914 3476 1152 3544 Denique
1200 3475 1446 3543 leguntur
1477 3473 1635 3527 modo
1678 3474 1836 3529 verba

241 3574 592 3643 piscatorum,
641 3582 693 3627 et
738 3571 875 3625 colla
906 3569 1202 3624 subduntur
1231 3577 1524 3621 oratorum.
1559 3567 1838 3622 Tollantur

240 3679 378 3734 ergo
408 3665 473 3719 de
503 3663 676 3720 medio
726 3663 911 3717 inanes
940 3661 1123 3726 venti;
1174 3659 1391 3714 tollatur
1429 3658 1495 3711 de
1543 3657 1717 3711 medio
1752 3656 1839 3712 fu-

242 3776 386 3827 mus,
436 3759 524 3829 qui
570 3756 861 3813 crescendo
906 3754 1213 3818 evanescit;
1258 3765 1482 3823 prorsus
1526 3765 1622 3820 pro
1668 3750 1841 3807 salute

243 3854 344 3907 ista
370 3860 802 3907 contemnantur.

315 3949 403 4003 15.
432 3944 634 4001 Christo
673 3945 867 3998 medico
901 3940 1253 4007 obedientium,
1294 3938 1591 4009 contemptis
1622 3937 1838 4007 potenti-

247 4042 334 4095 bus
376 4041 466 4111 qui
516 4040 562 4093 ei
611 4039 956 4092 adversantur.
1012 4035 1067 4090 Si
1112 4034 1389 4105 quisquam
1421 4046 1643 4101 corpore
1670 4045 1838 4101 aegro-

247 4143 383 4188 taret
434 4134 488 4187 in
542 4132 787 4195 civitate,
840 4140 892 4183 et
936 4135 1079 4183 esset
1129 4126 1199 4181 ibi
1252 4125 1443 4195 aliquis
1488 4123 1839 4194 peritissimus

245 4229 504 4291 medicus,
540 4225 730 4280 amicis
754 4224 939 4294 azgroti
968 4220 1273 4291 potentibus
1303 4218 1550 4273 inimicus
1580 4235 1591 4269 :
1624 4217 1668 4270 si
1695 4216 1838 4287 quis-

246 4336 400 4391 quam
449 4332 579 4387 ergo
629 4317 683 4371 in
712 4316 924 4369 civitate
962 4314 1138 4382 aliquo
1168 4310 1471 4381 periculoso
1501 4308 1691 4362 morbo
1721 4321 1839 4361 cor-

245 4412 391 4481 poris
433 4416 741 4479 azgrotaret,
771 4416 824 4461 et
862 4413 1005 4460 esset
1034 4406 1085 4457 in
1128 4402 1315 4458 eadem
1342 4401 1556 4455 civitate
1583 4399 1840 4468 peritissi-

249 4517 366 4555 mus
394 4498 661 4564 medicus,
704 4497 908 4561 amicis,
942 4503 1001 4549 ut
1035 4492 1165 4559 dixi,
1197 4490 1505 4561 aegrotantis
1536 4489 1839 4559 potentibus

248 4594 515 4656 inimicus,
547 4591 637 4661 qui
664 4589 906 4644 dicerent
932 4587 1104 4640 amico
1131 4600 1248 4651 suo,
1274 4584 1393 4638 Noli
1417 4600 1540 4638 eum
1562 4582 1835 4650 adhibere,

246 4685 374 4738 nihil
418 4683 569 4738 novit
607 4698 619 4736 :
662 4679 902 4735 dicerent
943 4685 1143 4742 autem,
1187 4689 1291 4729 non
1328 4674 1595 4743 iudicante
1635 4674 1835 4740 animo,

246 4778 333 4834 sed
361 4776 639 4833 invidente
674 4792 687 4829 :
716 4788 895 4828 nonne
936 4772 1025 4826 ille
1073 4784 1172 4840 pro
1202 4769 1376 4823 salute
1415 4782 1510 4821 sua
1539 4774 1839 4821 removeret

244 4872 540 4927 amicorum
590 4868 882 4939 potentium
939 4863 1181 4930 fabulas,
1231 4870 1366 4916 etut
1426 4860 1605 4929 paucis
1651 4860 1838 4914 diebus

246 4966 359 5033 plus
386 4964 616 5027 viveret,
664 4976 784 5015 cum
823 4958 1033 5012 illorum
1081 4954 1316 5025 qualibet
1364 4951 1678 5017 offensione,
1721 4952 1838 5020 pel-

245 5057 401 5112 lendo
450 5056 537 5110 sui
589 5052 831 5121 corporis
881 5049 1069 5104 morbo
1124 5045 1388 5101 medicum
1444 5044 1627 5110 illum,
1680 5058 1840 5113 quem

248 5148 629 5219 peritissimum
661 5144 797 5198 fama
828 5140 1314 5205 commendaverat,
1347 5133 1665 5189 adhiberet?

317 5238 554 5295 CAPUT
603 5236 696 5292 XI.
733 5265 805 5276 ——
844 5234 1096 5303 Egrotat
1140 5230 1431 5283 humanum
1482 5239 1685 5297 genus,
1734 5240 1840 5279 non

250 5333 452 5387 morbis
483 5329 748 5399 corporis,
782 5326 875 5381 sed
909 5322 1161 5395 peccatis.
1190 5320 1340 5375 Jacet
1368 5326 1479 5372 toto
1507 5316 1638 5370 orbe
1668 5324 1841 5369 terra-

251 5442 367 5481 rum
396 5422 466 5479 ab
488 5424 699 5479 oriente
722 5435 891 5490 usque
919 5419 974 5472 in
998 5415 1325 5471 occidentem
1350 5410 1567 5490 grandis
1590 5418 1840 5479 :rgrotus.

251 5480 332 5573 Ad
361 5512 660 5573 sanandum
706 5480 965 5584 grandem
1010 5515 1265 5578 aegrotum
1297 5480 1575 5558 descendit
1602 5501 1845 5571 omnipo-

253 5620 373 5667 tens
396 5609 660 5666 medicus.
696 5603 1004 5662 Humiliavit
1043 5616 1102 5656 se
1126 5614 1295 5669 usque
1320 5596 1386 5650 ad
1422 5594 1697 5649 mortalem
1725 5608 1844 5647 car-

253 5720 401 5771 nem,
429 5712 684 5772 tanquam
708 5713 880 5770 usque
907 5696 975 5751 ad
1004 5695 1197 5751 lectum
1226 5688 1550 5761 aegrotantis.
1580 5687 1677 5742 Dat
1705 5686 1846 5743 salu-

319 5819 337 5851 ι
354 5814 580 5868 nonnulli
598 5822 725 5876 Mss,
749 5820 921 5877 Hagrta
940 5822 1024 5861 ars
1042 5802 1407 5859 nnsencordiw.

1585 299 1813 357 SERMO
1848 298 2159 357 LXXXVII.

3437 305 3540 363 558

1964 416 2031 471 tis
2062 424 2348 486 praecepta,
2380 416 2737 471 contemnitur
2770 435 2781 472 :
2833 417 2922 489 qui
2951 416 3193 487 audiunt,
3220 418 3536 477 liberantur.

1953 507 2349 577 Contemnitur,
2377 524 2495 563 cum
2527 508 2711 563 dicunt
2735 510 2889 564 amici
2911 519 3178 580 potentes,
3200 510 3341 566 Nihil
3368 514 3535 568 novit.

1952 604 2009 658 Si
2038 602 2169 658 nihil
2217 613 2419 669 nosset,
2453 603 2686 673 potentia
2731 604 2848 674 ejus
2894 614 3077 675 gentes
3130 620 3236 661 non
3266 606 3535 677 impleret.

1952 697 2009 754 Si
2040 698 2174 752 nihil
2220 706 2421 762 nosset,
2450 713 2556 755 non
2583 707 2724 753 esset
2760 708 3041 767 antequam
3080 699 3219 769 apud
3245 715 3343 753 nos
3371 709 3536 756 esset.

1952 790 2007 846 Si
2049 790 2181 845 nihil
2229 798 2429 858 nosset,
2476 790 2769 860 Pr0phetas
2812 801 2933 846 ante
2976 806 3033 847 se
3074 808 3180 847 non
3226 795 3461 849 mitteret
3493 796 3533 850 ¹.

1952 884 2137 939 Nonne
2181 884 2339 939 modo
2393 885 2684 954 implentur
2728 901 2846 955 qua:
2900 894 3024 940 ante
3067 887 3319 956 przedicta
3366 888 3534 941 sunt?

1950 975 2140 1031 Nonne
2166 977 2353 1047 probat
2389 976 2627 1031 medicus
2669 976 2769 1031 iste
2794 978 2922 1032 artis
2948 993 3058 1031 sua:
3089 979 3378 1047 potentiam
3409 995 3535 1049 pro-

1951 1068 2111 1123 missa
2156 1069 2515 1139 complendo?
2558 1068 2745 1124 Nonne
2789 1084 2884 1139 per
2930 1078 3096 1123 totum
3128 1070 3382 1125 mundum
3412 1087 3536 1140 per-

1950 1162 2138 1216 niciosi
2158 1171 2468 1217 evertuntur
2496 1178 2725 1227 errores,
2750 1172 2803 1218 et
2832 1164 3018 1217 tritura
3046 1164 3226 1218 mundi
3250 1164 3535 1219 domantur

1950 1254 2303 1324 cupiditates?
2346 1256 2511 1310 Nemo
2554 1255 2715 1318 dicat,
2745 1258 2912 1310 Antea
2941 1256 3131 1310 melior
3154 1266 3269 1311 erat
3307 1257 3534 1312 mundus

1949 1361 2106 1415 quam
2133 1346 2292 1401 modo
2320 1364 2332 1399 :
2375 1363 2441 1401 ex
2470 1362 2575 1417 quo
2600 1347 2761 1417 cmpit
2788 1348 2887 1402 iste
2914 1347 3148 1402 medicus
3176 1354 3346 1402 artem
3374 1364 3527 1403 suam

1950 1456 2226 1506 exercere,
2259 1442 2425 1496 multa
2467 1442 2552 1495 hic
2579 1441 2821 1496 videmus
2853 1440 3142 1496 horrenda.
3173 1440 3291 1495 Noli
3330 1441 3533 1496 mirari.

1949 1535 2251 1605 Antequam
2290 1534 2481 1605 aliquis
2510 1544 2808 1599 curaretur,
2841 1534 3038 1588 munda
3078 1549 3106 1587 a
3137 1534 3393 1605 sanguine
3422 1542 3535 1588 sta-

1951 1630 2025 1684 tio
2055 1629 2247 1685 medici
2278 1630 2559 1684 videbatur
2587 1648 2600 1683 :
2643 1630 2751 1684 imo
2772 1629 2885 1699 jam
2919 1636 2972 1683 tu
3004 1629 3107 1683 hoc
3133 1627 3321 1682 videns
3346 1636 3537 1707 excute

1948 1736 2112 1775 vanas
2138 1721 2379 1786 delicias,
2409 1722 2529 1775 veni
2573 1721 2642 1777 ad
2684 1721 2949 1776 medicum
2966 1736 2991 1793 Δ;
3040 1718 3283 1774 sanitatis
3326 1727 3535 1789 tempus

1948 1824 2047 1881 est,
2080 1830 2185 1869 non
2210 1814 2515 1883 voluptatis.

2020 1910 2105 1964 14.
2147 1908 2466 1974 Phrenetici,
2519 1907 2825 1979 Lethargici.
2879 1906 3144 1963 Curemur
3202 1920 3368 1977 ergo,
3420 1902 3533 1959 fra-

1949 2010 2077 2057 tres.
2110 2000 2165 2056 Si
2199 2002 2421 2057 necdum
2454 2001 2721 2057 medicum
2747 2000 3085 2071 agnoscimus
3108 2002 3151 2065 ',
3184 2014 3289 2053 non
3328 1998 3380 2052 in
3410 2011 3534 2053 eum

1950 2104 2201 2163 tanquam
2234 2094 2535 2164 phrenetici
2584 2094 2886 2159 saeviamus,
2932 2108 3039 2147 non
3081 2092 3149 2146 ab
3187 2106 3252 2146 eo
3281 2098 3532 2161 tanquam

1948 2187 2226 2257 lethargici
2270 2198 2593 2243 avertamur.
2642 2186 2789 2240 Multi
2836 2185 2979 2241 enim
3028 2183 3329 2252 saeviendo,
3381 2182 3535 2237 multi

1948 2282 2263 2338 dormiendo
2294 2283 2585 2353 perierunt.
2621 2280 2929 2336 Phrenetici
2974 2288 3115 2345 sunt,
3147 2279 3237 2348 qui
3274 2292 3379 2332 non
3409 2277 3536 2331 dor-

1948 2374 2165 2429 miendo
2196 2375 2484 2429 insaniunt.
2513 2373 2814 2443 Lethargici
2847 2380 2990 2437 sunt,
3023 2370 3113 2442 qui
3148 2370 3373 2425 multum
3406 2369 3533 2423 dor-

1946 2468 2162 2523 miendo
2212 2478 2547 2538 premuntur.
2613 2468 2838 2522 Prorsus
2900 2466 3034 2522 tales
3078 2474 3203 2521 sunt
3268 2465 3531 2519 homines.

1945 2560 2141 2615 Contra
2170 2559 2327 2613 istum
2375 2559 2639 2614 medicum
2680 2559 2770 2613 alii
2820 2559 3011 2613 suavire
3057 2558 3108 2611 in
3154 2572 3275 2611 eum
3306 2556 3530 2621 volunt;

1945 2659 1999 2706 et
2047 2651 2297 2720 quoniam
2342 2650 2455 2720 ipse
2499 2650 2610 2720 jam
2658 2651 2709 2703 in
2757 2651 2895 2705 coelo
2938 2648 3108 2715 sedet,
3137 2648 3375 2703 membra
3418 2648 3534 2717 ejus

1947 2742 2131 2798 lldeles
2181 2743 2233 2797 in
2266 2752 2405 2797 terra
2448 2753 2859 2814 persequuntur.
2893 2742 3055 2797 Curat
3094 2749 3149 2796 et
3191 2742 3343 2797 tales.
3385 2740 3534 2795 Multi

1945 2852 2010 2891 ex
2038 2836 2117 2891 eis
2155 2837 2399 2891 conversi
2440 2852 2505 2891 ex
2543 2836 2773 2890 inimicis
2813 2835 2933 2889 lacti
2964 2843 3086 2889 sunt
3112 2834 3289 2900 amici,
3317 2849 3383 2889 ex
3413 2847 3535 2902 per-

1946 2930 2279 2985 secutoribus
2308 2928 2425 2983 lacti
2454 2938 2576 2983 sunt
2598 2929 2996 3000 prmdicatores.
3021 2926 3178 2982 Tales
3205 2926 3362 2980 etiam
3391 2926 3535 2993 ipsos

1944 3022 2181 3087 Judreos,
2210 3022 2263 3075 in
2293 3036 2350 3075 se
2388 3022 2583 3091 ipsum,
2609 3036 2730 3075 eum
2767 3020 2853 3075 hic
2890 3028 3051 3081 esset,
3088 3019 3387 3084 saevientes,
3419 3026 3537 3071 tan-

1944 3132 2101 3187 quam
2132 3115 2469 3185 phreneticos
2508 3114 2732 3180 sanavit,
2766 3129 2861 3185 pro
2905 3113 3096 3181 quibus
3138 3112 3190 3166 in
3221 3111 3365 3181 ligno
3404 3126 3535 3180 pen-

1944 3208 2077 3263 dens
2128 3208 2318 3263 oravit.
2357 3208 2499 3262 Dixit
2541 3207 2731 3263 enim:
2783 3206 2955 3273 Pater,
3007 3207 3209 3277 ignosce
3254 3204 3378 3270 illis,
3417 3204 3535 3275 quia

1944 3304 2173 3358 nesciunt
2216 3302 2339 3375 quid
2390 3301 2583 3372 faciunt
2632 3299 2783 3371 (Luc.
2816 3316 2969 3366 χχιιι,
2999 3300 3113 3368 54).
3161 3296 3308 3351 Multi
3357 3305 3535 3352 tamen

1944 3410 2149 3461 eorum,
2194 3394 2377 3448 sedato
2420 3392 2618 3461 furore,
2672 3401 2919 3461 tanquam
2966 3390 3216 3460 phrenesi
3256 3403 3532 3459 oppressa,

1944 3495 2309 3557 cognoverunt
2366 3485 2532 3539 Deum
2560 3526 2573 3549 ,
2632 3491 2997 3554 cognoverunt
3048 3481 3339 3536 Christum.
3407 3478 3536 3534 Post

1944 3580 2311 3632 ascensionem
2343 3578 2506 3629 misso
2533 3575 2733 3644 Spiritu
2774 3578 2976 3638 sancto,
3008 3570 3255 3627 conversi
3304 3578 3428 3625 sunt
3465 3569 3536 3625 ad

1943 3685 2063 3725 eum
2098 3685 2256 3739 quem
2287 3668 2683 3733 cruciﬁxerunt,
2716 3677 2769 3720 et
2798 3665 2849 3719 in
2877 3664 3225 3720 Sacramento
3251 3662 3535 3718 credentes

1945 3763 2257 3833 sanguinem
2304 3762 2419 3830 ejus
2449 3760 2718 3826 biberunt,
2753 3774 2912 3827 quem
2950 3755 3221 3811 saeviendo
3261 3754 3533 3809 fuderunt.

2014 3856 2241 3912 CAPUT
2288 3854 2404 3909 XII.
2456 3884 2526 3893 —
2571 3853 2658 3908 15.
2693 3850 2981 3907 Conclusio.
3037 3849 3305 3904 Habemus
3348 3862 3533 3903 exem-

1945 3953 2051 4023 pla.
2099 3950 2527 4021 Persequebatur
2579 3946 2820 4003 membra
2865 3945 2980 4015 ejus
3034 3944 3145 4014 jam
3202 3941 3437 3998 sedentis
3480 3940 3534 3996 in

1944 4046 2080 4101 cmlo
2119 4044 2309 4100 Saulus
2355 4062 2366 4097 :
2416 4041 2833 4113 persequebatur
2879 4040 3111 4111 graviter
3156 4037 3209 4092 in
3261 4036 3532 4107 phrenesi,

1945 4145 2126 4193 mente
2168 4136 2410 4207 perdita,
2457 4135 2645 4189 morbo
2690 4133 2875 4187 nimio.
2906 4132 2977 4186 At
3018 4131 3107 4185 ille
3146 4145 3251 4185 una
3290 4144 3421 4184 voce
3467 4128 3536 4184 de

1945 4229 2083 4285 coelo
2120 4228 2357 4283 clamans
2392 4228 2464 4293 ei,
2508 4225 2686 4290 Saule,
2719 4224 2897 4289 Saule,
2927 4222 3049 4291 quid
3074 4238 3152 4276 me
3177 4220 3488 4293 persequeris
3510 4221 3538 4275 ?

1946 4321 2209 4394 percussit
2228 4319 2619 4391 phreneticum,
2640 4318 2811 4374 erexit
2826 4332 3036 4382 sanum;
3061 4316 3257 4371 occidit
3277 4328 3535 4384 persecu-

1946 4431 2138 4483 torem,
2171 4416 2454 4471 viviticavit
2481 4412 2886 4483 przndicatorem
2921 4410 3055 4482 (Act.
3107 4425 3182 4476 ιχ,
3229 4409 3311 4478 4).
3354 4408 3526 4463 Etiam

1946 4509 2221 4578 lethargici
2260 4506 2411 4561 multi
2457 4512 2733 4558 sanantur.
2781 4502 2914 4572 Ipsis
2957 4501 3100 4556 enim
3144 4499 3345 4555 similes
3390 4506 3533 4564 sunt,
3568 4497 3579 4543 ’.

1946 4603 2037 4675 qui
2062 4576 2167 4655 non
2212 4599 2438 4653 smviunt
2479 4597 2533 4650 in
2559 4594 2857 4661 Christum,
2887 4608 2987 4649 nec
3012 4592 3260 4647 malitiosi
3288 4599 3410 4643 sunt
3437 4589 3533 4643 ad-
3584 4576 3585 4579 “

1945 4709 2130 4749 versus
2157 4691 2488 4746 Christianos
2514 4688 2570 4753 3;
2613 4686 2705 4742 sed
2752 4694 2953 4740 tantum
2995 4682 3288 4738 differendo
3318 4682 3537 4751 langue-

1946 4794 2103 4840 scunt
2130 4784 2308 4838 verbis
2332 4779 2706 4846 somnolentis,
2739 4778 2791 4832 in
2834 4779 3004 4831 lucem
3033 4776 3219 4830 oculos
3245 4773 3536 4828 extendere

1947 4880 2272 4949 pigrescunt,
2304 4882 2355 4929 et
2402 4872 2489 4942 qui
2530 4886 2624 4927 eos
2651 4870 2887 4926 excitare
2909 4869 3112 4934 volunt,
3150 4864 3363 4919 molesti
3388 4874 3531 4918 sunt.

1947 4967 2160 5024 Recede
2203 4981 2230 5019 a
2273 4980 2380 5031 me,
2414 4963 2585 5033 inquit
2614 4961 2894 5032 languidus
2934 4958 3279 5030 lethargicus,
3313 4957 3537 5014 obsecro

1947 5071 2022 5130 te,
2058 5060 2251 5116 recede
2279 5075 2308 5113 a
2344 5074 2450 5113 me.
2475 5057 2694 5125 Quare?
2735 5056 2977 5111 Dormire
3012 5056 3154 5108 volo.
3196 5052 3303 5107 Sed
3343 5053 3513 5107 morie

1950 5154 2023 5209 ris
2062 5150 2206 5206 inde.
2256 5149 2350 5204 llle
2389 5163 2572 5203 amore
2612 5149 2818 5212 somni,
2858 5145 2989 5200 Mori
3024 5144 3182 5211 volo,
3226 5143 3534 5213 respondet.

1950 5247 2019 5302 Et
2053 5245 2285 5300 charitas
2319 5242 2570 5312 desuper,
2606 5240 2760 5293 Nolo.
2804 5238 3125 5307 Plerumque
3160 5236 3320 5291 istum
3357 5234 3539 5290 chari-

1951 5339 2075 5394 tatis
2095 5335 2341 5391 affectum
2369 5334 2585 5389 exhibet
2615 5332 2753 5386 lilius
2783 5331 2941 5386 etiam
2969 5329 3103 5398 patri
3130 5332 3245 5383 seni
3275 5329 3539 5383 morituro

1953 5438 2072 5503 post
2097 5444 2292 5501 paucos
2321 5426 2455 5493 dies,
2479 5426 2589 5495 jam
2617 5424 2795 5493 utique
2822 5431 2976 5477 astate
3001 5420 3169 5476 ﬁnita.
3194 5420 3248 5476 Si
3288 5420 3540 5491 lethargi-

2017 5546 2033 5577 ι
2056 5545 2129 5593 sic
2148 5542 2379 5607 meliores
2400 5546 2505 5588 Mss.
2541 5545 2595 5588 At
2617 5536 2752 5607 editi,
2778 5534 2826 5585 Si
2854 5532 2975 5607 nihil
3012 5539 3269 5607 esset,
3291 5539 3410 5607 esset
3431 5540 3542 5585 ante

1952 5620 2096 5673 quam
2117 5603 2249 5669 apud
2266 5616 2349 5653 nos
2370 5606 2505 5673 esset,
2527 5597 2785 5671 Prophetas
2801 5604 2980 5670 mttese
3000 5610 3093 5647 non
3109 5597 3329 5648 mitteret.

2016 5673 2036 5702 ³
2060 5668 2248 5717 Aliquot
2263 5674 2392 5717 Mss.
2408 5678 2451 5714 ει
2468 5664 2707 5713 medicum
2728 5674 3043 5717 agnoscamus.

2018 5674 2036 5702 ³
2060 5674 2248 5733 Aliquot
2263 5674 2392 5723 Mss,
2408 5678 2451 5714 ει
2468 5674 2707 5713 medicum
2728 5674 3043 5727 agnoscunus.

2018 5733 2039 5764 ³
2056 5740 2107 5781 ιιι
2127 5729 2412 5795 quibusdam
2434 5725 2588 5788 libris,
2612 5737 2697 5776 nec
2722 5722 2907 5777 molesti
2936 5727 3045 5777 sunt
3064 5720 3298 5775 adversus
3311 5718 3540 5772 Christia-

1951 5806 2055 5845 nos.
