4006 6420
543 293 650 356 539

543 426 667 477 cum
696 409 863 487 videt,
889 414 947 475 et
982 407 1275 479 lethargico
1311 405 1501 463 morbo
1532 403 1703 476 premi
1726 418 1880 461 suum
1916 412 2119 476 patrem

542 520 573 561 a
601 504 812 567 medico
837 502 1097 575 agnoscit,
1118 500 1333 557 dicente
1357 499 1481 567 sibi,
1508 498 1692 555 Excita
1718 504 1922 570 patrem
1949 506 2119 565 tuum,

538 597 653 657 noli
692 611 815 663 eum
846 594 1154 666 permittere
1179 592 1445 660 dormire,
1472 591 1516 649 si
1546 590 1627 646 vis
1663 598 1721 646 ut
1743 589 1885 649 vivat
1916 608 1932 644 :
1971 589 2121 651 adest

539 704 676 761 puer
714 687 853 757 seni.
890 686 1085 758 pulsat,
1121 685 1353 751 vellicat,
1390 683 1593 757 pungit,
1627 682 1821 753 pietate
1862 682 2119 749 molestus

537 790 622 839 est
647 798 663 835 :
690 796 789 845 nec
812 781 949 847 mori
989 778 1096 839 cito
1132 778 1390 849 permittit
1421 778 1534 850 ipsa
1569 786 1842 833 senectute
1869 776 1975 832 cito
2006 791 2120 837 mo-

535 874 795 942 riturum;
837 874 965 941 etsi
992 871 1597 943 viterit,gaudettilius,
1632 879 1688 927 ut
1708 871 1977 942 aliquanto
2005 870 2116 939 plu-

540 979 628 1029 res
652 965 767 1033 dies
809 965 951 1021 vivat
978 979 1097 1019 cum
1138 963 1427 1019 decessuro
1459 977 1802 1019 successurus
1829 963 1867 1015 ³.
1908 961 2116 1031 Quanto

534 1055 740 1125 majore
780 1056 1041 1123 maritate
1072 1071 1169 1123 tios
1197 1056 1384 1125 amicis
1411 1056 1608 1111 nostris
1647 1056 1855 1119 molesti
1884 1069 2001 1111 esse
2022 1053 2117 1113 de—

531 1147 742 1215 bemus,
783 1163 904 1207 cum
936 1148 1128 1221 quibus
1150 1162 1256 1213 non
1285 1162 1480 1217 paucos
1514 1148 1569 1203 in
1607 1146 1710 1202 hoc
1741 1146 1940 1205 mundo
1976 1145 2111 1212 dies,

530 1240 626 1297 sed
663 1241 804 1314 apud
826 1241 993 1307 Deum
1032 1243 1088 1295 in
1128 1248 1384 1303 aeternum
1425 1238 1706 1297 vivamus?
1751 1239 1946 1299 Ament
1986 1252 2112 1307 ergo

527 1348 646 1397 nos,
677 1343 732 1389 et
755 1333 955 1404 faciant
977 1332 1119 1404 quod
1151 1333 1372 1399 audiunt
1396 1347 1491 1403 per
1519 1346 1639 1397 nos,
1663 1340 1718 1386 et
1756 1331 1935 1387 colant
1955 1344 2110 1401 quem

527 1425 753 1489 colimus
782 1434 837 1491 et
867 1440 987 1496 nos,
1026 1434 1083 1493 ut
1121 1426 1379 1499 recipiant
1413 1418 1556 1498 quod
1584 1438 1862 1499 speramus
1902 1431 1957 1487 et
1990 1436 2107 1481 nos.

526 1516 781 1583 Conversi
808 1516 876 1587 ad
902 1518 1207 1585 Dominum,
1248 1525 1354 1573 etc.

944 1654 1180 1711 BERMO
1216 1653 1531 1710 Lxxxvm
1561 1657 1582 1685 ο
1616 1650 1720 1726 (α).

524 1748 605 1820 De
657 1766 817 1821 verbis
866 1766 1133 1837 Evangelii
1187 1765 1441 1833 Matthwi,
1491 1766 1575 1821 ubi
1618 1766 1681 1820 de
1724 1764 1920 1819 duobus
1963 1763 2107 1819 caecis

595 1858 881 1923 sedentibus
908 1875 1049 1912 secus
1076 1859 1224 1923 viam,
1250 1867 1297 1913 et
1326 1857 1676 1923 etantantibus,
1701 1854 1925 1911 Domine
1943 1857 2107 1911 mise-

592 1964 712 2004 rere
739 1950 928 2019 nostri,
960 1944 1037 2004 liii
1065 1949 1231 2005 David
1263 1947 1359 2022 (b).
1393 1948 1520 2018 Cap.
1553 1965 1657 2014 xx,
1707 1946 1743 2021 ᾗ
1769 1989 1781 2002 .
1806 1947 1995 2005 50-54.

589 2059 815 2123 CAPUT
847 2056 1226 2116 PRIMUM.—
1282 2061 1333 2129 1.
1371 2058 1600 2115 Medicus
1626 2071 1811 2127 noster,
1852 2059 2101 2115 Christus.

519 2146 788 2217 Miraculis
837 2154 1181 2225 corporalibus
1218 2153 1500 2224 wdiﬁcabat
1544 2154 1717 2225 ﬁdem.
1748 2154 1893 2210 Bene
1928 2154 2107 2219 nobis-

517 2259 639 2309 cum
687 2245 832 2301 novit
861 2245 1125 2302 Sanctitas
1177 2257 1384 2321 vestra,
1430 2247 1710 2302 Dominum
1754 2258 1993 2303 nostrum
2051 2257 2106 2309 ct

516 2339 832 2392 salvatorem
859 2337 1040 2394 Jesum
1067 2336 1334 2393 Christum
1360 2337 1622 2401 medicum
1648 2354 1767 2394 esse
1797 2350 1993 2397 nostrae
2021 2355 2103 2395 sa-

515 2430 643 2485 lutis
677 2440 922 2501 aeternae;
963 2441 1016 2487 et
1042 2432 1109 2487 ad
1139 2432 1240 2487 hoc
1267 2449 1388 2488 eum
1416 2435 1715 2507 suscepisse
1743 2435 2101 2491 inﬁrmitatem

519 2532 724 2589 naturae
750 2534 1048 2595 noslrte,ne
1078 2522 1398 2597 sempiterna
1427 2538 1566 2582 esset
1596 2528 1873 2584 inﬁrmitas
1898 2540 2099 2585 nostra.

512 2613 814 2688 Assumpsit
860 2617 1001 2677 enim
1048 2633 1240 2688 corpus
1285 2619 1542 2687 mortale,
1586 2620 1641 2675 in
1682 2637 1788 2691 quo
1832 2621 2104 2685 occideret

513 2716 762 2763 mortem.
786 2700 854 2762 Et
873 2711 1098 2789 quamvis
1120 2711 1391 2785 cruciﬁxus
1416 2724 1485 2769 est
1510 2732 1574 2783 ea:
1593 2714 1882 2785 inﬁmitate
1908 2726 2098 2784 nostra,

517 2799 653 2857 sicut
696 2800 770 2857 ait
810 2799 1132 2873 Apostolus;
1173 2807 1260 2859 sed
1293 2807 1407 2860 vivit
1440 2823 1501 2861 ea;
1533 2807 1715 2861 virtute
1750 2806 1843 2862 Dei
1885 2806 1951 2879 (ιι
1982 2808 2098 2863 Cor.

512 2909 636 2963 xm,
668 2894 747 2966 4).
789 2892 1042 2964 Ejusdem
1073 2896 1313 2968 Apostoli
1345 2896 1503 2965 verba
1534 2907 1657 2953 sunt
1689 2917 1701 2951 :
1734 2898 1803 2951 Et
1840 2901 1959 2988 quia
1986 2902 2103 2971 jam

512 3003 613 3041 non
642 2988 874 3056 moritur,
907 2999 952 3041 et
982 3005 1115 3045 mors
1151 2990 1196 3043 ei
1232 2990 1367 3045 ultra
1402 3007 1505 3044 non
1542 2990 1883 3046 dominabitur
1921 2992 2097 3067 (Rom.

513 3094 600 3145 vi,
633 3072 723 3155 9).
754 3068 882 3135 Haec
910 3095 1037 3151 ergo
1066 3080 1201 3137 bene
1231 3092 1353 3137 nota
1385 3092 1509 3137 sunt
1538 3082 1658 3137 ﬁdei
1689 3092 1899 3143 vestrae.
1934 3084 2101 3149 Simul

511 3180 565 3226 et
590 3171 693 3226 hoc
717 3188 1048 3243 consequens
1076 3183 1177 3241 est,
1209 3183 1264 3239 ut
1291 3176 1593 3231 noverimus
1617 3177 1791 3232 omnia
1819 3179 2095 3250 miracula,

509 3279 627 3335 qum
653 3265 1002 3335 corporaliter
1027 3265 1186 3332 fecit,
1226 3266 1404 3335 valere
1439 3267 1506 3323 ad
1543 3267 1963 3335 admonitionem
2000 3288 2101 3327 no—

508 3367 673 3412 stram
692 3398 709 3427 ,
741 3366 799 3412 ut
825 3359 1180 3441 percipiamus
1208 3359 1282 3427 ab
1318 3375 1383 3415 eo
1421 3361 1561 3433 quod
1590 3377 1698 3421 non
1729 3358 1813 3431 est
1843 3364 2097 3421 transitu-

508 3464 625 3507 rum
648 3492 663 3516 ,
695 3466 865 3521 neque
896 3450 1055 3513 ﬁnem
1083 3448 1407 3519 habiturum.
1436 3452 1629 3519 Oculos
1653 3448 1885 3521 reddidit
1908 3459 2094 3528 crucis,

507 3554 644 3617 quos
668 3549 783 3597 erat
810 3541 992 3611 utique
1021 3556 1165 3599 mors
1192 3543 1477 3612 aliquando
1501 3545 1743 3600 clausura
1770 3565 1783 3601 :
1809 3551 2090 3605 resuscita-

506 3631 582 3697 vit
620 3631 911 3707 Lazarum,
958 3633 1147 3711 iterum
1192 3635 1526 3689 moriturum.
1560 3636 1626 3691 Et
1653 3653 2000 3711 quzecumque
2027 3641 2094 3701 ad

506 3710 727 3791 salutem
756 3740 1039 3795 corporum
1070 3710 1192 3781 iecit
1212 3767 1225 3793 ,
1260 3742 1364 3782 non
1397 3727 1462 3783 ad
1493 3728 1595 3785 hoc
1624 3729 1778 3796 fecit,
1807 3740 1863 3787 ut
1893 3710 2090 3805 sempi-

506 3824 655 3883 terna
689 3828 868 3873 essent
902 3838 916 3874 :
947 3835 1066 3879 cum
1099 3829 1278 3875 tamen
1306 3821 1530 3878 daturus
1559 3824 1627 3877 sit
1652 3825 1814 3901 etiam
1844 3826 1944 3901 ipsi
1974 3844 2093 3883 cor-

504 3910 617 3981 pori
648 3909 698 3961 in
731 3907 833 3988 ﬁne
863 3910 1239 3978 sempiternam
1278 3912 1520 3967 salutem.
1563 3898 1667 3969 Sed
1702 3917 1823 3984 quia
1857 3898 1945 3972 illa
1972 3933 2091 3988 qua:

503 4014 607 4052 non
634 3986 969 4065 videbantur,
999 4000 1105 4057 non
1130 4002 1514 4070 credebantur;
1542 4020 1637 4083 per
1656 4007 1754 4060 ista
1779 3986 2089 4081 temporalia

502 4105 619 4163 quae
666 4090 980 4147 videbantur
1025 4092 1320 4153 aediﬁcabat
1369 4094 1527 4151 ﬁdem
1575 4097 1642 4151 ad
1688 4098 1778 4165 illa
1818 4115 1936 4170 quze
1981 4104 2088 4156 non

501 4181 836 4237 videbantur.

569 4295 798 4361 CAPUT
837 4278 900 4351 ll.
923 4325 996 4336 —
1030 4296 1084 4351 2.
1114 4294 1356 4365 Ecclesiw
1400 4307 1573 4370 postea
1613 4301 1739 4369 ﬁdes
1776 4303 1884 4359 sine
1925 4305 2085 4362 mira-

498 4389 627 4453 culis
651 4388 954 4455 taudabitior
999 4388 1268 4457 Cicatrices
1316 4395 1541 4467 corporis
1594 4395 1673 4449 sui
1721 4412 1815 4453 cur
1849 4400 2083 4457 servavit.

498 4479 666 4541 Nemo
703 4480 911 4550 itaque,
953 4480 1178 4548 fratres,
1219 4482 1392 4551 dicat,
1428 4498 1540 4562 non
1581 4484 1756 4543 facere
1795 4487 1892 4545 ista
1925 4491 2086 4549 modo

495 4570 779 4635 Dominum
821 4578 1062 4635 nostrum
1102 4571 1281 4639 .lesuni
1319 4573 1587 4639 Christum
1609 4618 1626 4645 ,
1658 4584 1713 4632 et
1740 4586 1955 4649 propter
1984 4581 2085 4638 hoc

494 4663 845 4733 prtesentibus
886 4662 1139 4729 Ecclesiae
1174 4666 1502 4734 temporibus
1535 4667 1708 4739 priora
1749 4685 2080 4740 prmponere.

493 4755 735 4824 Quodam
772 4757 967 4827 quippe
1007 4757 1124 4813 loco
1167 4756 1309 4812 idem
1353 4758 1609 4823 Dominus
1650 4762 1985 4833 videntibus,
2028 4775 2082 4823 et

494 4849 616 4905 ideo
643 4847 1004 4925 credentibus,
1036 4849 1294 4921 praeponit
1315 4864 1407 4905 eos
1433 4850 1523 4923 qui
1548 4866 1651 4906 non
1678 4852 1858 4915 vident
1881 4864 1935 4910 et
1957 4870 2067 4913 ore.

492 4941 643 5007 dunt.
691 4941 930 5013 Namque
977 4956 1145 5013 usque
1186 4956 1251 5001 eo
1293 4940 1384 5007 illo
1425 4952 1660 5015 tempore
1701 4944 2078 5017 discipulorum

492 5032 609 5103 ejus
635 5033 852 5089 nutabat
882 5031 1180 5105 inﬁrmitas,
1213 5040 1268 5097 ut
1293 5048 1452 5102 quem
1481 5034 1730 5090 videbant
1753 5036 1861 5107 jam
1894 5055 2076 5099 resur-

492 5126 693 5181 rexisse
710 5164 727 5194 ,
758 5124 918 5181 etiam
945 5123 1380 5190 contrectandum
1402 5132 1664 5197 putarent,
1694 5136 1752 5195 ut
1775 5130 2074 5195 crederent,

557 5257 575 5286 ί
598 5256 670 5325 ξλιο
691 5254 1143 5325 nonnulli
1164 5254 1250 5325 Alii
1268 5270 1388 5325 vero
1406 5271 1518 5325 cum
1540 5260 1701 5325 editis,
1722 5260 1950 5325 permittit
1985 5266 2080 5317 cito

492 5316 851 5390 ιιιοτξιωηιῃικει
875 5320 918 5370 si
936 5318 1107 5389 vicerit
1125 5319 1245 5383 (vel,
1261 5319 1455 5384 viderit)
1471 5327 1521 5373 ut
1541 5316 1786 5389 aliquanta
1799 5324 1961 5390 plures
1975 5316 2078 5385 dies

493 5381 631 5434 vivnt,
653 5392 761 5427 cum
778 5381 1033 5432 decesserit
1051 5381 1378 5432 successurus.

560 5443 879 5547 Lr‘giendatuS
896 5444 955 5492 ad
982 5444 1184 5493 eosdem
1205 5445 1398 5495 codices
1425 5449 1665 5497 sermonis
1683 5446 1762 5509 8%,
1784 5456 1840 5501 et
1859 5450 1919 5502 sd
1938 5453 2077 5515 quiu-

493 5508 592 5550 tttm
618 5508 677 5549 cl.

558 5564 629 5622 ((ι)
665 5561 793 5622 dias,
818 5562 881 5613 de
898 5565 1068 5615 Verbis
1088 5566 1275 5616 Domini
1303 5566 1379 5619 18.

554 5625 624 5687 (b)
645 5630 698 5695 in
720 5626 919 5695 Possidii
945 5628 1171 5691 lndiculo,
1205 5641 1308 5695 cap.
1344 5628 1376 5679 8
1412 5631 1706 5695 inscribitur,
1748 5650 1772 5681 ιι
1792 5635 1856 5686 de
1889 5636 2077 5690 duobus

498 5688 742 5761 Emeisi
786 5690 1005 5761 qusdem
1034 5688 1277 5745 serruonis
1301 5704 1533 5760 excerpta
1563 5688 1731 5761 retulit
1757 5688 1922 5753 Florus
1958 5688 2018 5753 ad
2039 5688 2076 5751 Il

487 5755 674 5815 eam,
696 5746 1088 5817 etadEphes.v.

1770 282 1829 344 S.
1868 284 2095 351 AUGUS

2205 285 2232 344 ΓΙ
2257 286 2559 357 EPISCOPI
3706 313 3801 375 540

2229 405 2345 463 Non
2373 409 2668 479 sufﬁciebat
2688 414 2855 477 oculis
2872 456 2891 485 ,
2923 418 3070 490 quod
3098 422 3343 487 viderent
3360 466 3377 495 ,
3414 427 3517 487 nisi
3543 438 3599 489 et
3618 447 3801 494 manus

2226 501 2639 569 admoverentur
2664 509 2952 580 membriS.
2991 522 3046 577 et
3070 514 3344 575 cicatrices
3370 524 3662 583 recentium
3691 529 3800 586 vul-

2225 609 2412 651 nerum
2443 604 2779 668 angerentur
2808 619 2822 656 :
2852 612 2908 658 ut
2939 605 3026 661 ille
3049 609 3136 677 qui
3172 608 3446 671 dubitabat
3476 614 3794 689 discipulus,

2225 695 2445 755 repente
2484 689 2639 745 tactis
2686 699 2741 746 et
2789 695 3012 764 cognitis
3058 699 3394 759 cicatricibus
3441 707 3794 779 exclamaret,

2224 775 2475 843 Dominus
2511 798 2647 843 meus
2673 792 2723 847 et
2751 783 2889 849 Deus
2916 790 3092 851 mus!
3131 789 3417 859 Cicatrices
3453 775 3800 863 ostendebant

2224 881 2345 935 eum
2364 911 2381 939 ,
2412 871 2501 942 qui
2528 887 2706 935 omnia
2732 876 2950 939 vulnera
2979 879 3032 939 iu
3061 882 3179 939 aliis
3204 899 3505 951 sanaverat.
3534 890 3797 965 Numquid

2223 973 2329 1053 non
2355 970 2564 1031 poterat
2588 964 2839 1035 Dominus
2864 968 2980 1027 sine
3001 972 3333 1039 cicatricibus
3357 983 3674 1053 resurgere?
3695 985 3797 1041 Sed

2221 1051 2277 1127 in
2306 1055 2868 1130 corde'discipulorum
2898 1065 3116 1135 vulnera
3140 1082 3399 1139 noverat,
3440 1051 3659 1147 propter
3681 1095 3797 1150 qua:

2219 1149 2451 1241 sananda
2476 1152 2749 1217 cicatrices
2773 1156 2825 1221 in
2850 1173 3076 1232 corpore
3096 1177 3196 1221 suo
3220 1178 3543 1227 servaverat.
3578 1170 3645 1229 Et
3670 1149 3796 1241 quid

2219 1240 2476 1299 Dominus
2506 1245 2578 1300 illi
2600 1246 2712 1316 jam
2738 1250 3011 1319 conﬁtenti
3036 1269 3100 1313 ac
3122 1255 3351 1326 dicenti,
3380 1258 3635 1319 Dominus
3662 1240 3797 1321 mea;

2217 1340 2263 1387 et
2290 1332 2426 1389 Deus
2455 1337 2630 1401 meus?
2652 1338 2783 1404 Quia
2810 1343 2976 1403 vidisti
3000 1362 3099 1417 me,
3128 1348 3315 1419 inquit,
3341 1352 3598 1407 credidisti
3626 1370 3645 1408 :
3673 1355 3798 1412 beati

2215 1424 2301 1516 qui
2316 1441 2415 1483 non
2428 1427 2677 1496 vident,“
2703 1433 2913 1497 credunt
2942 1436 3117 1507 (Joan.
3149 1456 3239 1506 xx,
3256 1441 3624 1516 S5-29).Quos
3643 1446 3794 1513 dixit,

2214 1515 2405 1573 fratres
2429 1521 2529 1575 nisi
2550 1522 2685 1579 nos?
2706 1523 2821 1580 Non
2843 1529 2962 1598 quia
2984 1530 3127 1587 solos
3148 1548 3267 1599 nos,
3294 1535 3389 1590 sed
3413 1515 3468 1593 et
3496 1547 3615 1606 post
3636 1553 3740 1593 nos
3762 1540 3795 1589 ι.

2213 1605 2343 1667 Post
2389 1624 2611 1679 parvum
2655 1616 2796 1677 enim
2845 1625 3085 1690 tempus,
3134 1632 3474 1696 posteaquam
3500 1605 3589 1687 fab
3629 1629 3797 1689 oculis

2211 1701 2524 1760 mortalibus
2560 1708 2783 1765 recessit
2820 1716 2879 1764 ut
2914 1711 3214 1775 ﬁrmaretur
3254 1716 3385 1773 ﬁdes
3424 1718 3477 1773 in
3514 1720 3792 1785 cordibus,

2212 1790 2527 1864 quicumque
2549 1795 2920 1868 crediderunt,
2951 1818 3057 1865 non
3080 1804 3319 1867 videntes
3343 1808 3719 1878 crediderunt,
3748 1821 3798 1867 et

2209 1894 2459 1951 magnum
2487 1886 2735 1953 meritum
2767 1888 2950 1955 habuit
2976 1893 3107 1953 ﬁdes
3130 1910 3314 1965 eorum
3344 1914 3357 1967 ς
3387 1900 3472 1965 cui
3498 1900 3620 1959 ﬁdei
3648 1917 3797 1965 com-

2203 1972 2457 2043 parandae
2478 2017 2492 2041 ,
2528 1990 2623 2032 cor
2651 1986 2853 2037 tantum
2881 1982 3230 2051 admoverunt
3256 1988 3401 2059 pium
3420 2030 3437 2058 ,
3464 2005 3574 2055 non
3599 2000 3659 2048 et
3686 1994 3799 2065 pal-

2211 2073 2423 2132 pantem
2451 2082 2687 2127 manum.

2280 2146 2508 2215 CAPUT
2546 2160 2636 2217 lll.
2664 2163 2807 2225 —5.
2850 2164 3105 2227 Miracula
3148 2185 3283 2229 nunc
3324 2173 3524 2244 majora
3564 2174 3798 2235 Christus

2210 2258 2464 2318 operatur.
2521 2251 2646 2309 Haec
2696 2270 2822 2327 ergo
2847 2255 2973 2312 fecit
3014 2260 3300 2328 Dominus,
3344 2271 3401 2320 ut
3438 2265 3689 2325 invitaret
3735 2268 3799 2324 ad

2208 2336 2388 2394 ﬁdem.
2428 2340 2553 2398 Haec
2590 2343 2724 2402 ﬁdes
2760 2363 2900 2411 nunc
2936 2350 3102 2406 fervet
3129 2351 3182 2407 in
3208 2353 3480 2423 Ecclesia,
3514 2365 3625 2412 toto
3666 2359 3799 2414 orbe

2207 2431 2416 2491 diﬁ‘usa.
2454 2437 2522 2494 Et
2557 2455 2697 2497 nunc
2730 2443 2960 2515 majores
2992 2447 3247 2511 sanitates
3275 2460 3545 2520 operatur,
3576 2463 3799 2525 propter

2208 2540 2339 2595 quas
2367 2543 2470 2583 non
2498 2540 2579 2586 est
2606 2531 2919 2606 dedignatus
2947 2548 3071 2595 tunc
3101 2540 3354 2598 exhibere
3383 2542 3503 2599 illas
3530 2544 3795 2601 minores.

2208 2615 2358 2674 Sicut
2386 2622 2527 2679 enim
2558 2625 2765 2689 animus
2790 2613 2981 2697 melior
3005 2640 3088 2687 est
3115 2647 3373 2702 corpore;
3413 2637 3490 2695 sic
3522 2645 3575 2697 et
3602 2638 3801 2705 melior

2207 2708 2351 2764 Salus
2389 2713 2584 2783 animi,
2629 2733 2786 2787 quam
2820 2722 2960 2777 salus
2996 2724 3254 2799 corporis.
3290 2725 3444 2787 Modo
3486 2742 3611 2784 caro
3650 2744 3796 2791 caeca

2206 2815 2313 2863 non
2351 2805 2525 2874 aperit
2560 2808 2743 2865 oculos
2777 2812 3032 2868 miraculo
3074 2815 3315 2884 Domini;
3359 2828 3414 2873 et
3453 2833 3547 2875 cor
3587 2836 3795 2881 caseum

2205 2893 2378 2962 aperit
2421 2898 2604 2954 oculos
2654 2903 2887 2957 sermoni
2937 2904 3165 2965 Domini.
3213 2906 3368 2969 Modo
3408 2925 3513 2967 non
3562 2914 3796 2985 resurgit

2205 2989 2432 3043 mortale
2455 2990 2710 3062 cadaver;
2739 2997 2964 3066 resurgit
2990 2999 3184 3066 anima,
3209 3016 3328 3073 qua:
3351 3013 3556 3069 mortua
3577 3005 3799 3076 jacebat

2205 3077 2258 3133 in
2301 3081 2421 3136 vivo
2461 3083 2736 3143 cadavere.
2784 3088 2940 3147 Modo
2979 3107 3136 3155 aures
3179 3095 3420 3169 corporis
3462 3097 3637 3163 surda:
3688 3115 3797 3163 non

2204 3174 2513 3243 aperiuntur
2555 3195 2567 3231 :
2610 3178 2705 3245 sed
2743 3194 2900 3250 quam
2945 3183 3095 3241 multi
3142 3184 3340 3243 habent
3379 3202 3535 3243 aures
3579 3190 3796 3257 clausas

2203 3266 2411 3333 cordis,
2452 3284 2569 3338 quae
2608 3279 2784 3331 tamen
2824 3274 2991 3335 verbo
3021 3277 3111 3332 Dei
3137 3288 3451 3349 penetrante
3477 3290 3792 3353 patescunt,

2203 3364 2262 3411 ut
2296 3358 2521 3449 credant
2558 3361 2646 3432 qui
2690 3378 2797 3423 non
2834 3366 3153 3445 credebant,
3199 3377 3255 3438 et
3299 3369 3434 3429 bene
3469 3372 3652 3437 vivant
3705 3375 3794 3449 qui

2202 3448 2343 3513 male
2371 3452 2651 3523 vivebant,
2693 3466 2749 3512 et
2791 3458 3042 3519 obediant
3077 3461 3164 3535 qui
3204 3477 3310 3531 non
3349 3448 3794 3535 obediebantiet

2200 3539 2458 3611 dicimus,
2489 3545 2581 3602 Ille
2609 3546 2866 3621 credidit;
2896 3566 2961 3611 ac
2990 3553 3264 3623 miramur,
3295 3570 3415 3611 cum
3445 3557 3696 3615 audimus
3725 3561 3795 3616 de

2203 3631 2283 3689 his
2311 3652 2443 3707 quos
2471 3638 2753 3711 aliquando
2778 3642 2949 3700 duros.
2966 3660 3304 3706 noveramus.
3344 3650 3454 3719 Cur
3491 3667 3615 3724 ergo
3642 3669 3795 3710 nunc

2198 3725 2408 3793 miraris
2452 3729 2792 3798 credentem,
2838 3733 3376 3818 innocentemLDeo,
3419 3743 3790 3813 servientem;

2197 3814 2297 3869 nisi
2348 3817 2470 3887 quia
2516 3823 2780 3889 conspicis
2833 3824 3135 3894 videntem,
3188 3814 3345 3899 quem
3395 3847 3620 3893 noveras
3677 3851 3793 3891 ca:-

2196 3922 2349 3973 cum;
2397 3913 2660 3983 conspicis
2705 3916 2997 3987 viventem,
3046 3935 3202 3994 quem
3231 3937 3456 3980 noveras
3472 3937 3788 3993 mortuum;

2195 4000 2459 4073 conspicis
2502 4003 2804 4069 audientem
2828 4049 2845 4078 ,
2892 4025 3048 4080 quem
3093 4028 3315 4079 noveras
3354 4014 3607 4071 surdum?
3648 4006 3789 4081 Nam

2194 4091 2371 4148 videte
2399 4095 2554 4151 aliter
2582 4110 2841 4168 mortuos,
2872 4102 2940 4158 de
2967 4105 3158 4179 quibus
3183 4108 3405 4163 mortuis
3431 4108 3642 4171 dicebat
3679 4114 3790 4167 Do-

2193 4185 2371 4241 minus
2394 4188 2601 4244 cuidam
2628 4189 2749 4247 ideo
2773 4195 3021 4264 tardauti,
3045 4213 3113 4253 ne
3137 4199 3416 4255 Dominum
3442 4214 3787 4273 sequeretur,

2191 4279 2315 4348 quia
2341 4281 2567 4349 sepelire
2595 4293 2795 4355 patrem
2829 4287 3039 4344 volebat
3070 4307 3083 4344 :
3115 4290 3268 4356 Sine.
3312 4293 3512 4365 inquit,
3552 4308 3793 4357 mortuos

2190 4369 2399 4441 sepelire
2428 4381 2650 4429 mortuos
2676 4392 2794 4431 suos
2822 4376 2841 4449 (
2860 4376 3047 4434 Matth.
3079 4397 3172 4436 vtu
3192 4422 3207 4448 ,
3235 4381 3306 4436 22
3323 4381 3364 4455 ).
3397 4382 3551 4449 Certe
3579 4389 3791 4451 mortui

2189 4462 2487 4533 sepultores
2516 4479 2622 4533 non
2652 4458 2776 4533 sunt
2812 4483 3037 4543 corpore
3065 4472 3254 4529 mortui
3289 4492 3303 4539 ξ
3330 4478 3451 4544 quia
3479 4477 3523 4533 si
3553 4472 3663 4546 hoc
3696 4495 3792 4540 es-

2189 4561 2341 4621 sent,
2382 4562 2589 4609 mortua
2633 4571 2856 4629 corpora
2898 4562 3125 4632 sepelire
3165 4574 3540 4647 nonpossent.
3572 4566 3791 4629 Tamen

2187 4656 2427 4701 mortuos
2459 4662 2554 4703 eos
2581 4658 2735 4704 vocat
2767 4668 2780 4704 :
2814 4651 2938 4731 ubi,
2979 4655 3081 4709 nisi
3120 4654 3261 4721 intus
3289 4656 3342 4724 in
3366 4659 3582 4725 animo?
3625 4661 3797 4731 Sicut

2186 4738 2329 4792 enim
2364 4739 2522 4803 etiam
2561 4741 2837 4805 visibiliter
2874 4730 3183 4823 plerumque
3209 4748 3262 4807 in
3290 4744 3451 4815 domo
3488 4750 3707 4825 integra
3734 4730 3794 4815 et

2186 4830 2331 4884 salva
2376 4830 2625 4888 dominus
2670 4834 2904 4905 ejusdem
2949 4836 3137 4901 domus
3181 4850 3423 4907 mortuus
3466 4840 3649 4912 jacet;
3709 4847 3795 4903 sic

2187 4922 2241 4976 in
2273 4937 2496 4994 corpore
2536 4925 2742 5011 integro
2782 4929 2933 4995 inulti
2970 4930 3165 4999 habent
3192 4933 3333 4989 intus
3362 4936 3595 5003 animam
3624 4953 3793 4995 mor-

2186 5024 2330 5073 tuam
2370 5036 2383 5073 :
2415 5028 2470 5073 et
2495 5017 2594 5074 bos
2624 5020 2702 5085 sic
2727 5022 2921 5087 excitat
2944 5024 3251 5094 Apostolus,
3294 5026 3494 5113 Surge,
3532 5029 3620 5113 qui
3651 5031 3793 5091 dor-

2184 5108 2313 5174 mis,
2358 5117 2406 5165 et
2454 5126 2665 5187 exsurge
2714 5129 2746 5166 a
2771 5115 3013 5181 mortuis,
3050 5124 3096 5169 et
3120 5112 3423 5173 itluminabit
3460 5116 3506 5172 te
3542 5108 3795 5187 Christus

2187 5197 2416 5270 (Ephes.
2448 5218 2499 5268 v,
2534 5186 2661 5274 id),
2680 5202 2797 5277 Ipse
2814 5205 3076 5269 illuminat
3102 5220 3447 5276 excmcatum,
3471 5211 3559 5284 qui
3577 5215 3795 5279 excitat

2185 5301 2469 5378 mortuum.
2514 5286 2642 5367 Ejus
2678 5298 2821 5366 enim
2867 5314 2998 5361 voce
3024 5315 3121 5377 per
3158 5300 3471 5372 Apostolum
3510 5290 3796 5371 clamatur

2182 5384 2247 5439 ad
2274 5394 2561 5455 mortuum,
2592 5387 2775 5461 Surge,
2800 5391 2886 5463 qui
2912 5390 3120 5456 dormis.
3146 5392 3330 5455 Caecus
3354 5388 3471 5449 luce
3500 5392 3792 5461 illumina-

2183 5474 2351 5542 bitur,
2394 5492 2514 5535 cum
2554 5481 2864 5547 surrexerit,
2908 5481 3107 5538 Sardos
3152 5494 3328 5543 autem
3374 5502 3530 5557 quam
3573 5490 3795 5545 multos

2182 5577 2305 5633 ante
2330 5571 2513 5635 oculos
2549 5587 2676 5632 suos
2723 5573 2977 5631 Dominus
3016 5576 3338 5647 intuebatur,
3381 5594 3501 5633 cum
3529 5578 3745 5636 diceret
3776 5603 3790 5635 :

2245 5702 2263 5734 ι
2289 5703 2373 5777 uie
2404 5712 2646 5777 animus.
2690 5705 2853 5777 addit,
2888 5706 2975 5772 qui
3006 5715 3165 5762 enat.
3200 5716 3256 5762 Et
3281 5713 3638 5777 M'm
3662 5713 3789 5773 loco

2180 5767 2321 5816 abest
2342 5780 2457 5828 vox,
2480 5764 2618 5831 ﬁdes,
2636 5781 2665 5819 a
2688 5776 2792 5818 Mss.
