4032 6332
250 312 353 368 5H

252 432 365 495 Qui
393 429 531 485 habet
556 443 704 483 aures
727 426 964 480 audiendi
983 467 998 493 ,
1024 425 1196 479 audiat
1239 422 1447 495 (Matth.
1478 440 1549 489 an,
1578 423 1689 491 l5).
1717 424 1846 489 Quis

248 524 403 578 enim
450 532 572 576 ante
610 522 754 575 illum
798 520 913 575 sine
955 518 1195 586 corporis
1233 516 1447 570 auribus
1484 517 1687 570 stabat?
1709 518 1848 581 Quas

250 630 389 684 ergo
424 614 553 668 alias
592 627 747 666 aures
794 611 895 665 nisi
946 610 1212 663 interioris
1251 608 1475 661 hominis
1508 607 1847 676 requirebat?

320 706 553 761 CAPUT
593 705 682 759 IV.
727 734 798 745 --
841 706 894 757 4.
933 702 1118 755 Oculus
1158 702 1369 765 mentis,
1425 717 1520 769 quo
1576 700 1710 753 Deus
1766 701 1842 753 ri-

247 801 450 863 deatur,
499 797 773 850 mandatur
813 812 899 865 per
935 794 1103 863 ﬁdem.
1141 793 1268 847 Item
1292 793 1474 861 quales
1494 792 1674 845 oculos
1702 806 1845 861 quae-

243 891 435 953 rebat,
486 906 607 946 cum
662 891 966 965 ioqneretur
1009 889 1191 957 utique
1238 887 1569 947 videntibus,
1624 886 1716 941 sed
1761 888 1842 940 vi-

244 985 498 1039 dentibus
531 1001 623 1054 per
651 986 835 1039 oculos
860 982 1075 1036 carnis?
1104 982 1233 1035 Nam
1265 996 1384 1034 cum
1411 981 1457 1033 ei
1490 980 1685 1033 diceret
1715 980 1839 1032 Phi-

244 1075 443 1143 lippus,
470 1075 701 1141 Domine,
725 1074 926 1127 ostende
946 1074 1086 1125 nobis
1114 1071 1339 1135 Putrem,
1371 1081 1415 1123 et
1440 1071 1615 1139 sufﬁcit
1656 1070 1795 1123 nobis
1820 1086 1838 1121 :

234 1168 385 1221 bene
412 1168 624 1237 quidem
654 1167 755 1221 hoc
781 1165 1139 1234 intelligebat,
1178 1173 1233 1217 ut
1268 1164 1656 1216 demonstratns
1682 1162 1839 1215 Pater

241 1268 427 1325 posset
456 1258 741 1321 sufﬁcere;
786 1257 881 1310 sed
911 1256 995 1310 cui
1025 1271 1129 1308 non
1160 1254 1457 1309 sufﬁciebat
1485 1254 1702 1322 :eqnalis
1734 1254 1835 1306 Pa-

241 1350 346 1416 tri,
398 1350 669 1421 quomodo
735 1348 1003 1404 sufﬁceret
1048 1348 1245 1401 Pater?
1292 1348 1466 1413 Quare
1506 1356 1681 1399 autem
1729 1362 1833 1399 non

239 1443 579 1499 sufﬁciebat?
599 1444 731 1509 Quia
754 1458 858 1496 non
884 1441 1177 1495 videbatur.
1204 1440 1377 1507 Quare
1402 1454 1507 1491 non
1529 1437 1833 1491 videbatur?

237 1534 371 1601 Quia
406 1535 649 1589 nondum
678 1542 793 1588 erat
818 1548 979 1587 sanus
1006 1535 1190 1585 oculus
1210 1573 1223 1596 ,
1265 1531 1406 1584 unde
1436 1540 1617 1598 posset
1644 1530 1828 1583 videri.

238 1626 349 1679 Hoc
376 1627 526 1679 enim
554 1625 694 1695 quod
724 1626 773 1679 in
805 1640 965 1679 carne
994 1623 1205 1677 Domini
1257 1622 1532 1675 videbatur
1576 1621 1660 1675 bis
1705 1636 1830 1676 ocu-

236 1720 320 1782 lis,
354 1734 466 1772 non
490 1720 589 1773 soli
619 1718 863 1788 discipuli
894 1716 1138 1771 viderunt
1152 1715 1240 1784 qui
1286 1715 1701 1778 inmoraverunt,
1736 1713 1830 1766 sed

235 1824 283 1864 et
311 1811 491 1864 Judaei
522 1812 612 1879 qui
640 1810 1047 1864 cmciﬁxerunt.
1074 1807 1172 1875 Qui
1214 1822 1340 1875 ergo
1376 1806 1534 1859 aliter
1572 1796 1641 1859 sei
1665 1804 1827 1858 videri

232 1906 474 1967 volebat,
500 1905 635 1957 alios
655 1904 837 1958 oculos
886 1902 1206 1971 requirebat.
1230 1902 1291 1953 Et
1320 1900 1441 1954 ideo
1468 1900 1541 1954 sic
1557 1899 1829 1968 respondit

233 1996 453 2060 dicenti,
483 1995 703 2049 Ostende
726 1995 866 2048 nobis
890 1994 1116 2059 Patrem,
1146 2002 1193 2045 et
1233 1993 1423 2063 sufficit
1450 1992 1589 2044 nobis
1617 2007 1635 2045 :
1664 1991 1827 2045 Tanto

233 2099 461 2159 tempore
478 2089 735 2142 vobiscum
752 2104 886 2153 sum,
920 2097 964 2139 ct
990 2104 1093 2139 non
1114 2102 1194 2138 me
1211 2085 1507 2154 cognovistis
1524 2085 1548 2136 ?
1568 2084 1823 2153 Philippe.

231 2183 412 2251 quinte
438 2182 585 2241 vidit.
618 2182 807 2235 viditet
837 2180 1060 2234 Patrem.
1091 2180 1155 2232 Et
1186 2188 1242 2231 ut
1270 2177 1479 2231 interim
1508 2178 1626 2232 ﬁdei
1646 2178 1826 2231 oculos

231 2283 471 2339 sanaret,
495 2275 644 2343 prius
673 2273 989 2326 admonetur
1026 2271 1317 2325 secundum
1355 2270 1533 2335 ﬁdem,
1562 2278 1620 2323 ut
1664 2272 1826 2338 possit

234 2365 295 2418 ad
344 2365 590 2434 speciem
636 2364 935 2433 pervenire.
987 2363 1053 2415 Et
1090 2376 1159 2415 ne
1208 2362 1283 2415 sic
1306 2369 1516 2430 putaret
1552 2361 1823 2430 Philippus

230 2456 580 2525 cogitandum
613 2455 777 2508 Deum
804 2496 817 2521 ,
862 2453 1129 2523 quomodo
1154 2452 1365 2511 videbat
1390 2453 1443 2505 in
1472 2465 1695 2520 corpore
1722 2452 1823 2505 Do-

231 2549 438 2601 minum
468 2546 651 2601 Jesum
673 2544 966 2609 Christum,
1018 2544 1195 2599 statim
1228 2544 1487 2611 subjecit:
1520 2540 1639 2595 Non
1666 2543 1826 2596 credis

231 2642 346 2707 quia
379 2656 481 2709 ego
510 2640 561 2691 in
588 2637 764 2704 Patre,
792 2646 838 2691 et
866 2636 1021 2690 Pater
1044 2638 1095 2690 in
1118 2653 1195 2689 me
1216 2645 1285 2690 est
1313 2635 1487 2707 (Joan.
1510 2651 1615 2699 le,
1648 2635 1825 2705 8-10)?

232 2728 557 2784 iamdudum
599 2730 827 2793 dixerat,
858 2729 958 2793 Qui
986 2745 1064 2782 me
1101 2728 1239 2793 vidit,
1260 2730 1379 2781 uidit
1400 2737 1443 2780 et
1472 2727 1697 2781 Patrem.
1718 2728 1823 2781 Sed

232 2823 474 2875 nondum
504 2821 734 2879 habebat
761 2820 1031 2888 Philippus
1052 2835 1238 2873 sanum
1259 2818 1646 2881 oculum,unde
1675 2818 1821 2873 vide-

233 2924 306 2968 ret
333 2915 558 2968 Patrem
589 2930 603 2966 :
632 2923 793 2982 atque
834 2913 952 2967 ideo
978 2927 1077 2966 nec
1111 2911 1249 2965 unde
1278 2911 1480 2965 videret
1510 2910 1680 2977 ipsum
1734 2909 1822 2963 Fi-

232 3004 355 3059 lium
406 3005 555 3059 Patri
605 3004 952 3073 coniqualem.
998 3003 1177 3071 Itaque
1224 3002 1389 3056 aciem
1433 3003 1626 3055 mentis
1651 3002 1824 3056 adhuc

233 3102 494 3161 sauciam,
518 3107 572 3152 et
592 3107 790 3155 tantam
818 3098 990 3151 lucem
1018 3098 1255 3165 aspicere
1284 3112 1391 3149 non
1426 3097 1709 3164 valentem,
1741 3110 1826 3150 sa-

234 3194 464 3247 nandam
493 3202 653 3261 atque
700 3190 1011 3245 ﬁrmandam
1041 3190 1161 3244 ﬁdei
1187 3190 1591 3244 medicamentis
1616 3190 1824 3244 fomen—

234 3284 404 3353 tisque
439 3284 695 3353 suscepit,
728 3293 782 3337 et
825 3283 917 3347 ait,
950 3282 1069 3335 Non
1095 3282 1255 3335 credis
1297 3282 1415 3349 quia
1456 3298 1544 3351 rgo
1564 3283 1615 3334 in
1646 3281 1819 3349 Patre,

233 3385 273 3427 et
299 3376 464 3430 Pater
500 3377 553 3428 in
598 3392 676 3428 me
697 3376 806 3428 est?
848 3375 945 3441 Qui
986 3390 1113 3443 ergo
1157 3374 1388 3426 nondum
1424 3382 1601 3442 potest
1642 3366 1823 3428 videre

234 3470 369 3537 quod
402 3470 868 3522 demonstraturus
896 3476 978 3529 est
1004 3467 1285 3531 Dominus,
1318 3482 1421 3519 non
1453 3474 1655 3535 qumrat
1676 3467 1822 3534 prius

234 3563 417 3616 videre
441 3561 583 3631 quod
610 3562 830 3616 credat:
865 3561 959 3614 sed
990 3561 1136 3627 prius
1163 3559 1368 3625 credat,
1401 3568 1457 3612 ut
1492 3559 1661 3627 possit
1685 3573 1818 3612 ocu-

232 3654 315 3708 lus
336 3655 518 3707 sanari
543 3670 647 3723 quo
670 3654 867 3707 videat.
900 3653 1025 3708 Sola
1067 3654 1209 3706 enim
1243 3651 1409 3705 forma
1437 3651 1574 3704 servi
1598 3650 1820 3704 exhibe-

233 3744 391 3799 batur
435 3746 716 3799 servilibus
759 3745 929 3803 oculis
958 3762 972 3798 :
1003 3744 1127 3814 quia
1178 3743 1267 3796 ille
1306 3743 1393 3811 qui
1442 3758 1546 3795 non
1582 3740 1819 3810 rapinam

234 3838 522 3891 arbitratus
550 3847 631 3890 est
658 3852 777 3891 esse
797 3836 1015 3905 mqualis
1045 3836 1172 3901 lteo,
1205 3835 1248 3889 si
1280 3833 1348 3887 ab
1378 3834 1463 3888 eis
1484 3848 1619 3902 quos
1645 3833 1819 3886 sanari

235 3931 397 3984 voluit
419 3930 529 3997 jam
550 3929 716 3983 videri
745 3936 930 3998 posset
956 3927 1175 3996 mqualis
1206 3926 1337 3991 Deo,
1362 3941 1466 3979 non
1495 3940 1627 3994 opus
1653 3924 1818 3989 habe—

236 4033 308 4077 ret
330 4026 687 4093 semetipsum
722 4022 1016 4087 exinanire,
1046 4031 1101 4075 et
1141 4019 1368 4074 formam
1396 4019 1532 4072 servi
1580 4020 1820 4087 accipere

238 4115 491 4185 (Philipp.
521 4132 577 4181 ιι,
610 4118 663 4183 6,
704 4115 903 4185 7).Sed
926 4108 1048 4185 quia
1091 4129 1196 4168 non
1226 4121 1342 4167 erat
1381 4112 1519 4167 unde
1554 4111 1819 4166 videretur

236 4206 390 4272 Deus,
421 4217 475 4261 et
509 4216 624 4260 erat
654 4206 793 4260 unde
837 4206 1109 4261 videretur
1161 4205 1352 4265 homo;
1410 4204 1496 4273 qui
1520 4204 1658 4258 Deus
1680 4212 1814 4268 erat,

237 4299 399 4354 factus
426 4308 511 4354 est
538 4299 720 4364 homo,
758 4308 816 4352 ut
843 4299 894 4351 id
928 4297 1067 4367 quod
1094 4296 1391 4363 videbatur,
1440 4306 1655 4350 sanaret
1687 4293 1817 4348 illud

240 4394 373 4448 unde
430 4410 539 4447 non
581 4392 877 4447 videbatur.
923 4390 1039 4459 lpse
1065 4390 1205 4447 enim
1236 4389 1341 4442 alio
1369 4389 1485 4442 loco
1532 4386 1641 4440 ait:
1674 4385 1818 4440 Beati

237 4488 418 4539 mundo
450 4486 641 4550 corde,
683 4485 919 4554 quoniam
955 4484 1052 4552 ipsi
1082 4482 1245 4543 Deum
1269 4480 1499 4534 videbunt
1520 4478 1731 4543 (Matth.
1760 4494 1813 4543 γ,

239 4578 305 4650 8).
332 4581 556 4635 Poterat
605 4579 787 4647 utique
835 4572 1109 4645 Philippus
1136 4574 1482 4644 respondere,
1531 4580 1587 4627 et
1615 4572 1814 4633 dicere,

242 4672 475 4737 Domine,
507 4688 635 4728 ecce
675 4681 729 4727 te
768 4670 1169 4725 videoztalisue
1202 4676 1283 4723 est
1324 4668 1498 4731 Pater,
1542 4665 1697 4735 quale
1734 4672 1820 4719 est

241 4762 327 4820 hoc
354 4766 503 4836 quod
526 4765 707 4830 video;
754 4764 1000 4833 quoniam
1052 4761 1247 4823 dixisti,
1285 4759 1384 4825 Qui
1424 4775 1502 4812 me
1526 4758 1664 4822 vidit,
1698 4757 1818 4810 vidit

242 4866 279 4909 et
304 4856 561 4911 Patrem?
593 4857 889 4925 Antequam
911 4855 1012 4908 hoc
1041 4852 1389 4922 responderet
1414 4851 1709 4919 Philippus,
1734 4850 1818 4903 vel

242 4950 463 5002 tortasse
492 4956 776 5016 antequam
816 4946 1089 5015 cogitaret,
1129 4959 1247 4997 cum
1292 4943 1513 4997 dixisset
1536 4941 1815 5007 Dominus,

245 5041 332 5105 Qui
362 5059 442 5097 me
491 5042 639 5106 vidit,
680 5041 800 5094 vidit
829 5049 872 5094 et
926 5038 1174 5101 Patrem;
1219 5037 1472 5090 continuo
1525 5035 1815 5103 subiunxit,

246 5131 356 5187 Non
384 5134 552 5187 credis
591 5134 710 5199 quia
740 5149 830 5202 ego
865 5132 918 5183 in
948 5129 1121 5193 Patre,
1155 5138 1199 5183 et
1232 5127 1385 5181 Pater
1408 5128 1459 5180 in
1488 5142 1565 5179 me
1589 5126 1698 5179 est?
1725 5124 1818 5179 lllo

243 5229 373 5281 enim
397 5229 561 5281 oetilo
589 5225 819 5280 nondum
865 5224 1047 5278 videre
1085 5230 1310 5292 poterat,
1340 5234 1441 5275 nec
1460 5220 1693 5281 Patrem,
1722 5232 1820 5271 nec

243 5320 497 5385 :equalem
534 5318 678 5373 Patri
728 5316 919 5371 Filium
950 5314 1078 5370 :sed
1124 5324 1179 5368 ut
1220 5321 1498 5368 sanaretur
1526 5313 1711 5365 oculus
1753 5311 1820 5365 ad

246 5409 551 5475 videndum,
576 5408 901 5479 inungendus
935 5405 1133 5462 eratad
1167 5403 1510 5459 credendum.
1532 5402 1655 5457 Ideo
1675 5411 1822 5456 ante-

244 5514 390 5566 quam
419 5500 609 5557 .videas
624 5500 765 5571 quod
794 5500 973 5553 videre
1004 5512 1110 5553 non
1142 5507 1315 5568 potes,
1342 5494 1501 5549 crede
1522 5494 1661 5564 quod
1688 5509 1821 5547 non-

244 5589 359 5645 dum
388 5593 561 5647 vides.
610 5592 836 5647 Ambula
862 5607 956 5663 per
991 5591 1169 5655 ﬁdem,
1211 5598 1267 5645 ut
1302 5587 1579 5657 pervenias
1604 5586 1669 5641 ad
1703 5600 1821 5655 spe-

246 5682 395 5739 ciem.
444 5685 665 5753 Species
694 5700 799 5739 non
842 5683 1129 5738 hetiﬁcabit
1166 5681 1218 5735 in
1270 5680 1460 5751 patria,
1504 5694 1660 5749 quem
1693 5678 1823 5733 ﬁdes

250 5786 349 5831 non
391 5776 703 5841 consolatur
744 5776 797 5833 in
845 5775 952 5831 vis.
996 5774 1085 5834 Sic
1122 5772 1267 5830 enim
1314 5771 1442 5829 dicit
1494 5771 1815 5843 Apostolus:

1574 307 1805 363 SERMO
1846 305 2177 367 LXXXVI".

3428 326 3533 388 542

1963 424 2215 488 Quamdiu
2239 444 2409 483 sumus
2432 430 2486 483 in
2521 448 2743 503 corpore,
2788 439 3164 509 peregrinantur
3204 457 3237 493 a
3290 441 3529 498 Domino.

1954 515 2247 587 Statimque
2306 522 2569 577 subnectit
2626 540 2788 594 quare
2856 530 3029 585 adhuc
3094 534 3528 605 peregrinamur,

1953 611 2192 678 quamvis
2214 613 2324 681 jam
2353 616 2765 673 crediderimus:
2800 619 2905 674 Per
2934 623 3103 690 ﬁdem,
3131 625 3318 695 inquit,
3344 627 3528 687 ambu-

1950 702 2131 768 lamus,
2156 723 2253 759 non
2281 726 2369 778 per
2395 711 2607 779 speciem
2632 713 2694 783 (ll
2720 713 2836 766 Cor.
2866 732 2917 782 v,
2946 716 2999 781 6,
3028 718 3102 787 7).

2016 798 2243 854 CAPUT
2282 801 2346 856 V.
2388 831 2457 842 —-
2481 804 2531 858 5.
2565 802 2732 875 Opera
2762 817 2931 861 nostra
2966 826 3099 862 nunc
3124 819 3225 863 tota
3247 820 3318 864 est
3351 829 3527 867 sanare

1950 891 2152 943 oculum
2177 892 2361 945 cordis.
2383 892 2513 946 Tota
2544 895 2701 963 igitur
2729 911 2886 965 Opera
2914 907 3114 963 nostra,
3132 900 3341 967 fratres,
3360 903 3524 957 inhac

1948 982 2052 1034 vita
2076 993 2178 1048 est,
2228 999 2415 1039 επινιτο
2442 987 2650 1039 oculum
2693 990 2890 1055 cordis,
2936 991 3074 1044 unde
3101 993 3338 1047 videatur
3362 995 3522 1049 Deus.

1944 1074 2025 1127 Ad
2054 1074 2155 1127 hoc
2177 1087 2509 1131 sacrosancta
2538 1081 2791 1148 mysteria
2816 1083 3180 1153 celebrantur;
3209 1086 3272 1139 ad
3301 1086 3399 1139 hic
3422 1102 3526 1143 ser-

1943 1180 2031 1217 mo
2059 1166 2148 1219 Dei
2176 1167 2521 1235 praedicatur;
2562 1171 2626 1222 ad
2679 1172 2778 1225 hoc
2821 1173 3218 1230 exhortationes
3269 1177 3519 1231 Ecclesia:

1942 1257 2191 1317 morales,
2224 1258 2278 1311 id
2307 1268 2404 1323 est,
2438 1262 2764 1329 pertinentes
2790 1264 2852 1316 ad
2872 1266 3210 1334 corrigendos
3234 1282 3426 1332 mores,
3452 1269 3521 1323 ad

1940 1347 2297 1403 emendandas
2328 1353 2566 1406 carnales
2617 1355 3169 1421 concupiscentias,ad
3212 1360 3522 1411 renuntian-

1941 1439 2063 1497 dum
2088 1455 2190 1495 non
2223 1457 2351 1497 voce
2383 1451 2605 1505 tantum,
2651 1446 2744 1500 sed
2773 1457 2969 1501 mutata
2995 1450 3096 1502 vita
3146 1451 3265 1503 huic
3290 1452 3515 1515 saeculo;

1938 1533 2002 1585 ad
2038 1534 2135 1587 hoc
2156 1544 2317 1603 agunt
2345 1537 2595 1606 quidquid
2630 1550 2789 1607 agunt
2814 1541 3006 1594 divinm
3032 1552 3330 1612 sanctasque
3356 1544 3519 1598 Litte-

1939 1640 2031 1691 rae,
2064 1636 2124 1680 ut
2161 1638 2413 1697 purgetur
2458 1630 2582 1684 illud
2628 1633 2850 1686 interius
2879 1634 2945 1687 ab
2975 1649 3036 1689 ea
3068 1649 3126 1688 re
3152 1651 3270 1705 qute
3298 1650 3395 1688 nos
3422 1636 3519 1689 im-

1937 1718 2083 1785 pedit
2107 1718 2173 1771 ab
2219 1730 2437 1788 aspectu
2480 1722 2591 1775 Dei.
2637 1722 2782 1777 Sicut
2826 1725 2967 1777 enim
3006 1727 3190 1778 oculus
3229 1724 3399 1779 factus
3450 1726 3515 1779 ad

1938 1808 2073 1861 hanc
2114 1810 2284 1864 lucem
2332 1814 2671 1879 temporalem
2716 1813 3023 1879 videndam,
3056 1824 3110 1869 et
3144 1817 3383 1885 quamvis
3410 1831 3520 1875 cm-

1935 1901 2152 1966 lestem,
2194 1913 2370 1957 tamen
2429 1918 2739 1973 corpoream
2787 1916 2942 1974 atque
2984 1908 3360 1977 conspicuam,
3410 1924 3514 1962 non

1934 1997 2104 2049 Solum
2154 1996 2487 2064 hominibus,
2547 1998 2640 2052 sed
2697 2000 2856 2053 etiam
2908 2000 3177 2053 vilissimis
3230 2002 3513 2055 animanti-

1933 2086 2032 2141 bus
2068 2086 2154 2157 (ad
2185 2088 2284 2141 hoc
2317 2089 2454 2141 enim
2486 2089 2653 2143 factus
2682 2100 2763 2142 est
2784 2133 2797 2153 ,
2827 2096 2883 2142 ut
2914 2090 3048 2143 hanc
3075 2090 3243 2144 lucem
3276 2090 3508 2162 videat);

1933 2187 2106 2232 tamen
2138 2180 2178 2233 si
2220 2180 2414 2249 aliquid
2458 2181 2709 2249 injectum
2747 2180 2924 2247 fuerit,
2963 2184 3043 2235 vel
3092 2184 3328 2246 irruerit,
3374 2184 3514 2237 unde

1933 2273 2191 2335 turbetur,
2232 2272 2522 2326 secluditur
2544 2274 2610 2327 ab
2636 2273 2731 2327 hac
2761 2274 2909 2338 luce;
2943 2284 2994 2329 et
3021 2276 3259 2343 quamvis
3280 2292 3398 2328 eum
3417 2290 3511 2329 sua

1932 2364 2209 2431 praesentia
2238 2364 2641 2430 circumfundat,
2674 2366 2763 2419 ille
2812 2376 2985 2419 tamen
3017 2382 3074 2419 se
3114 2368 3322 2431 avertit,
3350 2376 3507 2436 atque

1931 2454 2124 2508 absens
2147 2463 2230 2507 est
2259 2472 2271 2508 :
2302 2472 2404 2509 non
2437 2457 2607 2510 solum
2626 2469 2797 2511 autem
2820 2458 3013 2512 absens
3036 2460 3090 2511 lit
3120 2459 3513 2527 perturbatione

1930 2558 2024 2598 sua
2047 2559 2076 2598 a
2108 2546 2225 2599 luce
2268 2548 2552 2615 przesenti;
2601 2548 2691 2601 sed
2740 2549 2896 2602 etiam
2944 2550 3161 2618 poenalis
3189 2550 3261 2603 illi
3292 2558 3372 2603 est
3400 2550 3507 2611 lux,

1930 2636 1994 2689 ad
2037 2652 2194 2705 quam
2242 2637 2522 2692 videndam
2570 2639 2740 2693 factus
2769 2648 2884 2693 est:
2917 2640 2991 2693 sic
3018 2651 3067 2694 et
3120 2641 3303 2694 oculus
3333 2641 3507 2695 cordis

1930 2730 2266 2798 perturbatus
2287 2739 2443 2799 atque
2474 2731 2737 2784 sauciatus
2763 2731 2953 2784 avertit
2984 2745 3041 2785 se
3071 2746 3100 2785 a
3136 2731 3252 2785 luce
3268 2730 3506 2800 justitim,

1931 2836 2027 2875 nec
2049 2822 2203 2875 audet
2228 2838 2342 2876 eam
2374 2824 2738 2891 contemplari,
2772 2838 2869 2879 nec
2892 2824 3047 2877 valet.

2000 2914 2223 2970 CAPUT
2267 2915 2352 2969 VI.
2397 2946 2466 2955 —
2507 2917 2559 2969 6.
2607 2915 2845 2969 Studium
2890 2916 2951 2969 de
3003 2916 3294 2971 mandando
3331 2916 3496 2970 cordis

1930 3008 2092 3060 oculo.
2142 3006 2277 3071 Quid
2321 3007 2493 3061 turbat
2535 3008 2743 3060 oculqu
2784 3007 2993 3062 cordis?
3041 3009 3334 3078 Cupiditas,
3382 3024 3504 3062 ava-

1929 3102 2079 3163 ritia,
2156 3101 2438 3169 iniquitas,
2484 3101 2909 3168 concupiscentia
2968 3102 3237 3155 saecularis
3278 3101 3492 3165 turbat,

1929 3192 2159 3256 claudit,
2202 3200 2433 3245 excaecat
2464 3191 2671 3245 oculum
2703 3191 2898 3245 cordis.
2932 3192 2995 3245 Et
3040 3201 3213 3246 tamen
3241 3191 3507 3261 quomodo

1928 3283 2182 3352 quaeritur
2226 3282 2460 3336 medicus
2479 3323 2492 3347 ,
2538 3297 2657 3335 cum
2686 3282 2869 3336 oculus
2897 3283 3069 3337 carnis
3115 3283 3349 3337 turbatus
3378 3290 3461 3337 est
3484 3323 3499 3346 ,

1928 3374 2193 3444 quomodo
2216 3390 2319 3428 non
2345 3373 2585 3428 differtur
2608 3384 2661 3427 ut
2686 3375 2956 3442 aperiatur
2975 3384 3130 3443 atque
3160 3383 3427 3443 purgetur,
3453 3382 3507 3428 ut

1928 3476 2142 3521 sanetur
2171 3466 2308 3520 unde
2339 3466 2425 3519 lux
2472 3465 2569 3519 ista
2596 3466 2873 3520 videatur?
2902 3465 3174 3530 Curritur,
3220 3480 3376 3519 nemo
3418 3478 3503 3518 re-

1928 3558 2187 3626 quiescit,
2233 3572 2389 3610 nemo
2425 3556 2635 3619 differt,
2669 3557 2715 3609 si
2759 3556 2839 3613 vel
2870 3557 3060 3624 stipula
3090 3556 3138 3609 in
3185 3556 3392 3611 oculum
3421 3570 3508 3611 ca—

1926 3648 2033 3709 dat.
2063 3649 2237 3702 Solem
2260 3656 2432 3713 certe,
2465 3663 2623 3715 quem
2651 3649 2794 3701 sanis
2822 3648 2991 3701 oculis
3017 3647 3195 3701 videre
3220 3647 3463 3701 volumus
3487 3686 3502 3709 ,

1927 3739 2065 3793 Deus
2091 3738 2233 3793 fecit.
2280 3738 2440 3792 Multo
2488 3746 2570 3791 est
2617 3738 2799 3807 utique
2846 3738 3070 3792 lucidior
3108 3738 3195 3791 ille
3220 3738 3306 3805 qui
3332 3736 3500 3793 fecit:

1926 3845 2024 3887 nec
2052 3829 2207 3896 huius
2245 3829 2454 3898 generis
2483 3830 2568 3885 lux
2612 3838 2726 3894 est,
2757 3845 2874 3897 qua:
2900 3830 3155 3897 pertineat
3182 3828 3247 3889 ad
3294 3828 3504 3888 oculum

1925 3921 2139 3975 mentis.
2172 3920 2286 3973 Lux
2310 3920 2395 3972 illa
2416 3930 2497 3972 est
2525 3928 2720 3973 arterna
2767 3920 3039 3987 sapientia.
3066 3920 3214 3973 Fecit
3242 3928 3418 3973 autem
3452 3928 3502 3973 te

1925 4015 2098 4079 Deus,
2124 4028 2156 4067 o
2182 4012 2343 4071 homo
2364 4053 2377 4077 ,
2413 4012 2476 4065 ad
2510 4012 2789 4081 imaginem
2814 4026 2986 4067 suam.
3020 4012 3248 4066 Daretne
3278 4011 3370 4066 tibi
3403 4026 3503 4065 un-

1924 4106 1991 4163 de
2013 4106 2219 4163 videres
2246 4107 2408 4161 solem
2433 4120 2587 4173 quem
2600 4104 2742 4169 fecit,
2759 4112 2814 4158 et
2838 4119 2940 4159 non
2970 4103 3060 4157 tibi
3085 4103 3236 4161 daret
3262 4103 3401 4158 unde
3427 4103 3507 4157 vi-

1924 4198 2078 4254 deres
2098 4213 2218 4251 eum
2245 4197 2332 4266 qui
2366 4206 2415 4251 te
2442 4195 2595 4261 fecit,
2620 4211 2739 4250 cum
2768 4204 2818 4249 te
2843 4194 2907 4249 ad
2941 4194 3219 4262 imaginem
3247 4209 3398 4255 suam
3424 4193 3506 4248 fe.

1924 4292 2091 4347 cerit?
2138 4290 2293 4345 Dedit
2320 4299 2374 4344 et
2402 4289 2503 4344 hoc
2535 4307 2547 4343 :
2583 4298 2865 4357 utrumquo
2914 4288 3061 4342 dedit
3114 4288 3224 4343 tibi.
3250 4288 3353 4349 Sed
3382 4289 3508 4349 mul-

1924 4391 2035 4437 tum
2092 4382 2189 4439 hos
2232 4382 2418 4441 oculos
2474 4382 2765 4439 exteriores
2813 4380 3017 4449 diligis,
3070 4381 3291 4435 multum
3357 4381 3505 4443 illum

1923 4475 2228 4537 interiorem
2280 4471 2503 4541 negligis
2536 4488 2548 4524 :
2577 4470 2826 4533 detritum
2872 4479 3049 4539 portas
3094 4479 3255 4539 atque
3311 4470 3508 4529 saucia.-

1924 4576 2055 4622 tum.
2088 4566 2249 4620 Pmna
2282 4564 2375 4619 tibi
2403 4571 2483 4623 est
2503 4605 2518 4630 ,
2565 4562 2607 4621 si
2633 4576 2693 4616 se
2719 4561 2947 4616 voluerit
2970 4561 3253 4625 ostendere
3278 4561 3504 4617 fabrica-

1924 4666 2007 4712 tor
2030 4666 2148 4711 tnus
2175 4673 2185 4708 :
2221 4670 2375 4725 poena
2404 4665 2485 4708 est
2511 4652 2665 4707 oculo
2709 4662 2831 4717 tuo,
2864 4660 3145 4722 antequam
3184 4659 3400 4711 curetur
3428 4658 3507 4705 at-

1923 4766 2025 4820 que
2054 4756 2287 4803 sanetur.
2318 4746 2449 4801 Nam
2488 4754 2537 4800 et
2583 4746 2635 4799 in
2666 4745 2911 4813 paradiso
2939 4744 3174 4812 peccavit
3219 4741 3428 4808 Adam,
3456 4750 3509 4795 et

1924 4840 2199 4905 abscondit
2240 4854 2299 4892 se
2324 4854 2354 4892 a
2387 4837 2516 4901 facie
2544 4837 2657 4890 Dei.
2696 4836 2825 4899 Cum
2868 4834 3091 4901 haberet
3117 4848 3244 4902 ergo
3286 4847 3377 4899 cor
3420 4846 3506 4885 sa~

1925 4954 2050 4997 num
2103 4951 2245 5007 pura:
2306 4931 2678 4995 conscientiae,
2722 4929 2983 5000 gaudebat
3042 4928 3109 4985 ad
3168 4927 3507 4995 przesentiam

1925 5030 2019 5087 Dei
2067 5046 2079 5081 :
2124 5034 2403 5095 postquam
2449 5031 2667 5092 peccato
2709 5021 2894 5079 oculus
2942 5018 3031 5081 ille
3075 5016 3338 5077 sauciatus
3387 5023 3506 5080 est,

1925 5122 2083 5190 cmpit
2112 5121 2283 5175 lucem
2330 5114 2614 5171 formidare
2654 5112 2921 5177 divinam,
2948 5108 3142 5178 refugit
3180 5108 3232 5160 in
3262 5106 3509 5167 tenebras

1926 5226 2082 5285 atque
2124 5215 2173 5269 in
2200 5214 2365 5271 densa
2389 5211 2648 5282 lignorum
2669 5249 2686 5276 ,
2723 5208 3000 5265 veritatem
3030 5204 3263 5275 fugiens.
3292 5202 3508 5267 umbras

1925 5316 2201 5378 appetens.

1996 5397 2243 5453 CAPITA
2284 5396 2371 5452 Vll
2409 5403 2462 5452 et
2499 5392 2708 5451 VllI.——
2735 5392 2787 5448 7.
2820 5387 3027 5460 Αῖθνθιί
3054 5388 3122 5447 ad
3146 5388 3383 5458 poculum
3422 5404 3510 5445 εει-ς

1926 5490 2163 5547 mendum
2227 5488 2453 5558 exemplo
2495 5485 2677 5541 Christi
2739 5482 3023 5539 invitamur.
3092 5481 3270 5549 Ergo,
3318 5480 3508 5535 fratres

1927 5582 2067 5647 mei,
2096 5580 2342 5650 quoniam
2370 5587 2423 5633 et
2452 5594 2548 5632 nos
2596 5576 2719 5632 inde
2748 5575 2853 5630 nati
2873 5589 3056 5630 sumus
3076 5616 3091 5641 ,
3123 5582 3176 5629 et
3218 5573 3355 5629 sicut
3382 5572 3507 5631 dicit

1926 5673 2230 5744 Apostolus,
2261 5670 2326 5725 lu
2352 5670 2513 5727 Adam
2539 5685 2707 5729 anates
2734 5667 3015 5723 moriuntur
3035 5664 3076 5738 (l
3103 5665 3220 5723 Cor.
3254 5681 3349 5731 xv,
3376 5662 3465 5735 22)
3489 5680 3502 5715 ε

1926 5782 2113 5822 omnes
2161 5764 2300 5819 enim
2329 5779 2428 5818 nos
2473 5760 2579 5817 duo
2622 5761 2863 5817 homines
2914 5758 3197 5835 aliquando
3222 5757 3419 5823 fuimtts
3458 5755 3503 5821 si
