4032 6332
445 321 554 381 545

445 433 1104 503 ιιοιιιίιῐιιιςροιιιθηιρθιιιιιο
1127 427 1338 484 medico
1356 465 1371 493 ,
1396 432 1456 480 ut
1485 437 1594 479 non
1618 427 2030 492 aegrotaremus;

447 529 912 599 obtemperemus,
946 531 1005 578 ut
1051 522 1120 576 ab
1165 517 1476 591 aegritudine
1523 516 1833 571 liberemur.
1883 509 2037 565 Dedit

448 621 604 679 nobis
632 627 899 692 praecepta
925 614 1162 671 medicus
1181 654 1196 679 ,
1224 613 1370 667 sanis
1401 626 1414 664 :
1443 608 1591 664 dedit
1621 614 1885 677 praecepta
1915 617 2034 657 me-

451 712 602 768 dicus
622 751 637 773 ,
664 724 730 765 ne
756 707 964 763 medico
985 705 1364 775 indigeremus.
1391 699 1514 754 Non
1541 715 1666 770 opus
1692 705 1801 760 est,
1825 693 2035 764 inquit,

453 805 591 859 sanis
628 801 846 856 medicus
864 841 880 867 ,
917 798 1005 852 sed
1026 793 1385 867 wgrotantibus
1407 791 1620 864 (Matth.
1650 805 1708 844 ιι
1729 830 1743 854 ,
1773 787 1885 857 12).
1914 784 2039 842 Sani

455 902 717 967 praecepta
761 891 1205 959 contempsimus,
1228 895 1282 941 et
1305 885 1670 956 experimento
1699 880 1964 937 sensimus
1986 882 2039 933 in

457 995 707 1059 quantam
724 984 1014 1054 perniciem
1041 989 1277 1036 nostram
1300 987 1621 1049 praeceptum
1649 975 1777 1030 illud
1805 975 1882 1047 (α)
1908 989 2040 1029 con-

459 1077 852 1148 lempserimus.
903 1073 1186 1145 IEgrotare
1225 1072 1336 1140 jam
1378 1070 1670 1139 coepimus,
1704 1066 2069 1130 laboramus,

460 1171 514 1226 in
559 1169 697 1224 lecto
746 1165 1067 1221 inﬁrmitatis
1112 1177 1294 1217 sumus
1331 1178 1344 1215 :
1387 1159 1480 1216 sed
1522 1175 1626 1213 non
1675 1158 2039 1226 desperemus.

462 1261 596 1328 Quia
619 1259 762 1314 enim
802 1257 869 1312 ad
915 1255 1180 1311 medicum
1219 1255 1402 1308 venire
1432 1267 1535 1306 non
1562 1259 1899 1322 poteramus,
1932 1248 2046 1318 ipse

461 1353 530 1408 ad
568 1366 666 1406 nos
692 1350 874 1405 venire
900 1349 1142 1419 dignatus
1165 1357 1265 1403 est.
1298 1346 1414 1400 Non
1457 1344 1776 1413 contempsit
1806 1343 2046 1397 saucium

464 1450 800 1511 contemptus
849 1456 878 1494 a
924 1455 1073 1493 sano.
1101 1438 1218 1493 Non
1249 1437 1450 1492 destitit
1493 1437 1622 1490 dare
1650 1435 1754 1489 alia
1782 1441 2047 1504 praecepta

466 1533 770 1604 languenti,
798 1533 888 1602 qui
919 1532 1085 1602 prima
1114 1529 1379 1586 custodire
1406 1529 1573 1583 noluit
1592 1568 1608 1596 ,
1642 1542 1710 1582 ne
1732 1527 2005 1597 langueret
2032 1541 2046 1577 :

469 1636 720 1697 tanquam
748 1626 982 1692 diceret,
1013 1623 1171 1678 Certe
1199 1621 1565 1692 experimento
1607 1618 1822 1675 sensisti
1865 1633 2050 1674 verum

471 1735 559 1776 me
587 1719 819 1782 dixisse,
861 1715 1073 1788 quando
1116 1715 1259 1781 dixi,
1287 1713 1406 1768 Noli
1453 1723 1670 1784 tangere
1697 1712 1818 1768 hoc.
1851 1711 2054 1767 Sanare

470 1827 600 1882 ergo
640 1811 889 1876 tandem,
941 1819 995 1864 et
1021 1808 1300 1864 revivisce.
1328 1808 1464 1863 Ecce
1505 1816 1655 1877 porto
1696 1806 2054 1861 inﬁrmitatem

472 1913 616 1960 tuam
668 1922 682 1958 :
725 1904 847 1959 bibe
889 1917 1129 1957 amarum
1157 1902 1397 1958 calicem.
1447 1901 1526 1956 Tu
1568 1899 1711 1955 enim
1755 1899 1852 1955 tibi
1886 1898 2057 1954 fecisti

469 2005 734 2070 praecepta
762 1995 853 2050 illa
903 2011 1018 2051 mea
1040 2037 1055 2063 ,
1083 2011 1201 2066 quae
1240 2011 1372 2051 sano
1395 1995 1516 2050 data
1545 2003 1670 2050 sunt
1695 2003 1800 2048 tam
1843 1993 2014 2048 dulcia
2037 2035 2054 2063 ,

471 2096 578 2145 tam
619 2088 902 2144 laboriosa.
948 2087 1263 2157 Contempla
1303 2096 1458 2152 sunt,
1509 2086 1718 2156 coepisti
1768 2085 2053 2141 laborare:

472 2179 649 2234 sanari
697 2194 802 2233 non
836 2186 988 2248 potes
1009 2220 1024 2246 ,
1055 2177 1157 2233 nisi
1197 2192 1442 2232 amarum
1473 2177 1690 2232 calicem
1712 2177 1942 2244 biberis,
1967 2189 2061 2231 ca-

473 2269 631 2326 licem
674 2270 1024 2325 tentationum
1045 2310 1060 2337 ,
1108 2269 1297 2340 quibus
1341 2269 1575 2324 abundat
1609 2268 1726 2324 haec
1753 2269 1894 2335 vita,
1926 2268 2060 2325 cali-

474 2376 594 2417 cem
624 2361 1051 2428 tribulationum,
1091 2361 1488 2432 angustiarum,
1519 2361 1847 2430 passionum.
1889 2360 2020 2416 Bibe
2042 2402 2058 2426 ,

478 2451 684 2523 inquit,
734 2452 883 2518 bibe,
935 2461 992 2506 ut
1020 2453 1186 2507 vivas.
1218 2453 1286 2515 Et
1314 2467 1383 2508 ne
1402 2452 1752 2522 responderet
1775 2453 1824 2507 ei
1854 2451 2061 2523 langui-

475 2545 604 2611 dus,
634 2544 750 2601 Non
782 2560 1032 2616 possum,
1080 2561 1188 2600 non
1225 2545 1365 2613 fero,
1413 2560 1518 2600 non
1549 2545 1674 2601 bibo
1703 2563 1715 2600 :
1750 2545 1895 2614 prior
1931 2545 2064 2601 bibit

476 2637 715 2693 medicus
767 2652 959 2706 sanus,
1013 2646 1074 2692 ut
1118 2638 1299 2694 bibere
1341 2654 1450 2693 non
1490 2638 1758 2694 dubitaret
1808 2645 2059 2708 aegrotus.

475 2729 612 2797 Quid
640 2730 780 2798 enim
807 2745 1045 2784 amarum
1087 2738 1169 2784 est
1199 2730 1250 2784 in
1279 2730 1369 2784 tali
1392 2731 1581 2800 poculo
1600 2772 1615 2796 ,
1657 2729 1798 2800 quod
1828 2730 1914 2784 ille
1954 2744 2062 2785 non

475 2821 702 2877 biberit?
730 2821 787 2876 Si
823 2813 1145 2876 contumelia
1175 2839 1187 2874 :
1222 2821 1365 2890 prior
1399 2821 1601 2876 audivit
1639 2837 1759 2876 cum
1790 2821 2064 2878 daemones

477 2913 805 2983 expelleret,
835 2913 1152 2969 Dwmonium
1183 2915 1326 2968 habet
1357 2914 1505 2987 (Luc.
1528 2932 1600 2970 vn
1620 2958 1634 2982 ,
1667 2913 1756 2987 35)
1778 2959 1791 2981 ,
1821 2925 1875 2971 et
1921 2917 2064 2987 quod

478 3005 532 3059 in
557 3003 830 3060 Beelzebub
859 3007 994 3076 ejicit
1037 3008 1288 3061 daemonia
1319 3005 1428 3076 (Id.
1457 3025 1546 3075 x1,
1577 3007 1689 3080 15).
1717 3008 1869 3064 Unde
1899 3021 1956 3064 ut
1980 3011 2064 3079 ip-

477 3113 538 3155 se
565 3100 931 3154 consolaretur
976 3115 1146 3170 aegros
1167 3143 1181 3166 ,
1215 3100 1321 3167 ait,
1355 3097 1417 3156 Si
1469 3102 1886 3171 patremfamilias
1919 3101 2066 3157 Beel-

485 3191 643 3246 zebub
707 3199 1006 3245 vocaverunt
1029 3233 1043 3257 ,
1119 3201 1306 3262 quanto
1360 3193 1522 3262 magis
1585 3191 1880 3247 domesticos
1956 3195 2065 3262 ejus

483 3281 692 3356 (Matth.
740 3298 809 3349 x,
855 3282 1066 3354 25)?Si
1098 3282 1310 3338 dolores
1358 3285 1525 3338 amari
1573 3293 1698 3340 sunt
1743 3285 1972 3356 :ligatus
2013 3296 2068 3342 et

479 3371 772 3444 flagellatus
815 3382 870 3428 et
928 3373 1214 3428 cruciﬁxus
1249 3382 1350 3429 est.
1413 3373 1468 3430 Si
1515 3391 1662 3430 mors
1715 3391 1896 3431 amara
1936 3386 2062 3434 est:

477 3465 642 3520 etiam
670 3474 910 3522 mortuus
936 3474 1034 3521 est.
1083 3464 1136 3521 Si
1167 3482 1334 3536 genus
1376 3467 1564 3522 mortis
1610 3467 1939 3524 exhorrescit
1980 3471 2066 3526 in-

479 3559 701 3615 firmitas
725 3577 738 3612 :
762 3557 896 3614 nihil
937 3559 1028 3614 illo
1055 3567 1294 3630 tempore
1338 3559 1434 3615 fuit
1473 3561 1877 3631 ignominiosius
1906 3579 2066 3634 quam

479 3665 627 3706 mors
666 3652 859 3706 crucis.
907 3650 1024 3707 Non
1080 3651 1225 3707 enim
1282 3652 1476 3707 frustra
1522 3655 1905 3711 commendans
1951 3657 2068 3726 ejus

477 3742 832 3800 obedientiam
870 3744 1158 3815 Apostolus
1185 3743 1419 3813 addidit,
1465 3745 1646 3801 dicens
1682 3765 1696 3800 :
1725 3746 1916 3803 Factus
1951 3749 2068 3803 obe-

479 3837 622 3892 diens
640 3854 798 3910 usque
823 3838 892 3892 ad
926 3846 1136 3892 mortem
1155 3879 1171 3906 ,
1202 3847 1411 3892 mortem
1431 3848 1597 3894 autem
1618 3841 1778 3895 crucis
1805 3839 2064 3913 (Philipp.

478 3942 556 3996 ιι,
587 3925 664 3999 8).

559 4017 788 4073 CAPUT
827 4017 917 4072 IX.
947 4049 1018 4059 —
1041 4018 1094 4074 8.
1125 4019 1334 4073 Crucem
1380 4036 1527 4075 suam
1557 4037 1646 4074 cur
1675 4022 1756 4075 hic
1804 4023 2069 4080 honoravit

487 4109 736 4165 Christus.
778 4109 881 4166 Sed
907 4112 1029 4182 quia
1057 4113 1170 4182 ipse
1193 4112 1550 4167 honoraturus
1580 4127 1698 4168 erat
1726 4113 1914 4171 ﬁdeles
1938 4133 2068 4174 suos

481 4204 537 4259 in
595 4203 701 4260 ﬁne
747 4203 905 4274 hujus
951 4207 1162 4271 saeculi,
1218 4207 1366 4276 prius
1419 4207 1700 4262 honoravit
1747 4224 1961 4266 crucem
2013 4214 2069 4269 in

486 4297 596 4354 hoc
641 4299 871 4366 saeculo;
928 4309 983 4354 ut
1037 4309 1297 4355 terrarum
1357 4302 1620 4372 principes
1675 4303 1956 4362 credentes
2011 4308 2067 4365 in

483 4405 604 4444 eum
653 4389 996 4459 prohiberent
1050 4391 1280 4462 aliquem
1321 4394 1626 4448 nocentium
1665 4395 1898 4466 crnciﬁgi
1949 4416 1963 4452 :
2014 4408 2070 4456 et

482 4481 625 4550 quod
664 4496 784 4536 cum
847 4498 1034 4554 magna
1085 4483 1425 4540 insultatione
1480 4496 1850 4555 persecutores
1897 4491 2066 4548 Judaei

485 4573 714 4628 Domino
742 4582 1108 4642 procurarunt,
1143 4591 1329 4643 magna
1358 4576 1543 4632 ﬁducia
1576 4580 1716 4634 servi
1743 4580 1876 4650 ejus,
1907 4583 2066 4638 etiam

480 4678 634 4734 reges
665 4664 718 4718 in
767 4663 938 4719 fronte
986 4680 1126 4720 nunc
1157 4675 1385 4735 portant.
1433 4667 1547 4722 Non
1603 4679 1802 4724 tantum
1848 4684 2068 4742 apparet

480 4754 642 4810 modo
667 4755 876 4825 qualem
906 4765 1130 4810 mortem
1166 4772 1259 4825 pro
1287 4758 1438 4812 nobis
1481 4759 1734 4815 Dominus
1764 4763 1941 4818 subire
1982 4765 2066 4819 di-

479 4857 668 4918 gnatus
692 4858 775 4903 est
805 4865 818 4901 :
848 4851 986 4904 sicut
1013 4848 1086 4903 ait
1107 4850 1415 4921 Apostolus,
1442 4851 1635 4908 Factus
1664 4871 1755 4924 pro
1782 4857 1923 4910 nobis
1953 4874 2066 4912 ma-

480 4936 715 4992 ledictum
740 4937 936 5009 (Galat.
970 4955 1063 5005 ιιι,
1093 4939 1204 5011 15).
1234 4941 1300 4994 Et
1328 4957 1448 4996 cum
1493 4942 1541 4996 ei
1573 4944 1823 5014 pendenti
1850 4946 2067 5002 Iudaeo-

480 5045 597 5083 rum
627 5031 834 5086 caecitas
874 5031 1180 5097 insultaret,
1215 5042 1394 5101 posset
1419 5035 1598 5104 utique
1639 5035 1972 5095 descendere
1998 5041 2066 5097 de

479 5135 668 5188 cruce,
700 5122 788 5191 qui
822 5138 866 5176 sn
915 5122 1109 5189 nollet,
1146 5138 1249 5177 non
1294 5134 1437 5179 esset
1480 5125 1533 5179 in
1578 5142 1737 5182 cruce
1767 5147 1779 5183 :
1809 5130 1902 5184 sed
1949 5147 2065 5186 am-

482 5212 623 5282 plius
649 5222 762 5268 erat
785 5214 853 5269 de
896 5216 1142 5284 sepulcro
1171 5231 1483 5287 resurgere,
1514 5234 1672 5290 quam
1697 5220 1764 5276 de
1783 5237 1940 5278 cruce
1969 5224 2064 5280 de-

483 5303 759 5359 scendere.
794 5305 918 5360 Haec
945 5321 1070 5376 ergo
1094 5307 1356 5364 Dominus
1385 5309 1582 5366 faciens
1625 5313 1830 5378 divina,
1863 5318 2065 5385 patiens

481 5392 744 5463 humana,
788 5396 1039 5453 admonet
1062 5414 1160 5453 nos
1188 5402 1551 5470 corporalibus
1595 5405 1862 5461 miraculis
1891 5417 1945 5462 et
1972 5425 2066 5480 pa-

482 5487 662 5553 tientia
691 5489 986 5557 corporali,
1015 5499 1071 5544 ut
1106 5491 1416 5559 credamus,
1449 5503 1502 5549 et
1529 5510 1777 5551 sanemur
1829 5497 1895 5552 ad
1936 5515 2065 5554 con-

484 5578 754 5647 spicienda
783 5579 869 5632 illa
898 5579 1182 5636 invisibilia
1208 5600 1326 5653 quae
1346 5585 1522 5639 carnis
1549 5587 1733 5641 oculus
1749 5593 1935 5644 nescit.
1958 5591 2068 5647 Hoc

482 5683 609 5740 ergo
632 5685 793 5741 agens
821 5672 1210 5730 curavitcaecos
1229 5676 1361 5733 istos
1379 5719 1395 5746 ,
1427 5677 1496 5736 de
1512 5679 1704 5750 quibus
1728 5698 1869 5739 nunc
1894 5684 2068 5741 Evan-

511 5779 586 5846 (α)
604 5789 766 5847 Forte.
786 5791 1028 5850 praecata

1642 306 1703 364 S.
1743 295 2109 362 AUGUSTINI
2150 295 2449 353 EPISCOPI

3620 299 3723 358 844

2142 413 2336 484 gelium
2364 413 2644 469 recitatum
2686 421 2787 469 est.
2837 413 2902 468 Et
2930 413 2982 468 in
3005 411 3244 470 curando
3270 411 3449 471 videte
3467 413 3595 487 quid
3626 417 3722 470 ad-

2142 517 2409 564 monuerit
2434 515 2690 578 aegrotum
2723 507 3049 563 interiorem.

2219 600 2444 658 CAPUT
2481 600 2550 656 Χ.
2603 630 2676 640 --
2714 601 2769 656 9.
2814 600 3045 656 Duorum
3071 617 3319 657 ctecorum
3365 604 3560 658 curatio
3606 605 3730 676 quid

2142 693 2414 765 signiﬁcat.
2459 693 2635 749 Iesum
2689 694 2900 748 transire
2924 695 3064 766 quid.
3119 695 3392 752 Attendite
3439 698 3605 768 ipsius
3645 698 3726 753 fa-

2143 784 2216 840 cti
2245 785 2444 841 exitum
2473 795 2527 842 et
2573 785 2814 841 ordinem
2857 801 3055 842 rerum.
3111 787 3372 844 Sedentes
3419 789 3494 844 illi
3539 791 3592 844 in
3646 791 3731 846 via

2146 879 2252 934 duo
2291 880 2453 946 caeci,
2487 889 2795 936 transeunte
2835 880 3061 936 Domino
3106 881 3506 950 exclamabant,
3551 892 3609 937 ut
3637 899 3732 938 eo-

2147 991 2266 1030 rum
2311 976 2672 1031 misereretur.
2720 979 2764 1031 A
2801 976 2953 1031 turba
2995 991 3154 1043 vero,
3181 992 3300 1048 quae
3346 993 3468 1032 cum
3505 978 3736 1032 Domino

2149 1077 2264 1122 erat
2284 1109 2297 1132 ,
2327 1069 2802 1137 compescebantur
2842 1084 2910 1124 ne
2938 1069 3252 1124 clamarent.
3279 1069 3462 1139 Neque
3489 1069 3591 1124 hoc
3617 1070 3736 1125 sine

2151 1162 2405 1231 mysterio
2441 1161 2754 1216 derelictum
2786 1162 3002 1230 putetis.
3051 1161 3128 1216 llli
3156 1170 3334 1217 autem
3383 1177 3736 1232 compescen-

2152 1259 2258 1305 tem
2287 1266 2345 1307 se
2370 1252 2574 1306 turbam
2607 1253 3133 1322 perseverantissimo
3153 1254 3388 1309 clamore
3415 1254 3702 1308 vincebant
3721 1296 3738 1320 ,

2153 1353 2210 1398 ut
2234 1345 2535 1413 perveniret
2556 1361 2659 1400 vox
2685 1361 2870 1400 eorum
2899 1346 2965 1402 ad
2989 1362 3146 1400 aures
3178 1347 3388 1401 Domini
3414 1365 3426 1401 :
3451 1348 3602 1417 quasi
3632 1364 3740 1402 non

2149 1434 2258 1503 jam
2283 1434 2371 1488 ille
2399 1436 2623 1505 cogitata
2647 1438 2965 1506 praevenerit
2991 1439 3030 1490 ί.
3056 1436 3432 1493 Clamaverunt
3474 1448 3603 1507 ergo
3633 1439 3744 1492 dno

2154 1525 2314 1596 caeci.
2346 1535 2402 1580 ut
2446 1527 2752 1582 audirentur
2776 1543 2806 1582 a
2838 1529 3098 1594 Domino,
3127 1538 3178 1582 et
3205 1543 3233 1582 a
3263 1530 3430 1584 turbis
3455 1529 3744 1599 comprimi

2157 1618 2527 1687 nequiverunt.
2560 1619 2840 1673 Transibat
2887 1621 3173 1686 Dominus,
3226 1629 3279 1675 et
3310 1621 3384 1674 illi
3418 1621 3744 1675 clamabant.

2157 1709 2316 1765 Stetit
2344 1709 2631 1777 Dominus,
2672 1721 2724 1765 et
2753 1713 2922 1766 sanati
2949 1721 3092 1765 sunt.
3124 1711 3255 1766 Nam
3283 1713 3420 1766 stetit
3447 1713 3705 1766 Dominus
3729 1755 3746 1776 ,

2159 1802 2308 1856 Jesus
2327 1844 2340 1866 ,
2373 1812 2420 1856 et
2443 1805 2633 1857 vocavit
2658 1820 2742 1859 eos
2760 1847 2776 1868 ,
2808 1815 2854 1858 et
2878 1805 2950 1858 ait
2973 1820 2991 1858 :
3019 1805 3155 1874 Quid
3173 1807 3324 1860 vultis
3352 1807 3487 1860 vobis
3515 1807 3702 1876 faciam
3725 1807 3753 1860 .9

2161 1895 2226 1946 Αι
2264 1894 2339 1948 illi
2363 1894 2596 1948 dixerunt
2629 1910 2647 1949 :
2676 1894 2741 1950 Ut
2781 1897 3074 1965 aperiantur
3093 1896 3226 1950 oculi
3268 1899 3446 1952 nostri.
3491 1898 3593 1952 Pro
3643 1896 3752 1952 ﬁde

2163 1985 2396 2054 ipsorum
2424 1984 2546 2040 fecit
2585 1985 2870 2046 Dominus.
2901 1987 3214 2042 instauravit
3238 1988 3422 2044 oculos
3444 2003 3649 2043 eorum.
3692 1987 3753 2043 Si

2165 2077 2523 2132 intelleximus
2568 2078 2676 2146 jam
2726 2079 3031 2134 interiorem
3077 2092 3369 2151 aegrotum,
3436 2081 3755 2137 interiorem

2164 2169 2380 2224 surdum
2402 2211 2418 2236 ,
2449 2170 2752 2225 interiorem
2780 2182 3076 2236 mortuum;
3105 2173 3174 2227 ibi
3205 2189 3507 2243 quaeramus
3531 2183 3583 2227 et
3610 2175 3754 2228 inte-

2165 2262 2359 2317 riorem
2388 2277 2608 2318 caecum.
2657 2263 2836 2319 Clausi
2864 2273 2988 2319 sunt
3016 2265 3154 2320 oculi
3179 2265 3356 2320 cordis
3389 2283 3403 2319 :
3434 2266 3627 2320 transit
3659 2265 3756 2320 Je-

2166 2369 2288 2421 sus,
2340 2364 2396 2408 ut
2449 2356 2760 2411 clamemus.
2808 2356 2946 2422 Quid
2987 2365 3109 2424 est,
3166 2358 3356 2412 transit
3394 2357 3586 2412 Jesus?
3634 2358 3760 2427 Agit

2169 2448 2478 2517 temporalia
2540 2449 2716 2505 Jesus.
2781 2449 2918 2517 Quid
2971 2459 3082 2517 est,
3140 2452 3329 2506 transit
3393 2452 3588 2508 Jesus?
3629 2454 3760 2523 Agit

2168 2541 2471 2595 transitoria
2491 2540 2664 2596 Jesus.
2707 2542 2979 2598 Attendite
3008 2553 3062 2598 et
3083 2543 3257 2600 videte
3279 2554 3476 2615 quanta
3503 2546 3616 2616 ejus
3635 2562 3762 2616 ges-

2169 2637 2221 2685 ta
2251 2633 2572 2687 transierint.
2603 2633 2768 2690 Natus
2810 2643 2892 2690 est
2937 2634 3004 2690 de
3032 2636 3234 2706 virgine
3261 2636 3424 2692 Maria
3451 2657 3465 2692 ε
3498 2638 3761 2708 numquid

2169 2738 2380 2794 semper
2404 2727 2672 2781 nascitur?
2697 2727 2873 2783 Infans
2918 2729 3143 2784 Iactatus
3171 2739 3253 2784 est
3285 2748 3297 2783 :
3329 2731 3586 2802 numquid
3614 2747 3761 2786 sem-

2172 2830 2266 2885 per
2291 2817 2469 2886 sugit?
2494 2818 2597 2873 Per
2625 2828 2809 2874 aetates
2837 2822 3071 2876 cucurrit
3096 2837 3264 2890 usque
3288 2823 3355 2877 ad
3372 2823 3705 2893 juventutem
3741 2841 3756 2877 :

2171 2911 2424 2981 numquid
2449 2927 2661 2980 semper
2697 2915 3046 2983 corporaliter
3085 2918 3314 2972 crescit?
3365 2917 3600 2973 lnfantiae
3630 2935 3763 2989 pue-

2169 3001 2320 3068 ritia,
2363 3003 2601 3071 pueritiae
2652 3004 3042 3074 adolescentia,
3096 3007 3470 3063 adolescentiae
3504 3010 3763 3080 juventus

2173 3094 2464 3148 transeunti
2509 3094 2826 3166 cedentique
2851 3087 3109 3154 successit
3135 3101 3176 3152 ³.
3208 3100 3322 3169 ipsa
3348 3101 3506 3156 etiam
3534 3119 3653 3172 quae
3682 3103 3766 3159 fe-

2171 3184 2243 3240 cit
2285 3186 2574 3252 miracula,
2619 3190 2939 3244 transierunt
2989 3209 3001 3244 :
3051 3192 3304 3261 leguntur
3350 3204 3404 3249 et
3445 3195 3760 3252 creduntur.

2171 3278 2302 3347 Quia
2332 3280 2471 3333 enim
2497 3281 2614 3334 talia
2638 3282 2834 3350 scripta
2859 3293 2983 3336 sunt
3004 3292 3060 3338 ut
3081 3285 3180 3355 legi
3210 3287 3434 3355 possint,
3466 3288 3765 3344 transibant

2171 3385 2291 3424 eum
2323 3370 2533 3426 fierent.
2569 3373 2846 3428 Postremo
2877 3391 2943 3430 ne
2969 3376 3021 3429 in
3051 3377 3230 3431 multis
3251 3392 3554 3444 moremur,
3585 3381 3766 3436 cruci-

2173 3464 2310 3521 ﬁxus
2337 3473 2420 3522 est
2446 3483 2460 3520 :
2491 3468 2746 3537 numquid
2792 3483 3005 3538 semper
3029 3470 3227 3541 pendet
3253 3472 3306 3526 in
3333 3473 3529 3528 cruce?
3565 3473 3764 3543 Sepul-

2172 3565 2257 3612 tus
2301 3567 2416 3626 est,
2463 3560 2786 3629 resurrexit,
2836 3562 3074 3617 ascendit
3117 3563 3172 3618 in
3214 3565 3407 3620 caelum
3459 3584 3471 3619 :
3513 3566 3622 3636 jam
3649 3584 3764 3624 non

2171 3649 2429 3718 moritur,
2456 3659 2510 3705 et
2533 3665 2676 3706 mors
2701 3651 2778 3705 illi
2809 3652 2945 3708 ultra
2988 3669 3094 3709 non
3124 3654 3514 3711 dominabitur:
3540 3667 3594 3713 et
3619 3659 3765 3714 divi-

2172 3741 2312 3794 nitas
2332 3743 2446 3810 ejus
2471 3757 2682 3812 semper
2709 3751 2922 3810 manet,
2953 3753 3006 3800 et
3037 3745 3406 3802 immortalitas
3424 3748 3532 3815 jam
3563 3765 3763 3819 corpo-

2173 3833 2246 3888 ris
2272 3833 2388 3902 ejus
2415 3849 2680 3904 nunquam
2710 3835 2939 3891 deficiet.
2985 3837 3091 3892 Sed
3121 3848 3294 3893 tamen
3325 3840 3408 3893 illa
3435 3841 3610 3894 omnia
3641 3857 3766 3911 quae

2174 3927 2533 3997 temporaliter
2557 3927 2624 3982 ab
2653 3944 2718 3984 eo
2742 3937 2888 4000 gesta
2915 3939 3071 3995 sunt,
3100 3932 3458 3997 transierunt;
3488 3944 3540 3986 et
3578 3934 3764 4004 legen-

2173 4020 2240 4075 da
2293 4022 2488 4090 scripta
2540 4029 2691 4088 sunt,
2746 4032 2800 4078 et
2825 4023 3089 4078 credenda
3132 4025 3500 4095 praedicantur.
3557 4025 3613 4081 ln
3656 4028 3766 4083 illis

2172 4128 2300 4183 ergo
2323 4113 2569 4167 omnibus
2599 4114 2806 4168 transiit
2832 4115 3006 4171 Jesus.

2243 4203 2466 4259 CAPUT
2505 4204 2595 4258 XI.
2618 4235 2688 4245 -—
2712 4206 2795 4260 10.
2819 4205 2952 4261 Caeci
2971 4207 3072 4262 duo
3091 4249 3106 4270 ,
3136 4208 3236 4262 duo
3263 4210 3455 4279 populi.
3492 4209 3768 4280 Angularis

2173 4296 2304 4365 lapis
2370 4295 2618 4351 Christus.
2678 4297 2816 4364 Quid
2877 4299 2983 4355 duo
3031 4301 3158 4354 caeci
3207 4301 3353 4369 juxta
3411 4301 3544 4355 viam
3600 4313 3762 4367 sunt,

2172 4387 2273 4444 nisi
2319 4389 2425 4444 duo
2455 4390 2667 4461 populi,
2699 4392 2764 4446 ad
2793 4409 2926 4463 quos
2965 4395 3228 4449 sanandos
3269 4395 3413 4450 venit
3438 4395 3628 4450 Jesus?
3660 4396 3764 4451 Os-
3811 4410 3818 4427 '-

2174 4481 2452 4537 tendamus
2501 4484 2598 4538 hos
2643 4485 2779 4540 duos
2822 4486 3045 4555 populos
3095 4487 3146 4539 in
3189 4485 3476 4556 Scripturis
3537 4489 3761 4542 sanctis.
3809 4521 3815 4524 -

2173 4572 2268 4628 Est
2311 4575 2362 4628 in
2396 4575 2684 4644 Evangelio
2731 4577 3014 4645 scriptum,
3056 4575 3234 4631 Habeo
3278 4577 3406 4630 alias
3453 4595 3599 4643 oves,
3649 4595 3766 4649 quae
3812 4595 3834 4652 ε

2172 4681 2272 4719 non
2290 4675 2406 4720 sunt
2425 4665 2487 4719 de
2521 4666 2614 4720 hoc
2655 4667 2809 4732 ovili;
2831 4677 2876 4722 et
2902 4668 3019 4722 illas
3052 4678 3243 4738 oportet
3269 4686 3346 4722 me
3376 4669 3660 4734 adducere,
3709 4679 3766 4724 ut

2171 4760 2234 4812 sit
2273 4776 2404 4812 unus
2433 4777 2557 4830 grex
2594 4770 2640 4815 et
2677 4779 2807 4815 unus
2835 4774 3006 4832 pastor
3031 4763 3206 4835 (Joan.
3237 4781 3306 4831 x,
3340 4765 3450 4835 16).
3495 4765 3595 4833 Qui
3640 4774 3767 4820 sunt
3812 4760 3833 4800 ³

2171 4864 2298 4921 ergo
2345 4851 2450 4906 duo
2501 4855 2711 4923 populi?
2766 4853 2910 4911 Unus
2959 4856 3296 4922 Judarorum,
3337 4868 3391 4912 et
3432 4859 3572 4912 alius
3623 4859 3768 4914 Gen-

2173 4943 2323 4997 tium.
2358 4943 2478 4998 Non
2507 4963 2620 5000 sum
2637 4948 2848 5014 missus,
2871 4948 2974 5014 ait,
3004 4950 3101 5002 nisi
3121 4949 3189 5002 ad
3229 4967 3341 5004 oves
3369 4967 3482 5020 quae
3509 4953 3767 5022 perierunt

2172 5035 2352 5090 domus
2391 5035 2574 5092 Israel.
2603 5038 2806 5105 Quibus
2847 5039 2947 5094 hoc
2981 5040 3146 5094 dixit?
3190 5041 3471 5112 Discipulis
3499 5061 3512 5096 :
3546 5043 3765 5112 quando

2172 5127 2260 5181 illa
2284 5125 2582 5182 Chananaea
2608 5130 2905 5194 clamabat,
2954 5148 3072 5201 quae
3101 5147 3160 5186 se
3189 5147 3308 5188 esse
3336 5149 3521 5188 canem
3549 5134 3766 5190 confes-

2173 5233 2228 5272 sa
2257 5228 2366 5284 est,
2415 5229 2474 5274 ut
2511 5223 2677 5275 micas
2714 5222 2781 5277 de
2826 5237 3007 5279 mensa
3050 5222 3388 5300 dominorum
3437 5236 3742 5282 mereretur

2172 5309 2239 5364 Et
2265 5311 2386 5381 quia
2433 5313 2659 5379 meruit,
2701 5313 2809 5383 jam
2839 5315 2944 5369 duo
2982 5315 3330 5372 demonstrati
3371 5327 3495 5373 sunt
3532 5319 3598 5373 ad
3625 5335 3768 5390 quos

2171 5413 2393 5458 venerat
2421 5422 2432 5458 :
2464 5404 2716 5460 Judaicus
2742 5407 2945 5462 scilicet
2983 5409 3208 5478 pepulus
3227 5451 3242 5476 ,
3274 5409 3341 5465 de
3369 5426 3476 5482 quo
3504 5411 3611 5475 ait,
3638 5410 3767 5467 Non

2170 5511 2281 5549 sum
2310 5497 2490 5552 missus
2511 5499 2608 5551 nisi
2631 5502 2699 5552 ad
2725 5515 2836 5553 oves
2879 5516 2992 5570 qum
3042 5503 3297 5570 perierunt
3338 5504 3514 5558 domus
3545 5502 3714 5559 Israel
3746 5523 3767 5560 :

2173 5598 2226 5644 et
2254 5588 2500 5644 Gentium
2532 5592 2786 5661 p0pnlus,
2827 5592 2977 5662 cujus
3021 5602 3204 5666 typum
3236 5596 3599 5665 praetendebat
3646 5597 3770 5654 haec

2235 5743 2254 5815 ξ
2277 5743 2352 5815 sic
2363 5749 2472 5815 ayss.
2499 5744 2615 5815 Editi
2637 5759 2777 5815 v_ero,
2799 5745 3008 5815 cogitata
3017 5756 3334 5815 cognosceret.

2233 5805 2255 5835 ¹¹
2277 5804 2393 5854 Editi
2412 5840 2428 5865 ,
2459 5804 2770 5868 credemique’
3071 5804 3377 5874 bastigantur
3399 5813 3479 5864 hic
3500 5827 3565 5864 ex
3589 5821 3694 5864 Mss.
