4032 6332
250 336 353 392 545

254 450 466 513 mulier,
500 458 658 517 quam
689 440 863 512 primo
885 441 1192 507 respuerat,
1237 430 1422 487 dicens
1444 472 1458 496 ,
1490 429 1611 484 Non
1642 439 1713 484 est
1741 427 1833 483 bo-

253 561 369 599 num
410 554 593 611 panem
639 536 860 606 ﬁliorum
886 531 1080 585 mittere
1103 526 1311 582 canibus
1352 543 1369 581 :
1407 533 1462 580 et
1498 526 1581 580 cui
1601 523 1834 590 dicenti,

252 638 366 702 Ita,
397 633 640 695 Domine,
670 644 789 683 nam
813 634 860 680 et
897 640 1046 678 canes
1081 621 1233 675 edunt
1259 620 1321 673 de
1349 618 1492 672 micis
1521 632 1633 688 qtae
1652 616 1839 669 cadunt

252 732 314 785 de
336 744 503 783 mensa
533 724 851 779 dominorum
877 733 1116 781 suorum;
1139 712 1518 785 responderat;
1554 710 1598 765 0
1631 708 1835 773 mulier,

250 839 433 893 magna
462 830 532 875 est
561 817 688 887 ﬁdes
723 824 809 869 tua
828 855 843 880 ,
876 812 965 882 ﬁat
1007 809 1093 863 tibi
1119 809 1246 862 sicut
1266 807 1339 860 vis
1364 803 1577 877 (Matth.
1611 819 1683 857 xv
1704 844 1719 869 ,
1743 800 1840 855 22-

251 920 363 988 28).
411 916 537 971 Inde
583 913 724 967 enim
756 918 870 964 erat
913 914 966 961 et
1009 904 1098 959 ille
1135 900 1423 965 Centurio,
1469 898 1536 953 de
1565 912 1670 968 quo
1713 895 1842 949 dicit

250 1013 390 1070 idem
424 1007 682 1063 Dominus
724 1020 736 1056 :
770 1001 927 1054 Amen
958 997 1070 1051 dico
1102 995 1238 1049 vobis
1258 1035 1273 1061 ,
1321 1008 1421 1046 non
1458 989 1621 1043 inveni
1652 996 1843 1041 tantam

252 1104 405 1176 ﬁdem
436 1101 490 1154 in
526 1094 709 1152 Israel.
739 1092 872 1160 Quia
898 1091 986 1145 ille
1012 1088 1218 1143 dixerat
1251 1103 1264 1138 :
1303 1082 1423 1176 Non
1445 1098 1557 1176 sunt
1584 1081 1764 1150 dignus
1788 1086 1843 1132 ut

250 1172 406 1249 intres
425 1191 515 1246 sub
553 1198 734 1243 tectum
763 1197 963 1246 meum;
1011 1180 1097 1234 sed
1128 1186 1324 1232 tantum
1349 1174 1430 1228 dic
1456 1172 1632 1236 verbo,
1674 1180 1718 1224 et
1754 1186 1841 1222 sa-

251 1284 453 1341 nabitur
480 1298 606 1353 puer
636 1294 773 1331 meus
805 1273 916 1348 (Id.
954 1289 1066 1336 vm,
1099 1269 1166 1325 10
1186 1311 1200 1337 ,
1234 1266 1403 1339 8).]ta
1432 1280 1559 1335 ergo
1585 1262 1844 1317 Dominus

251 1386 373 1431 ante
404 1372 707 1444 passionem
735 1378 786 1423 et
812 1364 1244 1421 clariﬁcatiouem
1269 1374 1420 1413 suam
1451 1356 1587 1411 duos
1608 1354 1717 1425 jam
1749 1368 1845 1422 po-

250 1470 405 1542 pulos
451 1463 767 1531 designabat
795 1479 809 1516 :
837 1473 1033 1523 unum,
1082 1454 1147 1509 ad
1174 1468 1333 1523 quem
1376 1456 1595 1504 venerat
1631 1455 1846 1516 propter

252 1538 515 1631 promissa
548 1557 795 1619 Patrum;
828 1562 882 1607 et
902 1551 1147 1614 alterum,
1180 1559 1340 1616 quem
1370 1551 1587 1612 propter
1630 1538 1842 1592 miseri-

251 1630 489 1708 cordiam
520 1666 623 1703 non
653 1644 943 1716 repellebat
973 1659 984 1694 :
1019 1649 1077 1694 ut
1107 1637 1414 1707 impleretur
1438 1632 1581 1704 quod
1614 1630 1843 1701 promis-

224 1714 371 1823 lsum
405 1752 524 1797 erat
562 1740 819 1805 Abrahm,
852 1735 914 1789 In
940 1735 1127 1788 semine
1150 1741 1233 1785 tuo
1279 1728 1631 1783 benedicentur
1678 1737 1847 1776 omnes

252 1848 423 1911 gentes
455 1835 606 1907 (Gen.
636 1849 777 1898 xxn,
810 1829 922 1899 18).
966 1828 1252 1896 Propterea
1300 1832 1354 1877 et
1402 1822 1687 1890 Apostolus
1736 1818 1845 1911 jam

254 1908 372 2002 post
422 1925 874 1983 resurrectionem
928 1919 1134 1974 Domini
1182 1926 1236 1971 et
1296 1914 1700 1974 ascensionem,
1754 1908 1846 1962 ubi

253 2000 599 2093 contemptus
647 2027 784 2073 esta
814 2014 1045 2074 Iudaeis,
1102 2009 1336 2080 perrexit
1361 2006 1427 2061 ad
1471 2004 1691 2060 Gentes.
1739 2000 1850 2057 Nec

254 2126 436 2171 tamen
472 2112 723 2169 Ecclesiis
760 2123 877 2178 quae
916 2106 982 2160 de
1005 2102 1203 2159 Iudaeis
1231 2096 1569 2155 crediderant
1591 2137 1605 2161 ,
1641 2093 1805 2148 tacuit
1834 2110 1846 2149 :

255 2211 447 2273 Eram,
500 2206 701 2275 inquit,
751 2204 951 2273 ignotus
990 2197 1118 2267 facie
1162 2192 1404 2249 Ecclesiis
1457 2190 1685 2252 Judteaz,
1739 2202 1852 2257 quae

253 2304 444 2359 sunt.in
469 2298 689 2353 Christo.
725 2294 766 2347 Τ
768 2302 942 2346 antum
972 2299 1140 2344 autem
1187 2284 1458 2339 audiebant
1497 2283 1615 2352 quia
1644 2280 1852 2345 quiali-

253 2395 458 2466 quando
481 2408 573 2445 nos
603 2385 1011 2459 persequebatur,
1042 2397 1173 2435 nunc
1198 2376 1507 2449 evangelizat
1530 2376 1683 2444 [idem
1702 2388 1854 2443 quam

254 2487 535 2557 aliquando
576 2484 799 2538 vastabat
826 2497 842 2535 :
873 2488 920 2532 et
962 2479 1015 2531 in
1057 2492 1165 2540 me,
1210 2474 1413 2543 inquit,
1462 2468 1854 2541 magniﬁcabant

256 2584 422 2638 Deum
455 2580 651 2653 (Galat.
688 2594 738 2642 ι,
765 2574 973 2646 22-21).
1006 2569 1095 2627 Sic
1124 2580 1178 2625 et
1206 2566 1476 2638 angularis
1505 2562 1640 2633 lapis
1662 2560 1855 2653 dicitur

254 2652 527 2739 Christus,
555 2672 646 2742 qui
679 2670 803 2726 fecit
831 2677 1052 2736 utraque
1081 2678 1246 2718 unum
1276 2659 1491 2732 (Ephes.
1522 2673 1580 2722 ιι,
1612 2653 1704 2719 20,
1741 2652 1851 2721 14).

256 2766 504 2837 Angulus
533 2763 676 2821 enim
725 2763 860 2817 duos
898 2759 1131 2830 parietes
1172 2752 1387 2823 copulat
1428 2749 1496 2804 de
1521 2748 1733 2837 diverso
1761 2759 1855 2799 ve-

260 2836 490 2918 nientes.
535 2856 672 2926 Quid
714 2864 818 2909 tam
872 2851 1177 2913 diversum,
1238 2859 1397 2914 quam
1430 2836 1769 2926 circumcisio
1805 2842 1859 2890 et

260 2952 613 3024 praeputium,
668 2945 872 3000 habens
903 2955 1063 2995 unum
1095 2936 1353 3008 parietem
1386 2932 1451 2987 de
1479 2930 1696 3024 Judaaa,
1726 2925 1858 2980 alte-

259 3020 389 3101 rum—
412 3044 670 3114 parietem
710 3037 776 3092 de
815 3031 1110 3089 Gentibus?
1139 3028 1249 3084 Sed
1281 3023 1520 3095 angulari
1551 3020 1739 3114 lapide
1769 3033 1860 3073 co-

261 3112 536 3208 pulantur,
566 3128 810 3200 Lapidem
838 3126 981 3181 enim
1009 3138 1156 3193 quem
1184 3116 1576 3187 reprobaverunt
1602 3112 1863 3208 cedi/icun-

261 3202 326 3287 les
351 3274 368 3297 ,
416 3231 499 3282 hic
529 3232 695 3299 factus
733 3232 805 3277 est
847 3222 901 3274 in
930 3226 1080 3288 caput
1123 3212 1299 3285 anguli
1331 3210 1501 3283 (Psal.
1529 3222 1701 3269 cxvu,
1732 3202 1858 3299 Δ22).

262 3294 505 3393 Angulus
529 3294 585 3373 in
626 3314 850 3372 :edilicio
896 3325 1006 3366 non
1046 3315 1156 3373 est,
1188 3305 1290 3359 nisi
1322 3317 1439 3357 cum
1495 3300 1600 3354 duo
1631 3294 1862 3367 patietes

262 3434 326 3473 ex
351 3417 576 3471 diverso
620 3409 895 3465 venientes
928 3404 982 3457 in
1022 3416 1185 3456 unum
1227 3394 1551 3452 conveniunt
1579 3393 1620 3457 ί,
1649 3398 1704 3444 et
1728 3402 1861 3457 qua-

263 3517 386 3571 dam
433 3510 636 3566 unitate
676 3506 987 3575 junguntur.
1042 3496 1131 3550 Isti
1174 3507 1303 3563 ergo
1345 3490 1451 3545 duo
1497 3486 1731 3559 parietes
1779 3498 1865 3539 sc-

266 3605 501 3662 cundum
544 3612 755 3671 typum,
785 3594 889 3649 duo
916 3589 1043 3646 caeci
1077 3594 1231 3643 erant
1256 3584 1548 3638 clamantes
1588 3577 1653 3632 ad
1676 3575 1861 3631 Domi-

269 3713 563 3842 nuClXPUT
603 3779 717 3836 XII.
738 3808 812 3819 —
830 3778 916 3832 11.
952 3771 1220 3827 Transiens
1245 3766 1395 3821 Jesus
1425 3759 1795 3834 interpellatur,
1820 3769 1864 3813 et

268 3888 438 3935 sanat.
487 3873 756 3930 Attendite
804 3883 963 3933 nunc,
997 3858 1348 3919 dilectissimi.
1406 3854 1659 3910 Dominus
1688 3861 1864 3906 trans-

271 3972 413 4035 ibat,
444 3966 573 4023 caeci
613 3962 933 4018 clamabant.
972 3954 1111 4022 Quid
1148 3960 1265 4015 est,
1297 3944 1591 4003 transibat?
1644 3941 1865 3998 Transi-

274 4066 408 4120 toria
453 4075 617 4131 opera
656 4055 913 4119 faciebat,
943 4051 1080 4105 sicut
1116 4051 1224 4117 jam
1270 4043 1520 4099 diximus.
1561 4036 1867 4094 Secundum

276 4158 387 4213 hree
422 4128 729 4210 transitoria
760 4159 923 4216 opera
949 4142 1080 4196 ﬁdes
1111 4146 1290 4193 nostra
1330 4133 1641 4189 aedificatur.
1682 4128 1870 4183 Credi-

276 4270 395 4307 mus
426 4250 571 4305 enim
610 4246 661 4299 in
688 4242 880 4297 Filium
925 4237 1055 4302 Dei,
1085 4248 1190 4288 non
1237 4238 1437 4285 tantum
1483 4227 1603 4296 quia
1641 4223 1871 4279 Verbum

280 4347 369 4402 Dei
402 4352 517 4407 est,
554 4355 648 4410 per
674 4351 830 4407 quem
859 4332 996 4387 facta
1024 4335 1149 4383 sunt
1167 4324 1346 4381 omnia
1371 4341 1383 4376 :
1414 4322 1457 4376 si
1487 4321 1630 4375 enim
1660 4332 1873 4386 semper

280 4441 327 4494 in
363 4439 541 4493 forma
573 4433 666 4487 Dei
708 4442 929 4485 manens
955 4421 1173 4493 aequalis
1203 4419 1346 4483 Deo,
1385 4430 1490 4470 non
1526 4412 1872 4480 semetipsum

281 4528 577 4585 exinaniret
602 4524 824 4577 formam
845 4516 984 4572 servi
1000 4512 1301 4582 accipiens;
1327 4523 1422 4563 nec
1443 4506 1701 4560 sentirent
1721 4501 1871 4567 caeci,

283 4633 337 4678 ut
362 4629 587 4694 possent
614 4618 875 4673 clamare.
906 4608 1013 4665 Sed
1043 4622 1163 4661 cum
1199 4609 1511 4674 operaretur
1537 4595 1837 4653 transitoria
1857 4636 1872 4662 ,

286 4718 335 4772 id
358 4688 444 4773 est
463 4757 477 4775 ,
510 4710 816 4766 humiliaret
843 4720 900 4760 se
921 4745 935 4770 ,
969 4703 1135 4755 lactus
1164 4696 1418 4752 obediens
1445 4707 1611 4761 usque
1638 4688 1703 4743 ad
1731 4701 1875 4741 mor-

288 4818 420 4873 tem,
453 4811 686 4861 mortem
728 4806 905 4852 autem
941 4790 1146 4856 crucis,
1174 4788 1535 4842 clamaveruut
1575 4781 1679 4835 duo
1715 4778 1875 4842 eieci,

290 4871 531 4955 Miserere
574 4896 765 4961 nostri,
797 4893 874 4962 fili
902 4890 1087 4944 David.
1127 4884 1259 4952 Quia
1304 4892 1357 4938 et
1395 4880 1495 4933 hoc
1530 4879 1702 4949 ipsum
1737 4871 1880 4944 quod

289 4991 550 5045 Dominus
580 4996 635 5042 et
660 4992 867 5041 creator
889 4979 1075 5046 David,
1103 4977 1263 5033 etiam
1289 4974 1427 5027 ﬁlius
1454 4969 1615 5025 David
1642 4982 1761 5023 esse
1790 4978 1882 5019 vo-

291 5081 415 5147 luit,
450 5081 507 5135 in
538 5088 779 5146 tempore
800 5074 903 5129 hoc
932 5073 1071 5143 egit,
1106 5068 1368 5123 transiens
1392 5064 1496 5117 hoc
1524 5062 1665 5116 fecit.

358 5171 590 5229 CAPUT
627 5168 764 5224 XIII.
792 5166 979 5221 -12.
1023 5163 1253 5219 Clamare
1294 5160 1361 5212 ad
1403 5157 1695 5220 Christum,
1740 5151 1882 5223 quid.

293 5266 429 5335 Quid
464 5274 548 5321 est
586 5272 793 5328 autem,
820 5259 1051 5314 clamare
1096 5255 1163 5310 ad
1200 5252 1493 5314 Christum,
1534 5247 1743 5308 fratres,
1786 5242 1885 5297 nisi

295 5362 479 5430 gratia;
527 5358 724 5414 Christi
750 5367 1044 5425 congruere
1082 5347 1238 5403 bonis
1264 5342 1553 5414 operibus?
1580 5339 1691 5393 Hoc
1728 5336 1884 5430 dico,

299 5426 525 5517 iratres,
557 5464 624 5504 ne
667 5449 801 5502 forte
837 5446 1005 5500 simus
1042 5448 1342 5509 strepentes
1370 5434 1588 5489 vocibus
1611 5472 1627 5496 ,
1668 5437 1724 5485 et
1759 5426 1890 5482 muti

301 5547 560 5602 moribus.
591 5542 721 5612 Quis
749 5548 832 5596 est
858 5539 950 5609 qui
976 5538 1170 5593 clamat
1196 5532 1263 5587 ad
1298 5529 1597 5589 Christum,
1638 5532 1697 5577 ut
1720 5521 1891 5592 pella-

214 5628 241 5661 ’
304 5648 393 5693 tur
417 5636 640 5693 interior
659 5634 870 5689 cmeitas
892 5634 1201 5685 transeunte
1227 5622 1460 5688 Christo,
1485 5617 1537 5673 id
1556 5626 1656 5682 est,
1681 5614 1895 5685 dispen-

307 5742 461 5789 sante
495 5729 651 5787 nobis
676 5724 987 5799 temporalia
1014 5726 1367 5784 sacramenta,
1396 5714 1588 5786 quibus
1610 5710 1894 5767 admonea-

384 5846 403 5882 ⁵
418 5855 545 5909 Maio,
565 5842 620 5898 in
638 5840 777 5897 illum
795 5836 1088 5893 omnem.

1590 314 1820 373 SERMO
1857 311 2190 371 LXXXVIII.

3432 310 3540 371 546

1947 442 2067 481 mur
2108 424 2172 479 ad
2215 432 2413 479 :eterna
2459 423 2754 494 capienda?
2795 424 2926 492 Quis
2971 433 3055 481 est
3098 424 3189 497 qui
3230 425 3426 481 clamat
3468 427 3534 483 ad

1946 518 2259 576 Christum?
2286 517 2385 585 Qui
2411 518 2707 574 contemnit
2740 518 2996 573 mundum
3018 559 3032 586 ,
3065 518 3258 574 clamat
3287 520 3351 574 ad
3381 519 3537 575 Chri-

1948 624 2108 670 stum.
2142 613 2241 682 Qui
2267 613 2470 683 spernit
2500 613 2680 669 szeculi
2709 613 3006 683 voluptates
3025 655 3039 680 ,
3062 614 3259 669 clamat
3282 614 3349 669 ad
3376 614 3537 669 Chri-

1947 717 2109 763 stum.
2138 705 2238 773 Qui
2281 706 2408 761 dicit
2451 722 2557 761 non
2586 706 2762 776 lingua
2783 749 2798 774 ,
2840 707 2934 762 sed
2970 708 3076 762 vita
3098 750 3113 775 ,
3144 707 3275 761 Mihi
3318 710 3537 763 mundus

1947 800 2218 869 cruciﬁxus
2243 807 2346 864 est,
2381 808 2428 852 et
2465 815 2555 869 ego
2599 799 2785 852 mundo
2818 798 3011 869 (Galat.
3044 816 3132 866 v1,
3165 800 3295 872 14);
3345 800 3540 855 clamat

1948 893 2016 948 ad
2062 893 2349 948 Christum.
2388 891 2523 959 Quid
2561 892 2850 962 dispergit,
2897 902 2952 948 et
2998 892 3089 947 dat
3119 894 3458 963 pauperibus,
3481 902 3541 948 ut

1945 984 2149 1055 justitia
2170 984 2285 1055 ejus
2308 993 2516 1040 maneat
2542 986 2591 1039 in
2624 984 2876 1040 szeculum
2905 985 3085 1040 saeculi
3113 984 3285 1057 (Psal.
3309 1001 3417 1051 0x1,
3442 986 3536 1058 9);

1949 1077 2147 1133 clamat
2190 1077 2255 1132 ad
2285 1075 2574 1133 Christum.
2599 1078 2700 1145 Qui
2741 1079 2882 1133 enim
2910 1078 3087 1145 audit,
3115 1090 3169 1135 et
3204 1095 3311 1135 non
3345 1080 3541 1135 surdus

1951 1168 2130 1235 audit,
2170 1169 2270 1223 Res
2298 1179 2487 1223 vestras
2529 1169 2757 1235 vendite,
2800 1180 2848 1224 et
2875 1172 2991 1225 date
3027 1173 3360 1243 pauperibus;
3391 1172 3541 1244 facite

1952 1259 2088 1315 vobis
2111 1261 2337 1315 sacculos
2358 1277 2459 1315 non
2478 1270 2851 1329 veterascentes,
2872 1264 3163 1316 thesaurum
3186 1280 3285 1318 non
3305 1263 3545 1332 deﬁcien-

1955 1361 2052 1406 tem
2075 1354 2127 1407 in
2152 1354 2275 1409 caelo
2306 1353 2453 1423 (Luc.
2481 1370 2587 1421 xu,
2608 1354 2730 1425 35):
2758 1364 3005 1425 tanquam
3033 1356 3373 1425 vestigiorum
3397 1355 3544 1410 soni-
3570 1354 3589 1404 Ἀ

1954 1455 2065 1502 tum
2084 1447 2281 1503 ChriSIi
2311 1449 2633 1503 transeuntis
2658 1448 2877 1503 audiens
2907 1450 3099 1503 clamet
3119 1448 3183 1502 ad
3213 1449 3326 1503 ham
3345 1463 3540 1515 caecus,
3574 1502 3579 1515 ,

1954 1540 2007 1595 id
2036 1550 2145 1606 est,
2179 1541 2331 1595 faciat
2354 1542 2470 1596 ista.
2494 1541 2611 1597 Vox
2634 1541 2749 1611 ejus
2769 1542 2820 1595 in
2853 1542 2998 1596 lactis
3025 1541 3112 1595 sit.
3146 1541 3367 1611 Incipiat
3391 1557 3547 1596 mun-
3575 1557 3580 1597 τ

1954 1631 2083 1687 dum
2114 1643 2493 1700 contemnere,
2542 1633 2685 1704 inopi
2724 1648 2817 1687 sua
2855 1633 3201 1697 distribuere,
3241 1648 3337 1703 pro
3382 1614 3591 1689 nihilol

1957 1725 2156 1781 habere
2180 1741 2298 1796 quae
2326 1726 2570 1781 homines
2592 1734 2810 1793 amant;
2841 1735 3145 1781 contemnat
3174 1725 3414 1796 injurias,
3438 1741 3545 1781 non

1956 1826 2171 1887 appetat
2215 1818 2507 1883 vindicari,
2549 1829 2697 1888 paret
2737 1819 3001 1873 maxillam
3040 1820 3386 1889 percutienti,
3430 1827 3552 1875 oret

1958 1924 2054 1979 pro
2086 1910 2350 1974 inimicis;
2375 1910 2419 1965 si
2444 1910 2562 1980 quis
2582 1912 2630 1966 ei
2658 1912 2939 1966 abstulerit
2962 1927 3075 1976 sua,
3107 1927 3211 1967 non
3238 1921 3471 1983 repetat;
3504 1909 3551 1967 si

1957 2001 2083 2071 quid
2113 2002 2265 2057 alicui
2297 2002 2604 2069 abstulerit,
2637 2002 2823 2058 reddat
2847 2003 3222 2073 quadruplum.

2028 2093 2273 2150 CAPUT.
2316 2095 2456 2151 XIV.
2506 2124 2574 2135 —-
2620 2097 2705 2151 15.
2751 2094 2916 2149 Turba
2970 2095 3237 2166 prohibens
3308 2097 3546 2151 clamare.

1959 2187 2091 2241 Cum
2122 2188 2221 2241 ista
2250 2186 2425 2243 facere
2447 2188 2694 2257 coeperit,
2729 2202 2917 2242 omnes
2943 2188 3024 2243 sui
3053 2188 3293 2259 cognati,
3327 2186 3547 2255 afﬁnes,

1960 2281 2115 2335 amici
2145 2291 2565 2336 commoventur.
2613 2281 2713 2349 Qui
2742 2281 2968 2351 diligunt
3007 2283 3257 2337 szeculum
3279 2324 3294 2350 ,
3335 2293 3551 2337 contra-

1960 2374 2162 2427 dicmt.
2195 2373 2331 2439 Quid
2374 2373 2606 2427 insanis?
2634 2372 2838 2427 Nimius
2876 2388 2973 2429 es:
3010 2374 3264 2445 numquid
3311 2375 3399 2429 alii
3444 2388 3549 2428 non

1962 2473 2085 2518 sunt
2125 2464 2439 2519 christiani?
2468 2463 2568 2518 Ista
2605 2464 2825 2518 stultitia
2870 2474 2981 2531 est,
3014 2464 3111 2518 ista
3150 2464 3418 2520 dementia
3445 2473 3549 2519 est.

1964 2558 2029 2612 Et
2054 2565 2246 2613 caetera
2272 2558 2394 2612 talia
2424 2557 2575 2612 turba
2601 2558 2810 2621 clamat,
2844 2573 2911 2611 ne
2935 2558 3061 2611 caeci
3092 2558 3343 2612 clament.
3374 2557 3550 2612 Turba

1963 2651 2254 2705 clamantes
2283 2648 2603 2719 corripiebat
2628 2668 2640 2702 :
2669 2648 2764 2703 sed
2793 2664 2977 2703 eorum
3002 2649 3263 2703 clamores
3292 2664 3401 2703 non
3435 2649 3552 2703 vin-

1964 2742 2137 2796 cebat.
2169 2740 2465 2810 Intelligant
2504 2740 2627 2810 quid
2656 2740 2848 2794 iaciant
2869 2782 2884 2806 ,
2917 2740 3005 2810 qui
3034 2740 3218 2794 volunt
3254 2741 3452 2795 sanari.
3485 2740 3555 2795 Et

1966 2848 2108 2891 nunc
2132 2832 2287 2887 Jesus
2315 2832 2503 2886 transit
2528 2850 2540 2885 :
2574 2833 2663 2901 qui
2684 2832 2835 2902 juxta
2865 2833 3003 2886 viam
3030 2841 3172 2899 sunt,
3206 2833 3457 2887 clament.
3489 2833 3553 2888 Hi

1965 2936 2091 2983 sunt
2111 2926 2253 2982 enim
2274 2927 2362 2996 qui
2387 2926 2540 2980 labiis
2561 2926 2845 2991 honorant,
2873 2941 2969 2981 cor
2987 2934 3167 2980 autem
3193 2940 3377 2981 eorum
3399 2926 3555 2995 longe

1967 3030 2049 3075 est
2076 3036 2105 3073 a
2137 3020 2244 3074 Deo
2274 3017 2424 3091 (Isai.
2454 3034 2611 3084 XXIX,
2642 3018 2752 3087 15).
2787 3017 2890 3087 Ipsi
2920 3027 3043 3071 sunt
3066 3018 3215 3086 juxta
3243 3018 3406 3081 viam,
3439 3016 3557 3085 qui-

1966 3112 2067 3167 bus
2094 3111 2334 3181 prmcipit
2358 3110 2614 3164 Dominus
2639 3110 2847 3164 obtritis
2872 3108 3053 3164 corde.
3084 3108 3217 3164 Nam
3252 3124 3374 3164 cum
3418 3108 3557 3163 reci-

1971 3214 2148 3261 tantur
2167 3221 2227 3260 ea
2251 3221 2371 3275 quae
2392 3204 2516 3260 fecit
2536 3204 2787 3258 Dominus
2803 3202 3152 3271 transeuntia,
3177 3218 3388 3272 semper
3402 3202 3558 3257 nobis

1970 3299 2251 3354 exhibetur
2273 3299 2536 3352 transiens
2562 3297 2735 3352 Jesus.
2760 3296 2893 3363 Quia
2920 3312 3089 3367 usque
3116 3297 3168 3350 in
3192 3297 3350 3352 tinem
3377 3296 3557 3352 saaculi

1971 3407 2075 3447 non
2106 3392 2301 3446 desunt
2328 3392 2453 3446 caaci
2481 3390 2727 3445 sedentes
2753 3389 2818 3444 ad
2854 3390 3014 3444 viam.
3058 3389 3203 3461 Opus
3230 3405 3356 3460 ergo
3394 3397 3477 3445 est
3502 3396 3561 3444 ut

1969 3484 2203 3540 clament
2230 3484 2303 3537 illi
2322 3483 2473 3553 juxta
2497 3483 2634 3537 viam
2663 3481 2929 3536 sedentes.
2959 3481 3133 3536 Turba
3162 3498 3281 3551 qua:
3306 3496 3427 3536 cum
3455 3481 3561 3535 Do-

1969 3576 2117 3631 mino
2142 3585 2256 3629 erat
2275 3616 2290 3641 ,
2320 3572 2691 3643 compescehat
2716 3573 3005 3626 clamorem
3034 3572 3383 3641 quaerentium
3410 3569 3557 3626 sani-

1970 3675 2153 3722 tatem.
2184 3666 2417 3730 Fratres,
2442 3664 2632 3719 videlis
2657 3663 2782 3734 quid
2809 3663 3021 3718 dicam?
3048 3663 3239 3718 Nescio
3263 3664 3405 3718 enim
3426 3676 3561 3733 quo-

1970 3759 2130 3814 modo
2158 3758 2328 3814 dicam
2357 3778 2369 3813 :
2402 3757 2494 3813 sed
2520 3758 2639 3827 plus
2667 3756 2850 3811 nescio
2890 3756 3156 3827 quomodo
3188 3766 3409 3811 taceam.
3446 3756 3563 3810 Hoc

1972 3857 2113 3923 dico,
2145 3864 2197 3909 et
2221 3862 2404 3924 aperte
2428 3852 2568 3907 dico.
2599 3851 2784 3905 Timeo
2811 3852 2953 3905 enim
2982 3850 3165 3906 Iesum
3198 3857 3560 3905 transeuntem

1973 3957 2028 4004 et
2069 3954 2409 4002 manentem:
2465 3952 2520 3999 et
2562 3942 2680 3999 ideo
2726 3951 2903 3998 tacere
2942 3958 3048 3997 non
3098 3958 3333 4013 possum.
3385 3941 3562 3997 Bonos

1974 4040 2326 4104 Christianos,
2356 4052 2479 4093 vere
2506 4036 2791 4101 studiosos,
2821 4036 3060 4091 volentes
3087 4034 3263 4090 facere
3296 4041 3561 4103 praecepta

1978 4133 2093 4198 Dei,
2125 4146 2243 4202 quae
2268 4131 2320 4184 in
2346 4128 2631 4200 Evangelio
2654 4128 2848 4197 scripta
2877 4136 3015 4193 sunt,
3046 4123 3331 4181 Christiani
3356 4126 3481 4180 mali
3511 4135 3566 4181 et

1976 4226 2141 4297 tepidi
2169 4225 2466 4295 prohibent.
2508 4222 2683 4277 Turba
2723 4222 2835 4290 ipsa
2864 4237 2982 4290 qure
3016 4235 3135 4274 cum
3180 4220 3404 4275 Domino
3441 4229 3523 4274 est
3547 4261 3562 4286 ,

1979 4318 2226 4389 prohibet
2248 4317 2573 4379 clamantes;
2606 4314 2656 4367 id
2685 4321 2787 4378 est,
2818 4312 3065 4381 prohibet
3089 4312 3224 4367 bene
3248 4322 3564 4382 operantes,

1981 4429 2049 4469 ne
2073 4409 2466 4482 perseverando
2490 4416 2762 4463 sanentur.
2786 4404 3027 4461 Clament
3053 4406 3146 4469 illi,
3172 4420 3277 4460 non
3294 4405 3565 4471 deﬁciant,

1982 4522 2155 4577 neque
2182 4505 2442 4560 ducantur
2474 4501 2625 4571 quasi
2661 4501 2973 4554 auctoritate
3009 4498 3311 4564 turbarum;
3353 4512 3451 4551 nec
3477 4510 3571 4550 eos

1983 4600 2073 4671 qui
2118 4600 2323 4670 priores
2366 4594 2639 4650 christiani
2678 4593 2797 4647 facti
2840 4601 2998 4658 sunt,
3031 4591 3171 4646 male
3211 4592 3471 4655 viventes,
3520 4597 3573 4642 et

1985 4692 2140 4746 bonis
2186 4689 2435 4760 Operibus
2488 4684 2785 4740 invidentes
2836 4683 3127 4738 imitentur.
3180 4681 3296 4736 Non
3348 4681 3570 4735 dicant:

1985 4782 2265 4851 Quomodo
2302 4781 2387 4836 isti
2417 4780 2602 4833 vivunt
2642 4787 2747 4831 tam
2775 4776 2957 4842 multi,
2989 4775 3066 4828 sic
3104 4774 3363 4828 vivamus.
3396 4772 3573 4840 Quare
3607 4828 3613 4849 ι

1988 4892 2094 4933 non
2122 4875 2292 4946 potius
2320 4870 2585 4942 quomodo
2612 4870 2740 4925 dicit
2763 4866 3147 4938 Evangelium?
3172 4865 3347 4931 Quare
3375 4864 3455 4919 vis
3490 4863 3574 4917 vi-

1989 4985 2116 5026 vere
2139 4965 2431 5023 secundum
2472 4962 2887 5032 increpationem
2929 4958 3096 5013 turbae
3126 4956 3455 5027 prohibentis
3476 4995 3490 5020 ,
3524 4963 3580 5010 et

1992 5079 2100 5120 non
2140 5058 2429 5117 secundum
2468 5055 2685 5125 vestigia
2714 5052 2924 5107 Domini
2952 5047 3317 5105 transeuntis?
3356 5046 3582 5102 Insulta-

1992 5157 2158 5222 bunt,
2182 5150 2576 5222 vituperabunt,
2606 5146 2932 5202 revocabunt
2959 5160 2972 5196 :
3003 5152 3057 5196 tu
3088 5141 3257 5197 clama
3286 5154 3392 5210 quo
3412 5154 3582 5211 usque

1994 5247 2274 5319 pervenias
2301 5243 2367 5298 ad
2395 5257 2552 5297 aures
2578 5239 2727 5295 Jesu.
2755 5237 2887 5291 Nam
2916 5234 3005 5304 qui
3032 5233 3493 5302 perseveraverint
3528 5232 3584 5287 in

1997 5339 2239 5395 iaciendo
2264 5337 2384 5391 talia
2415 5334 2589 5406 qualia
2614 5328 2866 5403 praecepit
2889 5326 3162 5390 Christus,
3187 5336 3243 5379 et
3268 5340 3375 5379 non
3405 5333 3582 5378 atten-

1998 5434 2173 5490 derint
2190 5432 2371 5486 turbas
2388 5426 2750 5498 prohibentes,
2769 5436 2941 5491 neque
2961 5418 3421 5489 magnipenderint
3440 5416 3583 5487 quod

1999 5526 2267 5583 Christum
2295 5520 2542 5577 videntur
2567 5516 2745 5586 sequi,
2780 5513 2834 5567 id
2861 5520 2942 5567 est
2961 5551 2975 5577 ,
3013 5508 3155 5581 quod
3184 5509 3457 5564 christiani
3492 5524 3588 5579 ap-

2001 5620 2295 5692 pellantur;
2335 5613 2430 5669 sed
2469 5611 2585 5682 plus
2618 5606 2910 5661 amaverint
2942 5604 3115 5660 lucem
3153 5616 3312 5673 quam
3340 5601 3586 5656 Christus

2002 5722 2085 5771 est
2115 5709 2419 5767 redditurus
2443 5745 2457 5772 ,
2483 5715 2642 5772 quam
2679 5697 2957 5753 timuerint
2992 5694 3274 5765 strepitum
3296 5692 3587 5765 prohiben-

2003 5820 2178 5864 tium:
2218 5802 2363 5861 nullo
2399 5796 2560 5856 modo
2601 5792 3017 5866 separabantur,
3054 5799 3109 5847 et
3135 5787 3296 5847 stabit
3316 5787 3507 5853 Iesus,
3532 5788 3590 5840 et
