4006 6442
479 420 586 483 547

479 539 691 599 sanabit
711 552 826 599 eos.

548 631 776 691 CAPUT
812 627 1121 686 Χγ.-ιι.
1165 625 1435 695 Quomodo
1458 624 1595 682 oculi
1621 633 1885 681 satiantur.
1919 624 2077 681 Stare

476 722 654 780 Iesum
697 722 839 795 quid.
880 719 1163 790 Quomodo
1207 720 1353 777 enim
1398 728 1656 777 sanantur
1682 718 1824 774 oculi
1863 715 2075 775 nostri?

476 816 755 886 Quomodo
781 830 876 886 per
906 813 1068 871 ﬁdem
1102 812 1364 879 sentimus
1400 811 1670 873 Christum
1706 816 2072 869 transeuntem

478 906 756 979 temporali
797 905 1231 975 dispensatione;
1289 907 1369 961 sic
1404 902 1765 975 intelligamus
1801 901 2074 961 Christum

475 1009 705 1057 stantem
745 996 1168 1067 incommutabili
1197 997 1514 1067 mternitate.
1556 994 1637 1051 lbi
1675 995 1819 1063 enim
1858 1000 2075 1051 sanatur

474 1090 683 1156 oculus,
702 1090 923 1164 “quando
949 1089 1260 1161 intelligitur
1287 1086 1485 1145 Christi
1506 1087 1776 1145 divinitas.
1809 1084 2073 1155 Percipiat

473 1181 581 1240 hoc
623 1181 866 1239 Charitas
903 1190 1082 1240 vestra
1114 1200 1128 1237 :
1173 1180 1431 1237 attendite
1470 1179 1613 1251 quod
1657 1179 1830 1237 dicam
1868 1177 2073 1249 grande

473 1284 887 1333 sacramentum.
933 1273 1124 1341 Omnia
1168 1273 1533 1345 temporaliter
1576 1282 1726 1343 gesta
1767 1287 1798 1327 a
1847 1270 2071 1331 Domino

474 1377 659 1433 nostro
687 1367 814 1424 Iesu
839 1367 1056 1423 Christo
1075 1408 1091 1435 ,
1123 1364 1282 1421 fidem
1308 1363 1465 1420 nobis
1493 1363 1754 1419 inserunt.
1786 1361 2072 1421 Credimus

474 1463 531 1519 in
559 1463 752 1521 Filium
782 1463 910 1527 Dei,
943 1477 1052 1517 non
1075 1462 1248 1516 solum
1276 1460 1329 1514 in
1358 1458 1592 1515 Verbum
1615 1472 1711 1528 per
1748 1455 1890 1528 quod
1932 1454 2070 1515 facta

474 1563 599 1625 sunt
636 1554 845 1620 omnia;
874 1552 970 1607 sed
999 1552 1052 1606 in
1090 1552 1265 1625 ipsum
1310 1548 1547 1611 Verbum
1578 1546 1781 1605 factum
1806 1561 2025 1603 carnem
2050 1584 2067 1612 ,

474 1657 533 1701 ut
576 1624 838 1705 habitaret
878 1645 934 1700 in
976 1624 1159 1711 nobis,
1190 1650 1373 1697 natum
1415 1640 1484 1696 de
1525 1639 1731 1711 virgine
1771 1638 1971 1705 Maria,
2018 1645 2073 1693 et

473 1746 667 1799 cmtera
690 1731 810 1809 quae
836 1736 967 1793 fides
996 1735 1174 1803 habet,
1206 1750 1327 1806 qua:
1355 1732 1512 1793 nobis
1559 1732 1795 1789 exhibita
1826 1740 1951 1791 sunt
1969 1773 1986 1799 ,
2013 1738 2072 1787 ut

475 1814 717 1889 Christus
758 1828 1047 1896 transiret,
1101 1837 1156 1883 et
1196 1836 1255 1882 ut
1302 1824 1434 1883 cmci
1474 1824 1697 1896 vestigia
1747 1824 2071 1879 transeuntis

474 1921 787 1991 audientes,
835 1921 1133 1979 clamarent
1177 1918 1473 1989 operibus,
1519 1917 1628 1973 vita
1683 1916 2070 1986 professionem

473 2002 597 2068 fidei
636 2020 1139 2069 commemorantes.
1189 2011 1306 2067 Jam
1353 2017 1413 2064 ut
1456 2008 1750 2067 clamantes
1792 2016 2068 2074 sanentur,

473 2119 579 2169 stat
603 2110 779 2167 Iesus.
814 2109 1023 2165 Etenim
1049 2108 1161 2178 jam
1192 2114 1421 2165 stantem
1448 2105 1594 2161 videt
1619 2103 1800 2160 Iesum
1822 2145 1837 2170 ,
1868 2104 1957 2174 qui
1983 2103 2068 2157 di-

473 2204 583 2260 cit:
615 2202 683 2261 Ει
720 2203 765 2257 si
790 2217 1083 2257 noveramus
1111 2197 1369 2257 Christum
1409 2197 1686 2254 secundum
1712 2212 1914 2252 carnem
1938 2235 1954 2263 ,
1981 2196 2070 2252 sed

473 2297 581 2368 iam
618 2312 752 2350 nunc
791 2311 894 2349 non
922 2293 1151 2348 novimus
1182 2290 1250 2362 (ll
1280 2290 1397 2345 Cor.
1434 2306 1464 2342 v
1484 2331 1501 2356 ,
1544 2289 1655 2360 16).
1686 2288 1884 2345 Christi
1927 2288 2070 2345 enim

474 2389 802 2449 divinitatem
838 2386 1088 2453 videbat,
1114 2392 1371 2455 quantum
1400 2383 1455 2439 in
1486 2382 1585 2439 hac
1615 2382 1725 2439 vita
1748 2388 1944 2453 potest.
1976 2381 2072 2436 Est

476 2482 725 2541 divinitas
776 2479 1007 2546 Christi,
1057 2487 1139 2534 est
1179 2476 1483 2537 humanitas
1528 2474 1748 2531 Christi.
1810 2472 2070 2529 Divinitas

472 2584 613 2643 stat,
663 2572 968 2635 humanitas
1014 2570 1225 2629 transit.
1273 2568 1411 2638 Quid
1452 2576 1568 2636 est,
1621 2566 1878 2625 Divinitas
1920 2567 2069 2623 stat?

473 2670 591 2727 Non
610 2648 874 2732 mutatur,
907 2682 1014 2721 non
1043 2664 1379 2731 convellitur,
1406 2678 1515 2717 non
1537 2660 1758 2719 recedit.
1785 2660 1903 2717 Non
1926 2660 2069 2719 enim

472 2763 552 2818 sic
572 2760 640 2817 ad
662 2775 760 2817 nos
784 2759 963 2826 venit,
991 2766 1048 2812 ut
1072 2772 1101 2811 a
1130 2757 1286 2813 Patre
1304 2753 1606 2811 discederet
1630 2772 1644 2809 :
1671 2768 1772 2809 nec
1791 2753 1862 2807 ita
1883 2766 2070 2809 ascen-

473 2834 583 2922 dit,
613 2863 671 2910 ut
696 2853 815 2907 loco
841 2859 1165 2923 moveretur.
1192 2850 1479 2918 Assumpta
1500 2861 1663 2902 carne
1684 2847 1724 2913 ¹,
1750 2846 1925 2901 locum
1951 2860 2070 2915 tnu-

473 2949 605 3004 tavit
629 2966 642 3001 :
673 2946 811 3001 Deus
831 2951 1011 3001 autem
1032 2958 1312 3003 assumens
1331 2955 1570 3007 carnem,
1597 2940 1721 3010 quia
1742 2939 1797 2997 in
1822 2939 1942 2995 loco
1961 2954 2069 2995 non

473 3050 586 3108 est,
634 3054 732 3095 nec
760 3046 929 3094 mutat
957 3037 1153 3093 locum.
1184 3035 1487 3106 Tangamur
1526 3041 1699 3089 stante
1726 3030 1960 3099 Christo,
1978 3047 2067 3088 sa-

474 3142 670 3190 nentur
706 3132 846 3191 oculi
876 3130 1063 3189 nostri.
1104 3114 1211 3186 Sed
1252 3143 1479 3199 quorum
1504 3126 1685 3185 oculi?
1714 3125 2067 3181 Clamantium

473 3224 706 3291 scilicet,
736 3238 856 3283 cum
902 3221 1126 3283 transit:
1167 3220 1222 3279 id
1258 3227 1374 3288 est,
1419 3219 1559 3275 bene
1606 3218 1941 3288 operantium
1973 3232 2070 3288 per

473 3333 591 3377 eam
621 3317 810 3380 ﬁdem,
849 3330 967 3385 qua:
1002 3312 1310 3384 dispensata
1346 3320 1430 3369 est
1455 3309 1823 3382 temporaliter
1848 3309 1917 3367 ad
1940 3325 2067 3367 eru-

472 3408 696 3475 diendos
725 3422 825 3461 nos
851 3406 1122 3478 parvulos.

544 3500 634 3572 lii.
674 3484 885 3552 Sa'natis
914 3504 1092 3553 autem
1128 3494 1333 3561 oculis,
1376 3493 1503 3564 quid
1545 3493 1831 3565 pretiosius
1869 3493 2069 3553 habere

472 3591 787 3662 poterimus,
806 3589 1029 3644 fratres?
1050 3588 1254 3645 Lumen
1274 3587 1378 3643 hoc
1395 3589 1487 3658 qui
1502 3587 1683 3643 vident
1704 3587 1849 3658 quod
1870 3587 2067 3644 factum

472 3694 555 3747 est
572 3727 588 3753 ,
615 3683 759 3756 quod
787 3682 951 3754 fulget
976 3682 1045 3737 de
1072 3682 1211 3740 caelo
1229 3723 1244 3749 ,
1273 3682 1361 3743 vel
1387 3682 1529 3752 quod
1565 3681 1851 3738 exhibetur
1875 3681 1943 3739 de
1980 3682 2066 3737 lu-

472 3776 919 3850 cerna,gaudent.
950 3776 1021 3831 Et
1043 3774 1312 3847 quomodo
1341 3774 1525 3831 miseri
1551 3774 1820 3838 videntur,
1847 3774 1938 3845 qui
1966 3773 2070 3829 hoc

471 3873 656 3930 videre
684 3889 789 3933 non
824 3871 1082 3942 possunt?
1108 3870 1223 3941 Ego
1252 3879 1431 3925 autem
1459 3883 1623 3940 quare
1652 3868 1843 3938 loquor
1860 3908 1876 3935 ,
1904 3882 2069 3939 quare

472 3966 573 4025 ista
603 3966 751 4032 dico,
794 3965 979 4023 nisiut
1008 3965 1191 4020 horter
1228 3978 1417 4019 omnes
1450 3977 1545 4019 vos
1581 3961 1651 4017 ad
1697 3961 2065 4026 clamandum,

474 4076 597 4117 cum
613 4060 803 4117 transit
819 4058 1004 4115 Iesus?
1027 4058 1221 4113 Lucem
1240 4055 1559 4115 commendo
1575 4056 1855 4113 Sanctitati
1873 4062 2070 4111 vestrae

474 4152 778 4218 amandum,
804 4166 964 4221 quam
991 4149 1129 4207 forte
1155 4164 1259 4205 non
1283 4148 1497 4203 videtis.
1522 4147 1758 4211 Credite,
1782 4147 1909 4203 dum
1936 4162 2070 4201 non-

475 4244 601 4317 dum
631 4243 857 4309 videtis;
890 4251 946 4299 et
970 4242 1228 4307 claritate,
1260 4248 1318 4296 ut
1346 4239 1586 4295 videatis.
1617 4239 1825 4307 Quanta
1856 4246 2071 4310 putatur

475 4335 755 4405 infelicitas
785 4335 1077 4401 hominum,
1103 4334 1195 4404 qui
1221 4333 1394 4389 lucem
1422 4335 1579 4388 istam
1597 4332 1928 4402 corporalem
1955 4346 2065 4387 non

475 4427 697 4484 vident?
728 4428 1042 4487 Exceecatus
1071 4435 1156 4485 est
1180 4426 1407 4496 aliquis:
1442 4426 1695 4481 continuo
1723 4425 1937 4491 dicitur,
1961 4424 2071 4482 Ira-

424 4538 445 4595 ;
477 4529 589 4578 tum
620 4520 789 4577 Deum
814 4519 1027 4587 habuit,
1059 4517 1260 4589 aliquid
1299 4518 1427 4575 mali
1462 4518 1750 4573 commisit.
1795 4517 1908 4573 Hoc
1935 4532 2069 4577 uxor

477 4612 656 4668 Tobim
681 4611 889 4667 dicebat
912 4610 1048 4665 viro.
1075 4608 1354 4665 Clamabat
1377 4608 1466 4663 ille
1494 4618 1711 4679 propter
1740 4607 1975 4674 haedum,
1999 4622 2069 4663 ne

476 4705 543 4763 de
568 4705 710 4765 furto
750 4713 927 4769 esset;
956 4702 1172 4760 nolebat
1200 4717 1391 4759 sonum
1430 4702 1559 4759 furti
1601 4702 1787 4759 audire
1815 4704 1868 4759 in
1907 4702 2068 4760 domo

475 4813 572 4856 sua
601 4816 616 4853 :
656 4798 746 4854 illa
780 4795 1072 4855 defendens
1111 4796 1304 4853 factum
1332 4812 1518 4860 suum,
1549 4795 1838 4866 opprobrio
1875 4810 2068 4866 percu-

480 4890 641 4947 tiebat
680 4890 965 4957 maritum:
1003 4896 1059 4945 et
1085 4904 1207 4945 cum
1233 4888 1323 4944 ille
1349 4888 1585 4956 diceret,
1615 4887 1877 4954 Reddite,
1914 4887 1960 4943 si
2000 4888 2069 4945 de

476 4983 616 5049 furto
635 4993 716 5040 est
736 5001 752 5051 ;
780 4983 870 5039 illa
890 4980 1250 5053 respondebat
1273 4981 1554 5048 insultans,
1584 4979 1687 5036 Ubi
1706 4987 1830 5039 sunt
1848 4978 2069 5049 justitiae

478 5084 584 5133 tua:
611 5075 757 5148 (Tob.
790 5092 859 5145 ιι,
885 5075 951 5133 Si
974 5115 993 5142 ,
1017 5072 1154 5148 22)?
1180 5074 1349 5142 Quam
1373 5088 1511 5129 caeca
1536 5081 1652 5128 erat
1669 5114 1685 5139 ,
1716 5088 1836 5142 qua:
1870 5070 2069 5127 furtum

476 5170 828 5229 defendebat:
855 5177 911 5225 et
930 5184 1089 5239 quam
1116 5168 1289 5225 lucem
1309 5165 1555 5233 videbat,
1582 5164 1671 5236 qui
1700 5164 1897 5220 furtum
1918 5163 2068 5220 reddi

479 5261 802 5331 imperabat!
835 5261 930 5321 illa
953 5268 1069 5317 erat
1092 5258 1224 5317 foris
1248 5259 1305 5313 in
1328 5258 1449 5315 luce
1472 5257 1641 5312 solis:
1673 5256 1764 5313 ille
1789 5265 1906 5315 erat
1929 5257 2070 5311 intus

478 5355 535 5413 in
560 5355 677 5411 luce
696 5355 938 5424 justitim.
968 5354 1101 5421 Quis
1127 5366 1312 5411 eorum
1341 5360 1458 5410 erat
1483 5352 1536 5407 in
1562 5351 1682 5406 luce
1709 5349 1970 5407 meliore?

550 5446 776 5503 CAPUT
800 5445 940 5505 XVI.
958 5447 1133 5502 ~16.
1162 5445 1281 5501 Lua:
1303 5444 1507 5500 interior
1528 5459 1643 5501 cum
1667 5441 1847 5499 visibifi
1865 5457 2072 5512 compa-

478 5546 641 5596 ratur.
673 5537 755 5595 Ad
794 5538 931 5595 hanc
959 5539 1168 5607 lucem,
1209 5536 1439 5604 lintres,
1476 5535 1759 5593 amandum
1794 5536 2070 5595 hortamur

481 5630 830 5689 Dilectionem
858 5642 1131 5699 vestram;
1165 5640 1224 5688 ut
1246 5632 1487 5689 clametis
1506 5631 1754 5701 cperibus
1774 5672 1789 5697 ,
1813 5646 1935 5687 cum
1965 5631 2069 5687 Do.

481 5724 657 5781 minus
680 5725 870 5785 transit
890 5742 904 5779 :
937 5734 1090 5783 sonet
1114 5740 1217 5782 vox
1236 5726 1394 5792 fidei;
1428 5735 1486 5781 ut
1511 5734 1661 5782 stans
1685 5723 1863 5790 Iesus,
1890 5722 1945 5781 id
1966 5735 2067 5790 est,

481 5817 933 5878 incommutabilis
974 5834 1199 5876 manens
1235 5820 1331 5876 Dei
1374 5819 1675 5890 Sapientia,
1725 5824 1783 5874 et
1820 5814 2073 5889 maiestas

548 5931 568 5966 ι
586 5933 839 5985 Patruini-es
864 5940 1002 5991 Mss.
1024 5938 1270 5988 menta
1288 5945 1423 5985 curo.

1727 413 1786 472 S.
1827 410 2197 475 AUGUSTlNl
2225 408 2533 468 EPISCOPI

3669 405 3775 464 548

2184 527 2345 584 Verbi
2370 526 2491 594 Dei,
2522 540 2619 597 per
2641 522 2784 597 quod
2801 520 2947 581 facta
2967 529 3093 585 sunt
3114 520 3297 585 0mm
3313 558 3332 590 ,
3356 519 3565 592 aperiat
3591 524 3776 587 οωιοε

2181 629 2408 677 vestros.
2439 619 2589 677 idem
2620 619 2815 677 Tobias
2850 634 3081 677 monens
3114 618 3286 677 ﬁlium
3328 635 3484 677 suum
3503 656 3523 690 ,
3562 620 3632 679 ad
3670 621 3776 679 hoc

2181 714 2432 771 monebat
2454 721 2514 771 ut
2547 713 2842 771 clamaret:
2873 712 2930 770 id
2958 721 3075 781 est,
3104 712 3175 769 ad
3199 714 3341 769 bona
3377 727 3545 783 opera
3586 729 3774 771 mone-

2180 805 2290 863 bat.
2319 805 2540 865 Dicebat
2567 806 2644 862 illi
2675 814 2733 863 ut
2769 805 2922 862 daret
2956 804 3307 876 pauperibus,
3353 807 3696 877 praecmiebat
3722 817 3778 864 ut

2180 899 2549 971 eleemosynas
2573 898 2775 956 faceret
2802 898 3186 969 indigentibus,
3215 907 3271 957 et
3292 899 3521 957 docebat
3544 899 3733 961 dicens
3759 920 3774 955 :

2180 989 2310 1060 Fili,
2328 991 2656 1062 eleemosym
2676 1007 2778 1047 non
2796 992 2966 1047 sinum
2979 991 3053 1045 ire
3070 991 3124 1046 in
3139 991 3370 1047 tenebras
3388 989 3540 1064 (Tob.
3556 1007 3633 1059 tv,
3658 993 3773 1063 11).

2178 1081 2475 1138 Consilium
2503 1082 2861 1153 percipiendae
2894 1090 3054 1154 atque
3078 1082 3382 1143 obtinendae
3423 1083 3559 1141 lucis
3598 1098 3775 1143 emotis

2178 1173 2357 1229 dabat.
2386 1173 2751 1246 Efeemosgnaz,
2782 1175 2981 1246 inquit,
3014 1191 3116 1230 non
3143 1175 3317 1230 sinunt
3342 1175 3418 1231 ire
3444 1177 3503 1231 in
3520 1177 3774 1231 tenebras.

2178 1266 2232 1328 Si
2264 1266 2315 1324 ei
2342 1268 2482 1325 ﬁlius
2506 1268 2856 1339 reSponderet
2881 1268 3137 1335 miratus,
3166 1266 3303 1337 Quid
3328 1283 3480 1340 ergo,
3513 1278 3689 1338 pater,
3717 1275 3775 1324 tu

2177 1360 2546 1433 eleemosynas
2576 1376 2681 1417 non
2708 1361 2908 1431 fecisti,
2937 1370 2994 1417 ut
3019 1360 3183 1417 modo
3206 1376 3385 1417 caecus
3410 1360 3690 1432 loquaris?
3718 1369 3776 1417 tu

2178 1469 2319 1511 nunc
2339 1470 2516 1511 nonne
2535 1455 2589 1511 in
2610 1456 2844 1511 tenebris
2862 1470 2942 1522 es,
2970 1455 3063 1525 qui
3083 1453 3211 1511 mihi
3235 1454 3391 1519 dicis,
3416 1453 3773 1524 Eleemosyw

2178 1563 2280 1601 non
2298 1549 2470 1602 sinunt
2492 1548 2567 1602 ire
2588 1549 2642 1602 in
2670 1549 2937 1607 tenebras?
2956 1547 3185 1604 Noverat
3207 1548 3296 1604 ille
3315 1547 3385 1604 de
3407 1563 3511 1618 qua
3536 1548 3659 1605 luce
3679 1547 3777 1605 do-

2177 1649 2323 1696 ceret
2351 1642 2546 1708 filium,
2574 1648 2794 1698 noverat
2819 1644 2873 1698 in
2902 1644 3156 1698 interiore
3184 1642 3403 1699 homine
3439 1642 3585 1712 quod
3610 1641 3771 1697 vide-

2176 1733 2287 1789 bat.
2320 1733 2483 1791 Filius
2507 1735 2645 1805 patri
2668 1735 2972 1807 porrigebat
2997 1750 3213 1791 manum
3228 1777 3243 1803 ,
3273 1743 3331 1790 ut
3353 1734 3655 1790 ambularet
3674 1750 3773 1807 per

2180 1835 2413 1893 terram;
2444 1835 2499 1883 et
2526 1836 2676 1898 pater
2700 1828 2829 1896 filio,
2857 1838 2916 1885 ut
2946 1828 3217 1884 habitaret
3238 1828 3294 1883 in
3322 1827 3485 1883 omlo.

2251 1920 2339 1975 l7.
2381 1918 2717 1975 Cfamaudum
2770 1920 2901 1975 inter
2948 1920 3117 1975 turbas
3166 1920 3389 1975 clausura
3432 1917 3773 1990 prohibentes.

2179 2011 2435 2080 Breviter,
2468 2019 2526 2067 ut
2552 2011 2884 2078 concludam,
2913 2009 3131 2079 fratres,
3163 2024 3468 2067 sermonem
3498 2012 3685 2075 istum,
3711 2027 3773 2068 ex

2176 2118 2242 2159 eo
2265 2105 2411 2174 quod
2433 2120 2532 2160 nos
2559 2105 2845 2174 plurimum
2873 2105 3040 2176 tangit
3064 2111 3226 2175 atque
3246 2103 3423 2175 angit,
3453 2103 3633 2160 videte
3653 2118 3775 2160 esse

2178 2195 2361 2251 turbas
2388 2210 2509 2267 quae
2535 2196 2825 2266 corripiant
2848 2210 3021 2253 cmcos
3043 2197 3354 2253 clamantes.
3380 2194 3582 2253 Omnes
3606 2196 3778 2267 quiin

2177 2290 2278 2343 hac
2321 2289 2475 2344 turba
2516 2290 2695 2345 sanari
2723 2290 2918 2356 vultis,
2968 2305 3079 2345 non
3118 2305 3213 2346 vos
3257 2290 3605 2348 deterreant:
3652 2290 3778 2361 quia

2176 2381 2329 2437 multi
2356 2391 2480 2437 sunt
2508 2383 2725 2438 nomine
2752 2383 3060 2450 christiani,
3088 2390 3145 2439 et
3172 2383 3426 2454 operibus
3451 2383 3639 2455 impii;
3669 2398 3777 2439 non

2175 2488 2273 2530 vos
2296 2473 2602 2531 deterreant
2625 2490 2655 2529 a
2681 2474 2837 2530 bonis
2860 2475 3129 2545 operibus.
3157 2475 3395 2532 Clamate
3421 2475 3566 2533 inter
3587 2475 3778 2532 turbs

2176 2578 2581 2643 gompescentes
2600 2610 2615 2636 ,
2645 2577 2993 2637 revocantes,
3022 2570 3378 2637 insultantes-,
3410 2570 3554 2626 male
3580 2570 3778 2627 viven-

2174 2668 2279 2719 tes.
2306 2662 2423 2719 Non
2450 2662 2594 2720 enim
2615 2664 2745 2720 solis
2769 2664 2989 2719 vocibus
3015 2665 3378 2735 comprimunt
3405 2665 3578 2723 bonos
3601 2662 3774 2719 Chri-

2175 2756 2380 2811 stianos
2416 2756 2579 2824 mali,
2614 2756 2708 2812 sed
2745 2764 2801 2813 et
2831 2757 2987 2813 malis
3011 2756 3285 2827 operibus.
3311 2756 3426 2813 Non
3452 2757 3569 2812 vult
3594 2756 3777 2813 bonus

2174 2847 2509 2905 Christianus
2532 2851 2611 2906 ire
2635 2860 2899 2921 spectare.
2927 2851 3045 2909 Hoc
3071 2853 3242 2923 ipsum
3264 2851 3409 2923 quod
3435 2851 3613 2908 frenat
3638 2867 3775 2909 eon-

2175 2942 2558 3012 cupiscentiam
2585 2958 2772 3013 suam,
2799 2960 2870 3001 ne
2907 2953 3093 3015 pergat
3127 2945 3196 3000 ad
3235 2946 3543 3011 theatrum;
3576 2945 3780 3002 clamat

2174 3049 2298 3108 post
2322 3037 2625 3105 Christum,
2671 3044 2867 3096 clamat
2892 3049 2954 3094 ut
2977 3047 3212 3096 sanetur.
3252 3040 3356 3095 Alii
3394 3048 3774 3107 concurrunt,

2174 3129 2272 3185 sed
2300 3129 2437 3185 forte
2476 3132 2701 3202 Pagani,
2733 3130 2873 3187 forte
2912 3130 3103 3191 Iudmi.
3134 3131 3244 3187 lmo
3285 3136 3414 3188 Vero
3458 3139 3568 3186 tam
3615 3129 3778 3200 pauci

2175 3232 2358 3279 essent
2397 3224 2450 3279 in
2494 3225 2744 3292 theatris,
2790 3233 2851 3280 ut
2892 3226 3259 3282 erubescendo
3301 3225 3685 3294 discederent,
3731 3224 3777 3279 si

2174 3313 2461 3370 Christiani
2489 3315 2558 3372 ad
2585 3316 2789 3372 theatra
2819 3330 2925 3371 non
2944 3317 3282 3373 accederent.
3305 3316 3538 3373 Currunt
3563 3332 3704 3388 ergo
3723 3324 3779 3372 et

2175 3408 2272 3475 illi,
2295 3418 2570 3480 portantes
2585 3419 2827 3465 sanctum
2848 3425 3043 3466 nomen
3070 3410 3139 3465 ad
3160 3424 3373 3481 pmnam
3394 3424 3567 3466 suam.
3584 3409 3776 3465 Clama

2175 3515 2305 3572 ergo
2331 3518 2438 3556 non
2484 3501 2689 3569 eundo,
2721 3517 2967 3573 premens
3005 3503 3060 3558 in
3085 3502 3250 3560 corde
3293 3512 3384 3559 tuo
3414 3502 3777 3574 temporalem

2175 3593 2695 3663 concupiscentiam;
2729 3602 2783 3649 et
2822 3603 2946 3650 tene
2982 3595 3114 3650 tein
3144 3595 3380 3650 clamore
3408 3593 3535 3651 forti
3562 3601 3616 3648 et
3647 3609 3779 3663 per-

2175 3686 2445 3765 severanti
2470 3685 2536 3740 ad
2563 3701 2720 3740 aures
2744 3686 3063 3754 Salvatoris,
3098 3697 3155 3743 ut
3184 3696 3289 3743 stet
3313 3687 3469 3743 Iesus
3489 3729 3503 3753 ,
3534 3696 3589 3741 et
3622 3693 3781 3742 curet

2178 3788 2247 3834 te.
2278 3778 2421 3834 Inter
2446 3779 2589 3849 ipsas
2617 3780 2795 3834 turbas
2832 3781 3002 3836 clama
3023 3822 3037 3849 ,
3070 3797 3138 3837 ne
3166 3782 3423 3853 desperes
3461 3780 3528 3836 de
3554 3780 3780 3836 auribus

2177 3871 2409 3928 Domini.
2441 3871 2555 3926 Non
2582 3872 2725 3927 enim
2753 3880 2808 3928 et
2832 3874 2907 3927 illi
2936 3873 3065 3928 caeci
3095 3890 3161 3929 ex
3190 3874 3281 3929 illa
3316 3882 3466 3944 parte
3493 3873 3778 3928 clamave-

2176 3973 2301 4019 runt
2319 4007 2334 4030 ,
2362 3965 2454 4019 ubi
2486 3965 2638 4021 turba
2670 3978 2776 4020 non
2803 3977 2916 4021 erat
2938 4008 2953 4033 ,
2986 3976 3045 4022 ut
3069 3984 3136 4022 ex
3165 3983 3228 4022 ea
3256 3976 3408 4037 parte
3435 3966 3776 4032 audirentur,

2178 4057 2265 4111 ubi
2313 4074 2420 4112 non
2470 4070 2615 4113 esset
2660 4058 3098 4129 impedimentum
3154 4060 3570 4131 prohibentium.
3626 4059 3777 4114 Inter

2176 4151 2318 4221 ipsas
2340 4152 2522 4207 turbas
2551 4153 2913 4207 clamaverunt
2937 4170 2950 4205 :
2982 4162 3039 4208 et
3069 4162 3245 4209 tamen
3268 4154 3525 4208 Dominus
3546 4152 3775 4207 audivit.

2176 4242 2265 4299 Sic
2284 4252 2339 4299 et
2363 4258 2462 4299 vos
2489 4245 2649 4299 etiam
2678 4244 2816 4299 inter
2844 4256 3152 4317 peccatores
3180 4255 3235 4301 et
3262 4246 3611 4312 luxuriantes,
3638 4248 3781 4305 inter

2177 4345 2443 4392 amatores
2471 4336 2811 4392 smcularium
2840 4338 3135 4392 vanitatum
3157 4379 3172 4404 ,
3201 4338 3275 4392 ibi
3303 4338 3560 4403 clamate,
3595 4349 3656 4394 ut
3688 4356 3777 4394 sa-

2177 4437 2271 4484 net
2296 4445 2391 4486 vos
2416 4430 2691 4485 Dominus.
2713 4430 2890 4485 Nolite
2908 4446 3010 4502 per
3033 4432 3190 4486 aliam
3218 4440 3423 4502 partem
3450 4431 3693 4490 clamare
3713 4432 3780 4488 ad

2177 4521 2459 4576 Dominum
2477 4564 2492 4590 ,
2524 4521 2688 4576 nolite
2714 4522 2781 4575 ad
2811 4522 3093 4577 haereticos
3118 4522 3228 4587 ire,
3256 4530 3310 4577 et
3339 4522 3410 4577 ibi
3437 4522 3683 4579 clamare
3710 4523 3776 4579 ad

2176 4616 2481 4673 Dominum.
2510 4616 2811 4683 Attendite,
2843 4616 3035 4672 fratres
3056 4657 3071 4685 ,
3100 4617 3223 4688 quia
3253 4617 3307 4671 in
3344 4617 3429 4671 illa
3462 4617 3613 4671 turba
3658 4634 3781 4688 quae

2176 4712 2408 4767 clamare
2440 4709 2784 4779 prohibebat,
2835 4709 2905 4765 ibi
2943 4710 3115 4765 sanati
3155 4718 3281 4765 sunt
3321 4711 3411 4781 qui
3449 4710 3776 4765 clamabant.

2246 4802 2472 4859 CAPUT
2510 4802 2672 4858 XVII.
2702 4833 2774 4843 —
2811 4802 2900 4858 18.
2950 4801 3333 4857 Perseverantia
3374 4802 3782 4857 contradictores

2175 4900 2462 4954 vincuntur.
2530 4896 2663 4952 Nam
2701 4906 2755 4951 et
2797 4896 2900 4951 hoc
2941 4895 3182 4951 attendat
3237 4896 3503 4953 Sanctitas
3558 4906 3779 4962 vestra,

2176 4991 2304 5064 quid
2329 4991 2397 5047 sit
2432 5004 2777 5061 perseverare
2813 4989 2869 5044 in
2905 4990 3208 5045 clamando.
3241 4990 3421 5045 Dicam
3450 4990 3593 5060 quod
3624 4989 3782 5045 multi

2178 5099 2387 5140 meeum
2432 5083 2641 5154 experti
2683 5090 2809 5137 sunt
2852 5083 2903 5136 in
2947 5083 3167 5139 nomine
3209 5081 3452 5139 Christi:
3482 5096 3587 5138 non
3630 5084 3782 5139 enim

2176 5185 2353 5232 cessat
2381 5175 2619 5231 Ecclesia
2641 5173 2773 5229 tales
2802 5189 3015 5245 parere.
3043 5173 3176 5229 Cum
3196 5175 3421 5245 quisque
3440 5170 3783 5231 Christianus

2176 5270 2402 5341 coeperit
2428 5269 2568 5325 bene
2604 5268 2812 5333 vivere,
2854 5267 3064 5323 fervere
3101 5267 3256 5323 bonis
3288 5268 3575 5339 operibus,
3616 5266 3783 5322 mun-

2178 5362 2415 5433 dumque
2433 5368 2806 5425 contemnere;
2837 5360 2891 5413 in
2914 5359 3031 5429 ipsa
3051 5360 3288 5416 novitate
3306 5374 3529 5431 operum
3554 5373 3784 5414 suorum

2179 5456 2377 5528 patitur
2403 5455 2820 5526 reprehensores
2842 5463 2898 5510 et
2923 5455 3347 5512 contradictores
3372 5454 3595 5527 frigidos
3619 5455 3788 5511 Chri-

2179 5550 2402 5605 stianos.
2442 5547 2496 5603 Si
2534 5559 2710 5604 autem
2738 5551 3194 5619 perseveraverit,
3226 5558 3281 5605 et
3316 5563 3410 5606 eos
3446 5552 3788 5621 superaverit

2178 5641 2540 5713 perdurando,
2569 5653 2623 5697 et
2649 5657 2757 5697 non
2780 5641 3040 5699 defecerit
3061 5658 3091 5698 a
3121 5642 3277 5699 bonis
3301 5644 3582 5715 operibus;
3616 5641 3787 5696 iidem

2180 5736 2282 5808 ipsi
2317 5736 2427 5807 jam
2462 5738 2842 5807 obsequemur,
2872 5738 2965 5809 qui
2995 5747 3123 5793 ante
3151 5737 3523 5809 prohibebant.
3553 5734 3789 5792 Tamdiu

2180 5826 2325 5882 enim
2346 5828 2645 5899 corripiunt
2666 5836 2722 5885 et
2750 5829 3069 5900 perturbant
3093 5839 3151 5887 et
3176 5840 3376 5897 vetant,
3403 5828 3654 5901 quamdiu
3677 5826 3790 5881 sibi

2187 5914 2300 5969 cedi
2330 5935 2487 5991 posse
2512 5931 2862 5992 praesumunt.
2893 5921 2952 5980 Si
2989 5933 3173 5981 autem
3202 5923 3327 5981 victi
3367 5922 3565 5980 fuerint
3591 5933 3789 5993 perse-
