4126 6322
312 309 410 369 549

317 423 545 485 verantia
572 418 963 495 proﬁcientium
981 459 994 483 ,
1022 417 1338 472 eonVertuut
1370 423 1448 471 se,
1478 408 1531 461 et
1556 403 1732 460 dicere
1759 400 1893 455 inci-

317 523 461 595 piunt
492 538 506 575 :
540 516 757 586 Magnus
792 514 982 575 homo,
1024 517 1237 563 sanctus
1268 505 1452 558 homo:
1486 498 1603 554 felix
1643 497 1725 551 cui
1760 495 1896 548 Deus

318 588 598 669 concessit.
638 608 943 669 Honorant,
992 600 1351 671 gratulantur,
1392 592 1739 651 benedicuut,
1779 588 1897 640 latt-

318 704 444 759 dant
480 720 491 754 :
526 698 795 770 quomodo
838 694 926 749 illa
974 691 1123 745 turba
1169 700 1288 759 qua:
1332 698 1450 740 cum
1502 681 1725 737 Demin
1764 684 1896 731 erat.

320 796 431 866 ipsa
477 790 790 863 prohibebat
824 802 892 841 ue
931 784 1057 840 επιξρὶ
1100 780 1436 835 clamarent:
1488 774 1577 829 sed
1624 779 1899 842 postquam

322 890 395 944 illi
425 888 495 941 ita
517 885 899 943 ciamaverunt,
926 884 981 931 ut
1002 882 1333 931 mererentur
1353 867 1521 924 audiri
1542 875 1594 920 ct
1618 866 1901 933 impetrare

322 977 737 1035 misericordiam
765 971 993 1032 Domini,
1026 970 1137 1039 ipsa
1166 966 1314 1020 turba
1340 974 1544 1017 rursum
1568 958 1713 1023 dicit,
1751 954 1904 1007 Vacat

324 1089 407 1126 vos
432 1071 603 1124 Iesus.
627 1068 742 1124 Jam
765 1075 818 1121 et
840 1064 1137 1118 hortatores
1161 1060 1306 1119 liunt,
1331 1055 1418 1125 qui
1446 1052 1600 1121 paulo
1624 1056 1748 1102 ante
1784 1060 1905 1099 cor-

327 1163 587 1233 ripiebant
614 1169 672 1214 ut
703 1163 955 1211 tacerent.
987 1152 1145 1208 Solus
1175 1157 1351 1203 autem
1376 1146 1463 1198 illo
1502 1157 1607 1196 non
1634 1148 1850 1193 voeutnr
1874 1150 1906 1189 a

330 1256 572 1319 Domino,
600 1252 690 1322 qui
724 1264 828 1304 nou
868 1248 1073 1302 laborat
1102 1244 1153 1297 iu
1181 1242 1281 1296 hoc
1309 1237 1521 1293 sarculo.
1562 1232 1665 1287 Sed
1705 1230 1822 1300 quis
1853 1228 1906 1281 in

330 1348 428 1403 hac
446 1347 555 1399 vita
578 1320 682 1397 non
706 1342 907 1395 laborat
924 1340 974 1392 in
997 1330 1228 1407 peccatis
1244 1340 1295 1386 et
1315 1332 1366 1384 in
1386 1325 1747 1397 iniquitatibus
1763 1320 1908 1374 suis?

333 1440 383 1494 Si
414 1449 591 1493 autem
618 1446 802 1489 Omnes
828 1434 1087 1495 laborant,
1117 1426 1359 1482 omnibus
1380 1421 1578 1475 dictant
1603 1423 1705 1480 est,
1742 1410 1911 1467 Venite

333 1531 397 1584 ad
422 1547 528 1594 me,
561 1543 731 1581 omnes
758 1526 842 1598 qui
873 1522 1109 1578 laboratis
1141 1515 1346 1591 (Matth.
1378 1529 1459 1575 xl,
1490 1510 1607 1580 28).
1648 1506 1704 1561 Si
1731 1513 1909 1559 autem

332 1624 577 1679 omnibus
604 1597 801 1675 dictum
830 1626 908 1671 est
929 1657 942 1680 ,
974 1627 1138 1684 quare
1161 1610 1370 1679 culpam
1401 1615 1542 1659 tuam
1566 1600 1752 1656 tribuis
1780 1597 1912 1651 invi-

338 1715 488 1768 tatori
530 1722 617 1765 tuo
641 1712 694 1763 ‘i
725 1709 877 1763 Veni.
922 1707 1033 1760 Non
1066 1703 1157 1758 tibi
1189 1701 1247 1754 lit
1285 1704 1505 1766 augusta
1534 1693 1722 1747 domus
1748 1690 1864 1758 ejus
1894 1705 1907 1740 :

337 1806 532 1874 pariter
571 1802 636 1857 ab
664 1799 908 1854 omnibus
928 1837 943 1862 ,
976 1803 1141 1849 totum
1170 1810 1197 1845 a
1242 1788 1459 1860 singulis
1498 1783 1797 1855 possidetur
1823 1796 1911 1833 re-

336 1913 494 1965 gnum
532 1895 658 1961 Dei;
700 1900 975 1948 crescente
1007 1899 1370 1959 possessorum
1412 1892 1634 1935 numero
1673 1890 1777 1929 non
1808 1874 1911 1927 tui-

336 1991 529 2053 nuitur,
565 1989 688 2058 quia
719 2002 823 2040 non
857 1984 1126 2039 dividitur.
1169 1977 1466 2046 Unicuique
1502 1974 1765 2044 integrum
1794 1976 1909 2035 est,

337 2082 477 2154 quod
505 2079 838 2136 concorditer
866 2077 1087 2131 habetur
1107 2088 1136 2126 a
1163 2070 1361 2125 multis.

407 2172 632 2229 CAPUT
671 2164 1165 2226 XVIll.—l9.Boni
1178 2174 1222 2217 et
1256 2160 1377 2213 mali
1399 2159 1451 2213 in
1480 2156 1705 2210 Ecclesia
1724 2153 1913 2224 permi-

336 2270 429 2321 καὶ.
459 2266 631 2319 Malus
650 2258 840 2317 bonum
872 2261 1062 2313 duobus
1091 2256 1251 2310 modis
1278 2271 1376 2307 non
1406 2252 1645 2305 maculat.
1686 2250 1795 2303 [loc
1837 2258 1916 2300 ta-

339 2373 463 2413 men
489 2357 543 2411 in
574 2355 824 2423 mysterio
854 2351 1093 2405 lectionis
1118 2349 1274 2416 hujus
1303 2346 1669 2415 cognovimus,
1703 2341 1913 2406 fratres,

338 2448 481 2519 quod
510 2449 629 2501 aliis
664 2447 942 2501 Librorum
971 2452 1275 2496 sanctorum
1314 2439 1442 2493 locis
1469 2434 1798 2506 apertissime
1826 2449 1909 2486 su-

341 2551 459 2605 uat,
497 2554 616 2594 esse
644 2538 787 2591 intus
824 2536 876 2588 in
904 2533 1138 2587 Ecclesia
1170 2536 1221 2585 et
1257 2529 1425 2584 bonos
1456 2536 1508 2580 et
1546 2526 1742 2590 malos,
1778 2522 1917 2593 quod

341 2650 483 2703 same
511 2632 737 2687 dicimus
762 2629 1078 2683 frumentum
1103 2634 1156 2680 et
1187 2625 1410 2693 paleam.
1434 2621 1602 2675 Nemo
1633 2628 1755 2673 ante
1780 2626 1917 2671 teut-

344 2742 440 2797 pus
466 2726 674 2780 deserat
703 2737 879 2777 aream
898 2763 910 2784 ,
951 2720 1139 2774 toleret
1170 2718 1371 2787 paleam
1398 2715 1448 2769 iu
1479 2714 1696 2779 tritura,
1731 2711 1922 2765 toleret

345 2819 395 2873 iu
426 2834 570 2872 area.
597 2815 748 2883 Quod
787 2815 927 2867 enim
966 2812 1192 2874 toleret,
1227 2810 1277 2862 in
1321 2810 1511 2861 horreo
1547 2820 1650 2859 non
1685 2802 1918 2856 habebit.

344 2909 535 2963 Veniet
580 2905 884 2969 ventilator,
930 2902 1018 2971 qui
1066 2899 1265 2954 dividet
1302 2897 1470 2951 malos
1515 2912 1544 2950 a
1588 2895 1758 2949 bonis.
1807 2892 1924 2945 Erit

344 3004 500 3056 etiam
546 2997 839 3068 corporalis
885 2991 1181 3061 separatio,
1228 3004 1386 3059 quam
1432 2987 1591 3041 modo
1636 2983 1923 3055 spiritualis

346 3092 615 3167 prmcedit.
666 3092 705 3143 Α
758 3086 908 3141 malis
951 3082 1111 3140 corde
1160 3095 1370 3150 semper
1418 3077 1808 3147 disjungimiui;
1858 3074 1924 3127 ad

347 3200 553 3258 tempus
581 3194 732 3241 caute
758 3195 981 3251 corpore
1010 3174 1350 3246 copulamiui.
1393 3172 1503 3227 Nec
1547 3180 1721 3223 tamen
1754 3167 1924 3236 negli-

346 3294 529 3355 gentes
558 3281 671 3334 sitis
700 3280 749 3331 iu
791 3272 1118 3343 corrigendis
1151 3269 1374 3334 vestris,
1416 3266 1481 3319 ad
1512 3279 1693 3319 curam
1722 3262 1925 3315 scilicet

348 3386 576 3430 vestram
621 3384 831 3441 quoquo
870 3366 1027 3421 modo
1056 3360 1471 3435 pertinentibus,
1506 3356 1800 3421 monendo,
1832 3354 1928 3407 do-

348 3468 538 3531 cendo,
570 3462 848 3527 hortando,
881 3457 1149 3514 terrendo.
1183 3454 1615 3523 Quibuscumque
1641 3447 1810 3501 modis
1838 3461 1931 3517 po—

350 3560 527 3623 testis,
562 3557 717 3627 agite.
763 3553 903 3617 Nec,
945 3565 1066 3605 cum
1109 3545 1359 3601 invenitis
1386 3544 1438 3597 in
1467 3539 1756 3610 Scripturis
1793 3546 1846 3592 et
1876 3539 1926 3591 in

351 3651 613 3719 exemplis
639 3655 967 3705 sanctorum,
996 3642 1105 3695 sive
1132 3639 1218 3708 qui
1247 3646 1397 3701 ante,
1426 3635 1538 3689 sive
1566 3633 1652 3701 qui
1681 3639 1797 3700 post
1824 3631 1929 3682 Do-

355 3744 483 3799 mini
518 3742 798 3796 adventum
830 3738 880 3789 in
910 3738 1006 3787 hac.
1036 3734 1138 3785 vita
1169 3730 1412 3792 luerunt,
1445 3725 1584 3796 quod
1612 3723 1734 3777 mali
1766 3723 1933 3776 bonos

356 3838 407 3891 in
437 3836 636 3889 unitate
665 3849 770 3886 non
811 3828 1110 3891 maculant,
1152 3820 1453 3877 elﬁciamini
1490 3817 1621 3887 pigri
1658 3816 1722 3870 ad
1764 3814 1934 3869 corri-

357 3928 556 3999 gendos
581 3925 769 3980 malos.
798 3920 1014 3975 Duobus
1042 3915 1215 3971 modis
1254 3928 1360 3968 non
1392 3921 1442 3966 te
1470 3909 1699 3965 maculat
1726 3907 1895 3961 malus
1918 3925 1933 3961 :

361 4024 403 4077 si
443 4038 550 4075 non
590 4016 912 4078 consentias,
954 4021 1008 4067 et
1054 4011 1102 4063 si
1141 4007 1465 4077 redarguas:
1514 4004 1614 4057 hoc
1660 4010 1773 4068 est,
1830 4016 1938 4053 non

359 4114 770 4173 communicare,
797 4125 902 4163 non
923 4103 1241 4161 consentire.
1263 4100 1696 4155 Communicatur
1722 4096 1936 4165 quippe,

361 4205 570 4277 quando
600 4204 738 4257 facto
763 4201 877 4269 ejus
903 4197 1225 4253 consortium
1250 4192 1537 4249 voluntatis
1565 4191 1645 4244 vel
1674 4189 1939 4258 approba-

365 4300 519 4354 tionis
549 4295 873 4367 adiungitur.
919 4292 1029 4345 Hoc
1055 4304 1181 4358 ergo
1208 4302 1304 4341 uos
1330 4286 1620 4339 admonens
1655 4282 1942 4351 Apostolus

364 4395 472 4449 ait:
504 4392 675 4445 Nolite
698 4386 1066 4443 communicare
1093 4381 1326 4451 operibus
1355 4376 1681 4447 infructuosis
1720 4373 1944 4425 tenebra-

364 4501 495 4538 rum.
522 4482 589 4537 Et
612 4482 731 4551 quia
748 4493 932 4549 parum
951 4485 1080 4537 erat,
1104 4488 1208 4526 non
1230 4470 1546 4531 consentire,
1573 4467 1615 4520 si
1634 4471 1945 4532 sequeretur

367 4577 685 4648 negligentia
714 4572 1006 4641 disciplina:
1034 4586 1046 4622 :
1078 4566 1244 4636 Magis
1267 4572 1452 4626 autent,
1484 4559 1671 4629 inquit,
1705 4566 1747 4610 et
1774 4556 1946 4608 retiar-

368 4671 499 4741 guite
524 4667 739 4741 (Ephes.
766 4680 819 4727 v,
846 4662 957 4733 Η).
984 4659 1171 4713 Videte
1197 4652 1637 4726 quemadmodum
1666 4659 1946 4716 utrumque

369 4761 675 4831 complexus
711 4764 819 4820 est,
857 4752 1029 4807 Nolite
1057 4749 1465 4804 communicare:
1494 4744 1654 4815 magis
1692 4752 1858 4795 autent
1900 4747 1948 4792 et

316 4909 329 4919 ,
370 4854 673 4925 redarguite.
703 4847 840 4916 Quid
866 4855 967 4912 est,
997 4843 1171 4897 Nolite
1190 4838 1594 4895 communicare?
1618 4834 1793 4890 Nolite
1820 4848 1949 4887 con—

296 5566 329 5609 ο

326 4962 327 4965 ‘
365 4948 601 5011 sentire,
636 4943 800 4999 nolite
838 4940 1079 5003 laudare,
1118 4935 1281 4989 nolite
1309 4932 1621 5001 approbare.
1659 4926 1792 4996 Quid
1828 4934 1945 4992 est,

371 5042 420 5097 ll
433 5040 539 5110 agis
566 5046 732 5090 autem
756 5042 803 5089 et
839 5028 1158 5102 redarguite?
1198 5022 1625 5095 Reprehendite,
1664 5017 1943 5086 corripite,

375 5139 632 5186 coercele.

439 5224 528 5280 ΞΟ.
562 5219 817 5277 Correctio
861 5232 963 5270 non
1000 5211 1212 5284 superbo
1249 5209 1418 5263 animo
1456 5204 1706 5278 facienda.
1750 5201 1952 5257 Deinde

372 5323 426 5377 in
454 5318 565 5386 ipsa
590 5313 919 5371 correctione
947 5308 1033 5363 vel
1076 5304 1396 5362 coercitione
1435 5302 1725 5355 alienorum
1761 5311 1951 5367 pecca-

374 5426 549 5466 torum
598 5406 889 5463 cavendum
944 5410 1059 5466 est,
1114 5414 1183 5454 ne
1226 5413 1285 5452 se
1330 5394 1544 5449 extollat
1592 5391 1683 5461 qui
1729 5390 1954 5443 alterum

375 5505 627 5574 corripit;
657 5510 713 5558 et
749 5498 1035 5572 apostolica
1074 5495 1164 5549 illa
1206 5489 1482 5562 cogitanda
1526 5486 1782 5541 sententia
1828 5492 1950 5539 est:

380 5598 699 5670 QuaprOpter
750 5593 839 5663 qui
881 5607 933 5646 se
983 5598 1124 5661 putat
1167 5595 1331 5649 stare,
1378 5584 1541 5637 videat
1589 5598 1649 5635 ne
1700 5581 1846 5633 cadat
1895 5577 1955 5650 (Ι

378 5690 497 5749 Cor.
534 5706 603 5757 ι,
640 5686 753 5758 12).
794 5684 952 5739 Foris
996 5681 1303 5737 terribiliter
1340 5684 1592 5749 personet
1634 5674 1954 5744 increpatio;

444 5804 465 5839 9
485 5801 789 5853 millesimus
805 5805 911 5861 Its,
1181 5798 1277 5844 tuo.

1634 278 1861 344 sEnuo
1900 266 2220 335 LXXXVIII.

3474 272 3579 342 530

2005 397 2146 451 intus
2175 395 2407 450 lenitatis
2428 400 2667 450 teneatur
2685 395 2916 451 dilectio.
2943 397 3005 453 Si
3025 400 3401 471 prtem-cupiunt:
3428 402 3581 472 fuerit

2007 490 2153 542 homo
2177 490 2227 541 in
2256 490 2425 557 aliquo
2452 489 2649 554 delicto,
2685 491 2819 544 sicut
2842 490 2965 545 dicit
3000 491 3137 546 idem
3167 496 3466 561 apostdlus;
3496 512 3580 551 vos

2005 581 2089 649 qui
2108 580 2393 650 spiritualcs
2423 581 2556 647 estis,
2591 582 2875 650 hujusmodi
2903 583 3129 637 instruitc
3156 585 3206 637 in
3235 586 3413 656 spiritu
3438 602 3580 640 man-

2008 674 2285 727 suetudinis
2306 716 2319 738 ,
2361 674 2618 728 intendens
2645 683 2690 728 te
2713 677 2905 743 ipsum,
2946 696 3007 733 ne
3032 690 3077 732 et
3107 690 3157 733 tn
3188 683 3405 735 tenteris.
3446 683 3577 738 Alttt

2009 766 2213 818 alterius
2240 782 2391 819 onera
2414 775 2605 836 portate
2622 809 2636 832 ,
2679 776 2724 819 et
2752 769 2821 821 sic
2851 768 3186 839 adimplcbitis
3213 789 3367 841 legem
3397 772 3584 828 Christi

2012 856 2291 928 (Galat.vr,
2319 858 2341 911 l
2367 868 2411 910 et
2435 859 2513 927 2).
2534 858 2661 911 item
2689 860 2791 912 alio
2816 860 2967 914 loco:
2999 858 3229 929 Servum,
3261 866 3446 934 inquit,
3480 863 3587 919 Do-

2011 948 2132 1000 mini
2158 965 2256 1001 non
2286 956 2477 1016 oportet
2502 950 2728 1019 litigare;
2758 951 2844 1003 sed
2864 953 3030 1005 mitem
3058 968 3161 1008 esse
3180 956 3249 1008 ad
3274 966 3458 1022 omnes,
3490 961 3589 1013 do-

2012 1041 2225 1107 cibilem,
2251 1043 2538 1111 patientem,
2562 1043 2613 1095 in
2637 1044 2874 1097 modestia
2894 1047 3236 1117 corripientem
3259 1050 3456 1105 diversa
3476 1071 3588 1107 sen-

2014 1132 2185 1187 tientes
2200 1149 2289 1186 :ne
2312 1136 2439 1205 forte
2468 1133 2549 1187 det
2576 1133 2676 1186 illis
2693 1133 2826 1189 Deus
2848 1138 3185 1204 ptenitentimn
3202 1142 3268 1193 ad
3288 1159 3590 1213 cognoscen-

2014 1223 2131 1275 dam
2165 1234 2419 1277 veritatem
2440 1268 2454 1291 ,
2499 1234 2546 1277 et
2584 1226 2879 1295 resipiscam
2920 1244 2949 1280 a
2976 1229 3162 1283 diaboli
3187 1234 3404 1302 laqueis,
3435 1253 3465 1288 a
3493 1254 3590 1306 quo

2014 1315 2149 1384 capti
2172 1324 2399 1368 tenentur
2419 1317 2435 1346 ¹
2457 1316 2524 1368 ad
2544 1318 2702 1385 ipsius
2726 1319 3026 1373 voluntatem
3053 1322 3117 1393 (ll
3142 1321 3269 1377 Tim.
3297 1340 3353 1390 ll,
3375 1327 3588 1397 24-26).

2014 1404 2198 1473 Neque
2225 1422 2350 1476 ergo
2376 1409 2768 1462 consentientes
2800 1412 2912 1463 sitis
2938 1413 3090 1467 malis
3111 1455 3125 1480 ,
3170 1418 3225 1467 ut
3254 1417 3588 1486 approbetis;

2016 1513 2187 1568 neque
2215 1501 2560 1570 negligentes,
2591 1509 2646 1555 ut
2671 1518 2775 1556 non
2797 1506 3054 1574 arguatis;
3086 1523 3255 1577 neque
3284 1510 3595 1579 superbien-

2018 1600 2119 1655 tes,
2155 1602 2209 1647 ut
2237 1594 2548 1649 iusuitantcr
2574 1598 2824 1666 arguatis.

2088 1685 2176 1737 21.
2210 1684 2389 1739 Unitas
2417 1703 2674 1756 nunquam
2710 1690 3001 1743 deserenda.
3042 1690 3425 1748 Donatistarum
3450 1712 3598 1766 sepa-

2018 1776 2146 1828 ratio
2190 1778 2501 1846 improbatur
2534 1795 2595 1832 ea:
2630 1782 2871 1851 parabole
2912 1784 3240 1839 zizaniorum.
3291 1786 3389 1853 Qui
3419 1797 3594 1843 autem

2019 1869 2250 1922 deseruit
2279 1871 2555 1938 unitatem,
2576 1873 2735 1927 violat
2752 1874 3059 1952 charitatem
3078 1894 3089 1930 :
3109 1888 3160 1932 et
3181 1880 3415 1949 quisquis
3437 1881 3597 1937 violat

2021 1961 2353 2029 cbaritatem,
2385 1964 2655 2032 quodlibet
2681 1983 2927 2037 maguum
2960 1969 3168 2037 habeat,
3200 1972 3311 2041 ipse
3334 1974 3464 2028 nihil
3493 1986 3593 2032 est.

2023 2051 2076 2107 Si
2108 2053 2296 2122 linguis
2341 2054 2609 2110 hominum
2642 2056 2885 2127 loquatur
2926 2069 2977 2114 et
3005 2062 3351 2132 Angelorum,
3384 2065 3427 2119 si
3468 2068 3600 2122 sciat

2022 2147 2198 2200 omnia
2223 2158 2574 2213 sacramenta,
2600 2149 2643 2203 si
2667 2150 2863 2224 habeat.
2880 2160 3092 2207 omnem
3114 2152 3291 2222 ﬁdem,
3316 2167 3370 2211 ut
3394 2168 3599 2214 utentes

2024 2238 2334 2305 transferat,
2380 2240 2423 2293 si
2465 2240 2743 2295 distribuat
2796 2244 2970 2298 omnia
3022 2256 3115 2299 Sua
3162 2248 3512 2316 pauperibus,
3554 2249 3600 2304 si

2025 2344 2221 2399 corpus
2251 2347 2401 2384 suum
2434 2332 2623 2393 tradat,
2654 2342 2710 2386 ut
2730 2333 2930 2399 ardeat,
2960 2334 3269 2390 charitatem
3293 2350 3466 2394 autem
3491 2355 3596 2395 uou

2025 2422 2242 2488 habeat;
2278 2423 2405 2476 nihil
2435 2432 2547 2489 est,
2582 2424 2705 2477 nihil
2734 2425 2782 2479 ei
2816 2426 3030 2495 prodest
3061 2426 3115 2499 (Ι
3166 2429 3281 2483 Cor.
3312 2447 3432 2498 xm,
3490 2433 3598 2504 15).

2025 2516 2281 2571 Uuiversa
2314 2518 2567 2571 inutiliter
2610 2519 2798 2584 habet,
2843 2522 2929 2590 qui
2963 2538 3122 2575 unum
3148 2522 3273 2577 illud
3294 2566 3309 2588 ,
3350 2541 3454 2595 quo
3481 2526 3602 2579 uui-

2026 2611 2195 2665 versis
2224 2618 2419 2671 utatur,
2453 2626 2555 2664 non
2603 2610 2777 2666 habet.

2096 2703 2325 2760 CAPUT
2364 2704 2503 2759 XIX.
2527 2736 2597 2745 —
2627 2705 3020 2774 Amplectamur
3050 2708 3223 2777 itaque
3258 2708 3602 2778 charitatem,

2028 2795 2302 2850 studentes
2328 2813 2540 2849 servare
2583 2798 2835 2850 unitatem
2878 2798 3095 2867 spiritus
3133 2799 3183 2852 in
3212 2800 3421 2853 vinculo
3463 2800 3606 2868 pacis

2030 2886 2241 2958 (Ep/tes.
2278 2904 2349 2955 tv,
2383 2888 2461 2958 ὅ).
2488 2889 2599 2942 Non
2632 2906 2725 2942 uos
2750 2889 3004 2944 seducunt
3028 2890 3113 2960 qui
3141 2892 3425 2947 carnaliter
3453 2891 3608 2945 intel-

2031 2981 2199 3049 ligunt
2228 2988 2279 3033 et
2302 2981 2629 3050 corporalem
2660 2982 3049 3050 separatiouem
3096 2982 3345 3036 facientes
3366 3027 3378 3045 ,
3414 2982 3479 3036 ab
3508 2976 3607 3035 Ec-

2030 3072 2203 3126 clesixe
2232 3072 2505 3126 frumentis
2531 3082 2640 3127 toto
2662 3073 2790 3127 orbe
2818 3073 3021 3127 tlillusis
3048 3074 3303 3143 spirituali
3334 3074 3610 3144 sacrilegio

2032 3172 2362 3232 separantur.
2394 3164 2497 3217 Per
2531 3172 2695 3217 totum
2729 3165 2867 3217 enim
2896 3163 3147 3217 mundum
3180 3166 3493 3218 semiuatnm
3532 3173 3614 3219 cst

2032 3254 2228 3309 bonum
2258 3271 2460 3311 semen.
2496 3255 2671 3309 Bonus
2705 3256 2792 3309 ille
2832 3257 3120 3310 seminator
3151 3252 3310 3310 Filius
3348 3257 3607 3322 hominis,

2033 3362 2139 3401 non
2172 3348 2223 3401 in
2251 3348 2425 3402 Ali-ica
2452 3348 2583 3411 sola,
2615 3348 2706 3402 sed
2740 3348 2931 3417 ubique
2962 3348 3155 3417 sparsit
3181 3363 3361 3403 semen
3394 3348 3608 3403 bouuut.

2034 3439 2281 3493 Inimicus
2318 3449 2494 3493 autem
2536 3442 2982 3509 superseminavit
3025 3442 3242 3493 zizania.
3291 3441 3392 3495 Sed
3435 3450 3610 3495 tamen

2034 3532 2160 3601 quid
2181 3531 2253 3584 ait
2282 3530 2697 3599 paterfamilias?
2724 3531 2887 3586 Sinite
2907 3542 3116 3601 utraque
3135 3549 3351 3585 crescere
3370 3549 3523 3601 usque
3551 3530 3619 3584 ad

2037 3641 2262 3679 messem.
2297 3626 2398 3679 Per
2423 3625 2545 3694 quid
2590 3625 2867 3680 crescere?
2897 3625 3083 3691 Utique
3128 3642 3220 3694 per
3258 3641 3459 3695 agrum.
3490 3625 3618 3692 Quis

2039 3730 2117 3775 est
2157 3720 2316 3789 ager?
2343 3719 2732 3789 Numquidnam
2763 3718 2976 3772 Alrica?
3003 3718 3139 3771 Non.
3181 3718 3309 3785 Quis
3337 3726 3417 3771 est
3454 3715 3618 3786 ergo?

2039 3814 2153 3867 Non
2183 3814 2590 3882 interpretemur
2624 3829 2740 3877 nos,
2779 3813 3030 3867 Dominus
3051 3812 3191 3866 dicat
3216 3830 3228 3863 :
3258 3811 3521 3865 neminem
3549 3808 3621 3863 si-

2042 3922 2232 3962 namus
2258 3906 2451 3977 aliquid
2494 3923 2590 3976 pro
2629 3908 2847 3961 arbitrio
2885 3907 3162 3975 suspicari.
3199 3904 3450 3960 Dixerunt
3477 3906 3617 3960 enim

2046 4003 2295 4071 Magistro
2335 4001 2577 4070 discipuli
2611 4020 2622 4053 :
2658 4000 2859 4053 Enarra
2902 4001 3041 4054 nobis
3082 4001 3371 4071 parabolam
3404 4000 3622 4053 zizanio-

2044 4113 2177 4150 rum.
2207 4096 2271 4150 Et
2298 4095 2563 4149 enarravit
2586 4095 2840 4147 Dominus
2868 4112 2877 4147 :
2908 4092 3087 4147 Semen
3120 4094 3319 4155 bonum,
3348 4092 3499 4158 dixit,
3530 4093 3624 4161 ﬁlii

2045 4199 2162 4244 sunt
2188 4191 2360 4259 regni;
2390 4189 2585 4241 zizania
2612 4204 2723 4241 vero
2744 4230 2757 4253 ,
2787 4187 2881 4255 ﬁlii
2907 4186 3047 4239 mali.
3072 4187 3202 4252 Quis
3224 4202 3284 4240 ea
3307 4186 3625 4241 sctuiuavit?

2049 4282 2292 4335 Inimicus
2322 4291 2485 4333 autem
2506 4324 2518 4343 ,
2552 4281 2720 4349 inquit
2739 4323 2752 4347 ,
2782 4281 2866 4347 qui
2893 4296 2949 4332 ea
2976 4282 3251 4341 seminavit,
3284 4277 3512 4331 diabolus
3534 4287 3623 4331 est.

2049 4375 2178 4441 Quis
2204 4382 2282 4427 est
2310 4372 2469 4440 ager?
2496 4370 2629 4442 Ager
2654 4380 2757 4439 est,
2787 4370 2982 4438 inquit,
3014 4371 3092 4423 hic
3128 4371 3362 4422 nmndus.
3392 4369 3519 4433 Quae
3549 4385 3604 4422 es

2048 4467 2281 4522 messis?
2314 4465 2493 4519 Mcssis
2518 4473 2592 4517 est
2611 4506 2623 4529 ,
2654 4463 2747 4530 ait,
2780 4463 2897 4531 linis
2928 4463 3115 4515 seaculi.
3144 4461 3241 4529 Qui
3269 4469 3393 4516 sunt
3422 4476 3620 4514 mess‘m

2049 4560 2174 4614 res?
2208 4557 2473 4620 Messores,
2505 4556 2688 4625 inquit,
2726 4554 2901 4624 Angeli
2922 4563 3035 4607 sunt
3066 4552 3274 4624 (Matth.
3306 4569 3416 4617 xm,
3444 4550 3623 4618 24-50,

2052 4652 2260 4720 ’ὅθ-45).
2285 4648 2551 4718 Numquid
2575 4648 2746 4701 Africa
2769 4657 2846 4701 est
2869 4645 3130 4700 mundus?
3156 4641 3420 4712 Numquid
3445 4642 3629 4695 messis

2054 4746 2155 4800 hoc
2198 4741 2441 4811 tempus?
2471 4739 2737 4809 Numquid
2781 4754 2985 4792 messor
3015 4736 3280 4790 Donatus?
3321 4734 3422 4789 Per
3460 4742 3625 4788 totum

2054 4838 2236 4893 orbem
2264 4845 2523 4889 terrartuu
2554 4840 2855 4901 exspectate
2892 4843 3119 4883 messem
3139 4869 3154 4893 ,
3202 4842 3299 4895 per
3330 4832 3496 4879 totum
3537 4841 3626 4879 or-

2055 4930 2174 4985 bem
2211 4937 2466 4981 terrarum
2496 4924 2720 4978 crescite
2749 4922 2802 4976 in
2842 4936 3066 4975 messem
3086 4961 3101 4987 ,
3130 4934 3225 4988 per
3251 4928 3415 4971 totum
3446 4915 3629 4971 urbem

2057 5030 2316 5075 terrarum
2344 5016 2543 5070 zizauia
2577 5015 2795 5068 tolerate
2823 5026 2989 5080 usque
3017 5008 3083 5063 ad
3114 5023 3364 5063 messem.
3392 5002 3505 5061 Non
3533 5014 3626 5061 vos

2057 5108 2311 5165 sedueant
2336 5106 2607 5175 perversi,
2650 5103 2814 5173 palem
2858 5100 3013 5155 nimis
3050 5100 3227 5163 leves,
3270 5112 3385 5168 quae
3422 5097 3634 5151 evolant

2058 5213 2179 5259 ante
2208 5202 2491 5256 adventum
2530 5197 2855 5253 ventilatoris
2890 5210 2956 5249 ex
3003 5207 3164 5247 area:
3195 5207 3300 5246 uou
3341 5206 3437 5244 vos
3467 5190 3629 5245 sedu-

2058 5307 2198 5353 cant.
2238 5296 2439 5349 'l‘euete
2480 5307 2572 5347 eos
2614 5291 2680 5345 ad
2723 5289 2875 5343 istam
2912 5286 2991 5341 vel
3036 5286 3200 5340 solam
3233 5281 3631 5339 similitudinem

2059 5389 2405 5451 zizaniorum,
2438 5399 2608 5453 neque
2633 5383 2748 5437 illos
2774 5381 2957 5435 sinatis
2982 5376 3123 5448 loqui
3146 5376 3388 5447 amplius.
3421 5373 3513 5428 Ille
3540 5390 3634 5427 co-

2060 5484 2206 5539 dices
2236 5480 2471 5536 tradidit.
2503 5478 2638 5531 Non.
2670 5474 2775 5530 Sed
2802 5473 2886 5528 ille
2913 5471 3121 5527 codices
3146 5468 3375 5525 tradidit.
3407 5466 3637 5536 Quilibet

2062 5574 2367 5641 tradiderit,
2407 5567 2662 5639 numquid
2706 5564 2987 5619 inﬁdelitas
3014 5562 3323 5617 traditorum
3354 5559 3513 5615 fidem
3545 5555 3637 5613 Del

2063 5666 2370 5725 evacuavit?
2386 5664 2515 5732 Quae
2536 5670 2617 5717 est
2637 5660 2768 5714 ﬁdes
2790 5658 2919 5713 Dei?
2939 5657 3109 5724 Quam
3130 5654 3373 5727 promisit
3390 5648 3639 5720 Abrahae,

2131 5784 2149 5816 ι
2176 5778 2393 5832 Nonnulli
2416 5786 2541 5839 Mss,
2568 5788 2599 5825 a
2616 5786 2707 5837 quo
2730 5766 2904 5837 captivi
2926 5774 3160 5822 tenentur-
