4126 6322
463 325 566 385 551

467 440 654 496 dicens
676 452 691 490 :
722 433 791 489 In
811 431 1000 488 semine
1018 437 1103 482 tuo
1123 421 1474 479 benedicentur
1489 431 1661 470 omnes
1682 422 1870 486 gentes.
1895 410 2048 485 (Gen.

471 512 615 597 xxu,
643 529 753 600 18).
785 526 913 594 Qum
951 529 1034 578 est
1076 518 1207 572 ﬁdes
1235 514 1367 569 Dei?
1398 510 1565 566 Sinite
1589 517 1798 600 utraque
1837 517 2057 558 crescere

471 642 626 697 usque
671 599 738 677 ad
776 633 1003 674 messem.
1052 613 1153 668 Per
1196 607 1322 680 quid
1373 600 1651 661 crescere?
1703 599 1805 654 Per
1848 610 2051 666 agrum.

474 716 606 786 Quid
630 723 732 778 est,
763 712 866 766 Per
894 704 1116 778 agrum?
1142 703 1242 758 Per
1268 697 1545 755 mundum.

543 809 632 864 22.
679 805 1060 859 Donatistarum
1099 802 1435 850 commentum
1481 789 1543 842 de
1580 788 1945 857 frumentorum
1974 779 2057 834 di-

475 901 765 956 minutione.
791 897 888 950 llic
911 893 991 949 illi
1010 891 1194 947 dicunt
1219 905 1229 940 :
1263 885 1516 942 Creverat
1541 880 1754 952 quidem
1777 886 2059 945 utrumque

473 1009 567 1065 per
597 989 874 1055 mundum,
907 984 1000 1040 sed
1019 983 1129 1054 jam
1162 981 1424 1035 frumenta
1451 975 1735 1050 diminuta
1758 977 1896 1033 sunt,
2005 966 2059 1020 in

477 1057 630 1140 istam
661 1091 898 1136 nostram
920 1075 1191 1146 regionem
1217 1069 1638 1141 paucitatemque
1657 1070 1923 1118 revocata.
1943 1057 2063 1113 Non

477 1188 526 1234 te
554 1174 812 1247 permittit
851 1170 1106 1226 Dominus
1148 1161 1486 1235 interpretari
1527 1158 1667 1231 quod
1699 1157 1798 1210 vis.
1831 1155 1946 1224 Ipse
1972 1151 2062 1222 qui

477 1271 695 1342 exponit
721 1268 858 1321 hanc
885 1261 1215 1335 parabolam,
1243 1255 1444 1312 claudit
1472 1269 1534 1309 os
1563 1262 1731 1318 tuum,
1762 1264 1823 1304 os
1846 1246 2065 1342 sacrileo-

476 1340 600 1434 gum
621 1405 634 1428 ,
667 1377 729 1417 os
756 1359 973 1428 impium
993 1398 1008 1421 ,
1046 1369 1106 1408 os
1133 1349 1443 1422 profanum,
1472 1363 1532 1402 os
1575 1345 1668 1400 tibi
1699 1340 2023 1398 contrarium
2047 1378 2063 1405 ,

477 1455 565 1524 qui
588 1451 907 1509 contradicis
934 1445 1195 1509 testatori,
1227 1443 1388 1499 etiam
1418 1448 1469 1496 te
1493 1439 1558 1494 ad
1581 1436 1946 1492 haereditatem
1975 1447 2066 1485 vo-

480 1523 659 1599 canti?
703 1538 981 1610 Quomodo
1023 1535 1224 1592 claudit
1266 1548 1327 1588 os
1367 1531 1548 1586 tuum?
1595 1526 1858 1591 Dicendo,
1906 1523 2068 1579 Sinite

479 1648 689 1706 utraque
717 1649 932 1687 crescere
965 1645 1123 1700 usque
1151 1627 1218 1680 ad
1242 1640 1468 1679 messem.
1496 1621 1550 1676 Si
1572 1621 1682 1690 jam
1717 1618 1818 1672 fuit
1843 1615 2064 1679 messis,

481 1727 760 1783 credamus
788 1738 908 1779 esse
935 1721 1199 1776 frumenta
1219 1717 1499 1770 diminuta.
1522 1711 1833 1780 Quanquam
1856 1723 1923 1762 ne
1945 1716 2070 1759 tunc

481 1818 694 1890 quidem
729 1817 1061 1874 minuentur,
1093 1809 1185 1865 sed
1213 1809 1263 1861 in
1290 1807 1541 1860 horreum
1569 1801 1943 1856 recondentur.
1982 1796 2071 1854 Sic

483 1913 625 1968 enim
657 1911 729 1964 ait
753 1927 764 1962 :
795 1906 1028 1977 Colligite
1047 1904 1266 1975 primunt
1294 1899 1512 1963 zizania,
1545 1905 1590 1949 et
1619 1893 1824 1964 alligate
1850 1892 2070 1961 fascicu-

487 2003 591 2068 los,
636 2001 701 2053 ad
731 1993 1120 2052 comburenduni
1145 2007 1241 2056 ea;
1287 1993 1596 2061 frumentum
1623 1993 1793 2037 autem
1819 1980 2074 2035 recondite

483 2093 538 2148 in
569 2093 801 2146 horreum
823 2103 1008 2142 meum.
1041 2084 1098 2140 Si
1123 2098 1249 2153 ergo
1271 2095 1438 2150 usque
1461 2077 1528 2132 ad
1550 2090 1779 2130 messem
1802 2079 2068 2136 crescunt,

484 2194 605 2257 post
636 2197 866 2239 messem
895 2178 1286 2240 reconduntur;
1330 2171 1604 2244 improbe,
1636 2167 1830 2237 impie,
1863 2163 2073 2257 quando

485 2255 833 2336 minuuntur?
862 2270 1109 2328 Concedo
1142 2269 1193 2322 in
1220 2263 1618 2335 comparatione
1642 2259 1966 2314 zizaniorum
1996 2255 2073 2310 si-

485 2371 596 2426 mul
626 2377 784 2438 atque
827 2364 1099 2434 palearum
1130 2358 1396 2413 frumenta
1425 2369 1544 2410 esse
1572 2352 1821 2422 pauciora
1851 2366 1863 2401 :
1897 2358 2074 2402 tamen

489 2473 714 2532 utraque
738 2464 988 2514 crescunt
1015 2466 1184 2522 usque
1206 2449 1273 2504 ad
1298 2461 1548 2502 messem.
1575 2443 1707 2497 Cum
1728 2440 1873 2497 enim
1901 2440 2072 2494 abun-

488 2555 581 2611 dat
607 2552 877 2622 iniquitas,
906 2544 1205 2618 refrigescit
1224 2539 1454 2596 charitas
1476 2538 1798 2593 multorum:
1827 2541 2077 2590 crescunt

487 2645 711 2708 zizania,
745 2641 939 2697 crescit
969 2639 1140 2709 palea.
1171 2635 1274 2691 Sed
1302 2633 1424 2703 quia
1451 2639 1565 2686 toto
1593 2643 1722 2700 agro
1750 2627 1940 2682 deesse
1972 2639 2074 2679 non

491 2745 669 2810 potest
694 2735 1038 2795 frumentum,
1062 2727 1202 2800 quod
1229 2723 1618 2797 perseverando
1640 2736 1807 2790 usque
1826 2719 1893 2774 ad
1917 2719 2077 2773 ﬁnem

492 2832 697 2888 salvum
739 2828 830 2881 fiat
870 2824 1080 2896 (Matth.
1115 2836 1262 2887 xxrv,
1291 2820 1389 2886 1‘2,
1436 2817 1549 2888 15),
1582 2823 1825 2871 crescunt
1856 2822 2079 2882 utraque

492 2935 662 2990 usque
687 2919 753 2973 ad
783 2931 1037 2972 messem.
1068 2914 1134 2967 Et
1159 2913 1202 2967 si
1243 2919 1462 2980 propter
1488 2907 1867 2962 abundantiam
1907 2904 2078 2958 malo-

492 3027 610 3066 rum
636 3011 836 3064 dictum
867 3016 967 3073 est,
996 3003 1180 3070 Putas,
1208 3002 1408 3055 veniens
1432 2999 1597 3053 Filius
1625 2998 1842 3050 hominis
1866 2995 2080 3049 inveniet

489 3104 642 3174 ﬁdem
669 3102 723 3155 in
761 3111 894 3154 terra
923 3097 1072 3170 (Luc.
1102 3113 1248 3161 xvut,
1279 3095 1311 3150 8
1335 3093 1392 3164 )‘i
1421 3093 1628 3162 hocque
1658 3091 1872 3145 nomine
1914 3089 2067 3160 signi-

492 3195 718 3250 ficantur
773 3192 1092 3262 quicumque
1136 3187 1268 3258 legis
1332 3184 1768 3256 praevaricatione
1811 3183 2082 3236 innituntur

491 3303 614 3344 eum
641 3287 727 3342 cui
753 3285 952 3340 dictum
978 3291 1061 3337 est
1081 3323 1097 3347 ,
1139 3279 1298 3334 Terra
1323 3295 1394 3343 es,
1431 3286 1476 3332 et
1510 3278 1564 3331 in
1590 3286 1773 3330 terram
1801 3276 1895 3329 ibis
1928 3273 2078 3348 (Gen.

493 3398 572 3446 tu,
602 3380 691 3452 19)
720 3398 732 3434 :
769 3388 944 3434 tamen
975 3385 1030 3431 et
1056 3384 1275 3445 prOpter
1297 3371 1672 3427 abundantiam
1702 3370 1961 3424 honorum
1985 3410 2000 3436 ,
2029 3377 2084 3423 et

494 3481 710 3544 propter
735 3486 855 3527 eum
885 3471 969 3524 cui
996 3468 1194 3522 dictum
1224 3474 1326 3532 est,
1362 3465 1450 3519 Sic
1476 3465 1568 3518 erit
1593 3481 1760 3518 semen
1787 3474 1927 3516 tuum
1955 3462 2086 3515 sicut

494 3561 656 3617 stellte
683 3562 813 3627 coeli,
839 3569 882 3614 et
902 3561 1034 3614 sicut
1059 3574 1212 3611 arena
1234 3556 1386 3609 maris
1411 3553 1520 3627 (Id.
1543 3571 1632 3620 xv,
1657 3555 1710 3619 5,
1738 3563 1792 3608 et
1815 3569 1942 3619 χχιι,
1968 3552 2080 3623 17),

497 3656 659 3711 etiam
686 3654 817 3709 illud
846 3668 952 3708 non
981 3652 1198 3706 tacitum
1227 3658 1340 3713 est,
1385 3647 1517 3712 Quia
1543 3647 1691 3701 multi
1725 3646 1785 3700 ab
1823 3646 2012 3700 oriente
2039 3653 2086 3698 et

497 3749 750 3802 occidente
778 3747 972 3800 venient
993 3787 1009 3812 ,
1054 3753 1100 3798 et
1129 3742 1412 3796 recumbent
1435 3757 1549 3794 cum
1579 3739 1834 3793 Abraham
1863 3749 1908 3792 et
1933 3737 2086 3792 Isaac

497 3843 553 3896 in
578 3858 730 3914 regno
764 3839 862 3893 Dei
893 3837 1105 3912 (Matth.
1136 3852 1252 3900 vin,
1282 3834 1394 3905 11).
1424 3833 1659 3902 Utraque
1685 3849 1812 3904 ergo
1839 3841 2088 3888 crescunt

502 3949 672 4002 usque
714 3931 782 3986 ad
808 3944 1072 3994 messem;
1113 3935 1166 3983 ct
1205 3941 1327 3982 suas
1369 3925 1659 3980 sententias
1703 3925 1756 3978 in
1799 3923 2085 3995 Scripturis

504 4023 703 4078 habent
728 4021 930 4076 zizania
959 4021 1044 4074 vel
1074 4019 1258 4089 paleae,
1280 4033 1402 4072 suas
1428 4027 1603 4072 autem
1631 4016 1916 4071 frumenta.
1944 4017 2087 4084 Quas

502 4119 593 4185 qui
620 4130 724 4169 non
747 4113 1068 4182 intelligunt,
1097 4109 1449 4175 confundunt,
1472 4118 1526 4164 et
1544 4107 1974 4174 confunduntur;
2008 4116 2088 4162 at-

501 4223 602 4276 que
637 4208 708 4260 ita
733 4212 1075 4276 perstrepunt
1099 4217 1238 4256 cmca
1264 4201 1573 4270 cupiditate,
1601 4208 1660 4254 ut
1702 4200 1875 4254 nolint
1899 4200 2088 4254 obmu—

502 4307 706 4352 tescere
735 4296 824 4351 vel
851 4293 1108 4365 patefacta
1139 4293 1380 4346 veritate.

577 4387 800 4443 CAPUT
840 4387 958 4440 XX.
982 4416 1052 4426 —
1075 4385 1163 4439 25.
1189 4383 1356 4438 Locus
1380 4383 1512 4438 male
1532 4384 1592 4437 de
1607 4383 1859 4454 corporali
1878 4400 2086 4454 separa-

505 4483 638 4534 tione
653 4479 935 4533 intellectus
950 4494 980 4530 a
997 4476 1344 4531 schismaticis.
1364 4475 1520 4541 Ecce,
1542 4475 1804 4544 inquiunt,
1823 4475 1950 4528 dicit
1966 4490 2090 4544 pro—

503 4574 685 4644 pheta,
716 4570 970 4635 Ilecedite,
1002 4569 1132 4624 exite
1165 4567 1302 4634 inde,
1334 4576 1381 4621 et
1405 4566 1720 4620 immundum
1749 4583 1809 4620 ne
1836 4567 2091 4638 tetigeritis

510 4664 659 4736 (Isai.
679 4679 766 4729 ιιι,
793 4662 880 4732 ll)
908 4680 920 4715 :
950 4660 1215 4732 quomodo
1237 4675 1363 4731 ergo
1383 4660 1548 4713 malos
1570 4674 1665 4729 pro
1694 4673 1822 4729 pace
1844 4658 2092 4714 tolerabi-

506 4775 648 4826 mus,
673 4774 700 4811 a
723 4758 914 4827 quibus
933 4757 1080 4812 exire
1100 4765 1152 4811 et
1166 4756 1417 4811 recedere
1433 4756 1700 4825 jubemur,
1725 4771 1791 4810 ne
1813 4765 2089 4827 tangamus

508 4849 881 4906 immundum?
910 4849 1016 4904 Nos
1046 4850 1198 4903 istam
1229 4851 1586 4904 recessionem
1617 4849 1962 4919 spiritualiter
2010 4851 2092 4904 in-

510 4944 816 5014 telligimus,
837 4942 913 4996 illi
931 4943 1298 5012 corporaliter.
1312 4941 1444 4996 Nam
1461 4952 1514 4998 et
1533 4957 1631 5012 ego
1643 4943 1817 4997 clamo
1831 4959 1952 4999 cum
1970 4960 2092 5014 pro-

507 5035 689 5105 pheta,
713 5043 767 5090 et
789 5035 1194 5106 qualiacumque
1219 5034 1384 5088 simus
1412 5049 1556 5098 vasa,
1586 5036 1752 5089 utitur
1777 5037 1929 5092 nobis
1951 5037 2092 5092 Deus

505 5127 559 5183 in
581 5128 1032 5198 dispensationem
1057 5135 1284 5181 vestram
1312 5144 1324 5179 :
1353 5126 1645 5181 clamamus
1668 5137 1722 5182 et
1742 5143 1860 5196 nos,
1891 5138 1944 5184 et
1969 5129 2091 5184 dici-

507 5237 628 5276 mus
642 5221 814 5288 vobis,
837 5220 1087 5286 Recedite,
1103 5219 1396 5286 exite'inde,
1417 5229 1460 5273 et
1477 5221 1792 5274 immundum
1807 5240 1868 5277 ne
1883 5224 2093 5294 tetigeri-

509 5313 603 5379 tis;
631 5313 724 5367 sed
746 5323 994 5368 contactu
1019 5312 1227 5378 cordis,
1259 5327 1364 5366 non
1392 5315 1651 5381 corporis.
1678 5314 1812 5379 Quid
1841 5323 1922 5369 est
1950 5317 2092 5369 enim

512 5415 730 5478 tangere
748 5406 1099 5470 immundum,
1122 5406 1226 5461 nisi
1241 5407 1543 5460 consentire
1561 5406 1828 5476 peccatis?
1856 5407 1992 5475 Quid
2013 5417 2096 5463 est

511 5509 692 5555 autem
703 5498 850 5554 exire
860 5497 1004 5564 inde,
1019 5498 1119 5552 nisi
1136 5495 1313 5553 facere
1324 5497 1464 5568 quod
1482 5497 1707 5568 pertinet
1718 5497 1783 5552 ad
1800 5498 2095 5568 correptio-

513 5607 636 5648 nem
653 5591 936 5655 malorum,
948 5597 1202 5660 quantum
1219 5605 1316 5660 pro
1327 5590 1740 5660 uniuscujusque
1755 5591 1920 5660 gradu
1938 5601 2096 5663 atque

512 5697 742 5756 persona
768 5684 915 5740 salva
943 5697 1073 5753 pace
1101 5681 1217 5738 fieri
1260 5683 1468 5753 potest?
1500 5682 1774 5753 Displicuit
1819 5684 1912 5739 tibi
1953 5685 2096 5755 quod

511 5777 736 5849 quisque
782 5775 1053 5850 peccavit;
1097 5789 1207 5833 non
1251 5774 1469 5845 tetigisti
1514 5774 1867 5832 immundum.
1894 5775 2098 5835 Redar-

1700 297 1758 354 S.
1796 288 2162 351 AUGUSTINI
2201 289 2506 347 EPISCOPl

3643 284 3757 341 552

2164 409 2342 477 guisti,
2374 404 2706 477 corripuisti,
2736 404 3016 471 monuisti,
3053 402 3335 458 adhibuisti
3365 403 3560 471 etiam,
3595 405 3642 459 si
3667 419 3757 460 res

2161 502 2356 570 exegit,
2383 513 2691 568 congruam,
2725 507 2777 552 et
2802 513 2919 568 qua:
2950 497 3205 551 unitatem
3234 511 3340 550 non
3370 497 3554 564 violet,
3586 496 3754 551 disci-

2163 593 2393 662 plinam;
2423 592 2582 648 existi
2612 591 2754 646 inde.
2785 591 3054 645 Attendite
3078 591 3130 644 in
3158 590 3293 645 facta
3320 597 3652 657 sanctorum,
3687 606 3758 645 nc

2163 685 2298 740 forte
2352 695 2531 740 nostra
2571 685 2814 739 videatur
2865 684 3254 754 interpretatio.
3306 683 3588 751 Quomodo
3639 682 3759 738 haec

2161 778 2324 832 verba
2375 778 2749 833 intellexerunt
2795 777 3000 845 sancti,
3050 777 3127 832 sic
3177 778 3357 847 utique
3407 776 3759 846 intelligenda

2165 880 2307 926 sunt.
2330 872 2482 926 Exite
2505 872 2644 939 inde,
2672 873 2839 943 inquit
2892 871 3169 942 prepheta.
3189 871 3343 926 Prius
3364 870 3558 926 usitata
3588 871 3760 940 ipsius

2166 964 2311 1017 verbi
2332 965 2719 1020 consuetudine
2739 979 2923 1020 assero
2946 965 3098 1018 istam
3126 963 3468 1030 sententiam,
3493 973 3547 1018 et
3571 971 3759 1033 postea

2141 1056 2389 1112 ostendo
2419 1073 2524 1113 non
2554 1073 2750 1113 meam.
2787 1057 3106 1128 Plerumque
3136 1066 3454 1112 accusantur
3481 1057 3755 1124 homines;

2167 1155 2222 1202 et
2245 1164 2365 1202 eum
2397 1150 2631 1204 accusati
2659 1148 2876 1216 fuerint,
2909 1149 3202 1205 defendunt
3227 1164 3286 1206 se
3311 1168 3323 1204 :
3353 1164 3474 1204 cum
3496 1159 3674 1204 autem
3701 1164 3762 1202 se

2169 1239 2260 1294 ille
2289 1240 2380 1310 qui
2411 1251 2691 1296 accusatur
2717 1242 2900 1306 homo,
2949 1241 3336 1297 rationabiliter
3372 1240 3623 1311 justeque
3665 1239 3764 1294 de-
3795 1284 3806 1300 .

2170 1331 2432 1398 feuderit,
2473 1335 2561 1404 qui
2589 1333 2842 1401 audiunt,
2871 1334 3087 1402 dicunt,
3133 1334 3276 1389 Exiit
3313 1334 3456 1388 inde.
3487 1332 3604 1402 Quo
3635 1331 3764 1387 inde
3794 1329 3808 1401 '_

2171 1425 2332 1481 exiit?
2361 1427 2577 1482 Manens
2620 1427 2758 1494 loco,
2790 1428 2919 1482 exiit
2957 1427 3100 1483 inde.
3129 1426 3410 1495 Quomodo
3435 1426 3560 1481 inde
3598 1425 3798 1480 exiit?-
3841 1489 3848 1494 _

2172 1518 2398 1574 Ratione
2443 1519 2682 1584 reddita,
2729 1529 2782 1576 et
2823 1519 3136 1575 defensioue
3162 1519 3474 1589 justissima.
3523 1517 3636 1574 Hoc
3679 1526 3763 1572 est

2173 1611 2313 1680 quod
2340 1609 2604 1667 faciebant
2633 1612 2798 1666 sancti
2821 1654 2834 1678 ,
2865 1612 3078 1682 quando
3107 1610 3448 1666 excutiebant
3490 1610 3763 1679 pulverem

2172 1703 2241 1758 de
2269 1703 2493 1773 pedibus
2522 1703 2652 1768 suis,
2681 1704 2936 1758 adversus
2960 1719 3054 1758 eos
3081 1705 3168 1774 qui
3198 1703 3294 1757 sibi
3338 1717 3520 1772 pacem
3549 1702 3767 1756 nuntia-

2175 1803 2280 1848 tam
2315 1811 2419 1849 non
2447 1795 2776 1864 accipiebant
2801 1795 2949 1866 (Luc.
2981 1811 3036 1862 x,
3067 1794 3180 1868 Il).
3210 1795 3354 1848 Exiit
3383 1794 3504 1849 inde
3531 1795 3619 1849 ille
3643 1810 3769 1864 spe-

2175 1888 2398 1952 culator,
2427 1889 2511 1942 cui
2540 1888 2736 1942 dictum
2781 1897 2882 1953 est,
2915 1888 3296 1958 Speculatorem
3333 1888 3479 1959 posui
3507 1897 3556 1941 te
3589 1887 3769 1940 domui

2176 1979 2358 2035 Israel.
2408 1981 2483 2035 Illi
2514 1982 2654 2036 enim
2681 1982 2890 2047 dicitur,
2934 1981 2995 2036 Si
3029 1982 3217 2035 dixeris
3255 1982 3456 2051 iniquo,
3499 1991 3546 2035 et
3581 1998 3682 2034 non
3712 1997 3770 2033 se

2175 2075 2401 2129 averterit
2426 2074 2486 2128 ab
2512 2075 2771 2146 iniquitate
2808 2085 2855 2128 et
2894 2093 2924 2128 a
2953 2076 3032 2128 via
3071 2090 3199 2138 sua;
3229 2075 3427 2144 iniquus
3466 2074 3552 2129 ille
3591 2075 3642 2127 in
3669 2091 3770 2128 sua

2176 2166 2440 2235 iniquitate
2459 2167 2720 2233 morietur,
2747 2176 2792 2220 et
2815 2177 2869 2220 tu
2888 2170 3110 2220 animam
3135 2176 3274 2220 tuam
3294 2165 3524 2220 liberabis
3551 2165 3762 2239 (Ezech.

2176 2260 2360 2326 111,17,
2390 2259 2501 2330 19).
2524 2259 2634 2314 Hoc
2663 2259 2707 2312 si
2725 2257 2868 2323 facit,
2890 2260 2999 2314 exit
3016 2258 3158 2325 inde,
3180 2275 3285 2313 non
3307 2259 3638 2328 separatione
3655 2273 3774 2312 cor-

2177 2352 2344 2423 poris,
2378 2353 2470 2408 sed
2498 2351 2809 2408 defensione
2835 2354 3012 2422 operis
3040 2354 3142 2407 sui.
3167 2353 3316 2407 Fecit
3335 2353 3476 2407 enim
3505 2353 3604 2407 iste
3623 2351 3770 2422 quod

2179 2443 2478 2500 faciendum
2522 2445 2620 2500 fuit
2652 2464 2665 2500 :
2698 2447 2907 2501 etiamsi
2947 2447 3034 2502 ille
3078 2462 3181 2500 non
3214 2448 3632 2516 obtemperavit,
3679 2445 3773 2501 cui

2179 2539 2654 2608 ohtemperandum
2683 2540 2798 2594 fuit.
2832 2541 2943 2595 lloc
2965 2548 3068 2604 est,
3096 2539 3250 2594 Exite
3270 2540 3408 2594 inde.

2250 2630 2476 2687 CAPUT
2509 2631 2726 2687 XXI.——
2745 2633 2834 2686 24.
2860 2631 3130 2702 Propheta:
3149 2634 3325 2705 populi
3345 2634 3467 2687 uitia
3493 2633 3774 2703 reprehen-

2181 2723 2382 2787 debant,
2416 2739 2504 2775 nec
2532 2723 2593 2776 ab
2633 2723 2721 2777 illo
2751 2723 3061 2778 recedebant.
3113 2723 3376 2779 Clamavit
3413 2725 3508 2778 ista
3537 2723 3773 2794 Moyses,

2180 2814 2429 2868 clamavit
2450 2811 2634 2879 Isaias,
2662 2814 2909 2868 clamavit
2931 2813 3213 2882 Jeremias,
3233 2815 3481 2871 clamavit
3501 2814 3774 2870 Ezechiel.

2189 2905 2472 2960 Videamus
2497 2905 2540 2960 si
2573 2905 2672 2960 hoc
2698 2905 2796 2977 ipsi
2824 2905 3084 2974 fecerunt,
3109 2907 3154 2962 si
3179 2908 3494 2962 dimiserunt
3519 2908 3777 2978 populum

2185 2999 2304 3066 Dei,
2332 3011 2386 3054 et
2415 3014 2472 3054 se
2500 2999 2565 3054 ad
2596 3011 2784 3071 gentes
2809 3001 2940 3055 alias
2978 3003 3379 3057 transtulerunt.
3409 3003 3578 3067 Quam
3609 3000 3779 3054 multa

2185 3101 2238 3145 et
2267 3107 2425 3161 quam
2452 3091 2798 3148 vehementer
2821 3092 3080 3148 Jeremias
3111 3094 3402 3166 increpavit
3439 3093 3492 3146 in
3530 3101 3781 3162 peccato-

2184 3199 2269 3238 res
2300 3192 2355 3238 et
2379 3184 2666 3239 sceleratos
2700 3186 2880 3255 pepuli
2917 3185 3028 3239 sui!
3080 3185 3222 3239 Inter
3265 3201 3359 3240 eos
3403 3196 3580 3240 tamen
3617 3192 3734 3240 erat
3759 3226 3776 3252 ,

2187 3291 2348 3331 unum
2375 3293 2494 3332 cum
2525 3278 2630 3333 illis
2660 3280 2914 3349 templum
2945 3279 3192 3343 intrabat,
3221 3279 3407 3334 eadem
3441 3289 3780 3335 sacramenta

2187 3369 2527 3424 celebrabat:
2571 3371 2624 3425 in
2660 3386 2722 3426 ea
2754 3373 3027 3426 hominum
3064 3373 3444 3427 sceleratorum
3487 3389 3778 3445 congrega-

2190 3463 2334 3519 tione
2364 3464 2594 3532 vivebat,
2623 3465 2718 3520 sed
2747 3466 3027 3520 clamando
3053 3467 3230 3522 exibat
3258 3467 3401 3522 inde.
3434 3467 3546 3523 Hoc
3573 3479 3654 3523 est
3683 3483 3783 3522 ex-

2188 3555 2268 3610 ire
2305 3555 2450 3623 inde,
2487 3555 2590 3611 hoc
2629 3565 2711 3611 est
2753 3558 3082 3613 immundum
3114 3575 3220 3612 non
3250 3568 3484 3629 tangere,
3513 3568 3565 3613 et
3588 3559 3782 3613 volun-

2189 3656 2297 3704 tate
2323 3665 2431 3703 uon
2461 3651 2786 3718 consentire,
2827 3661 2881 3706 et
2904 3666 2998 3706 ore
3028 3667 3133 3705 non
3165 3667 3401 3722 parcere.
3432 3653 3568 3722 Quid
3601 3652 3784 3708 dicam

2189 3740 2255 3795 de
2281 3741 2531 3808 Jeremia,
2563 3741 2632 3796 de
2658 3741 2812 3808 Isaia,
2837 3742 2903 3798 de
2929 3743 3168 3810 Daniele,
3193 3744 3260 3799 de
3285 3744 3552 3810 Ezechiel,
3579 3744 3647 3799 de
3676 3760 3785 3800 ca:-

2191 3833 2318 3888 teris
2358 3833 2662 3903 Prophetis,
2687 3835 2778 3904 qui
2807 3851 2910 3890 non
2943 3847 3277 3891 recesserunt
3315 3852 3348 3892 a
3383 3837 3579 3906 populo
3615 3838 3781 3904 malo,

2193 3941 2258 3980 ne
2287 3926 2601 3984 desererent
2639 3929 2810 3983 honos
2853 3929 2928 3983 illi
2971 3931 3168 4002 populo
3211 3932 3550 4000 commixtos,
3593 3932 3682 3987 ubi
3729 3940 3786 3988 et

2191 4017 2291 4087 ipsi
2323 4019 2455 4074 tales
2479 4035 2601 4075 esse
2628 4022 2954 4089 potuerunt?
2979 4021 3188 4094 Moyses
3217 4022 3362 4094 ipse,
3395 4024 3618 4090 fratres,
3660 4040 3784 4079 cum

2190 4110 2460 4179 acciperet
2486 4110 2657 4180 legem
2686 4111 2738 4164 in
2768 4121 2950 4167 monte
2970 4155 2983 4178 ,
3016 4113 3244 4183 pOpulus
3281 4115 3531 4170 deorsum
3579 4115 3782 4170 idolum

2189 4200 2338 4256 fecit.
2366 4201 2597 4270 Populus
2624 4203 2749 4268 Dei,
2784 4207 3008 4273 populus
3035 4205 3223 4260 ductus
3253 4206 3570 4262 cedentibus
3611 4208 3788 4263 ﬂucti-

2189 4291 2290 4347 bus
2324 4291 2490 4346 Rubri
2525 4293 2711 4359 maris,
2740 4296 2830 4363 qui
2868 4307 3151 4365 sequentes
3179 4298 3423 4354 inimicos
3459 4301 3784 4369 obruerant,

2193 4392 2316 4454 post
2343 4392 2485 4438 tanta
2508 4385 2656 4456 signa
2682 4395 2736 4440 et
2761 4387 3015 4442 miracula
3046 4389 3100 4443 in
3125 4389 3496 4463 Egyptiorum
3526 4395 3692 4465 plagis
3715 4396 3785 4450 ad

2194 4486 2448 4542 mortem,
2471 4480 2598 4533 etin
2626 4495 2720 4533 sua
2745 4483 3077 4551 protectione
3101 4484 3166 4538 ad
3193 4487 3436 4553 salutem,
3465 4498 3639 4544 tamen
3668 4489 3788 4544 ido-

2193 4569 2300 4624 lum
2325 4573 2589 4640 poposcit,
2619 4572 2819 4627 idolum
2859 4577 3115 4642 extorsit,
3146 4577 3348 4632 idolum
3379 4578 3539 4648 fecit,
3582 4580 3785 4636 idolum

2195 4662 2458 4730 adoravit,
2490 4663 2632 4719 idolo
2677 4667 3011 4722 sacrificavit.
3052 4668 3254 4724 Iudicat
3281 4671 3420 4727 Deus
3449 4674 3642 4729 famulo
3687 4691 3789 4731 suo

2194 4756 2374 4824 populi
2403 4756 2621 4824 factum,
2652 4767 2706 4813 et
2728 4759 2858 4814 dicit
2886 4775 2981 4816 eos
3007 4777 3067 4817 se
3098 4764 3428 4832 perditurum
3455 4783 3484 4820 a
3512 4767 3645 4823 facie
3667 4784 3785 4823 sua.

2195 4845 2484 4900 Intercedit
2519 4847 2726 4918 Moyses
2763 4849 2830 4904 ad
2871 4851 3043 4921 ipsum
3084 4855 3335 4923 populum
3376 4857 3639 4913 rediturus
3677 4879 3691 4914 :
3734 4870 3792 4916 et

2196 4938 2383 4992 habuit
2411 4941 2747 4996 occasionem
2775 4943 3060 4998 recedendi
3091 4955 3140 5000 et
3169 4949 3400 5003 exeundi
3425 4951 3494 5004 ab
3522 4951 3619 5016 eis,
3652 4952 3793 5007 sicut

2196 5031 2288 5086 isti
2320 5033 2640 5104 intelligunt,
2671 5051 2737 5089 ne
2763 5037 3091 5092 immundum
3122 5049 3389 5110 tangeret,
3423 5059 3491 5098 ne
3515 5060 3634 5098 cum
3667 5045 3792 5100 tali-

2197 5124 2298 5180 bus
2318 5126 2549 5192 viveret;
2581 5143 2684 5182 non
2719 5129 2841 5184 fecit
2873 5141 3069 5186 tamen.
3113 5133 3180 5186 Et
3207 5150 3274 5189 ne
3299 5133 3438 5190 forte
3467 5137 3571 5191 hoc
3598 5153 3792 5193 neces-

2199 5220 2357 5276 sitate
2387 5223 2563 5290 potius
2592 5237 2749 5292 quam
2775 5223 3032 5281 charitate
3058 5227 3250 5283 fecisse
3277 5230 3566 5299 videretur,
3599 5231 3794 5287 obtulit

2200 5313 2280 5367 illi
2313 5315 2452 5369 Deus
2481 5315 2642 5368 alium
2674 5317 2924 5385 populum
2953 5337 2965 5373 :
2996 5318 3209 5373 Faciant
3235 5331 3300 5386 te,
3330 5322 3534 5393 inquit,
3575 5324 3627 5376 in
3664 5341 3793 5395 gen-

2200 5417 2301 5462 tem
2341 5425 2616 5480 magnam:
2663 5419 2719 5464 ut
2748 5410 2868 5464 illos
2897 5411 3116 5468 deleret.
3162 5415 3232 5468 At
3278 5417 3370 5471 ille
3409 5432 3515 5472 non
3559 5421 3789 5487 accepit,

2199 5500 2438 5556 colueret
2463 5502 2853 5585 peccatoribus,
2875 5505 3006 5573 petit
3030 5521 3129 5576 pro
3155 5510 3540 5577 peccatoribus.
3573 5511 3640 5566 Et
3658 5527 3795 5582 quo~

2200 5593 2361 5649 modo
2389 5595 2554 5665 petit?
2584 5595 2770 5666 Magna
2798 5598 3040 5668 probatio
3059 5600 3380 5672 dilectionis,
3406 5603 3616 5661 fratres.
3642 5605 3794 5673 Quo-

2201 5688 2364 5751 modo
2390 5689 2554 5757 petit?
2584 5687 2772 5744 Videte
2799 5690 2966 5760 illam,
2997 5693 3065 5749 de
3089 5709 3192 5764 qua
3219 5711 3362 5768 saepe
3389 5697 3554 5754 locuti
3583 5713 3791 5767 sumus,

2201 5791 2500 5839 maternam
2524 5781 2756 5852 quodam
2782 5784 2944 5841 modo
2967 5785 3302 5847 charitatem.
3332 5791 3469 5848 Cum
3509 5791 3652 5851 Deus
3683 5790 3792 5849 min
