4126 6322
330 292 433 359 tm

334 423 546 474 naretur
577 407 834 478 sacrilego
868 402 1084 475 populo,
1128 400 1211 471 pia
1241 397 1403 470 Moysi
1432 397 1638 452 viscera
1680 403 1913 448 tremue-

335 520 476 575 runt,
514 502 767 575 opposuit
802 514 861 555 se
894 511 991 568 pro
1038 496 1139 551 illis
1180 492 1467 549 iracundia:
1514 491 1627 577 Dei.
1674 487 1914 571 Domine,

334 598 520 671 inquit,
539 597 582 650 si
604 593 812 649 dimittis
834 590 904 644 eis
930 596 1207 659 peccatum,
1236 584 1428 637 dimitte
1450 597 1470 636 :
1490 576 1568 635 sin
1598 589 1783 671 autem,
1808 576 1917 631 dele

335 708 412 749 me
428 690 491 742 de
506 687 636 741 libro
652 696 738 739 tuo
748 698 888 753 quem
901 678 1141 750 scripsisti
1155 675 1391 745 (Exod.x
1402 674 1598 738 xxn,5l
1611 670 1918 741 ,52).Quam

341 781 573 854 paternis
617 775 976 843 maternisque
1016 769 1329 833 visceribus,
1369 783 1525 837 quam
1551 777 1794 854 securus
1816 761 1918 854 hoc

338 851 529 929 dixerit
561 865 844 924 attendens
879 860 1137 933 justitiam
1166 867 1219 914 et
1253 853 1680 936 miscricordiam.
1708 851 1832 905 Dei!
1865 856 1922 905 ut

339 962 458 1033 quia
483 952 659 1030 justus
685 963 786 1022 est,
810 970 918 1009 non
947 950 1190 1022 perderet
1214 948 1436 1019 justum,
1464 945 1587 1016 quia
1616 942 1920 998 misericors

343 1063 445 1118 est,
485 1053 787 1122 ignosceret
810 1043 1195 1127 peccatoribus.
1625 1064 1634 1072 -
1740 1118 1743 1121 γ

409 1141 633 1199 CAPUT
672 1138 913 1194 XXIL—
930 1136 1020 1191 ΞΒ.
1042 1126 1206 1189 Corde
1222 1130 1555 1186 recedendum
1571 1144 1602 1181 a
1629 1126 1797 1191 malis,
1822 1141 1922 1178 non

349 1250 574 1305 corpore.
623 1231 782 1287 Certe
832 1217 941 1299 iam
980 1212 1316 1280 manifestum
1360 1232 1441 1276 est
1487 1217 1781 1290 prudentiae
1827 1230 1921 1270 ve-

346 1336 487 1393 stae,
510 1323 779 1396 quomodo
807 1317 1110 1389 accipienda
1138 1316 1245 1371 sint
1269 1313 1444 1369 omnia
1471 1311 1594 1367 talia
1623 1308 1922 1365 testimonia

346 1419 734 1490 Scripturarum
755 1433 768 1471 :
788 1411 1063 1483 utquando
1085 1410 1352 1479 Scriptura
1370 1413 1541 1471 sonat,
1564 1403 1810 1459 recedere
1827 1416 1924 1458 nos

349 1513 544 1569 debere
578 1525 609 1565 a
651 1509 825 1575 malis,
856 1521 960 1561 non
991 1502 1132 1559 aliud
1165 1500 1461 1571 intelligere
1486 1498 1789 1567 jubeamur,
1821 1493 1923 1548 nisi

348 1613 404 1658 ut
430 1602 591 1657 corde
618 1599 957 1664 recedamus;
989 1610 1055 1650 ne
1080 1594 1249 1664 majus
1274 1591 1472 1647 malum
1512 1591 1563 1643 in
1591 1586 1924 1657 separatione

348 1696 611 1750 bonorum
653 1688 1083 1753 committamus,
1126 1698 1283 1753 quam
1327 1682 1381 1735 in
1409 1679 1667 1735 malorum
1698 1674 1922 1744 conjun-

347 1789 519 1843 ctione
546 1786 833 1855 fugiamus,
859 1781 996 1836 sicut
1020 1779 1115 1849 ipsi
1146 1775 1434 1831 Donatistae
1459 1771 1715 1827 fecerunt.
1750 1767 1850 1834 Qui
1879 1767 1925 1822 si

347 1894 471 1934 vere
508 1877 636 1932 boni
663 1875 830 1929 malos
855 1879 1159 1942 arguerent,
1199 1880 1261 1920 ac
1303 1880 1410 1920 non
1441 1862 1614 1934 potius
1657 1858 1756 1931 ipsi
1800 1857 1923 1913 mali

346 1972 515 2026 honos
543 1968 879 2031 infamarent,
904 1962 1328 2034 qualeslibetpro
1354 1971 1485 2027 pace
1514 1950 1925 2021 tolerarent,qui

344 2061 756 2120 Maximianistas
811 2062 1127 2126 receperunt
1178 2062 1424 2121 tanquam
1478 2047 1747 2115 integros,
1791 2057 1925 2113 quos

348 2166 595 2225 tanquam
643 2150 875 2223 perditos
916 2157 1069 2202 antea
1118 2143 1517 2200 damnaverunt.
1547 2137 1703 2193 Certe
1750 2134 1924 2188 mani-

350 2249 481 2304 feste
524 2246 658 2301 dixit
696 2242 972 2314 propheta,
1028 2236 1263 2291 Recedite
1303 2242 1350 2288 et
1378 2233 1508 2286 exite
1546 2230 1687 2314 inde,
1734 2236 1779 2281 et
1826 2226 1925 2280 int-

349 2340 595 2395 mundum
655 2312 719 2389 ne
774 2330 1048 2403 tetigeritis.
1130 2328 1242 2396 Ego
1312 2331 1370 2378 ut
1435 2312 1722 2389 intelligam
1784 2315 1923 2387 quod

351 2430 500 2492 dixit,
524 2422 905 2493 attendoquod
936 2421 1076 2476 fecit.
1115 2418 1277 2473 Facto
1316 2430 1413 2471 suo
1443 2413 1571 2468 mihi
1599 2411 1813 2479 exponit
1842 2409 1924 2463 di-

350 2532 490 2575 ctum
516 2534 692 2574 suum.
724 2516 883 2582 Dixit,
916 2511 1166 2567 Recedite.
1193 2508 1396 2577 Quibus
1425 2505 1588 2559 dixit?
1625 2503 1816 2573 Utique
1842 2501 1926 2571 ju-

347 2614 462 2667 stis.
490 2614 535 2667 Α
555 2610 748 2681 quibus
774 2618 829 2661 ut
857 2603 1195 2667 recederent,
1225 2598 1386 2655 dixit?
1411 2596 1603 2666 Utique
1627 2610 1657 2648 a
1684 2602 1929 2665 peccato-

347 2704 493 2759 ribus
512 2712 565 2759 et
584 2698 797 2770 iniquis.
821 2697 1031 2764 Qumro,
1074 2709 1103 2748 a
1144 2691 1335 2746 talibus
1359 2701 1531 2744 utrum
1554 2688 1667 2756 ipse
1690 2700 1929 2741 recesse-

348 2793 448 2847 rit?
470 2791 686 2847 Invenio
706 2787 845 2859 quod
872 2801 978 2841 non
1002 2782 1301 2840 recesserit.
1321 2780 1461 2850 Ergo
1477 2779 1630 2833 aliter
1648 2777 1922 2831 intellexit.

346 2883 477 2939 Nam
501 2883 681 2953 utique
704 2880 847 2949 prior
869 2877 1068 2932 faceret
1091 2874 1230 2944 quod
1256 2870 1525 2943 prmecpit.
1549 2868 1790 2924 Recessit
1810 2883 1927 2923 eor-

346 2975 435 3043 dc,
455 2973 751 3044 objurgavit
776 2981 935 3041 atque
961 2968 1148 3039 arguit.
1174 2962 1508 3020 Continendo
1528 2978 1586 3018 se
1606 2978 1635 3017 a
1660 2976 1925 3018 consensu

347 3082 454 3122 non
480 3065 652 3134 tetigit
675 3060 1005 3118 immundum
1033 3076 1046 3113 :
1074 3055 1402 3128 objurganda
1431 3062 1606 3109 autem
1634 3052 1761 3109 exiit
1792 3051 1927 3107 liber

349 3160 402 3214 in
432 3162 720 3226 conspectu
751 3154 878 3218 Dei;
909 3151 992 3207 cui
1019 3164 1192 3219 neque
1221 3162 1315 3203 sua
1342 3147 1481 3201 Deus
1511 3154 1724 3215 peccata
1751 3143 1926 3212 impu-

350 3258 445 3315 tat,
471 3248 594 3318 quia
623 3261 725 3301 non
754 3244 905 3308 fecit;
936 3257 1109 3312 neque
1139 3239 1342 3305 aliena,
1370 3237 1490 3307 quia
1528 3252 1633 3291 non
1662 3235 1926 3305 approba-

349 3341 452 3403 vit;
481 3354 657 3409 ncque
686 3334 1059 3406 negligentiam
1080 3374 1094 3398 ,
1123 3330 1244 3401 quia
1271 3345 1376 3384 non
1410 3327 1601 3393 tacuit;
1634 3341 1803 3396 neque
1831 3341 1926 3380 su-

349 3433 608 3502 perbiam,
636 3430 758 3501 quia
792 3429 843 3483 in
869 3427 1073 3481 unitate
1099 3422 1409 3495 permansit.
1440 3420 1530 3475 Sic
1554 3433 1702 3490 ergo,
1734 3417 1926 3473 fratres

348 3524 474 3589 mei,
500 3530 758 3593 quotquot
777 3519 983 3574 habetis
1008 3518 1146 3572 inter
1166 3530 1280 3580 vos,
1308 3513 1399 3584 qui
1423 3512 1596 3567 adlmc
1620 3525 1803 3565 amore
1826 3525 1927 3564 εω-

346 3616 450 3669 culi
482 3618 892 3683 prmgravantur,
935 3622 1145 3674 avaros,
1173 3605 1437 3676 periuros,
1482 3602 1772 3667 adulteros,
1800 3615 1924 3670 spe-

346 3716 580 3763 ctatores
596 3719 869 3775 nugarum,
889 3701 1220 3757 consultores
1246 3696 1760 3761 mathematicorum,
1781 3693 1928 3748 fana-

350 3800 596 3864 ticorum,
628 3810 909 3867 augurum,
945 3793 1220 3861 auspicum
1240 3792 1280 3857 ¹,
1311 3790 1568 3851 ebriosos,
1604 3786 1923 3851 luxuriosos,

351 3889 604 3960 quidquid
625 3889 762 3942 inter
774 3901 866 3939 vos
884 3884 1142 3939 malorum
1165 3897 1283 3937 esse
1298 3882 1486 3945 nostis;
1506 3887 1759 3950 quantum
1788 3888 1927 3948 pote-

350 3977 789 4048 stis,improbate,
808 3985 862 4031 ut
879 3975 1041 4050 corde
1052 3971 1331 4036 recedatis;
1355 3982 1411 4026 ut
1432 3970 1753 4041 redarguite,
1770 3984 1823 4025 et
1843 3987 1927 4025 ex-

352 4072 485 4125 eatis
502 4070 652 4135 inde;
672 4077 726 4124 et
747 4069 908 4124 nolite
927 4065 1245 4130 consentire,
1266 4075 1322 4119 ut
1341 4062 1671 4119 immundum
1690 4077 1795 4117 non
1813 4072 1929 4117 lana

354 4162 507 4231 gatis.
600 4153 609 4165 ’

780 4248 1011 4305 SERMO
1040 4246 1305 4302 LXXXIX
1334 4249 1351 4269 ⁶
1386 4244 1484 4317 (a).

352 4361 428 4415 De
448 4361 603 4417 verbis
627 4360 890 4432 Evangelii
912 4360 1158 4423 Matt/nvi,
1182 4375 1296 4427 cap.
1322 4374 1437 4423 XXI,
1469 4357 1651 4423 19-12,
1671 4357 1755 4411 ubi
1778 4356 1927 4412 Iesus

418 4453 647 4506 arborem
692 4451 932 4522 arcfacit;
971 4460 1017 4503 et
1061 4450 1124 4502 de
1159 4449 1262 4502 illis
1290 4447 1463 4516 Lucw,
1500 4463 1613 4519 cap.
1643 4463 1794 4513 xxxv,
1832 4446 1924 4515 98,

288 4588 295 4605 ,
415 4544 501 4597 ubi
529 4544 676 4612 finxit
700 4558 753 4596 se
790 4542 987 4612 longius
1015 4541 1087 4595 ire
1126 4539 1220 4610 (ὁ).
1904 4555 1911 4560 ·

409 4655 460 4709 1.
484 4653 773 4707 Maledictio
786 4653 868 4722 ﬁci
884 4650 1005 4722 quid
1025 4668 1115 4705 nos
1130 4651 1414 4706 admoneat.
1430 4650 1610 4707 Lectio
1625 4652 1928 4707 recentissl-

349 4760 429 4799 ma
443 4746 610 4799 sancti
626 4744 892 4813 Evangelii
905 4742 1389 4809 admonuit,tcrruit
1400 4757 1592 4805 nos.ne
1609 4743 1728 4799 folia
1742 4743 1930 4799 hahea-

349 4851 463 4889 mus
474 4844 529 4889 et
540 4834 769 4889 fructum
787 4850 889 4888 non
905 4833 1328 4889 habeamuleoc
1343 4850 1369 4887 a
1379 4843 1520 4889 atem
1535 4834 1763 4890 breviter
1774 4850 1837 4889 ex
1846 4851 1930 4904 po-

349 4926 491 4980 nitur
517 4943 532 4980 :
556 4942 625 4981 ne
640 4926 799 4979 verba
822 4924 1015 4991 adsint,
1034 4933 1089 4980 et
1105 4923 1239 4980 facta
1260 4924 1454 4979 desint.
1478 4926 1696 4997 Magnus
1721 4929 1923 4982 terrori

347 5015 473 5083 Quis
496 5030 602 5070 non
626 5016 824 5081 timeat,
849 5028 967 5071 cum
999 5015 1048 5068 in
1065 5016 1175 5084 ipsa
1206 5016 1430 5072 lectione
1446 5018 1612 5072 oculis
1635 5019 1813 5073 cordis
1832 5021 1928 5073 ari-

348 5108 467 5163 dam
484 5109 730 5163 arborem
747 5108 907 5173 videt,
931 5116 985 5163 et
1002 5109 1079 5164 sic
1100 5117 1157 5163 ut
1176 5110 1224 5164 ei
1242 5109 1448 5165 dicatur
1475 5129 1490 5166 :
1516 5111 1788 5182 Nunquam
1807 5130 1868 5167 ea:
1882 5124 1928 5167 te

350 5198 539 5269 fructus
565 5209 803 5253 nascatur
819 5199 871 5252 in
893 5209 1153 5253 retentum.
1182 5188 1378 5254 'l‘error
1393 5201 1641 5271 corrigat,
1664 5188 1925 5257 correctio

350 5287 552 5345 fructus
593 5289 843 5359 proferat.
872 5288 1000 5345 Siue
1026 5289 1189 5345 dubio
1214 5291 1356 5345 enim
1390 5291 1643 5347 Dominus
1681 5291 1924 5349 Christus

410 5444 426 5509 ξ
450 5443 645 5509 Quidam
662 5449 768 5493 Mss.
794 5456 903 5509 eum
924 5443 1076 5509 Floro,
1095 5444 1420 5509 haruspicum.

350 5504 595 5613 l_c:lttiujus
611 5507 847 5555 sermonis
876 5504 1056 5555 nullum
1078 5504 1306 5571 scriptum
1329 5507 1577 5570 exemplar
1596 5509 1733 5559 nobis
1756 5510 1924 5562 videre

366 5580 380 5612 ι
442 5578 454 5612 ι
482 5601 494 5613 .

409 5601 647 5748 (dignitas,
668 5625 700 5675 9
723 5627 848 5676 inter
872 5628 1026 5678 editos
1049 5641 1110 5678 ex
1133 5630 1392 5680 carthusire
1413 5633 1605 5691 majoris
1640 5640 1741 5683 Mss.

409 5688 456 5746 (υ
501 5694 739 5737 Reeenset
760 5689 994 5738 Possidius
1018 5692 1064 5740 in
1087 5692 1311 5748 tndiculo,
1336 5704 1438 5748 cap.
1464 5694 1511 5743 9.

408 5688 478 5748 (υ)
501 5694 739 5737 Reeenset
760 5689 994 5738 Possidius
1018 5692 1064 5740 in
1087 5692 1311 5753 tndiculo,
1336 5704 1438 5755 cap.
1464 5688 1511 5743 9.

585 5770 811 5830 Servor.
852 5775 1125 5833 Auavsr.
1161 5773 1235 5836 ν.

1632 276 1862 338 SERMO
1900 274 2180 332 LXXXIX.

3498 276 3600 339 534

2026 389 2353 458 ρτωι·ἰιιρι›ειι
2380 390 2622 446 arborem
2658 391 2941 462 quamdam
2979 392 3169 449 merito
3209 393 3410 449 aridam
3453 396 3604 467 lteri,

2023 479 2164 549 quod
2192 474 2410 536 haberet
2436 471 2578 549 folia,
2599 490 2654 537 et
2674 480 2875 538 fruetus
2898 498 3007 538 non
3032 483 3272 540 haberet.
3300 472 3375 539 Ea
3398 495 3478 541 est
3501 477 3605 559 Sy-

2023 579 2248 643 nagoga,
2287 587 2391 627 non
2415 584 2623 638 vocata,
2655 572 2747 628 sed
2779 574 3079 644 rcprobata.
3112 574 3243 630 Nam
3276 584 3331 631 et
3358 576 3481 633 inde
3508 593 3607 634 vo-

2024 674 2174 718 catus
2208 664 2431 734 popnlus
2462 654 2580 731 Dei,
2609 665 2697 733 qui
2732 666 2991 720 veraciter
3017 674 3070 721 et
3094 666 3371 722 sinceriter
3395 668 3446 723 in
3476 664 3604 724 Prn-

2026 749 2199 823 phetis
2228 754 2569 823 exspectabat
2594 754 2825 811 salutare
2850 755 2945 811 Dei
2976 746 3156 811 Jesum
3203 748 3491 813 Christum.
3540 749 3611 815 Et

2025 836 2274 916 Quoniam
2299 837 2524 901 ﬁdeliter
2542 848 2902 916 exspectabat,
2918 849 3107 903 meruit
3130 865 3450 920 cognoscere
3470 868 3611 923 praes

2026 945 2251 990 sentem.
2301 935 2427 992 Inde.
2463 938 2603 991 enim
2648 931 2909 1007 Apostoli,
2940 938 3062 995 inde
3091 949 3198 995 tota
3228 942 3376 996 turba
3407 958 3611 1012 praece-

2026 1020 2262 1083 dentium
2300 1030 2598 1097 jumentum
2646 1030 2857 1085 Domini
2903 1041 2956 1086 et
3001 1031 3321 1101 dicentium,
3362 1034 3611 1090 Hosanna

2027 1118 2135 1187 ﬁlio
2168 1119 2361 1183 David;
2410 1119 2695 1175 benedictus
2743 1121 2827 1192 qui
2874 1121 3003 1175 venit
3049 1123 3101 1177 in
3152 1126 3351 1179 nomine
3403 1125 3612 1182 Domini

2029 1211 2237 1283 (Matth.
2254 1227 2365 1277 XXI,
2385 1209 2465 1284 9).
2491 1212 2669 1267 Tarba
2692 1221 2807 1267 erat
2829 1228 3015 1284 magna
3031 1213 3262 1269 ﬁdelium
3279 1216 3607 1287 Judmorum,

2026 1311 2151 1355 ante
2188 1300 2357 1355 fusum
2389 1317 2485 1372 pro
2515 1316 2573 1356 se
2606 1302 2914 1371 sanguinem
2956 1305 3007 1359 in
3041 1304 3251 1360 Christo
3280 1308 3612 1377 credentium

2030 1408 2218 1462 magna
2263 1393 2415 1447 turba
2456 1402 2592 1448 erat.
2635 1393 2750 1449 Non
2781 1396 2922 1450 enim
2969 1396 3163 1452 frustra
3201 1397 3457 1455 Dominiis
3498 1402 3612 1473 ipse

2030 1496 2133 1536 non
2159 1491 2392 1547 venerat,
2420 1483 2521 1537 nisi
2548 1483 2612 1538 ad
2635 1494 2761 1540 oves
2787 1502 2905 1556 quae
2939 1488 3206 1556 perierant
3229 1487 3419 1547 domus
3447 1484 3611 1549 Israel

2034 1572 2143 1645 (Id.
2166 1591 2258 1641 xv,
2276 1574 2389 1647 2i).
2420 1576 2475 1630 In
2503 1576 2621 1631 aliis
2650 1586 2825 1633 autem
2871 1580 3175 1648 crucifixus,
3222 1577 3329 1654 jam
3375 1585 3427 1639 in
3471 1579 3611 1641 caelo

2029 1666 2318 1733 exaltatus,
2364 1667 2563 1722 invenit
2610 1670 2932 1738 pmnitcntia:
2970 1671 3194 1727 fructum
3239 1691 3252 1727 :
3301 1690 3398 1730 nec
3434 1676 3612 1733 aridos

2030 1756 2174 1823 fecit,
2205 1756 2298 1814 sed
2330 1759 2381 1814 i‘n
2413 1770 2540 1831 agro
2583 1756 2846 1831 excoluit,
2887 1772 2942 1819 et
2979 1762 3142 1822 verbo
3181 1767 3436 1838 irrigavit.
3486 1770 3614 1828 Inde

2030 1852 2186 1903 erant
2212 1850 2297 1904 illa
2329 1861 2555 1921 quatuor
2579 1848 2744 1908 millia
2774 1854 3096 1923 Judaetirum,
3131 1859 3218 1929 qui
3250 1861 3609 1932 crediderunt,

2030 1949 2376 2011 posteaqUam
2420 1954 2604 1999 saneto
2631 1945 2830 2015 Spiritu
2875 1947 3078 2018 impleti
3119 1950 3359 2022 discipuli
3384 1996 3399 2021 ,
3430 1964 3482 2009 et
3521 1949 3611 2025 qui

2029 2045 2148 2086 cum
2170 2032 2247 2088 eis
2268 2043 2437 2101 erant,
2456 2034 2649 2107 linguis
2665 2040 2900 2093 ninnium
2920 2042 3153 2111 gentium
3173 2044 3539 2116 loquebantur,
3560 2058 3614 2105 et

2030 2140 2127 2195 per
2164 2141 2350 2183 onmes
2388 2137 2573 2199 gentes
2617 2130 2844 2185 futuram
2879 2127 3170 2189 Ecclesium
3201 2134 3287 2191 illa
3318 2129 3613 2209 linguarum

2029 2213 2337 2273 diversitate
2381 2219 2611 2288 quodam
2661 2218 2821 2276 modo
2868 2227 3311 2293 praenuntiabant.
3356 2228 3611 2287 Credide-

2031 2317 2153 2361 runt
2179 2310 2324 2375 lunc,
2348 2318 2399 2364 et
2427 2311 2554 2380 ipsa:
2577 2326 2708 2366 oves
2724 2321 3009 2384 erantqnm
3034 2308 3301 2387 perierant
3324 2316 3513 2376 domus
3539 2314 3614 2377 ls-

2030 2398 2140 2451 rael
2165 2414 2178 2464 ;
2203 2398 2297 2453 sed
2322 2400 2442 2470 quia
2464 2410 2681 2457 venerat
2702 2400 2867 2477 Filius
2910 2404 3140 2461 hominis
3162 2416 3399 2478 quiet‘cre
3423 2420 3478 2466 et
3502 2414 3611 2467 sal-

2032 2495 2161 2544 vare
2181 2490 2321 2559 quod
2344 2492 2572 2560 perierat
2592 2491 2739 2562 (Luc.
2764 2510 2875 2559 xix,
2900 2492 3011 2566 10),
3036 2496 3194 2552 etiam
3222 2500 3365 2568 ipsos
3389 2502 3608 2559 invenit.

2032 2576 2138 2633 Sed
2168 2580 2348 2634 nescio
2376 2580 2461 2635 ubi
2491 2590 2738 2651 tanquam
2760 2598 2789 2636 a
2819 2584 2955 2654 l'u'pis
2981 2580 3268 2656 deprmdali
3300 2586 3531 2647 latebant
3558 2595 3612 2648 in

2032 2668 2318 2737 vepribus;
2348 2680 2402 2725 et
2428 2672 2549 2742 quia
2576 2667 2811 2727 latebant
2849 2675 2900 2729 in
2943 2678 3224 2746 vepribus,
3267 2677 3384 2735 ideo
3423 2681 3487 2737 ad
3519 2698 3612 2737 eos

2032 2758 2380 2817 inveniendos
2410 2772 2514 2817 non
2543 2766 2814 2833 pervenit,
2857 2768 2956 2822 nisi
2998 2752 3171 2839 epinis‘
3192 2773 3450 2842 passionis
3478 2768 3613 2830 dila-

2032 2856 2240 2908 ceratus
2269 2872 2281 2908 :
2309 2862 2483 2909 tamen
2514 2858 2770 2925 pervenit,
2817 2859 3044 2927 invenit,
3091 2865 3332 2919 redemit.
3368 2866 3445 2921 Illi
3472 2870 3616 2923 occi-

2022 2937 2250 3019 derant;
2279 2962 2383 2999 non
2410 2938 2578 3016 magis
2604 2948 2799 3026 ipsum,
2831 2966 2987 3020 quam
3029 2967 3105 3007 se.
3148 2953 3287 3009 Salvi
3328 2956 3449 3013 facti
3491 2968 3617 3015 sunt

2033 3050 2127 3106 per
2143 3036 2373 3091 occisum
2396 3053 2492 3108 pro
2517 3054 2593 3092 se.
2620 3037 2978 3110 Loquentibus
2999 3043 3140 3098 enim
3166 3045 3439 3114 Apostolis
3461 3061 3612 3104 com-

2033 3129 2210 3197 puncti
2242 3138 2365 3183 sunt
2402 3130 2489 3199 qui
2520 3142 2850 3202 pupugerant
2894 3134 3072 3190 lancea
3098 3176 3113 3201 ,
3161 3141 3463 3209 compuncti
3492 3145 3616 3198 sunt

2032 3218 2356 3274 conscientia
2380 3236 2392 3272 :
2424 3222 2727 3291 compuncti
2754 3232 2929 3279 autem
2957 3226 3236 3281 consilium
3267 3230 3612 3298 qumsierunt,

2031 3308 2212 3363 datum
2247 3320 2581 3381 receperunt,
2620 3314 2983 3382 pmnitentiam
3013 3320 3254 3385 egerunt,
3278 3322 3500 3389 gratiam
3532 3322 3617 3377 iu-

2032 3402 2310 3467 venerunt,
2341 3411 2395 3456 et
2419 3402 2699 3459 credentes
2727 3401 3036 3475 sanguinem
3065 3400 3311 3466 biberunt
3332 3401 3489 3481 quem
3514 3420 3615 3469 s19-

2031 3492 2235 3546 vientes
2256 3492 2500 3549 fuderunt
2522 3494 2743 3565 (Actm).
2770 3496 2869 3562 Qui
2889 3504 3064 3551 autem
3086 3514 3455 3558 remanserunt
3476 3498 3614 3562 mala

2032 3585 2259 3637 etstcrili
2279 3578 2530 3654 progenie
2544 3595 2708 3655 usque
2722 3586 2771 3639 in
2787 3579 3100 3643 hodiernum
3116 3599 3167 3644 et
3182 3594 3410 3662 usquein
3430 3595 3611 3666 linem,

2032 3673 2085 3727 in
2108 3674 2195 3728 illa
2213 3674 2402 3729 arbore
2426 3676 2627 3743 tigurati
2651 3684 2791 3730 sunt.
2817 3677 2969 3732 Modo
2996 3680 3145 3735 venis
3171 3681 3236 3735 ad
3257 3698 3370 3749 eos,
3396 3695 3451 3739 et
3477 3686 3613 3742 inve-

2032 3764 2115 3819 nis
2131 3764 2270 3835 apud
2293 3781 2385 3819 eos
2403 3760 2578 3819 omnia
2596 3766 2803 3837 eloquia
2822 3766 3226 3837 Prophetarum.
3249 3769 3351 3829 Sed
3370 3775 3468 3829 ista
3487 3774 3609 3830 folia

2031 3860 2185 3911 sant:
2216 3852 2457 3911 Christus
2480 3857 2671 3911 esurit:
2703 3857 2930 3913 fructum
2958 3862 3171 3931 qumrit;
3202 3860 3295 3919 sed
3320 3861 3438 3921 ideo
3456 3867 3505 3921 in
3534 3870 3614 3923 eis

2034 3945 2263 4002 fructum
2300 3963 2403 4002 non
2448 3947 2667 4016 invenit,
2695 3949 2815 4019 quia
2842 3965 2900 4005 se
2927 3952 2978 4004 in
3006 3955 3084 4006 eis
3112 3969 3216 4008 non
3245 3956 3463 4012 invenit.
3496 3957 3611 4014 Non

2036 4038 2177 4093 enim
2245 4035 2404 4092 habet
2460 4037 2878 4106 fructum,"non
2931 4040 3087 4097 habet
3159 4042 3449 4103 Christum.
3495 4040 3614 4106 Nm

2032 4138 2208 4184 autem
2253 4129 2415 4184 habet
2451 4129 2752 4197 Christum,
2780 4132 2866 4201 qui
2894 4131 3091 4188 Christi
3124 4151 3226 4190 non
3269 4137 3412 4193 tenet
3442 4141 3617 4195 unita-

2032 4227 2168 4288 tem,
2200 4221 2287 4291 qui
2318 4235 2422 4274 non
2455 4220 2613 4276 habet
2653 4222 2984 4278 eharitatem.
3020 4218 3157 4295 Ergo
3198 4237 3291 4296 per
3319 4227 3456 4285 hanc
3484 4245 3616 4287 con-

2032 4319 2312 4369 nexionem
2344 4330 2447 4369 non
2481 4314 2640 4369 habet
2676 4315 2900 4370 fructum
2928 4317 3019 4387 qui
3058 4336 3161 4373 non
3195 4320 3357 4387 habet
3380 4320 3614 4379 Charita-

2034 4414 2159 4460 tem.
2185 4398 2319 4460 Audi
2348 4407 2658 4476 Apostolum
2692 4427 2700 4460 :
2738 4384 2963 4465 Fructus
2991 4420 3157 4467 autem
3196 4384 3421 4485 spiritits,
3449 4418 3615 4472 chari-

2033 4506 2110 4551 tas
2130 4513 2147 4551 :
2169 4498 2633 4553 commendaturus
2653 4500 2802 4569 quasi
2831 4501 3067 4571 botrum,
3101 4504 3201 4558 hoc
3222 4516 3323 4573 est,
3360 4504 3609 4563 fructum.

2034 4585 2254 4645 Fructus
2302 4600 2502 4658 autem,
2532 4590 2732 4661 inquit,
2772 4592 3005 4664 spiritus,
3047 4596 3298 4662 Charitas,
3341 4599 3611 4668 gaudium,

2034 4698 2164 4751 pax,
2194 4676 2545 4753 longanimitas
2577 4680 2769 4755 (Galat.
2808 4700 2859 4750 v,
2888 4684 3002 4756 2‘2).
3034 4685 3148 4741 Noli
3179 4688 3357 4742 mirari
3382 4702 3613 4760 sequen-

2035 4773 2102 4827 tia
2126 4814 2139 4839 ,
2173 4773 2259 4827 ubi
2286 4775 2445 4843 cmpit
2473 4774 2722 4830 Charitas.
3184 4844 3197 4849 μ

2101 4867 2156 4922 2.
2188 4868 2335 4923 Mons
2362 4870 2415 4923 in
2443 4886 2580 4924 mare
2625 4863 2809 4926 missus
2862 4868 2924 4927 ab
2964 4865 3238 4945 Apostolis.
3288 4874 3411 4931 Ideo
3439 4869 3605 4932 disci-

2036 4961 2170 5029 pulis
2224 4951 2536 5017 mirantibus
2585 4964 2792 5020 arboris
2836 4966 3167 5035 ariditatem,
3218 4970 3612 5027 commendavit

2032 5051 2211 5115 ﬁdem,
2253 5061 2307 5107 et
2351 5053 2423 5106 ait
2452 5045 2577 5119 illis,
2614 5053 2675 5109 Si
2700 5048 2972 5111 habueritis
2999 5058 3172 5126 ﬁdem,
3202 5069 3247 5113 et
3274 5052 3403 5114 nihil
3434 5062 3614 5116 discri-

2032 5136 2358 5212 minareritis,
2388 5145 2438 5201 id
2483 5155 2564 5201 est
2613 5146 2666 5202 in
2707 5148 2953 5205 omnibus
2980 5150 3088 5206 Deo
3116 5142 3612 5212 credideritismon

2032 5238 2287 5304 dixeritis,
2318 5228 2429 5294 Hoc
2466 5249 2641 5308 potest
2681 5242 2843 5309 Deus,
2885 5242 2986 5299 hoc
3020 5260 3123 5300 non
3167 5256 3371 5315 potest;
3404 5240 3499 5306 sed
3544 5251 3612 5308 de

2030 5318 2418 5396 Omnipotentis
2466 5331 2845 5400 omnipotentia
2896 5339 3497 5406 prtesumpscritisznon
3524 5360 3611 5397 so-

2032 5418 2134 5472 lum
2161 5419 2254 5473 hoc
2275 5419 2488 5489 facietis,
2515 5422 2603 5475 sed
2623 5422 2667 5474 el
2690 5424 2846 5477 monti
2866 5424 2982 5478 huic
3006 5426 3049 5479 si
3069 5427 3316 5494 dixeritis,
3344 5430 3540 5487 Tollere
3564 5444 3611 5489 et

2030 5510 2222 5563 mittere
2247 5511 2297 5562 in
2321 5526 2477 5573 mare,
2497 5511 2600 5578 ﬁet.
2629 5502 2693 5565 Et
2713 5530 3039 5584 quaecumque
3055 5520 3310 5573 orareritis
3330 5523 3605 5587 credentes,

2029 5603 2301 5671 accipietis.
2333 5602 2579 5673 Legimus
2623 5604 2876 5660 miracula
2919 5606 3053 5662 facta
3100 5626 3128 5665 a
3173 5611 3467 5684 discipulis,
3499 5614 3607 5668 imo

2030 5692 2165 5749 facta
2210 5708 2239 5747 a
2281 5693 2502 5748 Domino
2528 5709 2624 5765 per
2657 5695 2973 5769 discipulos:
3003 5700 3134 5764 Quia
3157 5703 3263 5756 sine
3287 5721 3381 5772 tttt’,
3412 5704 3600 5775 inquit,

2922 5788 3157 5865 {Dia-lt
3169 5797 3325 5868 uit.)
