4006 6442
503 361 609 418 5:35

503 477 635 531 nillil
672 478 876 550 potestis
927 479 1092 552 facere
1139 477 1314 553 (Joan.
1359 496 1446 547 xv,
1489 480 1566 549 Β).
1615 481 1794 537 Potuit
1835 483 2089 537 Dominus

506 569 671 623 multa
694 570 810 625 sine
837 569 1130 642 discipulis,
1157 570 1285 625 nihil
1313 571 1555 642 discipuli
1581 571 1696 628 sine
1717 573 1962 628 Domino.
1986 573 2091 642 Qui

506 661 678 728 potuit
716 659 895 718 facere
935 672 990 718 et
1037 663 1181 733 ipsos
1206 663 1516 730 discipulos,
1546 681 1651 720 non
1685 665 1865 738 utique
1888 676 1969 721 est
1994 665 2088 720 ad-

499 754 646 822 jutus
675 751 741 807 ab
769 753 900 823 ipsis
930 762 986 808 ut
1013 753 1212 809 laceret
1241 755 1406 826 ipsos.
1437 755 1685 826 Legimus
1711 757 2085 828 Apostolorum

503 842 778 910 miracula,
816 859 1078 915 nusquam
1121 855 1299 900 autem
1344 846 1569 918 legimus
1607 848 1852 903 arborem
1896 847 1963 902 ab
2001 847 2086 904 his

501 931 810 1000 art-factam,
831 941 924 988 aut
944 944 1177 991 montem
1195 936 1249 990 in
1267 952 1413 993 mare
1428 939 1757 992 translatum.
1775 939 2086 1007 Qumramus

484 1041 627 1096 ergo
657 1025 746 1082 ubi
791 1024 987 1082 factum
1027 1027 1115 1083 sit.
1149 1027 1264 1082 Non
1303 1031 1444 1083 enim
1477 1031 1637 1086 verba
1667 1031 1874 1086 Domini
1896 1037 2084 1086 'vacare

483 1130 806 1191 ;p0tuerunt.
839 1119 893 1176 Si
925 1122 1169 1176 attendas
1199 1123 1328 1177 istas
1357 1124 1576 1179 usitatas
1601 1133 1657 1180 et
1682 1134 1834 1180 notas
1865 1125 2084 1182 arbores

481 1225 551 1268 .et
583 1216 714 1270 istos
744 1227 974 1280 montes,
1007 1233 1110 1271 non
1133 1226 1215 1272 est
1237 1218 1452 1272 factum.
1481 1217 1537 1273 Si
1563 1219 1805 1274 attendas
1835 1219 2082 1274 arborem

498 1308 564 1362 de
591 1323 692 1378 qua
737 1307 890 1370 dixit,
921 1313 974 1362 et
1018 1318 1252 1363 montem
1291 1309 1463 1378 ipsum
1496 1309 1703 1364 Domini
1733 1309 1798 1364 de
1825 1325 1931 1380 quo
1956 1325 2080 1380 pro-

497 1398 654 1470 pheta
681 1399 831 1462 dixit,
869 1399 979 1453 Erit
1021 1401 1071 1453 in
1111 1399 1392 1454 novissimis
1421 1398 1594 1453 diebus
1624 1402 1917 1472 manifestus
1940 1407 2083 1454 mons

458 1558 462 1561 _
495 1490 706 1544 Domini
736 1489 885 1564 (lsai.
919 1507 975 1557 ιι,
1001 1491 1094 1564 2):
1125 1491 1171 1546 si
1213 1491 1326 1546 hrce
1368 1492 1632 1560 attendas,
1665 1492 1710 1546 si
1741 1493 1856 1548 harc
1879 1493 2080 1558 intelli-

495 1598 621 1652 gas;
650 1592 705 1638 et
747 1584 938 1638 factum
984 1592 1082 1649 est,
1117 1591 1171 1638 et
1210 1599 1304 1652 per
1345 1584 1490 1655 ipsos
1533 1584 1727 1638 factum
1777 1593 1878 1640 est.
1910 1585 2083 1639 Arbor

495 1689 628 1744 gens
655 1675 858 1740 Judma,
881 1675 974 1731 sed
1006 1676 1194 1730 iterum
1220 1674 1361 1739 dico,
1391 1676 1691 1745 reprobata,
1716 1691 1818 1730 non
1849 1683 2032 1730 Vocula
2063 1693 2077 1729 :

497 1769 658 1822 arbor
710 1769 820 1836 illa,
875 1783 1033 1839 quam
1086 1767 1641 1835 commemoravimus,
1695 1777 1827 1839 g’ens
1873 1765 2077 1824 Judar'a.

495 1859 646 1914 Mons
675 1861 808 1916 sicut
836 1860 1016 1915 docuit
1039 1859 1402 1929 pmpheticum
1425 1861 1807 1926 testimonium,
1837 1861 1948 1930 ipse
1971 1861 2078 1914 Do-

495 1955 692 2007 minus.
722 1951 884 2006 Arida
909 1937 1090 2017 arbor,
1120 1936 1250 2023 gens
1279 1951 1458 2007 Judma
1489 1951 1602 2006 sine
1623 1952 1821 2005 honore
1847 1949 2075 2008 Christi:

495 2059 659 2108 mare,
718 2045 972 2098 srrculum
1020 2043 1121 2098 hoc
1167 2043 1415 2096 omnibus
1466 2042 1745 2097 Gentibus.
1791 2042 1923 2098 Vide
1965 2042 2077 2112 jam

494 2135 782 2206 Apostolos
828 2135 1105 2205 loquentes
1147 2135 1215 2189 ad
1255 2134 1498 2189 arborem
1552 2132 1968 2198 arefacieudam,
2024 2140 2079 2188 et

492 2226 765 2281 mittentes
816 2205 1049 2280 montem
1095 2225 1148 2279 in
1201 2237 1368 2280 mare.
1406 2223 1719 2294 Loqutlntur
1767 2221 1820 2278 in
1858 2223 2078 2279 Aetibus

491 2317 866 2385 Apostolorum
907 2315 972 2370 ad
1013 2315 1227 2371 Judzcos
1263 2315 1687 2370 contradicentes
1718 2324 1772 2370 et
1799 2315 1961 2369 verbo
1987 2330 2078 2369 ve-

490 2405 662 2460 ritatis
689 2409 1020 2474 resistentes,
1053 2405 1154 2462 hoc
1178 2416 1280 2473 est,
1315 2405 1432 2460 folia
1467 2405 1743 2472 habentes,
1771 2415 1827 2461 et
1851 2405 2075 2461 fructum

489 2513 596 2550 non
621 2497 898 2562 habentes,
929 2507 982 2552 et
1012 2495 1196 2552 dicunt
1231 2496 1356 2561 illis,
1403 2495 1550 2550 Vobis
1577 2496 1792 2566 primum
1821 2495 2076 2566 Oportebat

489 2590 791 2644 annuntiare
821 2581 1019 2643 verbum
1062 2587 1179 2655 Dei,
1216 2587 1304 2642 sed
1343 2589 1581 2657 quoniam
1619 2587 1872 2657 repulistis
1907 2587 2077 2642 illud:

489 2678 881 2750 PrOphclarum
937 2678 1097 2734 verba
1152 2678 1464 2749 loquimini,
1519 2689 1574 2732 et
1626 2691 1732 2731 non
1789 2677 2076 2747 agnoscitis

486 2785 646 2838 quem
679 2769 1100 2838 przcnuntiarunt
1127 2767 1430 2838 Prophctze,
1460 2767 1559 2822 hoc
1590 2775 1687 2832 est,
1717 2765 1843 2822 folia
1868 2766 2072 2822 haben-

491 2867 574 2913 tes
600 2877 613 2913 :
641 2857 780 2912 Ecce
805 2859 1140 2914 convertimus
1161 2875 1252 2912 nos
1272 2858 1340 2912 ad
1355 2857 1534 2912 Gentes
1558 2857 1690 2930 (Act.
1711 2857 1939 2929 1111,46).
1965 2858 2076 2913 lloc

487 2951 630 3005 enim
661 2953 821 3006 etiam
845 2945 939 3022 per
965 2951 1277 3022 prophetam
1304 2950 1649 3022 praedicatum
1675 2959 1757 3005 est
1783 2967 1797 3002 :
1829 2949 1962 3004 Ecce
1983 2967 2075 3020 po-

486 3044 564 3097 sui
594 3052 641 3097 te
674 3043 726 3097 in
770 3045 928 3098 lucem
971 3042 1225 3109 Gentium,
1273 3052 1326 3096 ut
1368 3043 1439 3096 sis
1476 3043 1616 3096 salus
1654 3059 1809 3112 usque
1847 3042 1900 3096 in
1946 3045 2075 3112 ﬁnes

492 3137 641 3189 terra:
661 3132 815 3203 (Isai.
847 3150 991 3197 xux,
1020 3135 1098 3205 ϐ).
1122 3134 1257 3188 Ecce
1285 3134 1423 3188 aruit
1448 3132 1641 3198 arbor;
1670 3142 1723 3187 et
1743 3131 1985 3188 Christus
2006 3135 2071 3189 ad

486 3224 708 3292 Gentes,
737 3240 892 3280 mons
923 3225 1209 3280 translatus
1240 3225 1290 3279 in
1322 3240 1491 3279 mare.
1522 3223 1800 3290 Quomodo
1822 3226 1964 3281 enim
1987 3242 2072 3281 ar-

485 3315 586 3370 bor
616 3332 720 3369 non
739 3325 1004 3370 arescerct
1035 3316 1203 3385 posita
1233 3316 1283 3370 in
1308 3315 1484 3384 vinea,
1507 3315 1572 3370 de
1595 3331 1696 3385 qua
1713 3309 1910 3370 dictum
1934 3327 2068 3386 erat,

488 3406 747 3461 Monrlabo
787 3404 998 3460 nubibus
1047 3406 1169 3460 meis
1211 3422 1273 3460 ne
1315 3406 1495 3478 pluunt
1541 3422 1692 3478 super
1723 3422 1833 3461 eam
1863 3407 2072 3462 imbrem

487 3497 597 3573 (ιιι.
623 3515 674 3565 v,
703 3498 800 3570 6)?

556 3592 610 3646 3.
641 3589 1052 3646 Maledictionem
1081 3589 1274 3644 arboris
1313 3590 1542 3660 futurum
1583 3589 1779 3661 aliquid
1822 3592 2070 3664 pra/igu-

483 3697 642 3737 rasse.
699 3681 812 3737 Hoc
865 3689 922 3736 ιιι
965 3681 1218 3736 Dominus
1254 3681 1653 3737 commendaret
1680 3682 1984 3753 prephetice
2011 3699 2072 3742 se

486 3773 697 3840 fecisse,
724 3771 792 3828 de
816 3771 916 3826 hac
936 3771 1138 3827 scilicet
1167 3771 1358 3827 arbore
1386 3787 1489 3826 non
1520 3772 1692 3826 solum
1719 3773 1948 3830 voluisse
1972 3790 2069 3829 ex-

485 3864 672 3920 hibere
695 3862 1029 3928 miraculum,
1055 3861 1146 3917 sed
1181 3863 1412 3937 futurum
1435 3862 1631 3932 aliquid
1653 3864 1908 3919 miraculo
1923 3879 2070 3919 com-

440 3939 442 3941 i
485 3954 802 4018 mendasse;
829 3953 994 4008 mdlta
1034 3961 1159 4008 sunt
1202 3968 1321 4024 qua:
1366 3969 1464 4008 nos
1491 3954 1782 4009 admonent
1811 3955 2068 4027 nobisque

485 4043 861 4116 persuadeant,
883 4045 990 4098 imo
1011 4043 1078 4098 ab
1101 4043 1278 4099 invitis
1309 4054 1680 4114 extorqueant.
1711 4045 1912 4112 Primo,
1941 4045 2068 4118 quid

484 4135 646 4190 arbor
669 4142 999 4205 peccaverat,
1025 4133 1275 4202 quoniam
1300 4132 1503 4188 fructus
1531 4149 1636 4188 non
1663 4133 1922 4190 habebat?
1949 4152 2068 4206 qua:

485 4225 530 4280 si
567 4239 666 4280 suo
691 4233 950 4295 tempore,
989 4223 1091 4278 hoc
1137 4235 1237 4289 cst,
1283 4224 1489 4278 illorum
1537 4239 1835 4294 pomorum,
1867 4227 2070 4282 fructus

487 4333 593 4374 non
623 4317 866 4384 haberet,
897 4314 1042 4370 nulla
1069 4325 1211 4372 esset
1242 4315 1421 4386 utique
1461 4315 1587 4387 ligni
1629 4318 1812 4388 culpa;
1845 4319 1967 4389 quia
2007 4320 2070 4374 li-

484 4427 648 4484 gnum
691 4411 808 4467 s'me
850 4425 1010 4466 sensu
1037 4425 1142 4464 non
1174 4409 1403 4465 habebat
1426 4410 1656 4478 culpam.
1691 4409 1802 4465 llue
1840 4411 2064 4480 accedit,

486 4502 609 4574 quia
633 4501 772 4557 sicut
815 4501 868 4554 in
908 4501 1014 4556 alio
1043 4500 1358 4572 evangelista
1389 4498 1488 4556 hoc
1515 4501 1687 4570 ipsum
1714 4510 1962 4556 narrante
1985 4502 2066 4557 le-

483 4595 642 4666 gitur,
674 4591 892 4662 Tempns
937 4608 1199 4664 pomorum
1235 4591 1437 4645 illorum
1483 4607 1582 4645 non
1627 4601 1732 4645 erat
1764 4585 1961 4664 (Marc.
1990 4607 2063 4658 χι,

484 4687 597 4755 l5).
628 4683 685 4740 id
725 4685 866 4740 enim
909 4693 1118 4754 tempus
1158 4690 1293 4749 erat,
1320 4697 1428 4753 quo
1456 4681 1586 4737 ﬁcus
1613 4680 1735 4737 folia
1761 4681 1962 4752 profert
1990 4692 2068 4739 tes

483 4791 634 4841 nera,
661 4790 779 4845 qua:
809 4774 1054 4829 novimus
1081 4773 1225 4827 nasci
1255 4781 1380 4827 ante
1405 4771 1605 4828 fructus
1630 4790 1643 4826 :
1669 4771 1770 4827 hoc
1797 4773 1916 4828 ideo
1939 4788 2062 4843 pro-

481 4866 690 4932 bamus,
713 4866 833 4936 quia
880 4863 1144 4934 passionis
1183 4863 1394 4918 Domini
1433 4862 1547 4918 dies
1575 4863 1980 4934 propinquabat,
2011 4873 2065 4920 et

481 4964 681 5014 scimus
709 4971 817 5028 quo
845 4965 1085 5026 tempore
1111 4970 1297 5026 passus
1325 4955 1426 5021 sit;
1453 4962 1510 5010 et
1549 4956 1594 5010 si
1633 4955 1734 5011 hoc
1762 4972 1867 5012 non
1891 4966 2065 5014 atten-

479 5049 750 5115 deremus,
791 5047 1143 5118 Evangelistte
1180 5049 1363 5118 utique
1399 5046 1614 5112 dicenti,
1648 5047 1769 5102 Non
1803 5059 1912 5104 erat
1939 5060 2063 5106 tent-

480 5160 575 5216 pus
611 5143 821 5212 ﬁcorum
842 5182 856 5206 ,
887 5140 1108 5196 credere
1135 5139 1470 5196 deberemus.
1501 5139 1641 5211 Ergo
1669 5141 1713 5196 si
1746 5141 2059 5198 miraculum

480 5234 649 5287 fuerat
694 5229 1061 5286 tantummodo
1108 5227 1606 5293 commendandum,
1639 5237 1821 5284 etnon
1865 5231 2060 5302 aliquid

481 5322 788 5392 prophetice
829 5321 1180 5392 ﬁgurandum,
1220 5319 1386 5374 multo
1423 5319 1736 5375 clementius
1778 5321 2056 5393 Dominus,

477 5420 534 5468 et
555 5425 650 5465 sua
677 5409 1037 5465 misericordia
1066 5409 1295 5480 dignius,
1323 5408 1368 5464 si
1393 5423 1552 5478 quam
1579 5409 1824 5465 arborem
1853 5412 2056 5468 aridam

479 5499 760 5566 inveniret,
793 5498 1012 5555 viridem
1039 5499 1317 5565 redderet;
1365 5499 1503 5554 sicut
1549 5497 1861 5569 languentes
1902 5517 2058 5556 sanae

479 5591 572 5655 vit,
603 5591 741 5646 sicut
786 5590 1026 5658 leprosos
1063 5589 1357 5654 mundavit,
1385 5588 1522 5643 sicut
1560 5598 1801 5646 mortuos
1827 5593 2054 5647 suscita—

477 5683 570 5736 vit.
596 5682 746 5737 ‘l'unc
783 5695 912 5735 vero
945 5695 976 5734 a
1013 5681 1300 5747 contrario,
1329 5682 1477 5751 quasi
1522 5680 1780 5738 adversus
1819 5685 2054 5754 regulam

473 5772 768 5832 clementia:
815 5789 946 5843 sum,
990 5772 1192 5847 invenit
1237 5773 1480 5828 arborem
1527 5775 1808 5840 virentem,
1863 5786 2056 5846 praeter

1744 365 1800 421 S.
1844 364 2207 421 AUCUSTINI
2249 365 2546 424 EPISCOPI

3678 370 3784 428 556

2199 490 2406 553 tempus
2440 483 2673 538 nondum
2716 484 2944 541 fructum
2977 486 3278 552 habentem,
3307 501 3413 541 non
3463 495 3637 542 tamen
3674 490 3784 543 tru-

2196 582 2339 628 ctum
2383 577 2631 645 agricola:
2671 591 2769 631 suo
2813 587 3111 648 negantem,
3141 587 3196 634 et
3242 578 3446 634 aridam
3491 579 3785 636 fecitztan-

2195 677 2353 734 quam
2383 665 2586 722 diceret
2624 666 2845 736 homini,
2875 668 2988 724 Non
3024 683 3112 724 me
3136 667 3354 726 ariditas
3385 669 3542 740 hujus
3569 670 3781 728 arboris

2195 753 2496 824 delectavit,
2525 757 2619 813 sed
2648 758 2740 814 tibi
2768 759 2905 814 volui
2933 760 3204 816 insinuare
3234 777 3338 816 non
3355 762 3470 817 sine
3495 777 3654 818 causa
3680 764 3784 820 hoc

2193 861 2280 901 me
2322 845 2499 904 facere
2525 849 2791 916 voluisse,
2822 850 2921 905 nisi
2951 850 3072 921 quia
3105 851 3196 906 tibi
3223 852 3364 922 quod
3392 854 3508 924 plus
3539 854 3786 910 attende-

2193 951 2280 991 res
2313 938 2458 1010 volui
2481 939 2875 995 commendare.
2907 940 3022 996 Non
3053 941 3208 996 istam
3231 943 3473 998 arborem
3505 945 3778 1014 maledixi,

2191 1042 2296 1082 non
2323 1030 2498 1084 arbori
2522 1046 2630 1085 non
2656 1031 2903 1086 sentienti
2927 1046 3138 1101 poenam
3168 1031 3332 1088 innixi
3353 1051 3367 1099 ;
3391 1035 3484 1090 sed
3511 1044 3563 1090 te
3589 1038 3780 1103 terrui,

2189 1117 2235 1172 si
2271 1119 2389 1187 quis
2427 1118 2678 1186 ad'vertis,
2727 1131 2784 1175 ut
2820 1120 3142 1176 esurientem
3181 1121 3450 1178 Christum
3499 1139 3607 1181 non
3648 1135 3783 1180 cum

2190 1215 2478 1276 temne‘res,
2513 1221 2568 1266 et
2596 1211 2767 1267 l‘ruetu
2795 1214 2969 1284 potius
2993 1215 3217 1285 epimari
3242 1230 3399 1287 quam
3431 1216 3574 1273 foliis
3590 1218 3783 1274 obnat-

2189 1298 2328 1354 brari
2356 1302 2647 1372 diligerCs‘!

2259 1391 2313 1446 4.
2345 1392 2539 1463 Regula
2572 1393 2641 1446 ad
2682 1393 2976 1465 Scripturas
3020 1395 3440 1467 interpretandas.
3471 1398 3583 1455 Hoc
3609 1415 3780 1471 unum

2188 1485 2438 1554 estquod
2480 1483 2739 1542 DominUs
2765 1488 3103 1543 commendat
3145 1505 3206 1544 se
3239 1490 3436 1559 aliquid
3479 1493 3782 1562 signiﬁcare

2187 1575 2438 1630 voluisse.
2469 1574 2606 1643 Quid
2649 1577 2831 1632 aliud?
2855 1577 3114 1634 Esuriens
3155 1581 3360 1635 accedit
3401 1581 3469 1636 ad
3497 1583 3776 1649 arborem,

2188 1673 2243 1718 et
2296 1666 2491 1735 quaerit
2545 1681 2722 1736 poma.
2774 1668 3054 1725 Nesciebat
3093 1679 3300 1741 tempus
3337 1673 3570 1728 nondum
3615 1676 3783 1730 esse?

2186 1755 2339 1822 Quod
2377 1757 2550 1812 cultor
2593 1759 2800 1813 arboris
2828 1760 3048 1826 sciebat,
3077 1760 3300 1816 Creator
3327 1763 3536 1818 arboris
3560 1765 3780 1820 nescie-

2187 1848 2315 1903 bat?
2339 1849 2540 1918 Quzerit
2575 1857 2703 1922 ergo
2743 1851 2974 1907 fructum
3012 1853 3067 1908 in
3090 1854 3308 1922 urbere,
3341 1853 3500 1926 quem
3536 1858 3781 1913 nendum

2186 1938 2434 1996 habebat.
2466 1942 2688 2010 Qurcrit,
2716 1957 2781 1998 an
2813 1945 2988 2013 potius
3003 1960 3245 2015 qumrere
3268 1961 3327 2002 se
3357 1947 3542 2018 lingit?
3572 1947 3704 2004 Nam
3729 1950 3783 2005 si

2183 2047 2309 2088 vere
2337 2035 2603 2104 quzrsivit,
2649 2038 2865 2091 erravit.
2915 2035 3020 2092 Sed
3061 2037 3198 2092 absit
3247 2048 3303 2094 ιιι
3354 2045 3582 2096 erraret.
3630 2042 3784 2112 Ergo

2185 2125 2352 2179 ﬁnxit.
2386 2125 2602 2181 Timens
2632 2143 2698 2182 ne
2726 2128 2907 2198 ﬁngat,
2937 2129 3209 2184 conﬁteris
3231 2145 3464 2186 errasse.
3493 2121 3783 2191 Aversaris

2183 2225 2442 2286 errorem,
2476 2220 2704 2274 incurris
2734 2221 2784 2275 in
2818 2221 3116 2276 lictionem.
3148 2214 3461 2278 Estuamus
3488 2225 3540 2280 in
3571 2225 3781 2282 medior.
3846 2294 3856 2299 _

2182 2308 2237 2365 Si
2263 2319 2574 2377 aestuamus,
2614 2321 2858 2381 optemus
2903 2313 3161 2381 pluviam,
3211 2322 3268 2368 ut
3312 2314 3658 2382 virescamus,
3702 2325 3784 2374 ne

2181 2399 2381 2470 aliquid
2411 2401 2684 2470 indignum
2710 2401 2950 2457 dicentes
2972 2402 3040 2456 de
3070 2403 3317 2471 Domino,
3350 2405 3526 2475 potius
3554 2407 3784 2463 aresca-

2182 2507 2321 2547 mus.
2350 2491 2688 2564 Evangelista
2728 2493 2962 2564 quidem,
2993 2493 3156 2558 Venit,
3191 2496 3376 2566 inquit,
3408 2497 3477 2550 ad
3517 2498 3784 2569 arborem,

2181 2591 2228 2637 et
2265 2585 2486 2654 fructum
2527 2584 2578 2636 in
2610 2600 2668 2637 ea
2694 2601 2794 2638 non
2824 2585 3026 2638 invenit.
3058 2584 3251 2656 Utique
3292 2603 3392 2641 non
3427 2588 3634 2655 invenit,
3663 2605 3783 2646 non

2179 2672 2520 2729 dicereturde
2539 2674 2651 2740 illo,
2672 2675 2768 2729 nisi
2788 2675 2876 2745 qui
2907 2675 2989 2730 vel
3020 2675 3658 2754 videre/(«)quarsiverat,
3685 2682 3784 2736 vel

2179 2774 2418 2834 quaerere
2439 2777 2497 2820 se
2525 2765 2768 2830 ﬁnxerat,
2796 2771 2955 2836 quem
2985 2767 3054 2821 ibi
3082 2781 3188 2822 non
3209 2784 3330 2824 esse
3351 2777 3588 2825 neverat.
3614 2759 3787 2830 Unde

2185 2869 2291 2910 non
2322 2855 2648 2921 dubitamus,
2678 2866 2946 2911 errantem
2969 2858 3242 2914 Christum
3266 2860 3414 2915 nullo
3438 2862 3600 2917 modo
3626 2862 3784 2918 dica-

2179 2960 2318 3000 mus.
2350 2945 2514 3014 Quid,
2536 2946 2752 3003 ﬁnxisse
2769 2946 3190 3005 dicimuslAnne
3217 2949 3317 3005 hoc
3344 2951 3594 3008 dicimus?
3623 2953 3784 3022 Quo-

2177 3036 2339 3092 modo
2389 3037 2512 3092 hinc
2553 3039 2853 3093 exibimus?
2883 3041 3159 3108 Dicamus,
3187 3057 3255 3097 ne
3279 3043 3406 3114 quid
3434 3045 3784 3116 Evangelista

2177 3127 2372 3182 dixerit
2392 3127 2458 3182 de
2487 3128 2715 3184 Domino
2729 3131 2831 3186 alio
2853 3131 2989 3198 loco,
3016 3147 3120 3186 non
3143 3133 3459 3189 auderemus
3478 3135 3784 3195 dicerehos

2177 3232 2241 3272 ex
2285 3218 2439 3272 nobis
2480 3217 2627 3288 ipsis.
2658 3218 2809 3287 Quod
2849 3219 3187 3290 Evangelista
3215 3224 3459 3293 scripsit,
3490 3225 3780 3294 dicamus;

2175 3316 2231 3365 et
2259 3324 2378 3362 cum
2411 3307 2725 3374 dixerimus,
2756 3309 3134 3380 intelligamus.
3164 3311 3268 3367 Sed
3295 3321 3352 3368 ut
3374 3295 3743 3385 intelligamus
3762 3356 3782 3386 ,

2176 3399 2324 3469 prius
2340 3399 2640 3456 credamus.
2667 3399 2787 3456 Nisi
2807 3403 2948 3457 enim
2977 3404 3310 3472 credideritis,
3335 3423 3436 3461 non
3455 3408 3779 3480 intelligetis,

2176 3491 2250 3545 ait
2265 3491 2516 3560 propheta
2533 3491 2635 3562 (Is.
2658 3508 2752 3560 vn,
2769 3492 2824 3558 9,
2854 3509 2952 3547 sec.
2974 3483 3165 3566 LXX).
3185 3495 3309 3550 Post
3321 3500 3779 3558 resurrectionem

2177 3579 2433 3636 Dominus
2461 3581 2706 3638 Christus
2721 3583 3024 3638 ambulabat
3044 3586 3097 3639 in
3123 3587 3205 3640 via
3231 3601 3352 3641 eum
3375 3588 3584 3644 duobus
3607 3591 3780 3648 disci-

2176 3670 2316 3740 pulis
2333 3671 2463 3737 suis,
2486 3687 2516 3726 a
2533 3673 2726 3744 quibus
2745 3673 2976 3728 nondum
2993 3676 3398 3746 agnoscebatur,
3419 3679 3614 3748 quibus
3626 3681 3779 3736 velut

2174 3764 2346 3820 viator
2373 3765 2558 3820 tertius
2578 3766 2948 3823 comitabatur.
2973 3765 3203 3822 Ventum
3231 3778 3313 3824 est
3333 3769 3399 3824 ad
3428 3769 3629 3838 locum,
3664 3787 3780 3843 quo

2174 3857 2250 3912 illi
2283 3857 2592 3927 tendebant,
2615 3868 2669 3915 et
2704 3861 2778 3914 ait
2805 3860 3140 3931 Evangelista
3166 3880 3180 3917 :
3205 3861 3327 3928 Ipse
3346 3876 3513 3917 autem
3543 3865 3704 3932 [inin
3723 3884 3781 3921 se

2174 3949 2372 4020 longius
2393 3950 2486 4003 ire.
2520 3950 2595 4004 Illi
2616 3958 2793 4005 autem
2825 3952 3076 4006 tenebant
3097 3967 3219 4006 eum
3243 3968 3390 4008 more
3417 3952 3781 4011 humanitatis

2174 4039 2412 4096 dicentes
2437 4041 2575 4111 quod
2598 4041 2708 4111 jam
2739 4051 3154 4111 vesperasceret,
3184 4054 3434 4114 rogantes
3456 4055 3514 4100 ut
3541 4061 3669 4101 cum
3691 4049 3777 4103 eis

2174 4131 2246 4186 ibi
2290 4140 2530 4186 maneret
2555 4149 2568 4184 :
2592 4141 2874 4202 susceptus
2901 4132 3154 4202 hospitio,
3187 4132 3380 4204 frangit
3410 4150 3627 4204 panem,
3669 4137 3777 4194 be-

2174 4224 2386 4280 nedicto
2415 4234 2469 4280 et
2499 4226 2666 4278 tracto
2693 4240 2828 4293 pane
2852 4226 3211 4294 cognoscitur.
3247 4225 3360 4280 Non
3397 4209 3528 4297 ergo
3553 4227 3671 4298 jam
3701 4230 3777 4284 ti-

2175 4329 2414 4368 meamus
2439 4312 2638 4379 dicere,
2664 4313 2813 4367 ﬁnxit
2837 4329 3101 4384 qua~rere,
3127 4313 3170 4368 si
3198 4315 3344 4383 [inicit
3364 4331 3414 4370 se
3436 4317 3643 4388 longius
3672 4321 3776 4375 ire.

2173 4405 2277 4462 Sed
2307 4405 2408 4460 alia
2436 4406 2660 4476 quteslio
2687 4406 2948 4461 oboritur.
2970 4406 3228 4462 Hesterna
3257 4407 3344 4462 die
3364 4407 3456 4463 diu
3484 4424 3779 4470 commen-

2171 4495 2415 4552 davimus
2439 4496 2492 4550 iu
2517 4495 2787 4565 Apostolis
2815 4496 3092 4551 veritatem
3115 4495 3214 4568 (b);
3240 4499 3519 4569 quomodo
3549 4501 3778 4559 inveni-

2172 4602 2291 4642 mus
2315 4586 2369 4640 in
2402 4586 2518 4656 ipso
2548 4587 2772 4641 Domino
2802 4585 3108 4642 ﬁctionem?
3135 4587 3426 4643 Dicendum
3455 4605 3606 4662 ergo,
3652 4592 3777 4648 fra-
3835 4655 3840 4662 _

2172 4689 2300 4748 tres,
2331 4689 2388 4738 et
2414 4680 2790 4738 insinuandum
2831 4680 2984 4736 vobis
3027 4697 3124 4754 pro
3171 4683 3530 4741 mediocribus
3555 4687 3780 4743 viribus

2170 4772 2388 4841 nostris,
2417 4789 2550 4845 quas
2577 4775 2834 4830 Dominus
2858 4789 2956 4845 pro
2976 4777 3128 4832 vobis
3145 4775 3309 4832 donat
3335 4778 3510 4845 nobis,
3537 4787 3593 4834 et
3614 4795 3783 4836 com-

2169 4865 2526 4922 mendandum
2556 4875 2638 4923 est
2662 4867 2810 4923 vobis
2836 4867 2978 4938 quod
3003 4867 3056 4922 in
3085 4869 3335 4924 omnibus
3359 4869 3657 4940 Scripturis
3679 4888 3779 4929 re-

2167 4958 2423 5028 gulariter
2449 4958 2691 5013 tenentis.
2716 4957 2886 5014 Omne
2916 4959 3056 5027 quod
3087 4959 3278 5015 dicitur
3298 4963 3413 5016 sive
3444 4961 3522 5028 ﬁt,
3549 4972 3649 5017 aut
3675 4980 3784 5034 per

2168 5064 2317 5105 suam
2344 5048 2721 5118 proprietatem
2749 5049 3106 5118 cognoscitur,
3134 5059 3228 5104 aut
3265 5049 3529 5121 signiﬁcat
3555 5051 3782 5124 aliquid
3841 5048 3850 5099 l

2169 5137 2426 5209 ﬁgurate;
2456 5146 2546 5193 aut
2574 5147 2720 5193 certe
2750 5137 2910 5194 habet
2941 5148 3244 5209 utrumque,
3275 5147 3332 5194 et
3361 5142 3633 5212 prepriam
3671 5159 3782 5199 co-

2165 5231 2480 5302 gnitionem,
2517 5239 2574 5286 et
2617 5231 2895 5301 ﬁguratam
2926 5231 3385 5302 signiﬁcationem.
3414 5233 3536 5289 Tria
3560 5250 3785 5306 propo-

2166 5323 2270 5389 sui,
2317 5323 2562 5392 esempla
2609 5321 2782 5377 danda
2820 5333 2963 5389 sunt,
3013 5333 3068 5378 et
3111 5324 3251 5380 unde
3305 5326 3407 5381 nisi
3444 5326 3513 5382 de
3554 5333 3785 5386 sanctis

2167 5412 2495 5484 Scripturis?
2526 5412 2734 5468 Dictum
2781 5412 2923 5482 quod
2970 5415 3184 5484 proprie
3215 5415 3574 5486 accipiamus,
3632 5424 3783 5490 quia

2166 5517 2354 5572 passus
2381 5512 2464 5557 est
2494 5502 2770 5570 Dominus,
2811 5503 2932 5573 quia
2980 5505 3269 5560 resurrexit
3315 5515 3369 5562 et
3414 5507 3669 5569 ascendit
3719 5513 3782 5568 in

2323 5611 2857 5731 g’l‘ggsemone
2887 5669 2970 5727 qui
2993 5670 3215 5731 maxime
3247 5679 3363 5722 ante
3387 5674 3533 5722 istum
3556 5681 3788 5728 notatur

2165 5726 2433 5803 ωηιξεῂάῆ
2454 5726 2798 5803 indicatam”.
2817 5729 2867 5787 9,
2885 5726 3107 5803 ,ςείιίξφιν
3123 5738 3220 5782 «ιιι
3241 5733 3443 5796 Epistola
3463 5737 3525 5785 ad

2171 5807 2195 5836 ι
2218 5789 2301 5837 ubi
2326 5788 2497 5838 Paulus
2519 5798 2711 5839 Petrum
2735 5788 2806 5854 re;
2825 5791 3068 5842 rebendit.
3085 5788 3116 5839 ἰ
