4126 6322
351 347 450 415 557

357 475 570 540 coelum,
600 473 722 544 quia
764 472 1111 528 resurrecturi
1140 472 1325 526 sumus
1356 470 1410 525 in
1439 468 1542 525 ﬁne
1571 468 1770 533 szcculi,
1801 468 1924 537 quia

355 581 471 623 sum
504 566 596 621 illo
617 566 669 620 in
699 575 977 631 aeternum,
1004 565 1049 618 si
1089 579 1211 619 eum
1255 578 1359 619 non
1396 561 1803 627 contemnimus,
1833 575 1921 615 re-

355 655 579 729 gnaturi.
608 655 720 710 Hoc
756 654 954 709 dictum
997 654 1207 723 proprie
1235 653 1435 722 accipe,
1473 651 1584 706 noli
1624 650 1815 721 ﬁguras
1844 650 1923 703 in-

355 746 565 817 quirere
591 761 605 797 :
639 745 777 800 sicut
803 752 886 799 est
913 744 1131 810 dictum,
1161 738 1232 798 i'ta
1260 752 1314 799 et
1336 752 1437 798 est.
1464 742 1554 798 Sic
1579 742 1737 797 etiam
1762 741 1919 795 facta.

356 835 606 891 Ascendit
631 835 916 906 Apostolus
943 835 1328 906 Jerosolymam
1345 833 1525 888 videre
1543 832 1775 897 Petrum,
1801 830 1926 885 fecit

354 925 451 983 Itoc
475 927 780 995 Apostolus,
803 924 998 980 factum
1018 935 1120 992 est,
1142 926 1306 995 ipsius
1330 924 1599 994 pr0prium
1622 915 1704 977 est
1723 909 1920 992 (Calat.

355 1034 391 1083 ι,
419 1017 530 1089 l8).
558 1018 749 1071 Narrat
779 1017 869 1072 tibi
895 1032 1006 1072 rem
1028 1022 1227 1087 gestam
1255 1035 1267 1070 :
1292 1024 1499 1086 gestum
1526 1016 1694 1085 ipsum
1728 1028 1921 1069 secun-

353 1108 476 1163 dum
509 1109 904 1177 proprietatem.
932 1107 1034 1162 Per
1051 1108 1267 1177 figuram
1282 1106 1502 1171 dictum,
1524 1103 1764 1175 Lapidem
1780 1120 1924 1174 thm

352 1201 744 1271 reprobaverunt
762 1198 1091 1268 aediﬁcantes,
1113 1198 1191 1251 hic
1213 1201 1377 1269 factus
1396 1206 1469 1251 est
1492 1196 1547 1249 in
1574 1205 1722 1266 caput
1750 1194 1923 1264 anguli

355 1278 522 1358 (Psal.
554 1294 718 1356 cava,
745 1288 848 1355 22;
879 1288 1065 1342 Matth.
1089 1300 1198 1354 xxx,
1230 1287 1343 1358 42).
1374 1287 1428 1342 Si
1461 1285 1685 1355 lapidem
1711 1284 1925 1354 proprie

352 1381 727 1451 intelligamus.
757 1396 915 1451 quem
956 1370 1182 1449 lapidem
1219 1374 1635 1448 reprobaverunt
1659 1375 1924 1455 aediﬁcan-

353 1471 449 1536 tbs,
480 1481 535 1525 et
564 1471 733 1526 fa‘etus
756 1480 836 1525 est
865 1470 918 1524 in
943 1479 1099 1540 caput
1121 1468 1334 1539 anguli?
1357 1468 1410 1523 Si
1434 1467 1681 1538 angulum
1713 1462 1925 1535 proprie

352 1561 688 1629 accipiamus,
712 1561 763 1614 in
786 1560 938 1629 cujus
960 1559 1135 1627 anguli
1156 1559 1326 1628 capite
1344 1557 1510 1611 factus
1530 1557 1611 1611 est
1632 1556 1766 1625 lapis
1786 1554 1921 1610 iste?

351 1653 405 1710 Si
434 1654 650 1723 ﬁgurate
677 1648 885 1707 dictum
904 1652 1263 1714 admittamus,
1291 1660 1344 1704 et
1370 1650 1548 1720 capias
1571 1648 1820 1719 figurate;
1848 1648 1925 1701 la-

350 1745 431 1814 pis
454 1743 719 1813 angularis
748 1743 1025 1807 Christus;
1056 1750 1215 1811 caput
1233 1741 1428 1811 anguli,
1456 1747 1614 1809 caput
1646 1736 1919 1792 Ecclesiae.

350 1837 522 1902 Quare
541 1835 761 1906 angulus
787 1834 1058 1889 Ecclesia?
1085 1832 1218 1900 Quia
1239 1831 1363 1886 hinc
1382 1829 1613 1894 .ludmos,
1639 1828 1762 1882 hinc
1782 1827 1925 1881 Gene-

350 1918 431 1982 tes
458 1924 684 1991 vocavit,
710 1935 765 1981 et
787 1926 936 1996 quasi
962 1925 1096 1981 duos
1122 1924 1348 1994 parietes
1373 1922 1440 1978 de
1466 1919 1679 1977 div’érso
1702 1921 1921 1975 venien-

352 2026 435 2073 tes
470 2025 527 2071 et
568 2018 620 2071 in
659 2031 717 2070 se
741 2014 1116 2071 convenientes
1139 2030 1248 2069 sua:
1275 2013 1418 2083 pacis
1442 2012 1609 2083 gratia
1632 2011 1918 2081 colligavit.

351 2107 471 2178 Ipse
490 2117 561 2161 est
585 2107 717 2161 enim
739 2122 843 2177 pax
862 2117 1034 2161 nostra
1056 2105 1142 2175 qui
1160 2104 1277 2175 fecit
1296 2112 1506 2173 utraque
1528 2116 1684 2156 unum
1702 2100 1921 2173 (Ephes.

352 2214 407 2263 ll,
442 2196 553 2264 l4).

416 2289 470 2343 5.
502 2286 720 2341 Factum
765 2288 1059 2359 ﬁguratum.
1104 2285 1342 2341 Audistis
1379 2278 1578 2340 dictum
1624 2283 1918 2354 proprium,

348 2378 545 2433 factum
586 2379 878 2448 proprium,
908 2377 1104 2433 dictum
1151 2377 1427 2446 ﬁguratum
1457 2375 1811 2444 :exspectatis
1843 2372 1923 2427 fa-

346 2473 486 2523 ctum
516 2469 815 2539 ﬁguratum.
842 2464 1002 2523 Multa
1030 2472 1173 2534 sunt,
1200 2466 1292 2522 sed
1324 2466 1531 2521 interim
1556 2464 1695 2535 quod
1722 2479 1923 2520 occur-

347 2559 415 2613 rit
455 2573 523 2614 ex
564 2558 921 2613 admonitione
967 2556 1156 2626 lapidis
1195 2556 1481 2626 angularis,
1523 2554 1736 2625 quando
1766 2554 1922 2608 unxit

346 2649 571 2719 lapidem
599 2649 781 2714 Jacob,
806 2663 965 2718 quem
1010 2647 1077 2702 ad
1115 2654 1273 2715 caput
1297 2653 1545 2716 posuerat
1572 2660 1693 2700 cum
1720 2642 1922 2699 dormi-

346 2750 445 2806 ret,
478 2741 530 2795 in
559 2756 666 2811 quo
693 2755 881 2796 somno
919 2754 1165 2809 magnum
1201 2738 1468 2793 somnium
1498 2737 1719 2804 viderat,
1750 2737 1918 2792 scalas

345 2845 375 2884 a
398 2840 534 2885 terra
560 2830 613 2884 in
641 2831 834 2886 malum
863 2838 1139 2899 surgentes
1162 2836 1217 2884 et
1248 2828 1490 2883 hemines
1517 2827 1595 2899 (a)
1624 2823 1920 2882 ascenden-

346 2930 424 2978 tes
447 2932 504 2977 et
521 2921 925 2988 descendentes,
949 2920 1286 2976 incumbente
1305 2935 1465 2989 super
1480 2919 1649 2975 scalas
1667 2919 1914 2986 Domino,

346 3015 607 3070 intellexit
633 3015 760 3085 quid
784 3013 1034 3069 debuerit
1056 3013 1299 3082 ﬁgurare,
1325 3011 1464 3067 unde
1491 3011 1645 3067 nobis
1668 3011 1919 3082 probaret

348 3106 415 3159 ab
444 3105 586 3160 illius
614 3105 830 3160 visionis
854 3114 908 3158 et
941 3105 1278 3159 rei-elationis
1304 3102 1577 3157 intellectu
1601 3116 1659 3157 se
1682 3102 1915 3157 alienum

344 3209 446 3249 non
470 3195 655 3259 fuisse,
679 3195 900 3265 lapidem
922 3210 1019 3265 pro
1034 3194 1246 3249 Christo
1260 3193 1499 3263 ﬁguravit
1520 3192 1669 3265 (Gen.
1724 3208 1912 3260 xxvnr,

346 3287 560 3357 “'48).
588 3286 708 3341 Noli
746 3301 873 3357 ergo
915 3285 1096 3341 mirari
1141 3285 1282 3355 quod
1326 3284 1493 3351 unxit,
1524 3284 1646 3354 quia
1674 3282 1916 3341 Christus

343 3378 409 3432 ab
434 3378 686 3433 unctione
714 3392 907 3434 nomen
941 3378 1161 3446 accepit.
1194 3378 1375 3432 Dictus
1403 3386 1580 3431 autem
1610 3384 1725 3431 erat
1751 3376 1916 3432 Jacob

343 3469 442 3523 iste
470 3469 523 3523 in
554 3468 821 3539 Scriptura
859 3469 1019 3524 homo
1045 3470 1162 3524 sine
1187 3469 1331 3525 dolo.
1364 3468 1483 3539 Ipse
1507 3469 1692 3537 Jacob,
1722 3470 1910 3535 nostis,

342 3560 635 3629 appellatus
693 3568 776 3616 est
828 3559 1008 3614 Israel.
1056 3558 1181 3614 Ideo
1223 3559 1479 3614 Dominus
1526 3558 1579 3613 in
1628 3558 1914 3628 Evangelio

342 3651 549 3722 quando
580 3651 711 3706 vidit
751 3651 1041 3705 Nathanael
1068 3668 1081 3704 :
1119 3650 1268 3717 Ecce,
1293 3649 1483 3719 inquit,
1511 3665 1623 3703 vere
1654 3647 1912 3713 Israelita,

341 3744 394 3799 in
429 3761 527 3815 quo
569 3744 717 3799 dolus
756 3760 857 3797 non
888 3753 978 3798 est.
1008 3742 1075 3798 Et
1099 3742 1188 3797 ille
1218 3740 1450 3797 Israelita
1473 3740 1718 3796 nesciens
1740 3739 1916 3795 adhuc

343 3835 429 3905 qui
456 3850 580 3890 cum
621 3835 713 3890 illo
746 3835 1071 3905 loqueretur,
1099 3833 1373 3903 respondit
1396 3831 1582 3889 :Unde
1623 3847 1708 3887 me
1741 3831 1912 3887 nosti?

342 3924 407 3980 Et
430 3926 689 3981 Dominus
728 3925 795 3979 ad
834 3938 977 3989 eum,
1004 3923 1137 3979 Cum
1164 3932 1313 3978 esses
1337 3922 1437 3977 sub
1456 3922 1647 3978 arbore
1674 3920 1776 3988 ﬁci,
1806 3921 1913 3977 vidi

343 4025 395 4073 te
421 4036 435 4072 :
458 4026 706 4087 tanquam
736 4016 957 4080 diceret,
987 4014 1117 4071 Cum
1155 4029 1303 4071 esses
1343 4015 1397 4069 in
1440 4015 1626 4070 umbra
1675 4013 1909 4083 peccati;

342 4109 710 4178 praedestinavi
736 4118 807 4162 te.
836 4108 903 4161 Et
924 4108 1032 4173 ille,
1059 4106 1181 4178 quia
1202 4107 1516 4161 meminerat
1544 4120 1602 4161 se
1628 4104 1789 4160 fuisse
1814 4104 1912 4161 sub

341 4199 532 4253 arbore
558 4198 661 4263 ﬁci,
691 4199 776 4253 ubi
810 4198 1060 4252 Dominus
1091 4212 1195 4251 non
1222 4204 1355 4260 erat,
1385 4195 1596 4265 agnovit
1622 4195 1676 4248 in
1705 4194 1796 4248 illo
1828 4194 1911 4249 di-

341 4286 634 4353 vinitatem,
666 4297 721 4341 et
745 4285 1155 4355 responditzTu
1194 4300 1253 4340 es
1287 4284 1452 4338 Filius
1478 4283 1593 4350 Dei,
1620 4292 1674 4338 tu
1716 4298 1775 4338 es
1816 4298 1912 4338 rex

340 4377 521 4432 Israel.
551 4377 643 4432 Ille
667 4376 765 4432 sub
789 4378 977 4431 arbore
1008 4376 1089 4430 fici
1121 4390 1224 4430 non
1254 4374 1422 4429 factus
1452 4381 1534 4430 est
1562 4373 1706 4427 arida
1737 4373 1869 4427 ﬁcus
1894 4390 1909 4427 κ

341 4469 555 4539 agnovit
590 4467 879 4523 Christum.
910 4468 977 4521 Et
1019 4465 1273 4521 Dominus
1313 4465 1379 4519 ad
1410 4465 1555 4518 illum
1582 4481 1595 4517 :
1623 4462 1756 4530 Quia
1781 4462 1908 4529 dixi,

342 4558 465 4613 Cum
490 4576 621 4613 esses
644 4559 733 4612 sub
758 4558 934 4613 arbore
962 4558 1067 4629 ﬁci,
1095 4557 1196 4611 vidi
1234 4565 1308 4621 te,
1344 4555 1455 4609 ideo
1489 4554 1684 4621 credis;
1714 4555 1912 4624 majora

342 4651 519 4703 horum
547 4649 754 4703 videbis.
784 4649 913 4716 Quae
941 4656 1066 4703 sunt
1094 4648 1191 4702 ista
1218 4646 1454 4715 majora?
1480 4645 1638 4698 Amen
1675 4644 1787 4698 dico
1820 4660 1908 4697 vo-

342 4741 411 4794 bis
440 4741 594 4811 (Quia
632 4739 867 4794 Israelita
906 4739 1011 4804 ille,
1040 4739 1092 4793 in
1122 4749 1228 4808 quo
1252 4737 1406 4792 dolus
1433 4752 1537 4791 non
1563 4742 1676 4800 est;
1705 4736 1911 4805 respice

338 4830 402 4885 ad
427 4830 593 4886 Iacob
614 4831 789 4900 inquo
818 4830 972 4885 dolus
992 4845 1101 4884 non
1125 4838 1242 4894 est;
1271 4838 1324 4884 et
1348 4828 1545 4894 recole,
1576 4827 1715 4883 unde
1739 4827 1910 4897 loqui-

340 4931 439 4987 tur,
475 4922 705 4992 lapidem
740 4922 808 4977 ad
856 4930 1032 4991 caput,
1064 4920 1321 4975 visionem
1360 4919 1414 4973 in
1450 4933 1659 4984 somno,
1686 4918 1854 4972 scalas
1878 4932 1909 4975 ει

340 5020 477 5067 terra
502 5013 554 5066 in
581 5012 795 5077 etelum,
823 5010 1209 5066 descendentes
1229 5018 1285 5064 et
1307 5007 1686 5072 ascendentes;
1710 5016 1763 5060 et
1790 5006 1910 5062 vide

340 5104 461 5172 quid
490 5104 745 5158 Dominus
767 5102 910 5158 dicat
938 5102 1188 5157 Israelita:
1227 5101 1342 5155 sine
1375 5099 1542 5170 dolo),
1565 5098 1787 5152 videbitis
1806 5106 1908 5173 cae;-

342 5194 445 5247 lnm
472 5204 739 5263 apertum:
764 5193 920 5261 Audi,
947 5192 1237 5247 Nathanael
1280 5191 1395 5246 sine
1430 5189 1574 5256 dolo,
1621 5188 1745 5259 quid
1778 5188 1910 5243 vidit

338 5284 500 5340 Iacob
525 5284 640 5339 sine
681 5283 833 5339 dolo:
854 5284 1077 5339 videbitis
1118 5281 1296 5336 caelum
1340 5291 1589 5349 apertum,
1620 5290 1668 5331 et
1694 5278 1910 5349 Angelos

338 5374 657 5429 ascendentes
693 5382 739 5427 et
782 5372 1167 5437 descendentes;
1189 5371 1256 5426 ad
1283 5370 1476 5441 quem?
1504 5369 1570 5422 ad
1598 5367 1793 5422 Filium
1818 5367 1910 5421 Ito-

339 5465 485 5518 tninis
525 5463 704 5534 (Jaan.
731 5480 767 5530 ι,
796 5465 998 5534 47-51).
1027 5463 1168 5533 Ergo
1195 5462 1282 5517 ille
1307 5471 1496 5517 unetus
1519 5469 1634 5517 erat
1660 5459 1724 5514 ad
1754 5468 1911 5529 caput

340 5555 504 5611 Filius
526 5556 937 5626 hominis:qnia
974 5565 1132 5626 caput
1172 5555 1408 5611 mulieris
1458 5554 1557 5620 vir,
1604 5560 1761 5623 caput
1810 5551 1911 5606 viri

339 5646 584 5703 Christus
613 5646 785 5717 (lCor.
818 5664 889 5714 xi,
919 5648 998 5720 5).
1029 5648 1134 5704 Nec
1165 5656 1339 5704 tamen
1366 5645 1515 5715 dixit,
1550 5642 1910 5702 Aseendentes

400 5759 473 5821 (a)
496 5766 653 5820 Forte,
680 5758 887 5824 .mqelos.

1718 338 1947 409 sumtu
1982 340 2262 413 LXXXIX.

3490 362 3599 419 558

2029 482 2058 521 a
2086 467 2222 522 Filio
2246 468 2474 524 hominis
2512 478 2566 525 et
2603 470 2986 528 descendentes
3022 469 3087 526 ad
3129 463 3319 526 Filium
3346 472 3597 538 hominis,

2026 559 2180 627 quasi
2209 559 2572 615 tantummodo
2611 576 2820 617 sursum
2846 571 3022 618 esset:
3049 564 3163 628 sed,
3200 563 3517 617 ascendentes
3552 573 3601 619 et

2030 650 2380 704 descendentes
2403 651 2470 703 ad
2490 650 2681 705 Filium
2705 653 2941 707 heminis.
2968 654 3104 708 Audi
3131 668 3338 708 sursum
3367 655 3601 709 claman-

2032 751 2135 795 tem
2183 740 2373 794 Filium
2418 740 2887 809 hominis:Saule,
2938 744 3113 799 Saule.
3164 740 3298 798 Audi
3348 744 3598 799 deorsum

2030 820 2220 887 Filium
2253 831 2512 886 hominis:
2539 832 2675 899 Quid
2705 850 2781 888 me
2810 836 3112 905 persequeris
3143 835 3275 905 (Act.
3308 852 3378 901 Ix,
3402 835 3494 905 4)?

2099 922 2153 977 6.
2193 921 2408 976 Fadtum
2450 932 2561 977 vere
2612 933 2803 995 gestum
2850 933 2897 979 et
2938 926 3260 979 nihilominus
3303 926 3596 996 figuratum.

2028 1011 2235 1067 Audisti
2298 1012 2496 1068 dictum
2542 1014 2848 1085 proprium,
2898 1016 3020 1084 quia
3087 1016 3439 1070 resurrecturi
3507 1030 3596 1070 su-

2029 1118 2147 1158 mus
2181 1122 2194 1157 :
2225 1103 2421 1159 factum
2445 1106 2729 1175 proprium,
2763 1107 2881 1176 quia
2906 1106 3039 1160 sicut
3059 1106 3254 1161 dictum
3276 1115 3377 1172 est,
3406 1120 3599 1162 ascen-

2029 1194 2105 1247 dit
2142 1194 2335 1249 Paulus
2373 1194 2756 1267 Jerosolymam
2796 1195 2973 1251 videre
3003 1196 3239 1252 Petrum.
3269 1197 3473 1252 Dictum
3516 1207 3600 1253 est

2030 1281 2306 1353 ﬁguratum
2332 1325 2348 1351 ,
2380 1284 2624 1355 Lapidem
2663 1302 2809 1356 quem
2836 1285 3221 1356 reprobaverunt
3248 1288 3551 1356 wdiﬁcaitles
3579 1304 3597 1343 :

2032 1372 2221 1427 factum
2249 1373 2528 1444 ﬁguratum
2553 1416 2568 1441 ,
2600 1383 2791 1430 unctus
2816 1375 2965 1445 lapis,
2999 1375 3088 1447 qui
3110 1375 3205 1430 fuit
3227 1375 3293 1430 ad
3320 1385 3475 1447 caput
3503 1377 3597 1432 Ja-

2028 1464 2147 1517 ‘cob.
2168 1464 2396 1519 Del‘etur
2415 1466 2799 1535 exspectationi
2820 1476 3005 1520 vestrae
3023 1466 3161 1536 quod
3184 1482 3249 1521 ex
3266 1477 3488 1538 utroque
3508 1469 3595 1535 sit,

2029 1561 2083 1607 et
2110 1554 2317 1623 proprie
2336 1565 2541 1625 gestum
2564 1564 2646 1611 est
2664 1564 2717 1611 et
2744 1556 3001 1626 signiﬁcat
3021 1556 3320 1628 ﬁguratum.
3348 1556 3599 1613 Novimus

2029 1644 2293 1700 Abraham
2319 1646 2452 1702 duos
2470 1648 2607 1704 ﬁlios
2637 1648 2902 1718 habuisse,
2923 1665 3084 1704 unum
3113 1663 3179 1706 ex
3209 1651 3419 1717 ancilla,
3439 1650 3597 1706 alium

2027 1751 2093 1791 ex
2119 1738 2281 1793 libera
2308 1755 2322 1804 ;
2354 1741 2563 1809 proprie
2592 1750 2818 1810 gestum,
2850 1755 2955 1794 non
2981 1740 3149 1795 solum
3183 1750 3475 1809 narratum,
3505 1740 3599 1798 sed

2027 1834 2082 1882 ct
2105 1826 2302 1883 factum
2326 1845 2339 1881 :
2364 1829 2643 1900 ﬁghratum
2674 1831 2741 1885 ibi
2762 1829 3069 1900 exspectas?
3095 1830 3217 1886 Ilwc
3239 1842 3358 1886 sunt
3378 1832 3476 1887 duo
3506 1832 3602 1887 Te-

2026 1929 2272 1974 stamenta
2298 1920 2489 1992 (Colat.
2518 1939 2569 1976 iv
2590 1964 2606 1989 ,
2637 1921 2707 1976 22
2731 1965 2745 1990 ,
2776 1924 2889 1994 24).
2922 1923 3072 1992 Quod
3101 1940 3228 1995 ergo
3257 1925 3481 1997 ﬁgurate
3517 1928 3600 1984 di-

2026 2010 2199 2078 citur,
2230 2012 2457 2082 quodam
2484 2012 2642 2068 modo
2669 2014 2899 2084 fingitur.
2928 2014 3031 2071 Sed
3057 2017 3305 2087 quoniam
3331 2017 3488 2075 debet
3517 2020 3594 2092 (a)

2026 2100 2230 2155 exitum
2260 2102 2654 2172 signiﬁcationis
2678 2145 2692 2169 ,
2722 2114 2776 2160 et
2805 2105 2913 2175 ipsa
2944 2106 3257 2177 signiﬁcatio
3287 2117 3490 2163 teneret
3518 2109 3593 2181 (li)

2026 2189 2184 2246 ﬁdem
2214 2193 2449 2249 veritatis
2473 2235 2488 2259 ,
2520 2195 2649 2248 Vitat
2667 2195 2866 2250 crimen
2889 2194 3151 2252 falsitatis.
3182 2197 3318 2254 EcCe
3348 2199 3477 2254 exiit
3513 2215 3599 2257 sc-

2025 2282 2233 2337 mlnans
2269 2283 2568 2351 seminare;
2601 2283 2982 2342 elseminando
3011 2288 3201 2343 cecidit
3221 2289 3272 2343 in
3302 2290 3385 2345 via
3409 2332 3424 2359 ,
3452 2292 3595 2347 ceci-

2024 2371 2103 2427 dit
2126 2389 2286 2443 super
2309 2383 2517 2443 petrosa
2554 2375 2690 2442 loca,
2721 2376 2912 2432 cecidit
2937 2377 3072 2433 inter
3094 2380 3295 2450 spinas,
3326 2382 3517 2436 cecidit
3541 2382 3597 2438 iu

2028 2471 2220 2519 terram
2241 2464 2451 2520 bonam.
2480 2466 2609 2535 Quis
2632 2468 2760 2522 exiit
2785 2469 3068 2536 seminare,
3099 2479 3189 2525 aut
3210 2472 3420 2542 quando
3445 2474 3593 2542 exiit,

2023 2564 2116 2611 aut
2136 2555 2186 2611 In
2208 2572 2340 2627 quas
2366 2558 2544 2628 spinas
2569 2590 2583 2624 ,
2615 2568 2706 2614 aut
2738 2560 2792 2615 in
2815 2576 2948 2631 quos
2971 2561 3169 2633 lapides
3193 2603 3209 2631 ,
3239 2572 3332 2618 aut
3358 2564 3410 2618 in
3436 2580 3595 2634 quant

2023 2647 2182 2715 viam,
2211 2659 2301 2703 aut
2322 2649 2374 2703 in
2404 2658 2558 2720 quem
2587 2652 2816 2721 agrum?
2844 2649 2897 2708 Si
2937 2652 3086 2707 audis
3110 2654 3313 2722 ﬁctum,
3347 2654 3595 2725 intelligis

2021 2740 2396 2810 sighilicative:
2422 2744 2599 2798 ﬁctum
2620 2753 2721 2799 est.
2744 2744 2797 2801 Si
2818 2745 2959 2800 enim
2982 2761 3105 2802 vere
3127 2745 3285 2801 homo
3304 2749 3595 2805 seminator

2022 2832 2227 2895 exiret,
2259 2841 2313 2888 et
2332 2834 2535 2890 semina
2559 2877 2573 2900 ,
2604 2836 2739 2890 sicut
2764 2837 3059 2893 audivimus
3083 2878 3097 2902 ,
3129 2854 3225 2908 per
3247 2837 3360 2894 haec
3380 2839 3591 2896 diversa

2017 2920 2261 2991 jactaret,
2290 2936 2396 2978 non
2433 2934 2546 2979 erat
2569 2923 2768 2991 ﬁctum,
2800 2926 2893 2982 sed
2932 2937 3031 2982 nec
3058 2915 3413 2984 mendacium.
3450 2929 3595 2985 Non-

2020 3012 2145 3069 dum
2166 3024 2340 3070 autem
2364 3015 2560 3081 ﬁctum,
2594 3017 2686 3072 sed
2713 3034 2815 3073 non
2842 3020 3196 3075 mendacium.
3229 3021 3436 3089 Quare?
3461 3022 3593 3091 Quia

2020 3102 2279 3173 signiﬁcat
2319 3105 2512 3174 aliquid
2536 3148 2551 3172 ,
2583 3107 2723 3176 quod
2768 3108 2944 3162 ﬁctum
2989 3118 3071 3165 est
3095 3151 3109 3175 ,
3140 3126 3247 3165 non
3287 3121 3337 3167 te
3375 3112 3590 3183 decipit.

2019 3192 2219 3262 Qumrit
2243 3195 2619 3265 iatelligentem
2640 3237 2655 3263 ,
2686 3212 2790 3252 non
2813 3196 2936 3253 facit
2962 3209 3247 3255 errantem.
3277 3200 3388 3256 [Iac
3408 3203 3593 3259 volens

2018 3284 2389 3340 commendare
2415 3284 2674 3354 Christus,
2705 3298 2856 3356 poma
2887 3288 3146 3358 quaesivit,
3176 3288 3449 3360 ﬁguratam
3496 3291 3589 3360 ibi,

2018 3388 2123 3430 non
2150 3372 2387 3431 fallacem
2412 3376 2816 3433 commendabat
2837 3379 3129 3444 ﬁctionem;
3152 3395 3214 3434 ac
3241 3396 3334 3450 per
3359 3381 3459 3436 hoc
3480 3383 3593 3437 lau-

2017 3465 2264 3535 dabilem,
2282 3484 2385 3522 non
2413 3469 2751 3524 criminosam
2775 3469 3071 3537 ﬁctionem;
3090 3488 3193 3526 non
3226 3488 3326 3544 qua
3353 3472 3590 3530 discussa

2016 3570 2078 3609 ea
2106 3556 2158 3610 in
2204 3558 2522 3625 facultatem,
2555 3557 2647 3612 sed
2675 3567 3003 3628 perscrutata
3047 3561 3093 3616 si
3122 3562 3358 3619 invenias
3390 3566 3589 3621 verita-

2017 3654 2123 3701 tem
2148 3646 2239 3719 (c).

2089 3739 2142 3793 7.
2185 3738 2331 3793 Idem
2370 3746 2609 3796 tractatur
2643 3747 3011 3813 arguntentum.
3034 3729 3200 3799 Video
3238 3744 3378 3815 qdod
3416 3743 3587 3801 dictu-

2015 3843 2109 3887 rus
2152 3831 2221 3886 sit
2257 3849 2271 3885 :
2309 3832 2524 3902 Expone
2556 3833 2684 3889 mihi
2723 3834 2825 3889 hoc
2869 3833 3006 3905 quod
3050 3835 3412 3905 significabat,
3447 3840 3589 3909 Quod

2017 3921 2167 3977 ﬁnxit
2185 3938 2243 3978 se
2272 3923 2479 3997 longius
2506 3923 2604 3978 ire.
2632 3923 2687 3980 Si
2716 3926 2857 3980 enim
2887 3925 3212 3993 significabat
3239 3926 3316 3999 (d)
3338 3969 3353 3991 ,
3385 3927 3588 3983 fallacia

2015 4022 2129 4080 est,
2156 4012 2483 4068 mendacium
2504 4024 2603 4068 est.
2635 4013 3068 4084 Expositionibus
3097 4018 3294 4072 nostris
3315 4026 3369 4073 et
3388 4018 3589 4074 discre-

2016 4103 2234 4167 tissimis
2260 4105 2457 4175 regulis
2479 4105 2732 4161 debemus
2758 4106 2858 4161 hoc
2882 4107 3077 4174 dieere,
3110 4107 3233 4179 qtiid
3258 4111 3588 4181 Significabat

2015 4194 2211 4249 afﬁctio
2232 4194 2469 4264 quicdam
2496 4196 2700 4267 longius
2724 4197 2880 4252 eundi
2913 4215 2925 4251 :
2962 4198 3112 4253 ﬁnxit
3150 4215 3208 4255 se
3236 4197 3444 4273 long’ius
3470 4204 3584 4273 ire,

2016 4293 2070 4338 et
2096 4284 2320 4350 tenetur,
2347 4294 2415 4340 ne
2440 4285 2647 4356 longius
2667 4294 2774 4340 eat.
2802 4286 3064 4354 Quantum
3087 4288 3245 4359 igitur
3268 4292 3333 4345 ad
3358 4309 3588 4362 praesen-

2016 4375 2141 4428 tiam
2164 4376 2491 4445 corporalem
2512 4377 2703 4431 absens
2726 4378 3007 4447 putabatur
3035 4380 3286 4437 Dominus
3310 4382 3583 4451 Christus;

2016 4465 2208 4520 absens
2247 4467 2523 4536 putabatur
2545 4510 2561 4535 ,
2588 4468 2732 4522 velut
2769 4468 2974 4538 longius
3001 4470 3113 4525 ibit.
3143 4468 3289 4527 Tene
3320 4472 3546 4530 ﬁdeliter
3567 4518 3583 4543 ,

2017 4564 2138 4611 tene
2159 4556 2306 4611 illum
2334 4557 2400 4611 ad
2429 4556 2738 4613 fractionem
2763 4559 2935 4629 panis.
2964 4560 3098 4628 Quid
3125 4561 3335 4617 dicam?
3362 4567 3585 4634 agnovi-

2016 4646 2144 4701 stis?
2168 4647 2224 4702 Si
2252 4647 2558 4718 agnovistis,
2588 4648 2659 4704 ibi
2682 4648 2947 4704 Christum
2972 4652 3263 4709 invenistis.
3295 4655 3499 4711 Diutius
3519 4657 3586 4712 de

2016 4747 2350 4794 sacramento
2376 4739 2692 4808 loquendum
2736 4756 2841 4795 non
2871 4751 2968 4796 eSt.
3003 4743 3099 4810 Qui
3132 4744 3234 4800 hoc
3280 4760 3583 4803 sacramen-

2019 4837 2129 4887 tum
2159 4845 2316 4885 nosse
2353 4830 2635 4898 differunt,
2683 4832 2887 4903 longius
2912 4836 2978 4889 ab
3017 4835 3094 4889 cis
3123 4835 3379 4891 Christus.
3415 4838 3469 4894 Id
3504 4849 3586 4895 te-

2019 4929 2197 4987 neant,
2231 4934 2334 4975 non
2364 4920 2660 4991 dimittant;
2693 4923 2914 4981 invitent
2937 4925 3004 4981 ad
3034 4928 3338 4998 hospitium,
3368 4938 3421 4987 et
3446 4932 3582 4988 invi-

2018 5017 2193 5067 tantur
2221 5009 2286 5064 ad
2316 5012 2529 5065 coelum.

2097 5185 2148 5245 a)
2164 5190 2321 5245 Forte,
2353 5184 2509 5236 habet.

2099 5246 2148 5309 ὁ)
2172 5254 2327 5309 Forte,
2351 5253 2491 5299 tmet.

2100 5248 2148 5371 ὸς
2172 5254 2327 5309 Forte,
2351 5253 2491 5299 tmet.

2100 5324 2126 5358 c
2172 5316 2326 5381 Forte,
2346 5321 2445 5380 non
2470 5323 2575 5380 _qua
2608 5308 2833 5381 discussa
2867 5326 2946 5381 eas
2990 5326 3038 5363 tn
3089 5312 3360 5379 falsitatem,
3404 5316 3490 5367 sed
3532 5316 3582 5369 ut

2016 5369 2315 5434 perscnuata
2337 5370 2442 5432 ipsa
2462 5369 2672 5434 immitis
2694 5370 2952 5434 ueritatem.

2079 5431 2156 5496 (ά)
2180 5439 2337 5496 Forte,
2356 5430 2452 5483 non
2474 5430 2789 5499 signiﬁcabat.
