4126 6322
505 371 611 428 559
1240 394 1247 399 κ

1039 475 1265 533 διειιιιθ
1290 470 1393 528 ‘xc
1411 477 1426 494 ο
1446 471 1545 543 (η).

508 596 584 651 De
627 593 781 649 verbis
808 589 1067 661 Evangelii
1095 584 1362 646 Matthtei,
1410 598 1525 650 cap.
1576 595 1723 645 xx",
1775 577 1946 639 1—14,
1997 575 2084 629 ubs

578 687 640 740 de
680 683 870 756 nuptiis
894 680 989 752 filii
1030 679 1180 749 regis.
1199 673 1396 731 Contra
1439 671 1736 725 Donatislas
1760 710 1774 735 ,
1808 668 1871 722 tle
1899 667 2086 720 chari-

576 786 694 830 tate.

818 860 1017 913 Habitus
1035 857 1321 921 Carthagine
1345 856 1393 904 in
1417 849 1764 913 ttestitutalb).

526 963 531 969 ’
577 970 629 1025 1.
671 963 961 1021 Convivium
1008 961 1312 1015 dominicum
1351 955 1590 1026 duplex;
1619 950 1764 1005 aliud
1803 948 1884 1002 ltie
1908 990 1920 1010 ,
1952 944 2082 1016 fide-

506 1062 665 1125 lium;
712 1054 854 1112 aliud
911 1055 965 1108 in
1008 1048 1201 1117 caelis,’
1228 1051 1501 1103 beatorum.
1539 1043 1763 1114 Nuptias
1812 1039 1900 1094 filii
1941 1037 2082 1107 regis

503 1153 722 1222 ejusque
759 1145 1057 1203 convivium
1098 1149 1295 1197 norunt
1337 1152 1523 1194 omnes
1562 1135 1745 1190 ﬁdeles
1769 1176 1784 1200 ,
1814 1142 1869 1187 et
1913 1143 2082 1200 appa-

504 1255 648 1299 ratus
687 1253 886 1296 mensa:
926 1232 1209 1292 dominicze
1240 1230 1481 1286 ninnium
1517 1237 1604 1282 est
1653 1223 1906 1280 voluntati
1955 1233 2074 1290 pro-

501 1333 724 1404 positus.
768 1326 991 1385 lntereSt
1015 1328 1191 1379 autem
1215 1316 1481 1393 quomodo
1520 1317 1639 1387 quis
1676 1313 1927 1404 accedat,
1960 1326 2081 1365 cum

502 1402 756 1479 accedere
776 1435 880 1474 non
904 1422 1128 1472 ve‘t‘atur.
1146 1413 1433 1481 Scriptura:
1455 1410 1651 1478 quippe
1670 1413 1869 1460 sancta:
1890 1402 2085 1456 docent

503 1529 602 1568 nos
627 1509 907 1567 ~dominica
934 1508 1039 1562 duo
1082 1519 1200 1561 esse
1229 1501 1466 1559 convivia
1493 1514 1507 1566 ;
1540 1514 1701 1552 unum
1732 1510 1837 1566 quo
1865 1494 2086 1549 veniunt

502 1604 627 1659 boni
666 1612 719 1658 et
742 1598 901 1664 mali,
932 1598 1155 1652 alterum
1185 1608 1290 1664 quo
1314 1602 1420 1647 non
1450 1588 1710 1644 accedunt
1753 1585 1895 1640 mali.
1942 1574 2081 1653 Ergo

502 1693 801 1748 convivium
836 1690 1077 1756 nomini,
1108 1687 1247 1741 unde
1285 1681 1443 1739 modo
1469 1696 1589 1736 eum
1632 1678 1971 1748 Evangeliu'm
1992 1669 2080 1730 ’le-

503 1793 722 1858 geretur
748 1777 1065 1845 audivimus,
1082 1774 1255 1831 habet
1281 1774 1461 1842 utique
1480 1770 1657 1826 bonos
1682 1777 1734 1823 et
1754 1767 1939 1821 ntalos.
1958 1764 2084 1858 Οιιιξ

504 1856 600 1933 nes
619 1875 707 1948 qui
732 1872 799 1930 ab
826 1874 925 1928 hoc
950 1870 1191 1927 convivio
1217 1864 1629 1929 excusavermﬂ,
1661 1861 1784 1916 mali
1810 1865 1964 1914 snnt‘:
1988 1856 2083 1913 sed

501 1984 607 2024 non
633 1982 759 2023 onm
792 1980 819 2020 s
847 1964 936 2036 qui
966 1963 1327 2023 intraverunt,
1356 1956 1480 2011 bo’ni
1507 1964 1649 2009 sunt.
1680 1953 1931 2021 Alloquor
1956 1960 2084 2020 ergo

500 2076 617 2127 vos,
645 2059 733 2130 qui
765 2057 817 2111 in
842 2054 945 2111 hoc
973 2049 1354 2108 convivio'boni
1380 2044 1732 2109 discumbitis,
1762 2041 2084 2111 quicumque

500 2148 773 2206 attenditis
806 2145 947 2219 quod
974 2144 1170 2200 dictum
1199 2145 1311 2202 est,
1348 2133 1449 2206 Qui
1476 2135 1746 2190 manducat
1782 2141 1829 2187 et
1855 2130 1971 2185 bibit
1999 2131 2081 2219 in-

501 2244 683 2315 digne,
701 2216 955 2312 judicium
984 2235 1078 2291 sibi
1116 2232 1385 2287 ηιαηιιιιεαι
1408 2236 1453 2283 et
1474 2226 1598 2282 bibit
1625 2225 1670 2295 (ι
1696 2222 1812 2278 Cor.
1844 2238 1932 2285 XI,
1963 2216 2079 2291 9.9).

500 2333 697 2389 Omnes
721 2331 811 2403 qui
835 2331 966 2384 tales
995 2326 1143 2389 estis,
1166 2323 1410 2392 alloquor
1440 2334 1556 2384 vos,
1581 2318 1636 2371 ιιι
1664 2316 1789 2371 foris
1812 2329 1915 2368 non
1936 2320 2085 2383 quie-

502 2426 629 2480 ratis
655 2424 845 2488 bonos,
872 2420 1012 2475 intus
1038 2416 1273 2472 tolerctis
1299 2410 1485 2468 malos.
1986 2484 1997 2491 ἢ

526 2516 533 2523 ’
570 2516 624 2569 2.
663 2514 799 2569 Justi
824 2508 1117 2567 omnes‘ltac
1145 2508 1196 2562 in
1221 2507 1319 2560 vita
1348 2513 1394 2559 et
1423 2500 1545 2557 mali
1569 2510 1684 2556 sunt
1714 2508 1760 2555 et
1789 2497 1922 2554 boni.
1964 2494 2082 2552 Non

501 2607 685 2663 dubito
724 2603 907 2659 audire
929 2600 1065 2657 velle
1082 2598 1411 2654 Cbaritatem
1445 2600 1676 2648 vestram
1701 2632 1717 2656 ,
1758 2591 1971 2660 quinam
1995 2578 2083 2642 isti

500 2710 659 2764 sunt,
699 2698 767 2753 de
814 2696 1006 2767 quibus
1045 2689 1320 2761 alloquens
1351 2684 1648 2755 disputavi,
1696 2691 1755 2738 ut
1801 2680 1929 2737 feris
1977 2688 2081 2734 ιιοιι

501 2797 741 2864 qnmrant
801 2787 973 2843 bonos
1013 2825 1029 2859 ,
1095 2784 1235 2836 intus
1289 2780 1517 2836 tolerent
1549 2776 1741 2831 malos.
1785 2774 1844 2829 Si
1896 2785 2083 2828 omnes

505 2883 631 2937 mali
655 2887 777 2935 sunt
802 2879 965 2942 intus,
996 2888 1129 2947 quos
1149 2888 1265 2928 sum
1287 2868 1587 2925 allocutus?
1615 2866 1671 2922 Si
1695 2872 1871 2921 autem
1891 2875 2084 2919 omnes

501 2973 624 3027 boni
654 2979 776 3025 sunt
799 2969 959 3034 intus,
991 2980 1123 3037 quos
1152 2964 1333 3018 monui
1365 2970 1424 3016 ut
1454 2960 1681 3015 tolerent
1707 2956 1907 3012 malos?
1929 2955 2083 3010 Prius

501 3078 629 3133 ergo
653 3060 939 3130 adiuvante
968 3056 1192 3111 Domino
1213 3095 1229 3122 ,
1261 3054 1327 3109 de
1347 3052 1447 3107 hac
1474 3049 1769 3122 quastione
1799 3056 1856 3102 ut
1895 3060 2083 3116 possu-

500 3170 620 3210 mus
638 3197 653 3222 ,
681 3168 953 3209 exeamus.
978 3151 1183 3205 Bonum
1205 3147 1248 3202 si
1274 3145 1503 3218 perfecte
1530 3141 1832 3215 liquidoque
1857 3146 2085 3209 perpen-

500 3248 598 3304 das
621 3290 637 3315 ,
670 3261 828 3302 nemo
854 3245 1023 3299 bonus
1051 3243 1150 3297 nisi
1179 3256 1313 3295 unus
1343 3240 1505 3294 Deus.
1549 3237 1721 3291 Habes
1749 3232 2085 3303 apertissime

502 3338 786 3394 Dominum
811 3336 1096 3398 dicentem,
1118 3331 1256 3398 Quid
1276 3347 1352 3384 me
1367 3330 1646 3398 interrogas
1660 3326 1721 3379 de
1737 3322 1902 3379 bona?
1920 3321 2085 3376 Nemo

501 3432 678 3495 bonus,
696 3428 793 3483 nisi
822 3444 955 3481 unus
984 3424 1114 3478 Deus
1144 3417 1354 3497 (Matth.
1388 3436 1498 3486 ιιι,
1518 3417 1629 3490 17).
1655 3414 1933 3483 Quomodo
1954 3427 2084 3484 ergo

505 3523 703 3592 nuptias
729 3520 833 3574 illa:
859 3517 1052 3572 habent
1071 3516 1236 3570 bonos
1253 3521 1304 3568 et
1330 3506 1521 3576 malos,
1541 3508 1585 3564 si
1612 3521 1770 3563 nemo
1796 3505 1966 3560 bonus
1983 3503 2083 3559 nisi

504 3628 641 3668 lllltlS
668 3609 844 3667 Deus?
875 3608 1052 3664 Primo
1071 3605 1207 3661 scire
1227 3603 1453 3667 debetis,
1484 3596 1772 3654 secundum
1798 3594 2084 3667 quemdam

502 3702 721 3759 tnodum
763 3714 950 3754 omnes
991 3712 1089 3752 nos
1129 3707 1249 3749 esse
1291 3690 1478 3746 malos.
1524 3688 1751 3743 Prorsus
1790 3685 2082 3743 secundum

502 3791 783 3866 quemdam
812 3788 1027 3846 modum
1055 3798 1242 3839 omnes
1267 3781 1390 3836 mali
1412 3795 1600 3836 sumus
1631 3796 1644 3832 :
1677 3777 1969 3833 secundum
1990 3792 2086 3831 au-

503 3899 610 3944 tem
640 3885 920 3957 quemdam
952 3881 1188 3943 modum,
1212 3893 1318 3932 non
1347 3889 1534 3932 onmcs
1560 3873 1684 3929 boni
1715 3885 1919 3926 sumus.
1954 3870 2086 3925 Pos-

503 3993 689 4033 sumus
731 3977 872 4031 enim
919 3988 1015 4027 nos
1044 3968 1311 4041 Apostolis
1349 3963 1701 4036 comparare?
1731 3962 1922 4033 quibus
1970 3959 2085 4029 ipse

504 4066 758 4126 Dominus
789 4067 896 4131 ait,
928 4063 989 4119 Si
1016 4079 1132 4134 ergo
1154 4076 1269 4125 vos,
1299 4075 1415 4112 cum
1437 4054 1546 4111 sitis
1573 4054 1728 4119 mali,
1760 4056 1917 4106 nostis
1955 4052 2084 4106 bona

503 4160 624 4214 data
638 4157 760 4212 dare
775 4157 894 4227 filiis
911 4153 1102 4208 vestris.
1119 4150 1175 4207 Si
1190 4148 1590 4203 consideremus
1607 4144 1928 4213 Scripturas,
1947 4155 2084 4196 unus

502 4249 575 4306 ibi
596 4256 710 4303 crat
733 4246 901 4300 malos
917 4245 1055 4298 inter
1069 4238 1347 4295 duodecim
1372 4235 1672 4306 Apostolus,
1695 4245 1910 4305 propter
1924 4248 2081 4305 quem

506 4342 763 4398 Dominus
786 4339 859 4393 ait
882 4336 1108 4407 quodam
1133 4327 1268 4395 locu,
1300 4330 1364 4384 Et
1391 4346 1476 4384 vos
1507 4328 1682 4383 mundi
1710 4329 1846 4393 estis,
1875 4328 1963 4382 sed
1983 4343 2082 4381 non

506 4451 677 4490 attines
708 4428 883 4505 (Joan.
913 4444 1005 4482 xm
1026 4468 1042 4495 ,
1077 4424 1186 4497 10).
1214 4421 1491 4479 Allocutus
1521 4430 1695 4474 tamen
1724 4420 1775 4474 in
1803 4432 2084 4474 commune

504 4539 690 4580 omnes
709 4525 814 4588 ait,
849 4522 907 4576 Si
934 4535 1020 4574 uos
1046 4533 1162 4572 cum
1186 4514 1295 4570 sitis
1314 4511 1455 4568 mali.
1485 4511 1700 4566 Audivit
1729 4511 1830 4565 hoc
1853 4509 2043 4566 Petrus
2065 4549 2080 4576 ,

504 4615 705 4670 audivit
730 4613 961 4669 Joannes
983 4652 999 4677 ,
1027 4607 1223 4665 audivit
1263 4605 1553 4668 Andrtcas,
1585 4600 1865 4658 audierunt
1902 4599 2084 4656 caeteri

504 4725 692 4767 omnes
717 4707 962 4765 undecim
983 4702 1243 4775 Apostoli.
1266 4699 1401 4770 Quid
1423 4696 1737 4753 audierunt?
1768 4694 1865 4749 Vos
1884 4711 1995 4748 cum
2014 4694 2086 4748 si-

503 4806 567 4859 tis
593 4805 732 4869 mali,
758 4803 913 4857 nostis
934 4799 1065 4854 bona
1084 4796 1205 4851 data
1229 4794 1351 4849 dare
1374 4792 1496 4862 filiis
1520 4790 1693 4845 vestris
1723 4805 1741 4844 :
1769 4797 1956 4860 quanto
1977 4803 2087 4839 ma-

502 4892 580 4969 gis
611 4895 761 4949 Pater
783 4903 940 4948 vester
964 4889 1049 4961 qui
1070 4890 1122 4943 in
1150 4886 1286 4941 stelis
1309 4894 1401 4949 est,
1421 4882 1557 4937 dabit
1581 4874 2017 4953 bonapetentibus
2032 4894 2088 4969 se

506 4962 718 5059 lilattlt.
744 4999 849 5049 vn,
882 4980 1014 5052 ll)?
1042 4978 1238 5034 Audito
1266 4973 1408 5046 quod
1437 4973 1561 5029 mali
1592 4979 1806 5055 essent},
1830 4962 2091 5038 desperaJ

504 5086 696 5134 verunt
724 5092 737 5129 :
770 5073 950 5129 audito
986 5068 1129 5141 quod
1155 5068 1298 5123 Deus
1335 5066 1388 5121 in
1413 5064 1565 5119 cretis
1593 5069 1735 5118 esset
1764 5069 1912 5131 pater
1938 5059 2086 5128 ipso-

504 5184 645 5230 rum.
660 5167 1083 5235 respiraverunt.
1108 5159 1237 5217 Cum
1255 5159 1385 5223 sitis,
1404 5156 1593 5228 inquit,
1606 5154 1745 5227 mali.
1763 5152 1937 5229 aquid
1958 5166 2087 5222 ergo

504 5260 729 5315 debetur
752 5258 926 5324 malis,
948 5255 1046 5310 nisi
1071 5253 1386 5330 supplicium
1401 5250 1425 5305 ?
1442 5249 1660 5316 Quanto
1683 5247 1863 5318 magis,
1894 5246 2083 5316 inquit,

506 5350 668 5408 Pater
690 5360 847 5404 vester
866 5389 880 5414 ,
900 5349 993 5419 qui
1016 5348 1071 5401 in
1095 5346 1230 5400 caelis
1254 5344 1369 5399 est?
1396 5343 1521 5412 quid
1548 5340 1769 5398 debetur
1797 5338 1921 5394 ﬁliis
1939 5378 1955 5405 ,
1983 5336 2091 5427 nisi

504 5530 532 5572 S
565 5462 586 5481 ‘
618 5460 881 5514 Habuimus
915 5457 1293 5522 exemJarZafin
1331 5454 1520 5504 duobus
1567 5458 1674 5501 uss.
1720 5450 1816 5513 et),
1863 5457 1925 5500 et.
1960 5452 2089 5513 qud

532 5536 640 5572 mn.
1772 5566 1777 5570 .

532 5536 640 5668 ινδιξ
662 5603 806 5663 Alias,
829 5615 895 5653 ex
911 5602 1243 5668 simiondinnis
1265 5601 1342 5650 14.

568 5658 640 5731 (ὁ)
683 5667 756 5731 sic
792 5658 876 5731 'iu_
901 5664 1057 5731 altero
1116 5679 1150 5731 e
1218 5671 1322 5731 Mss.
1381 5658 1753 5731 Corbeiensibus
1794 5658 2084 5731 inscribitur.

505 5721 663 5841 Porro1
668 5728 745 5840 ge
780 5728 972 5778 Basitica
1004 5730 1233 5778 Itestituta
1267 5725 1448 5775 dictum
1486 5730 1562 5771 est
1596 5734 1741 5783 supra
1758 5756 1774 5783 ,
1806 5721 1865 5778 ad
1902 5733 2062 5772 serum

501 5803 617 5842 nent
697 5827 712 5844 .

1738 322 1794 408 s'.
1840 349 2205 407 AUGUSTINI
2244 348 2545 405 EPISCOPI

2180 463 2503 532 pricmium?
2532 461 2588 516 in
2611 460 3104 516 nomine-malorum
3126 499 3140 524 ,
3173 467 3345 533 metus
3366 468 3642 527 prunarum
3669 471 3684 508 :
3716 454 3771 507 in

3667 314 3772 396 suo

2188 553 2402 608 nomine
2423 552 2672 620 ﬁliorum,
2695 566 2819 622 spes
2841 551 3132 607 ltznredum.

2257 646 2311 700 5.
2354 644 2482 701 Mali
2508 662 2541 699 a
2565 644 2789 700 convivio
2808 643 3038 709 exclusis,
3068 641 3274 712 quinam
3288 638 3628 711 intelligendi.
3669 638 3776 693 Se-

2186 734 2418 791 cundum
2453 735 2579 806 quid
2616 750 2745 805 ergo
2769 734 2898 789 mali
2926 742 3079 788 erant
3100 731 3260 787 iidem
3286 731 3384 799 ipsi
3405 770 3421 796 ,
3455 729 3545 799 qui
3575 742 3772 783 secun-

2186 825 2312 880 dum
2332 827 2530 897 aliquid
2554 826 2679 882 boni
2698 834 2870 882 erant.
2893 824 3096 891 Quibus
3114 824 3259 880 enim
3282 823 3483 879 dictum
3505 829 3620 888 est,
3643 819 3774 876 Cum

2186 916 2295 969 sitis
2324 915 2443 969 mali
2462 956 2477 979 ,
2509 916 2664 971 nostis
2687 915 2819 969 bona
2841 915 2962 969 data
2986 915 3109 969 dare
3131 914 3253 984 ﬁliis
3276 914 3488 978 vestris;
3517 912 3774 968 continuo

2125 1023 2129 1027 '
2188 1008 2504 1078 subiectura,
2539 1010 2739 1074 Quanto
2767 1008 2928 1079 magis
2954 1007 3108 1061 Pater
3131 1017 3289 1062 uester
3310 1007 3395 1078 qui
3418 1007 3472 1061 in
3493 1006 3634 1061 caelis
3646 1016 3728 1060 at
3745 1005 3775 1059 3’

2189 1100 2346 1156 Pater
2372 1114 2499 1172 ergo
2525 1101 2787 1157 malorum
2808 1143 2825 1169 ,
2855 1101 2950 1156 sed
2978 1115 3081 1155 non
3108 1099 3574 1171 relinquendorum
3599 1116 3614 1166 ;
3645 1096 3797 1169 quia

2189 1194 2431 1248 medicus
2457 1193 2836 1249 sanandorum.
2866 1192 3171 1249 Secundum
3196 1207 3328 1263 ergo
3349 1192 3633 1263 quemdam
3655 1206 3774 1246 mo-

2186 1285 2312 1340 dum
2341 1285 2464 1338 mali
2503 1292 2674 1339 erant.
2709 1284 2774 1339 Et
2806 1292 2983 1339 tamen
3018 1284 3098 1339 illi
3115 1285 3353 1339 conviva:
3379 1283 3773 1353 patrisfamilias

2190 1376 2241 1429 in
2267 1376 2406 1444 regis
2435 1375 2663 1444 nuptiis,
2697 1386 2825 1444 puto
2844 1377 2965 1445 quia
2988 1389 3092 1429 non
3117 1382 3274 1429 erant
3293 1372 3361 1431 de
3389 1374 3482 1429 illo
3508 1387 3735 1427 onmem
3753 1405 3770 1436 .

2187 1463 2255 1518 de
2278 1465 2469 1534 quibus
2491 1464 2691 1519 dictum
2713 1472 2796 1518 est
2818 1504 2833 1528 ,
2864 1462 3210 1518 limitaverunt
3234 1464 3393 1517 bonos
3415 1472 3464 1518 et
3488 1445 3688 1528 malos;
3716 1471 3777 1517 ιιι

2189 1553 2241 1609 in
2267 1569 2490 1609 numero
2516 1555 2780 1610 malorum
2800 1554 3121 1625 deputentur
3139 1595 3155 1620 ,
3185 1569 3323 1623 quos
3357 1552 3657 1608 audivimus
3679 1568 3777 1608 ex-

2188 1646 2364 1700 clusos
2388 1645 2440 1699 in
2464 1645 2570 1711 illo,
2601 1646 2692 1716 qui
2716 1646 2961 1700 inventus
2979 1654 3063 1700 est
3084 1660 3190 1700 non
3207 1644 3417 1701 habere
3443 1652 3649 1701 vestem
3676 1661 3776 1698 ιιιιι

2191 1738 2426 1807 ptialem.
2448 1737 2749 1793 Secundum
2774 1737 2923 1808 quid,
2947 1739 3184 1809 inquam,
3198 1737 3333 1792 mai
3359 1748 3513 1792 erant
3531 1737 3624 1808 qui
3644 1737 3773 1792 boni

2186 1835 2338 1882 erant
2354 1828 2681 1884 :sécundum
2694 1828 2823 1899 quid
2843 1827 2969 1883 boni
2994 1835 3147 1883 erant
3170 1828 3260 1899 qui
3280 1828 3411 1883 mali
3437 1836 3610 1883 erant.
3633 1827 3775 1883 Audi

2186 1918 2449 1974 Joannem
2466 1918 2755 1974 secundum
2776 1917 2902 1989 quid
2922 1918 3047 1973 mali
3067 1928 3219 1973 erant
3240 1935 3256 1972 :
3281 1917 3342 1977 Si
3360 1918 3637 1973 dixerimus
3653 1917 3778 1988 quia

2186 2026 2288 2065 non
2311 2010 2551 2065 habemus
2574 2019 2864 2083 peccatum,
2890 2027 2985 2066 nos
3010 2011 3147 2081 ipsos
3173 2011 3456 2066 seducimus
3474 2053 3490 2079 ,
3508 2022 3563 2066 et
3590 2012 3778 2065 vetitae

2186 2102 2240 2156 in
2266 2101 2408 2157 nobis
2435 2118 2537 2157 non
2560 2110 2653 2157 est.
2670 2101 2811 2158 Ecce
2830 2103 3122 2158 secundum
3136 2103 3262 2173 quid
3290 2103 3414 2157 mali
3439 2114 3625 2158 erant:
3648 2103 3776 2173 quia

2187 2193 2455 2251 habebant
2492 2202 2791 2265 peccatum.
2836 2194 3138 2251 Secundum
3165 2194 3291 2266 quid
3319 2194 3444 2249 boni
3482 2203 3637 2250 erant
3657 2195 3682 2247 ?
3712 2194 3779 2251 Si

2185 2280 2400 2359 confessi
2430 2287 2677 2358 fuerimus
2714 2288 2919 2358 peccata
2946 2298 3119 2343 nostra
3139 2327 3155 2353 ,
3187 2287 3354 2357 ﬁdelis
3395 2297 3467 2342 est
3492 2297 3540 2342 et
3553 2291 3734 2358 justus
3756 2329 3775 2354 ,

2185 2377 2270 2447 qui
2296 2377 2516 2431 dimittat
2543 2378 2684 2433 nobis
2712 2389 2917 2449 peccata
2938 2419 2956 2443 ,
2985 2387 3033 2432 et
3062 2379 3270 2432 mandet
3294 2394 3389 2432 nos
3427 2377 3492 2432 ab
3515 2379 3655 2432 otiosi
3675 2378 3779 2432 ints

2185 2467 2373 2538 qttitate
2401 2467 2444 2540 (Ι
2463 2466 2621 2522 Joan.
2645 2483 2686 2535 ι,
2714 2468 2769 2535 8,
2800 2467 2878 2540 9).
2903 2468 2962 2525 Si
2986 2484 3113 2539 ergo
3132 2468 3453 2533 dixerimus,
3479 2468 3777 2523 secundum

2186 2558 2326 2614 hanc
2340 2560 2763 2630 expositionem,
2783 2575 2940 2631 quam
2965 2560 3185 2615 audistis
3200 2573 3297 2615 me
3316 2559 3385 2615 de
3407 2560 3612 2615 saliens
3625 2558 3778 2615 Scri-

2188 2651 2358 2721 pturis
2382 2692 2397 2718 ,
2428 2659 2487 2705 ut
2518 2651 2750 2705 arbitror
2773 2690 2791 2717 ,
2835 2652 3117 2722 protulisse
3136 2692 3153 2718 ,
3183 2651 3404 2707 eosdem
3445 2651 3691 2707 homines
3718 2659 3778 2707 et

2186 2739 2358 2796 bonos
2383 2755 2504 2797 esse
2531 2741 2821 2797 secundum
2845 2741 3127 2812 quemdam
3147 2741 3386 2810 modum,
3414 2751 3470 2797 et
3494 2743 3666 2798 malos
3683 2757 3778 2798 se-

2186 2832 2417 2888 cundum
2451 2833 2735 2904 quemdam
2762 2834 3017 2899 modum;
3066 2834 3113 2890 si
3154 2834 3445 2890 secundum
3473 2832 3615 2891 haue
3641 2850 3774 2892 sen'o

2186 2936 2303 2979 sam
2340 2924 2663 2979 voluerimus
2689 2925 2932 2995 accipere
2972 2926 3112 2995 quod
3137 2924 3338 2981 dictum
3367 2935 3488 2990 est,
3519 2924 3777 2981 Invitavit.

2187 3018 2307 3069 runt
2333 3015 2487 3070 bonos
2507 3024 2555 3069 et
2580 3015 2743 3069 malos
2763 3055 2778 3080 ,
2814 3015 2865 3069 id
2895 3024 2979 3071 est
3002 3015 3218 3070 eosdem
3248 3015 3392 3086 ipsos
3428 3025 3483 3071 et
3509 3014 3683 3071 bonos
3708 3023 3778 3071 et

2186 3108 2389 3174 malos;
2420 3107 2464 3163 si
2493 3108 2592 3163 hoc
2615 3107 2942 3163 voluerimus
2963 3108 3226 3178 accipere,
3256 3123 3362 3162 non
3386 3108 3773 3178 pennittimun

2187 3206 2404 3268 propter
2429 3198 2577 3252 illum
2602 3198 2690 3268 qui
2711 3198 2963 3253 inventus
2986 3204 3073 3253 est
3093 3212 3197 3252 non
3221 3196 3422 3252 habens
3448 3207 3651 3252 vestem
3673 3213 3777 3252 nn-

2188 3288 2401 3359 ptialem
2421 3327 2439 3354 ,
2468 3296 2522 3342 et
2561 3304 2667 3343 non
2704 3298 2990 3359 utcumque
3027 3287 3327 3359 projectus.
3360 3298 3419 3343 ut
3445 3298 3651 3343 tantum
3683 3289 3776 3343 illo

2187 3381 2436 3436 convivio
2455 3381 2772 3452 privaretur,
2794 3380 2889 3437 sed
2914 3390 2970 3437 ut
2992 3388 3193 3436 interno
3214 3380 3266 3435 in
3288 3381 3625 3437 tenebrarum
3645 3395 3777 3452 sapa

2187 3475 2347 3546 plicia
2365 3475 2726 3531 damnaretur.
2896 3484 2899 3491 ‘

2259 3568 2313 3623 4.
2339 3566 2455 3623 Uno
2490 3569 2695 3623 exclusa
2721 3569 2905 3624 multos
2937 3567 3166 3623 exclusos
3186 3569 3484 3641 signiﬁcari.
3506 3567 3611 3624 Sed
3639 3569 3775 3624 dicte

2187 3659 2375 3730 aliquis
2399 3678 2414 3715 :
2443 3661 2580 3729 Quid
2601 3660 2669 3717 de
2692 3678 2797 3715 uno
2824 3662 3077 3716 homine?
3104 3662 3230 3732 quid
3254 3663 3445 3717 mirum
3462 3663 3487 3714 ?
3513 3662 3637 3733 quid
3660 3678 3779 3717 ma-

2186 3755 2370 3820 gnum,
2402 3751 2447 3804 si
2478 3750 2647 3805 servis
2674 3751 3069 3821 patrisfamilias
3084 3751 3357 3823 Subrepsit
3381 3767 3516 3807 unus
3536 3755 3588 3808 in
3612 3753 3776 3808 turba

2187 3856 2296 3895 non
2324 3840 2526 3899 habens
2564 3851 2765 3898 vestem
2806 3843 3138 3912 nuptialem?
3162 3843 3426 3916 Numquid
3461 3855 3679 3917 propter
3705 3847 3777 3899 ιι.

2188 3935 2296 3989 lum
2326 3943 2532 4005 peierat
2555 3936 2658 3991 dici
2683 3977 2699 4003 ,
2730 3934 3077 3990 lnaitaverunt
3106 3937 3259 3991 bonos
3287 3947 3335 3991 et
3362 3938 3568 3992 mles?
3596 3937 3777 3993 lntem

2187 4024 2296 4080 dite
2319 4040 2480 4096 ergo,
2512 4034 2565 4081 et
2592 4025 2871 4097 intelligite
2891 4068 2905 4092 ,
2938 4026 3129 4083 fratres
3158 4028 3282 4083 mei.
3315 4027 3460 4084 Unus
3480 4029 3571 4085 ille
3604 4038 3775 4085 unum

2186 4131 2353 4187 genus
2372 4126 2513 4180 erat;
2538 4133 2657 4172 nam
2687 4118 2836 4173 multi
2858 4129 3005 4174 erant
3032 4119 3130 4193 (α).
3159 4120 3497 4190 Respondeat
3524 4120 3612 4177 hic
3637 4123 3774 4178 mihi

2187 4212 2410 4282 diligens
2429 4211 2660 4277 auditor,
2690 4220 2745 4265 et
2769 4210 2909 4265 dicat
2943 4229 2957 4265 :
2988 4210 3118 4265 Nolo
3145 4210 3273 4265 mihi
3302 4222 3487 4268 narres
3508 4214 3746 4283 suspicio

2188 4318 2287 4357 nes
2308 4312 2450 4367 tuas;
2476 4300 2686 4371 probari
2714 4300 2843 4354 mihi
2865 4301 2986 4355 volo
3011 4300 3130 4371 quia
3156 4315 3292 4355 unus
3315 4301 3405 4357 ille
3423 4302 3572 4357 multi
3589 4310 3771 4360 erant.

2187 4391 2375 4446 Aderit
2402 4391 2655 4446 Dominus
2679 4432 2693 4456 ,
2725 4391 2959 4460 probabo
2991 4392 3145 4461 plane
3168 4432 3182 4457 ,
3214 4406 3316 4448 nec
3343 4393 3551 4463 longius
3590 4395 3786 4465 requie

2188 4497 2300 4536 ram
2330 4492 2386 4536 ut
2430 4482 2625 4551 possim
2658 4480 2903 4552 probare.
2934 4480 2988 4535 In
3018 4481 3147 4551 ipsis
3171 4482 3281 4537 suis
3306 4482 3482 4537 verbis
3506 4481 3649 4537 Deus
3676 4483 3776 4538 ad-
3850 4534 3853 4539 .

2185 4572 2389 4643 juvabit
2413 4587 2520 4645 me,
2552 4579 2605 4626 et
2629 4570 2767 4642 quod
2796 4570 2943 4625 vobis
2970 4580 3210 4641 apertum
3237 4573 3308 4627 sit
3330 4571 3649 4627 ministrabit
3673 4586 3776 4642 per

2189 4681 2295 4721 me.
2326 4666 2461 4720 Ecce
2484 4664 2742 4734 ingressus
2766 4661 3152 4735 paterfamilias,
3184 4672 3238 4717 ut
3262 4664 3526 4735 inspiceret
3545 4664 3777 4718 discum-

2189 4750 2612 4839 beittes."\lidete,
2638 4755 2828 4810 fratres
2851 4756 2977 4819 mei,
3000 4742 3121 4827 quia
3153 4771 3259 4810 non
3287 4755 3543 4826 pertinuit
3564 4755 3631 4811 ad
3657 4770 3777 4811 ser-

2187 4854 2317 4913 v‘os,
2350 4847 2451 4903 nisi
2478 4848 2699 4902 invitare
2726 4856 2777 4901 et
2802 4847 3068 4903 adducere
3091 4847 3260 4903 bonos
3285 4854 3339 4902 et
3362 4847 3566 4902 malos:
3594 4847 3777 4904 videte

2353 4953 2459 4992 non
2483 4937 2682 4992 dictum
2712 4946 2794 4991 est
2812 4978 2825 5001 ,
2855 4935 3336 4991 Consideraverunt
3361 4938 3499 4992 servi
3528 4937 3774 4992 discum-

2189 5021 2395 5095 bentes,
2413 5035 2468 5083 et
2494 5026 2568 5082 ibi
2587 5027 2898 5081 invenerunt
2934 5026 3199 5082 hominem
3243 5043 3349 5082 non
3375 5026 3659 5083 habentem
3678 5042 3778 5084 ve-

2190 5127 2325 5174 stem
2347 5117 2659 5188 nuptialem,
2675 5125 2732 5172 (τι
2751 5116 3000 5171 dixerunt
3023 5118 3094 5173 ei.
3116 5116 3237 5171 Non
3250 5116 3358 5173 hoc
3381 5116 3638 5186 scriptum
3664 5127 3774 5173 est.

2190 5209 2572 5266 Paterfamilias
2610 5196 2871 5279 inspeslt,
2905 5196 3282 5277 paterfamilias
3319 5206 3554 5274 invenit,
3589 5217 3776 5280 ρειαί--

2192 5296 2418 5359 familias
2444 5301 2727 5369 distinxit,
2757 5298 3135 5370 paterfamilias
3170 5299 3461 5370 separavit.
3506 5298 3619 5354 Hoc
3648 5300 3777 5371 quia

2191 5393 2312 5451 dem
2330 5391 2757 5465 prmtereundum
2775 5405 2881 5446 non
2903 5388 3018 5444 fuit.
3039 5387 3194 5444 Aliud
3214 5400 3391 5445 autem
3407 5388 3638 5460 probare
3654 5403 3782 5445 sus-

2188 5470 2449 5555 cepimus,
2468 5480 2736 5555 quomodo
2758 5479 2911 5536 multi
2925 5488 3105 5536 essent
3120 5479 3208 5535 ille
3233 5493 3389 5536 unus.
3406 5480 3626 5534 latravit
3645 5492 3781 5551 ergo

2193 5573 2556 5648 paterfamilias
2592 5571 2839 5643 inspicere
2862 5570 3226 5626 discumbentes
3245 5610 3262 5636 ,
3295 5581 3342 5625 et
3378 5571 3564 5625 invenit
3605 5570 3780 5624 fronti-

2192 5684 2307 5724 nem
2329 5683 2430 5722 non
2451 5665 2711 5720 habentem
2737 5673 2919 5718 vestem
2938 5662 3216 5734 nuptialem
3243 5679 3263 5720 :
3288 5672 3336 5720 et
3359 5663 3431 5718 ait
3454 5662 3553 5732 illi,
3579 5661 3777 5733 Amice,

2262 5780 2332 5844 (a)
2355 5777 2468 5829 vide
2490 5775 2611 5828 infra
2630 5786 2904 5826 sermonem
2924 5773 3003 5824 95.
