4126 6322
359 352 456 410 561

356 462 607 533 quomodo
644 462 742 515 huc
769 459 943 514 venisti
972 477 1068 513 non
1100 459 1283 514 habens
1313 471 1487 515 vestem
1518 460 1786 530 nuptialem
1808 461 1833 513 .9
1874 462 1933 513 At

358 560 443 613 ille
466 561 731 614 obmutuit.
763 560 907 614 'l‘alis
935 560 1077 614 enim
1110 558 1486 628 interrogabat,
1510 559 1594 612 cui
1627 557 1715 613 ille
1740 558 1938 628 lingere

356 653 483 708 nihil
512 661 741 724 poterat.
770 652 944 707 Vestis
967 652 1162 721 quippe
1184 650 1269 704 illa
1296 651 1349 704 in
1375 648 1556 717 corde,
1577 665 1682 703 non
1703 649 1754 703 in
1776 662 1937 703 carne

358 745 734 813 inspiciebatur
765 761 780 797 :
812 759 930 813 quae
968 742 1024 796 si
1049 741 1281 811 desuper
1311 741 1495 795 fuisset
1525 740 1702 794 induta
1729 780 1743 805 ,
1777 739 1935 794 etiam

356 835 525 890 servis
555 850 659 889 non
692 834 878 889 fuisset
918 832 1198 889 occultata.
1229 832 1331 889 Ubi
1371 832 1441 886 sit
1484 830 1744 885 induenda
1777 830 1936 883 vestis

354 927 604 996 nuptialis
626 966 643 993 ,
674 926 895 996 accipite
919 968 934 992 ,
969 924 1056 979 ubi
1100 925 1333 995 loquitur
1354 965 1367 988 ,
1402 922 1702 977 Sacerdotes
1740 922 1812 974 tui
1848 921 1935 973 in-

354 1022 574 1073 duantur
588 1019 840 1089 justitiam
864 1017 1035 1089 (Psal.
1056 1032 1178 1081 cxx,
1198 1015 1278 1087 9).
1305 1016 1376 1069 De
1397 1029 1459 1069 ea
1480 1022 1627 1068 veste
1652 1012 1937 1079 dicitApo-

353 1108 540 1172 stolus,
564 1108 627 1163 Si
650 1118 817 1162 tamen
838 1108 1023 1174 induti,
1043 1117 1089 1160 et
1109 1123 1207 1160 non
1232 1106 1354 1159 nudi
1381 1105 1695 1158 inveniamur
1721 1101 1928 1173 (II-Cor.

352 1215 405 1264 v,
422 1198 501 1269 ὅ).
536 1200 675 1269 Ergo
703 1199 946 1253 inventus
974 1206 1058 1251 est
1083 1212 1113 1251 a
1146 1196 1366 1250 Domino
1391 1194 1479 1264 qui
1504 1207 1686 1247 servos
1710 1192 1927 1246 latebat.

353 1289 1095 1360 Interrogatusobmutescit:
1124 1288 1341 1357 ligatur,
1374 1284 1677 1354 projicitur,
1707 1283 1927 1337 damna-

354 1390 436 1441 tur
460 1395 598 1433 unus
624 1395 655 1434 a
685 1380 881 1433 multis.
910 1378 1130 1432 Domine
1153 1418 1169 1442 ,
1200 1378 1435 1431 dixeram
1461 1417 1474 1440 ,
1505 1376 1627 1445 quia
1655 1384 1708 1429 tu
1738 1374 1925 1429 admo-

352 1485 444 1524 nes
464 1485 652 1525 omnes
681 1470 988 1524 admonere.
1013 1469 1249 1524 Rccolite
1271 1482 1475 1522 mecum
1504 1469 1663 1521 verba
1686 1483 1803 1537 qua:
1829 1482 1858 1520 a
1882 1483 1926 1521 t-

352 1560 503 1615 distis
525 1603 542 1628 ,
572 1572 626 1617 et
651 1562 847 1616 multos
869 1562 1031 1616 fuisse
1056 1575 1221 1614 unum
1245 1560 1394 1613 illum
1423 1558 1580 1613 modo
1607 1559 1884 1614 invenietis
1906 1598 1924 1626 ,

350 1652 509 1707 modo
539 1653 865 1722 judicabitis.
907 1650 1084 1709 Unum
1114 1660 1259 1706 certe
1299 1652 1713 1719 interrogaverat
1743 1651 1926 1704 Domi.

351 1760 469 1811 nus,
498 1745 588 1799 uni
624 1744 850 1809 dixerat,
882 1745 1071 1811 Amice,
1098 1744 1348 1816 quomodo
1385 1744 1482 1796 huc
1506 1743 1746 1797 intrasti?
1778 1742 1925 1798 Unus

348 1838 682 1893 obmutuerat
700 1878 714 1902 ,
746 1847 797 1893 et
819 1836 887 1892 de
914 1838 1031 1906 ipso
1056 1853 1160 1890 uno
1186 1836 1383 1891 dictum
1413 1836 1616 1899 fuerat,
1646 1834 1822 1905 Ligate
1847 1835 1925 1888 illi

347 1948 525 1985 manus
552 1940 598 1984 et
629 1932 779 2002 pedes
798 1972 812 1996 ,
845 1939 889 1985 et
916 1931 1094 1985 mittite
1118 1932 1263 1985 illum
1286 1932 1338 1984 in
1365 1930 1590 1984 tenebras
1617 1930 1881 1984 exteriores
1904 1945 1924 1983 :

346 2025 413 2076 ibi
438 2024 527 2077 erit
550 2024 699 2093 ﬂetus
726 2032 773 2076 et
800 2022 983 2076 stridor
1001 2022 1243 2075 dentium.
1268 2022 1441 2089 Quare
1466 2019 1600 2074 hoc?
1619 2019 1772 2074 Multi
1792 2020 1923 2073 enim

345 2124 459 2167 sunt
482 2115 664 2181 vocati,
697 2115 844 2184 pauci
868 2129 979 2167 vero
1005 2114 1163 2168 electi.
1192 2114 1325 2183 Quid
1359 2113 1481 2169 huic
1509 2112 1921 2168 manifestationi

347 2206 582 2259 veritatis
607 2206 869 2275 quispiam
902 2204 1511 2267 contradicat‘i-Mittite,
1544 2205 1711 2275 inquit
1732 2246 1746 2265 ,
1775 2204 1923 2257 illum

344 2295 395 2347 in
420 2294 645 2347 tenebras
664 2296 949 2349 exteriores.
991 2294 1140 2353 illum
1167 2302 1312 2350 certe
1342 2310 1503 2349 unum
1524 2336 1540 2363 ,
1572 2295 1637 2349 de
1663 2310 1767 2364 quo
1794 2294 1924 2348 dicit

345 2384 620 2450 Dominus,
643 2383 791 2437 Multi
812 2385 943 2437 enim
961 2392 1077 2438 sunt
1100 2385 1277 2451 vocati,
1296 2385 1445 2455 pauci
1464 2400 1577 2439 uero
1597 2386 1757 2439 electi.
1783 2387 1925 2455 Ergo

344 2476 493 2546 pauci
535 2491 640 2529 non
668 2476 951 2530 mittuntur
989 2474 1146 2529 foras.
1175 2474 1500 2531 Certo-unus
1537 2486 1651 2531 erat
1676 2477 1797 2543 ille,
1830 2477 1927 2546 qui

344 2582 446 2619 non
477 2565 707 2620 habebat
732 2574 932 2620 vestem
960 2565 1269 2635 nuptialem.
1298 2564 1543 2638 Projicite
1583 2583 1715 2620 eum.
1748 2570 1921 2635 Quare

344 2656 617 2724 projicitur
636 2654 1004 2710 tuitui-enim
1031 2664 1146 2710 sunt
1188 2657 1349 2710 vocati
1367 2697 1382 2723 ,
1414 2658 1562 2727 pauci
1594 2674 1711 2712 vero
1753 2657 1917 2718 electi.

346 2746 603 2801 Dimittite
632 2761 826 2815 paucos
845 2787 860 2813 ,
892 2746 1133 2817 projicite
1172 2748 1391 2803 multos.
1419 2749 1579 2805 Certe
1620 2766 1755 2806 unus
1782 2760 1917 2807 erat.

347 2835 489 2891 Unus
515 2838 734 2891 omnino
761 2838 894 2904 iste,
927 2854 1030 2892 non
1059 2839 1229 2894 solum
1256 2841 1408 2894 multi
1442 2852 1627 2906 erant,
1656 2843 1748 2898 sed
1782 2845 1926 2898 mul-.

344 2927 565 2982 titudinc
588 2928 847 2984 bonorum
875 2945 1152 2985 numerum
1175 2933 1515 3000 superabant.
1540 2933 1685 2988 Multi
1706 2935 1846 2990 enim
1868 2944 1926 2990 et

343 3019 465 3073 boni
490 3038 504 3073 :
533 3019 629 3075 sed
654 3020 707 3075 in
734 3022 1128 3090 comparatione
1155 3025 1414 3079 malorum
1444 3027 1594 3095 pauci
1623 3035 1748 3081 sunt
1772 3027 1917 3082 boni.

343 3109 500 3165 Multa
530 3110 791 3165 frumenta
822 3120 944 3168 nata
969 3121 1093 3167 sunt
1124 3130 1137 3166 :
1167 3128 1414 3184 compara
1443 3116 1608 3186 paleis
1629 3157 1645 3184 ,
1673 3126 1727 3171 et
1756 3133 1922 3187 pauca

342 3215 499 3270 grana
524 3209 669 3255 sunt.
702 3200 864 3257 [idem
894 3203 990 3271 ipsi
1020 3203 1071 3257 in
1099 3218 1158 3259 se
1182 3204 1310 3273 ipsis
1341 3206 1491 3259 multi
1516 3247 1531 3271 ,
1560 3207 1613 3261 in
1640 3221 1925 3277 compara-a

343 3293 487 3348 tione
520 3293 779 3348 malorum
809 3294 983 3363 pauci.
1010 3294 1286 3361 Quomodo
1311 3298 1598 3367 probamus
1634 3300 1755 3370 quia
1784 3301 1834 3354 in
1862 3316 1921 3356 se

342 3384 468 3453 ipsis
507 3382 884 3439 multitblulti
924 3385 987 3438 ab
1026 3387 1215 3447 oriente
1240 3396 1285 3440 et
1327 3387 1388 3441 ab
1415 3388 1667 3442 occidente
1704 3391 1916 3445 venient.

341 3476 454 3542 Quo
478 3474 737 3530 venient?
762 3474 844 3530 Ad
876 3475 1004 3531 illud
1047 3477 1345 3537 convivium
1370 3478 1470 3545 ,‘in
1512 3480 1653 3549 quod
1698 3479 1821 3535 boni
1866 3491 1920 3538 et

342 3568 466 3622 mali
493 3569 708 3622 intrant.
738 3568 813 3624 De
838 3569 944 3623 alio
967 3569 1209 3627 convivio
1239 3570 1444 3625 locutus
1467 3571 1728 3640 adjunxit,
1752 3573 1819 3627 Et
1840 3591 1921 3627 re-

339 3663 569 3715 cumbent
606 3678 721 3716 cum
748 3662 1036 3729 Abraham,
1067 3661 1217 3717 Isaac
1255 3674 1302 3718 et
1321 3662 1515 3730 Jacob,
1542 3664 1596 3718 in
1634 3682 1787 3735 regno
1814 3683 1917 3719 ca:-

341 3749 503 3805 lorum
538 3751 750 3823 (Matth.
782 3769 873 3808 vnt
893 3795 909 3817 ,
939 3753 1049 3824 ll).
1080 3753 1213 3808 Illud
1238 3762 1320 3809 est
1347 3754 1648 3809 convivium
1674 3771 1780 3826 quo
1810 3773 1917 3812 non

338 3845 601 3897 accessuri
623 3852 747 3898 sunt
765 3844 911 3915 mali.
940 3844 1051 3898 Hoc
1072 3844 1213 3914 quod
1235 3844 1393 3899 modo
1412 3855 1493 3900 est
1512 3844 1669 3915 digne
1690 3847 1919 3917 accipia-

340 3942 424 3989 tur
445 3976 462 4000 ,
493 3946 553 3989 ut
575 3935 643 3990 ad
669 3936 800 3990 illud
839 3937 1194 4007 perveniatur.
1242 3936 1406 3992 Iidem
1434 3952 1562 4007 ergo
1601 3938 1792 4005 multi,
1824 3940 1915 4010 qui

338 4030 488 4094 pauci
520 4044 535 4081 :
562 4027 714 4083 multi
739 4027 794 4082 in
820 4043 879 4083 se
902 4028 1029 4098 ipsis
1048 4068 1063 4093 ,
1096 4029 1247 4098 pauci
1275 4029 1328 4083 in
1352 4030 1610 4085 malorum
1637 4046 1916 4101 compara-

339 4120 499 4173 tione.
532 4119 672 4190 Ergo
695 4120 821 4191 quid
846 4121 921 4175 ait
950 4121 1245 4175 Dominus?
1273 4120 1477 4176 Invenit
1500 4138 1660 4177 unum
1680 4165 1695 4190 ,
1724 4133 1777 4180 et
1801 4125 1873 4179 ait
1896 4165 1911 4191 ,

338 4208 686 4278 Projiciantur
728 4210 917 4277 multi,
949 4220 1257 4267 remaneant
1293 4213 1467 4282 pauci.
1500 4212 1687 4269 Dicere
1726 4215 1869 4270 enim
1893 4257 1910 4285 ,

340 4299 487 4354 Multi
522 4303 681 4355 vocati
700 4342 717 4366 ,
746 4302 896 4371 pauci
919 4318 1033 4357 vero
1071 4303 1245 4369 electi,
1281 4305 1412 4358 nihil
1435 4314 1516 4360 est
1540 4306 1681 4360 aliud
1707 4348 1720 4372 ,
1754 4321 1913 4376 quam

336 4403 520 4461 aperte
535 4393 834 4459 ostendere,
855 4395 945 4463 qui
972 4395 1025 4449 in
1043 4396 1146 4450 isto
1170 4396 1418 4452 convivio
1446 4399 1575 4459 tales
1595 4399 1910 4464 habeantur,

278 4536 279 4539 η
337 4495 390 4537 ιιι
406 4484 471 4538 ad
492 4484 634 4540 aliud
653 4486 950 4542 convivium
974 4487 1350 4557 perducantur,
1368 4505 1473 4560 quo
1498 4491 1673 4552 nullus
1693 4492 1918 4549 accedet

336 4576 616 4630 malorum.

403 4667 455 4720 5.
487 4666 731 4733 Quanam
756 4668 822 4722 sit
848 4669 993 4723 uestis
1016 4671 1275 4740 nuptialis.
1311 4670 1455 4739 Quid
1478 4686 1604 4743 ergo
1634 4673 1756 4727 cst?
1784 4674 1917 4737 Ome,

335 4773 427 4813 nes
467 4759 559 4828 qui
585 4759 834 4815 acceditis
876 4761 942 4816 ad
983 4776 1223 4824 mensam
1256 4762 1572 4820 dominicam
1598 4782 1784 4836 Lque:
1826 4767 1915 4823 hic

236 4882 239 4883 ν
334 4858 433 4914 est,
461 4848 587 4904 nolo
612 4865 731 4906 esse
755 4866 875 4906 cum
907 4853 1435 4923 multisseparandis,
1461 4855 1556 4910 sed
1584 4873 1703 4911 cum
1731 4860 1911 4928 paucis

335 4938 731 4993 conservandis.
778 4940 931 4997 Unde
975 4941 1077 4997 hoc
1106 4945 1390 5012 poteritis?
1427 4947 1663 5017 Accipite
1709 4958 1911 5004 vestem

335 5029 642 5097 nuptialem.
673 5030 911 5103 Exppnc,
942 5032 1169 5104 inquies,
1194 5036 1346 5091 nobis
1368 5048 1570 5093 vestem
1600 5041 1908 5111 nuptialem.

335 5117 520 5174 Procul
548 5120 711 5175 dubio
752 5122 842 5176 illa
886 5122 1046 5185 vestis
1090 5135 1217 5193 est,
1245 5142 1401 5198 quam
1434 5145 1536 5183 non
1565 5130 1764 5186 habent
1812 5132 1911 5186 nisi

334 5208 476 5276 boni,
501 5210 555 5265 in
580 5213 823 5277 convivio
849 5215 1197 5286 relinquendi,
1237 5220 1482 5274 servandi
1505 5221 1572 5276 ad
1613 5223 1916 5288 convivium

333 5316 435 5370 quo
473 5302 651 5358 nullus
676 5305 844 5357 malus
867 5307 1090 5371 accedit,
1116 5310 1459 5378 perDomini,
1472 5314 1693 5381 gratiam
1715 5315 1911 5384 perdu-

332 5391 528 5446 cendi:
570 5393 669 5462 ipsi
728 5393 927 5451 habent
985 5408 1188 5459 vestem
1238 5402 1547 5470 nuptialem.
1603 5404 1911 5473 Qumramus

331 5496 477 5552 ergo,
507 5483 696 5541 fratres
746 5486 869 5553 tnci,
911 5488 1053 5546 inter
1098 5489 1279 5551 ﬁdeles
1321 5493 1420 5561 qui.
1440 5502 1563 5548 sunt
1598 5496 1685 5565 qui
1717 5496 1918 5553 habent

332 5573 551 5642 aliquid,
579 5574 717 5645 quod
746 5577 869 5632 mali
902 5594 1004 5633 non
1032 5579 1249 5648 habent,
1279 5591 1331 5638 et
1358 5582 1468 5651 ipsa
1495 5584 1595 5638 erit
1621 5588 1784 5641 vestis
1809 5605 1908 5642 uu-

334 5664 523 5731 ptialis.
555 5666 611 5721 Si
639 5668 977 5725 Sacramenta
1016 5671 1324 5741 dixerimus,
1355 5674 1541 5730 videtis
1568 5681 1910 5746 quemadmo-

332 5754 453 5809 dum
484 5757 588 5811 sint
617 5758 769 5815 malis
800 5759 1054 5832 bonisque
1085 5766 1402 5821 communia.
1457 5767 1761 5838 Baptismus
1789 5776 1908 5829 est?

1823 348 2051 405 εειιλιυ
2094 348 2204 405 XC.

3518 356 3626 413 562

2046 480 2170 536 Sine
2201 482 2466 552 Baptismo
2490 486 2703 556 quidem
2745 505 2899 544 nemo
2928 495 2994 544 ad
3024 496 3189 545 Deum
3232 490 3468 559 pervenit
3493 506 3506 543 :
3529 490 3623 545 scd

2046 589 2150 628 non
2177 576 2350 629 omnis
2378 578 2466 646 qui
2513 580 2670 635 habet
2701 580 3021 650 Baptismum
3063 581 3129 635 ad
3162 581 3323 635 Dcmn
3360 581 3621 652 pervenit.

2044 666 2160 721 Non
2182 683 2308 736 ergo
2336 683 2549 738 possum
2586 670 2878 742 intelligere
2904 673 3226 743 Baptismum
3253 687 3375 727 esse
3418 662 3623 727 vestem

2044 759 2350 827 nuptialem,
2382 760 2431 813 id
2461 770 2542 816 est
2568 760 2739 830 ipsum
2771 774 3194 829 sacramentum;
3232 779 3389 834 quam
3417 756 3620 819 vestem

2041 848 2196 902 video
2226 848 2278 902 in
2304 849 2475 915 bonis,
2508 850 2660 905 video
2703 853 2752 906 in
2782 854 2953 907 malis.
3003 854 3161 908 Forte
3181 854 3346 909 altare
3393 862 3495 919 est,
3534 854 3620 909 vel

2041 938 2183 1008 quod
2219 940 2475 1010 accipitur
2496 942 2564 996 de
2590 943 2761 997 altari.
2792 944 3040 999 Videmus
3068 946 3187 1013 quia
3219 946 3367 999 multi
3394 944 3616 999 mandu-

2040 1038 2186 1095 cant,
2212 1038 2267 1083 ct
2289 1031 2542 1101 judicium
2574 1032 2672 1086 sibi
2696 1034 3082 1089 manducantet
3112 1035 3311 1089 bibunt.
3332 1035 3467 1103 Quid
3492 1049 3620 1105 ergo

2039 1132 2119 1176 est
2139 1122 2162 1174 ?
2183 1122 2501 1189 ieiunatur?-
2519 1124 2768 1193 Jejnnant
2796 1133 2849 1180 et
2877 1126 3024 1179 mali.
3062 1126 3139 1179 Ad
3169 1126 3459 1180 Ecclesiam
3485 1140 3617 1181 con-

2039 1215 2311 1269 curritur?
2364 1216 2699 1271 Concurrunt
2738 1227 2791 1272 et
2838 1217 2981 1270 mali.
3041 1218 3316 1272 Postremo
3366 1218 3617 1272 miracula

2043 1303 2212 1357 fiunt?
2236 1304 2350 1359 Non
2378 1307 2559 1360 solum.
2580 1307 2703 1360 boni
2731 1306 2924 1361 faciunt
2963 1316 3021 1360 ct-
3043 1307 3187 1373 mali,
3216 1308 3306 1361 sed
3337 1306 3617 1375 aliquando

2039 1409 2144 1447 non
2182 1394 2390 1450 faciunt
2426 1397 2570 1450 boni.
2602 1397 2741 1451 Ecce
2782 1397 2833 1451 iu
2887 1406 3066 1452 vetere
3098 1398 3292 1467 populo
3313 1399 3449 1467 magi
3477 1399 3616 1453 Pha-

2036 1487 2216 1541 raonis
2244 1488 2494 1542 miracula
2522 1489 2778 1543 faciebant
2803 1488 2995 1563 (Exod.
3022 1506 3092 1543 vn
3114 1499 3169 1544 et
3194 1490 3330 1561 vm),
3367 1489 3616 1543 Israelita:

2034 1591 2138 1630 non
2191 1578 2571 1633 faciebant:in
2627 1580 2875 1635 Istat-litis
2922 1582 3065 1635 solus
3114 1581 3321 1651 Moyses
3358 1581 3617 1634 etAarun

2031 1668 2291 1724 faciebant
2306 1686 2320 1732 ;
2338 1672 2516 1725 cmteri
2536 1686 2637 1725 non
2657 1671 2934 1735 faciebant,
2953 1671 3044 1725 scd
3058 1672 3321 1736 videbant,
3343 1671 3637 1737 timebant,

2030 1760 2339 1815 credebant.
2356 1762 2613 1832 Numquid
2636 1763 2877 1818 meliores
2894 1764 3028 1834 magi
3054 1764 3342 1819 Pharaonis
3364 1764 3613 1819 miracula

2030 1850 2305 1918 facientes,
2339 1869 2492 1922 quam
2527 1856 2748 1924 populus
2786 1854 2968 1922 Israel,
3014 1856 3106 1925 qui
3148 1856 3396 1910 miracula
3441 1854 3616 1911 facere

2029 1958 2133 1997 non
2163 1944 2391 2010 valebat,
2422 1955 2475 1999 ct
2513 1947 2590 2000 ad
2610 1947 2778 2002 Deum
2811 1956 2984 2001 tamen
3019 1948 3243 2018 populus
3283 1946 3624 2017 pertinebat?

2028 2033 2084 2089 In
2130 2035 2239 2105 ipsa
2280 2037 2544 2100 Ecclesia,
2598 2040 2907 2109 Apostolum
2939 2040 3093 2105 audi,
3140 2038 3402 2109 Numquid
3444 2055 3614 2093 omnes

2027 2129 2329 2199 praphetw?
2371 2132 2632 2199 numquid
2658 2149 2826 2186 omnes
2876 2132 3009 2185 dona
3046 2132 3225 2185 habent
3262 2131 3615 2185 curationum'

2026 2219 2272 2287 numquid
2324 2236 2493 2274 omnes
2514 2222 2697 2291 lingu-is
2723 2222 2991 2292 loquuntur
3022 2224 3061 2295 (I
3084 2221 3200 2278 Cor.
3234 2239 3326 2287 xu,
3353 2222 3444 2287 29,
3472 2222 3561 2291 50)
3590 2225 3612 2274 τ

2096 2310 2148 2364 6.
2184 2309 2343 2365 Vestis
2372 2311 2615 2381 nuptialis
2652 2314 2892 2367 charitas.
2922 2313 3067 2368 Bona
3107 2324 3286 2367 ca'tera
3312 2314 3419 2366 sine
3439 2314 3611 2366 chari-

2027 2409 2128 2456 tate
2164 2420 2264 2457 non
2321 2416 2547 2474 prosunt.
2606 2404 2834 2459 Charitas
2898 2417 2943 2461 et
2984 2407 3233 2475 cupiditas
3292 2406 3345 2459 in
3391 2407 3608 2459 homine.

2024 2494 2153 2561 Quae
2182 2504 2265 2551 est
2283 2511 2409 2565 ergo
2435 2498 2599 2552 vestis
2626 2499 2712 2552 illa
2745 2499 3033 2569 nuptialis?
3065 2499 3187 2553 "an
3217 2507 3295 2552 est
3326 2500 3486 2552 vestis
3515 2515 3613 2552 utt-

2025 2585 2202 2655 ptialis
2239 2606 2259 2641 θ
2294 2586 2443 2641 Finis
2478 2599 2645 2642 autem
2692 2591 2926 2660 praecepti
2969 2600 3071 2657 est,
3124 2591 3408 2660 Apostolus
3458 2590 3606 2655 dicit,

2027 2676 2248 2731 cltaritas
2284 2678 2346 2731 de
2373 2679 2523 2732 corde
2549 2696 2694 2749 puro,
2724 2689 2771 2733 et
2800 2682 3098 2734 conscientia
3127 2682 3275 2748 bona,
3304 2690 3351 2734 et
3380 2681 3481 2749 ﬁde
3505 2698 3606 2735 non

2027 2768 2144 2835 ﬁcta
2171 2766 2214 2839 (Ι
2245 2768 2374 2822 Tim.
2403 2784 2441 2836 ι,
2468 2770 2701 2836 5).Ila:c
2724 2780 2806 2825 est
2834 2772 2996 2825 vestis
3025 2773 3289 2840 nuptialis.
3318 2770 3431 2826 Non
3460 2786 3608 2841 qure-

2025 2872 2251 2928 eumque
2274 2858 2506 2921 cbaritas
2531 2877 2544 2914 :
2577 2875 2697 2914 nam
2726 2860 3033 2930 plerumque
3049 2861 3292 2915 videntur
3307 2876 3367 2917 se
3388 2860 3609 2930 diligere

2025 2950 2183 3006 etiam
2215 2950 2456 3006 homines
2487 2952 2768 3022 participes
2795 2953 2945 3006 malae
2992 2954 3348 3008 coitscientiac.
3378 2951 3477 3018 Qui
3524 2952 3603 3005 si-

2026 3042 2153 3095 mul'
2167 3041 2441 3097 latrocinia
2472 3041 2686 3109 faciunt,
2721 3043 2808 3113 qui
2838 3042 2993 3097 simul
3018 3042 3298 3108 maleficia,
3344 3042 3430 3111 qui
3452 3042 3609 3097 simul

2026 3131 2313 3187 histriones
2359 3142 2559 3201 amant,
2588 3134 2677 3204 qui
2728 3134 2882 3189 simul
2933 3134 3130 3204 aurigis
3171 3144 3225 3187 et
3269 3134 3611 3188 venatoribus

2024 3224 2277 3290 clamant,
2323 3224 2632 3295 plerumque
2661 3226 2884 3297 diligunt
2931 3225 3147 3281 sc:sed
3191 3241 3295 3280 non
3323 3234 3408 3280 est
3448 3224 3502 3279 in
3532 3226 3611 3280 eis

2024 3316 2245 3369 charitas
2268 3317 2332 3371 de
2358 3318 2509 3370 corde
2529 3334 2677 3387 puro,
2707 3326 2753 3371 et
2797 3317 3101 3371 conscientia
3128 3318 3277 3384 bona,
3312 3327 3358 3371 et
3384 3316 3484 3386 ﬁde
3508 3333 3611 3371 non

2026 3406 2162 3475 ﬁcta.
2186 3405 2327 3462 Talis
2354 3406 2583 3462 charitas
2599 3408 2763 3463 vestis
2785 3415 2867 3463 est
2887 3407 3153 3477 nuptialis.
3172 3407 3428 3478 Silinguis
3443 3407 3609 3461 homi-

2024 3514 2146 3552 num
2161 3499 2337 3567 loquar
2352 3508 2397 3552 et
2412 3498 2736 3568 Angelorum,
2761 3498 3056 3552 charitatem
3073 3508 3238 3553 autem
3258 3516 3357 3553 non
3377 3498 3608 3565 habeam,

2025 3593 2192 3660 factus
2220 3607 2353 3654 sum,
2383 3590 2585 3660 inquit,
2625 3599 2678 3643 ut
2705 3599 3029 3644 atramentum
3055 3606 3262 3655 sonans,
3295 3601 3382 3643 aut
3406 3590 3612 3660 cymba-

2024 3680 2131 3734 lum
2159 3681 2395 3736 tinniens.
2437 3680 2784 3736 Advenerunt
2810 3682 2999 3750 lingua:
3029 3681 3175 3746 solm,
3205 3689 3262 3735 et
3292 3681 3485 3735 dicitur
3505 3682 3607 3749 eis,

2021 3770 2157 3838 Quid
2178 3771 2280 3825 huc
2300 3771 2535 3826 intrastis
2562 3787 2666 3826 non
2692 3770 2959 3826 habentes
2976 3778 3176 3825 vestem
3202 3771 3521 3840 nuptialem?
3547 3771 3612 3827 Si

2021 3862 2257 3929 habuero,
2277 3864 2466 3934 inquit,
2501 3864 2834 3935 prophetiam,
2857 3874 2902 3919 et
2925 3865 3079 3919 sciero
3096 3866 3260 3919 omnia
3275 3875 3607 3930 sacramenta,

2020 3962 2068 4008 et
2111 3969 2306 4007 omnem
2328 3954 2621 4021 scientiam,
2646 3964 2693 4008 et
2738 3953 2975 4008 habuero
3013 3954 3186 4023 ﬁdem,
3231 3956 3302 4008 ita
3327 3964 3380 4009 ut
3418 3964 3610 4010 montes

2020 4047 2357 4115 transferam,
2385 4046 2878 4101 charitatemautem
2912 4062 3013 4100 non
3041 4045 3248 4100 habeam
3268 4089 3283 4113 ,
3322 4047 3448 4101 nihil
3474 4063 3606 4101 sum.

2020 4137 2160 4196 Ecce
2187 4147 2321 4193 sunt
2338 4138 2424 4191 illa
2452 4137 3005 4193 miraculahominum
3030 4138 3343 4209 plerumque
3371 4154 3476 4193 non
3516 4139 3610 4195 ba-

2018 4227 2261 4282 benLium
2306 4236 2509 4283 vestem
2539 4229 2848 4299 nuptialem.
2880 4228 2936 4283 Si
2973 4228 3106 4295 haec,
3154 4229 3340 4299 inquit,
3384 4230 3606 4285 habeam

2019 4320 2554 4386 omnia,etChristum
2573 4336 2674 4379 non
2690 4321 3219 4387 habeam,uibilsum.
3239 4322 3605 4393 Nihil.inquit,

2017 4427 2145 4466 sum.
2170 4411 2310 4481 Ergo
2336 4412 2611 4481 prephetia
2630 4412 2761 4466 nihil
2781 4413 2899 4466 est?
2917 4427 3044 4483 ergo
3067 4414 3287 4468 scientia
3307 4429 3609 4470 sacramen-

2019 4511 2190 4559 torum
2214 4504 2343 4558 nihil
2368 4506 2485 4558 est?
2503 4504 2617 4560 Non
2640 4506 2724 4559 illa
2748 4505 2877 4560 nihil
2895 4516 3048 4561 sunt:
3075 4507 3167 4563 sed
3193 4523 3313 4578 ego,
3335 4509 3378 4563 si
3401 4509 3487 4562 illa
3506 4507 3606 4561 ha-

2017 4594 2193 4659 beam,
2222 4605 2274 4650 et
2302 4595 2613 4652 charitatcm
2642 4613 2745 4652 non
2788 4598 3033 4665 habeam,
3062 4599 3193 4655 nihil
3217 4616 3355 4655 sum.
3401 4600 3607 4667 Quanta

2016 4684 2331 4741 bona-,nihil
2369 4695 2589 4756 prosunt
2618 4689 2741 4743 sine.
2772 4703 2899 4743 uno.
2920 4689 3101 4745 bono?
3130 4690 3185 4745 Si
3228 4705 3333 4744 non
3382 4688 3607 4745 habeam

2017 4776 2351 4843 cbaritatem,
2371 4779 2415 4832 si
2443 4779 2814 4851 clcemosynas
2837 4781 3031 4850 largior
3060 4782 3112 4834 in
3147 4796 3423 4850 pauperes,
3465 4782 3510 4836 si
3539 4783 3606 4837 ad

2016 4870 2408 4927 confessionem
2432 4860 3051 4948 nominisChristiusque
3076 4873 3141 4927 ad
3163 4874 3493 4944 sanguinem,
3513 4890 3605 4929 us-

2017 4978 2119 5032 que
2148 4962 2213 5016 ad
2240 4963 2385 5033 ignes
2401 4963 2614 5027 accedo,
2635 4965 2967 5034 possuutista
3000 4964 3370 5019 fierietatnorc
3401 4964 3600 5034 glorim,

2018 5053 2190 5108 inania
2207 5062 2348 5108 sunt.
2367 5055 2495 5122 Quia
2514 5065 2878 5125 ergopossuut
2900 5058 3013 5111 ﬁeri
3030 5057 3190 5112 etiam
3213 5072 3397 5112 amore
3421 5058 3605 5128 gloria:

2018 5143 2349 5211 inania,_non
2371 5145 2629 5199 charitate
2659 5146 3002 5216 pinguissima
3041 5147 3269 5217 pietatis,
3301 5148 3459 5202 etiam
3490 5148 3604 5218 ipsa

2017 5244 2418 5302 commemorat,
2441 5246 2496 5301 et
2530 5236 2640 5307 ipsa
2666 5236 2787 5292 audi
2817 5236 2914 5292 :Si
2943 5238 3239 5292 distribuero
3281 5241 3448 5293 omnia
3495 5256 3605 5294 mea

2017 5324 2070 5378 in
2094 5342 2241 5379 usum
2271 5343 2566 5395 pauperum,
2593 5336 2642 5381 et
2669 5329 2713 5382 si
2733 5328 2986 5381 tradidero
3014 5344 3195 5397 corpus
3232 5346 3394 5385 meum
3438 5340 3493 5384 ut
3520 5349 3605 5384 ar-

2018 5417 2184 5483 deam,
2219 5418 2510 5473 charitatem
2534 5437 2632 5474 non
2653 5420 2880 5483 habeant,
2904 5421 3031 5474 nihil
3057 5421 3181 5474 mihi
3203 5423 3402 5491 prodest
3424 5424 3463 5494 (I
3482 5422 3603 5479 Cor.

2016 5523 2130 5571 xm,
2159 5508 2298 5578 l-5).
2337 5508 2461 5564 Haec
2503 5520 2583 5564 est
2613 5512 2776 5563 vestis
2804 5511 3069 5578 nuptialis.
3116 5510 3443 5583 luterrogate
3472 5530 3599 5579 vos;

2016 5598 2063 5651 si
2090 5597 2292 5653 habetis
2314 5600 2478 5668 illam,
2498 5601 2665 5655 securi
2687 5602 2814 5655 estis
2836 5602 2886 5656 in
2908 5604 3149 5659 convivio
3166 5604 3447 5661 dominico.
3476 5607 3603 5661 Diue

2018 5697 2140 5741 sunt
2171 5691 2223 5742 in
2271 5691 2483 5746 homine
2522 5707 2661 5758 uno,
2691 5694 2924 5748 charitas
2968 5706 3023 5750 et
3049 5697 3329 5766 cupiditas.
3361 5697 3604 5755 Charitas

2017 5790 2263 5835 nascatur
2306 5783 2358 5837 in
2409 5791 2480 5852 te,
2535 5784 2577 5838 si
2609 5784 2843 5840 nondum
2892 5796 3010 5841 nata
3049 5800 3157 5856 cst;
3185 5799 3239 5844 et
3275 5790 3319 5844 si
3346 5798 3466 5845 nata
3493 5800 3596 5855 cst,
