4126 6322
498 465 694 531 alatur,
728 460 1006 525 nutriatur,
1040 463 1267 513 crescat.
1298 453 1391 509 illa
1442 468 1567 508 vero
1616 451 1897 527 cupiditas,
1930 458 1984 506 et
2028 447 2075 507 si

498 558 552 623 in
584 558 682 613 hac
704 556 805 612 vita
830 552 1087 622 exstingui
1115 550 1326 621 penitus
1354 562 1459 603 non
1489 554 1696 618 potest;
1721 546 1839 617 quia
1863 545 1909 599 si
1936 544 2078 598 dixe-

497 650 659 704 rimus
681 646 816 719 quod
844 653 1096 716 peccatum
1144 658 1245 696 non
1297 639 1554 704 habemus,
1586 654 1677 692 nos
1715 637 1853 708 ipsos
1874 635 2075 690 seduci-

497 756 629 804 mus,
660 748 706 792 et
734 737 910 792 veritas
934 737 987 791 in
1008 734 1148 789 nobis
1176 749 1277 788 non
1297 741 1404 791 est:
1432 731 1483 785 in
1524 738 1776 801 quantum
1796 737 1973 785 autem
1994 734 2079 786 est

498 834 551 887 in
575 830 723 886 nobis
744 828 1018 899 cupiditas,
1040 828 1092 881 in
1120 834 1320 881 tantum
1350 825 1465 879 sine
1486 831 1704 893 peccato
1726 836 1829 876 non
1856 834 2072 874 sumus:

498 924 726 980 Charitas
749 930 970 985 crescat,
994 920 1253 990 cupiditas
1276 918 1581 981 decrescat;
1613 924 1670 971 ut
1688 912 1971 985 aliquando
1987 912 2077 967 illa

498 1016 820 1087 perficiatur,
861 1014 963 1069 hoc
1005 1022 1087 1069 est
1129 1012 1385 1076 cltaritas,
1417 1010 1675 1081 cupiditas
1712 1014 2074 1063 consumatur.
2125 1025 2128 1029 ‘

495 1107 700 1163 lnduite
752 1120 846 1160 vos
902 1113 1102 1161 vestem
1158 1103 1615 1173 nuptialemzvos
1658 1099 1934 1169 alloquor,
1987 1095 2077 1171 qui

494 1198 720 1256 necdum
754 1197 981 1262 habetis.
1027 1195 1143 1250 Jam
1186 1194 1331 1249 intus
1360 1182 1519 1257 estis,
1543 1192 1653 1261 jam
1680 1191 1745 1245 ad
1775 1189 2076 1245 convivium

493 1289 766 1353 acceditis,
811 1297 866 1344 et
893 1297 1094 1342 vestem
1124 1287 1175 1340 in
1213 1285 1471 1340 honorem
1515 1283 1695 1353 sponsi
1726 1280 1957 1337 nondum
1983 1279 2078 1333 ha-

493 1380 629 1444 betis
659 1388 873 1436 :vestra
922 1378 1097 1440 adhuc
1124 1376 1381 1447 quaeritis,
1427 1391 1531 1445 non
1563 1390 1679 1444 qua:
1708 1373 1831 1428 Jesu
1857 1369 2074 1431 Christi.

494 1470 674 1531 Vestis
701 1470 843 1535 enim
874 1469 1124 1540 nuptialis
1146 1467 1195 1521 in
1225 1468 1429 1532 honore
1466 1465 1723 1537 accipitur
1746 1463 2076 1539 coniugatio-

494 1561 599 1627 nis,
625 1560 674 1616 id
704 1568 786 1615 est
812 1560 993 1642 sponsi
1043 1569 1097 1614 et
1123 1571 1356 1633 sponsae.
1400 1555 1578 1615 Nostis
1599 1546 1892 1624 sponsum:
1921 1551 2078 1626 Chri-

497 1662 612 1709 stus
637 1660 739 1715 est.
776 1651 956 1709 Nostis
996 1664 1285 1720 sponsam:
1320 1646 1563 1724 Ecclesia
1608 1654 1709 1701 est.
1738 1645 1949 1730 Delerte
1975 1660 2078 1717 nn-

492 1744 662 1811 henti,
714 1741 917 1801 deferte
973 1741 1207 1801 ducenti.
1259 1740 1316 1796 Si
1349 1739 1464 1805 istis
1493 1739 1630 1797 bene
1667 1737 1961 1812 detuleritis
1987 1735 2079 1813 qui

493 1834 715 1897 nubent,
754 1848 850 1895 vos
872 1832 965 1898 ﬁlii
996 1832 1161 1889 eritis.
1185 1832 1331 1907 Ergo.
1352 1832 1405 1887 in
1441 1830 1545 1897 hoc
1571 1831 1832 1902 prolicite.
1865 1829 2078 1901 Diligite

496 1927 795 1994 hominum,
818 1936 872 1982 et
893 1926 961 1981 ibi
985 1926 1174 1987 discite
1198 1925 1417 1995 diligere
1438 1940 1533 1980 vos
1557 1942 1570 1980 :
1597 1932 1654 1979 ut
1672 1940 1792 1979 cum
1809 1923 2077 1995 diligendo

494 2018 776 2082 Dominum
789 2017 1078 2081 dilexeritis
1095 2031 1209 2085 vos,
1231 2017 1403 2073 securi
1420 2015 1645 2094 diligatis
1660 2016 1929 2086 proximos
1939 2016 2078 2071 sicut

491 2126 607 2165 vos.
634 2111 857 2179 Quando
886 2110 1029 2166 enim
1072 2126 1177 2165 non
1218 2110 1431 2175 invenio
1452 2124 1509 2165 se
1537 2110 1707 2180 ipsum
1737 2109 2069 2181 diligentem,

491 2204 758 2274 quomodo
799 2204 849 2260 ei
878 2203 1124 2273 permitto
1160 2202 1482 2283 proximum,
1521 2217 1678 2273 quem
1706 2202 1887 2277 diligat
1939 2204 2077 2265 sicut

490 2312 547 2351 se
566 2297 769 2366 ipsum?
788 2297 854 2351 Et
873 2297 991 2366 quis
1005 2304 1106 2362 est,
1132 2295 1318 2365 inquit,
1348 2296 1435 2366 qui
1457 2310 1565 2365 non
1590 2296 1772 2366 diligat
1792 2311 1850 2353 se
1868 2296 2074 2365 ipsum?

491 2387 630 2445 Ecce
672 2387 790 2456 quis
828 2392 907 2442 est
934 2404 951 2442 :
981 2387 1080 2452 Qui
1110 2386 1275 2458 diligit
1316 2378 1649 2456 iniquitatem,
1698 2388 1804 2449 odit
1850 2390 2073 2443 animam

488 2496 634 2537 suam
663 2477 830 2547 (Psal.
851 2494 904 2544 si,
929 2476 1007 2549 6).
1025 2466 1289 2557 Numquid
1310 2478 1569 2549 diligitse,
1592 2480 1836 2550 quiamat
1854 2495 2071 2551 carnem

487 2585 660 2634 suam,
690 2579 743 2625 et
765 2570 877 2626 odit
904 2569 1135 2649 animant
1177 2586 1348 2636 suam,
1380 2571 1521 2626 malo
1554 2586 1672 2638 suo,
1721 2572 1861 2627 malo
1880 2573 2073 2629 animae

488 2678 598 2718 sua:
625 2672 680 2719 et
706 2666 883 2720 carnis
912 2664 1061 2723 suae?
1082 2662 1212 2731 Quis
1237 2654 1414 2720 autem
1434 2664 1606 2741 diligit
1630 2666 1862 2720 animam
1886 2667 2072 2744 suam?

485 2754 586 2822 Qui
612 2754 785 2827 diligit
814 2742 982 2811 Deum
1008 2771 1076 2812 ex
1107 2764 1220 2821 toto
1246 2756 1407 2811 corde
1433 2772 1547 2825 suo,
1583 2765 1637 2812 et
1659 2773 1721 2812 ex
1754 2766 1861 2813 tota
1892 2742 2071 2814 mente

486 2862 601 2902 sua.
631 2847 750 2903 Jam
785 2848 876 2914 tali
917 2848 1194 2915 committo
1232 2849 1597 2927 proximum‘.
1643 2848 1855 2923 Diligite
1893 2850 2075 2927 prosi-3

485 2952 621 3004 inos,
654 2947 899 3008 tanquam
918 2953 1013 3003 vos
1039 2938 1201 3015 ipsos.
1360 2926 1363 2929 ’

558 3029 608 3082 7.
667 3028 938 3085 Proximus
965 3072 979 3095 ,
1008 3032 1170 3111 omnis
1197 3032 1366 3085 homo.
1415 3032 1545 3101 Quis
1587 3040 1688 3099 est,
1718 3032 1906 3104 inquit,
1938 3033 2069 3090 mihi

483 3121 790 3190 proximus?
823 3122 1007 3179 Omnis
1054 3124 1213 3179 homo
1252 3124 1523 3194 proximus
1567 3134 1687 3182 tuus
1732 3135 1833 3181 est.
1882 3115 2070 3183 Nonne

483 3212 617 3271 duos
644 3222 895 3291 parentes
918 3213 1197 3269 habuimus
1240 3216 1468 3270 omnes?
1511 3215 1759 3271 Proxima
1808 3226 1933 3273 sunt
1965 3219 2067 3274 sibi

482 3304 741 3374 cujusque
767 3306 977 3383 generis
1005 3306 1274 3374 animalia,
1299 3308 1576 3364 columbus
1620 3310 1887 3377 columbo,
1943 3326 2067 3380 par-

482 3398 584 3453 dus
615 3398 799 3468 pardo,
824 3398 968 3468 aspis
988 3399 1179 3469 aspidi,
1212 3386 1372 3470 pecus
1394 3402 1597 3474 pecori,
1626 3410 1678 3465 et
1708 3418 1812 3473 non
1836 3412 1920 3458 est
1945 3419 2067 3474 pro-

481 3490 655 3554 ximus
673 3489 832 3545 homo
858 3490 1094 3545 homini?
1113 3491 1352 3567 Recolite
1382 3492 1762 3567 institutionem
1784 3505 2064 3553 creaturae.

482 3579 623 3634 Dixit
668 3580 829 3645 Deus,
869 3567 1200 3657 protulerunt
1225 3597 1411 3653 aquae;
1444 3583 1698 3649 natantia,
1754 3592 1901 3640 cetos
1948 3599 2065 3638 ma-

480 3688 633 3737 gnos,
665 3672 855 3751 pisces,
884 3674 1061 3741 alites,
1092 3674 1394 3749 similiaque
1422 3676 1775 3753 protulerunt.
1797 3676 2063 3749 Numquid

478 3766 547 3820 de
585 3780 688 3819 una
730 3781 828 3823 ave
856 3782 1045 3823 omnes
1097 3754 1259 3823 aves?
1308 3768 1569 3839 Numquid
1606 3768 1671 3825 de
1700 3785 1806 3824 uno
1855 3771 2065 3828 vulture

479 3873 665 3912 omnes
696 3859 975 3929 vultures?
1024 3860 1289 3932 Numquid
1333 3862 1401 3917 de
1456 3878 1565 3919 uno
1604 3863 1851 3930 columbo
1878 3879 2065 3933 omnes

480 3952 1038 4027 columbi?Numquid
1066 3953 1134 4011 de
1179 3970 1287 4027 uno
1327 3940 1545 4011 colubro
1590 3971 1777 4012 omnes
1813 3938 2067 4013 colubri?

480 4044 743 4114 Numquid
770 4044 838 4121 de
863 4060 964 4099 una
998 4056 1180 4101 aurata
1220 4062 1407 4103 omnes
1445 4049 1681 4107 auratas?
1707 4048 1973 4119 Numquid
1998 4050 2064 4117 de

480 4152 581 4189 una
605 4151 704 4191 ove
728 4151 919 4213 omnes
944 4152 1072 4193 oves
1094 4138 1123 4197 ἲ
1151 4138 1341 4209 Utique
1366 4139 1522 4193 simul
1550 4148 1692 4195 terra
1718 4156 1911 4212 genera
1936 4158 2063 4213 pro-

481 4228 599 4282 tulit
627 4229 827 4303 omniai.
858 4229 1085 4285 Ventum
1135 4238 1216 4286 est
1244 4230 1309 4286 ad
1339 4232 1628 4308 hominem,
1662 4242 1716 4289 et
1742 4249 1847 4289 non
1877 4244 2064 4305 protu-

481 4320 541 4374 lit
571 4329 708 4376 terra
747 4320 1034 4379 hominem.
1060 4322 1253 4380 Factus
1285 4333 1369 4391 est
1392 4325 1548 4401 nobis
1580 4342 1719 4403 unus
1747 4336 1897 4398 pater
1923 4345 1937 4382 :
1966 4344 2065 4385 nec

478 4412 667 4471 saltent
689 4412 816 4483 duo,
845 4422 994 4485 pater
1016 4424 1070 4471 et
1093 4424 1263 4474 mater
1293 4433 1305 4469 :
1330 4414 1501 4479 factus
1518 4426 1621 4485 est,
1646 4419 1882 4489 inquam,
1913 4420 2065 4476 nobis

480 4521 617 4560 unus
643 4515 811 4576 pater,
843 4522 942 4579 nec
963 4507 1150 4563 saltem
1176 4509 1303 4584 duo,
1333 4518 1483 4579 pater
1531 4519 1585 4567 et
1612 4520 1783 4567 mater
1812 4530 1825 4567 :
1855 4512 1949 4567 sed
1997 4513 2066 4568 de

479 4612 587 4657 uno
609 4608 765 4669 patre.
785 4614 889 4654 una
913 4609 1085 4655 mater
1108 4615 1122 4662 ;
1145 4616 1281 4656 unus
1296 4600 1364 4657 de
1395 4602 1559 4667 nullo,
1585 4602 1680 4658 sed
1706 4618 1741 4672 a~
1758 4604 1869 4667 Deo
1895 4602 2065 4680 factus

479 4696 582 4754 est,
640 4698 692 4743 et
736 4704 836 4749 una
880 4689 947 4745 de
996 4690 1085 4745 illo
1119 4690 1269 4763 (Gen.
1303 4708 1319 4746 ι
1349 4702 1403 4748 ει
1444 4692 1528 4762 ιι).
1578 4693 1849 4763 Attendite
1896 4710 2065 4767 genus

480 4790 720 4836 nostrum
754 4800 768 4838 :
796 4782 863 4838 de
894 4798 1001 4851 uno
1035 4784 1179 4839 fonte
1201 4785 1558 4857 manavimus;
1590 4794 1645 4841 et
1668 4786 1790 4857 quia
1816 4787 1906 4848 ille
1928 4803 2065 4862 unus

478 4874 535 4929 in
563 4873 967 4938 amaritudinem
995 4889 1182 4930 versus
1210 4886 1314 4940 est,
1356 4892 1545 4933 omnes
1572 4893 1636 4934 ex
1667 4879 1805 4933 oliva
1834 4864 2073 4947 oleaster.

479 4965 603 5021 facti
630 4981 833 5023 sumus.
865 4965 1022 5022 Venit
1046 4974 1099 5020 et
1125 4967 1312 5037 gratia.
1342 4967 1630 5029 Generavit
1680 4986 1815 5031 unus
1846 4972 1912 5026 ad
1938 4984 2065 5042 pec-

478 5068 657 5113 catum
684 5066 738 5114 et
756 5058 827 5128 ad
853 5065 1102 5128 mortem,
1134 5066 1313 5113 tamen
1344 5075 1507 5129 unum
1535 5076 1724 5132 genus,
1750 5071 1923 5129 tamen
1941 5046 2067 5134 ιιιέοέ

480 5150 653 5206 ximos
693 5150 795 5207 sibi
826 5165 1048 5217 omnes;
1100 5157 1279 5206 tamen
1332 5166 1437 5207 non
1480 5152 1651 5207 solum
1708 5155 1929 5219 similes,
1968 5154 2075 5209 sed.

480 5242 641 5296 etiam
688 5252 963 5319 cognatos.
1012 5241 1171 5300 Venit
1205 5260 1340 5299 unus
1387 5254 1570 5299 contra
1620 5261 1784 5301 unum
1821 5264 1833 5300 :
1877 5254 2063 5319 contra

479 5347 645 5387 unum
682 5324 779 5403 qui
798 5336 1014 5411 sparsit,
1043 5351 1182 5403 unus
1210 5336 1298 5405 qtti
1328 5336 1545 5407 colligit.
1577 5336 1666 5394 Sic
1695 5348 1878 5409 contra
1902 5354 2065 5394 unum

480 5424 570 5497 qui
623 5425 836 5493 occidit,
868 5444 1007 5505 unus
1044 5429 1130 5498 qui
1162 5429 1409 5499 viviﬁcat.
1450 5411 1600 5483 Sicut
1626 5430 1767 5484 enim
1795 5432 1847 5484 in
1903 5430 2066 5485 Adam

482 5532 653 5575 Omnes
696 5519 999 5586 moriuntur,
1040 5522 1112 5574 sic
1157 5523 1209 5575 in
1241 5520 1438 5576 Christo
1480 5538 1650 5594 omnes
1688 5522 2070 5591 viviﬁcabuntur

547 5674 561 5741 ξ
590 5676 664 5741 Sic
682 5675 992 5741 Corbeiensis
1028 5682 1109 5741 Ms.
1144 5679 1337 5741 antiqua
1380 5690 1522 5728 manu
1574 5679 1861 5741 emendatus
1896 5693 1908 5727 :
1957 5693 2069 5735 nam

478 5734 649 5858 tabuit
694 5739 917 5801 primum,
950 5740 1091 5792 sicuti
1136 5734 1512 5795 sirntondus'ex
1542 5753 1603 5791 eo
1634 5740 1799 5801 edidit,
1832 5734 2071 5798 committo

516 5812 718 5854 i'artmo.

1703 336 1759 391 S.
1802 330 2164 391 AUGUSTINI
2210 331 2517 421 EPISCOPi

3665 339 3772 397 564

2186 444 2400 517 (lCor.
2448 465 2538 517 xv,
2588 448 2701 522 22).
2748 449 2853 508 Sed
2901 451 3169 523 quomodo
3214 450 3281 511 de
3332 451 3427 511 illo
3461 456 3638 512 omnis
3678 460 3773 530 qui

2181 540 2439 605 nascitur,
2477 542 2846 599 moriturrsic
2874 544 2927 600 in
2979 542 3191 601 Christo
3243 548 3418 603 omnis
3456 549 3549 618 qui
3575 550 3768 618 credit,

2182 628 2501 695 viviﬁcatur.
2530 632 2633 687 Sed
2655 635 2700 688 si
2728 633 2923 690 habeat
2947 645 3152 692 vestem
3195 638 3507 721 nuptialem,
3538 641 3585 719 si
3633 642 3772 701 invi-

2150 770 2153 773 ,
2183 729 2321 793 tetur
2346 724 2657 791 servandus,
2681 741 2784 781 non
2806 728 3151 797 separandus.

2254 812 2308 868 8.
2369 812 2525 875 Fides
2580 832 2681 870 non
2737 818 2963 889 qualibet
3019 820 3277 877 laudatur.
3344 822 3551 885 llabete
3591 825 3775 897 itaque

2124 899 2133 909 ’
2183 906 2526 974 cbaritatem,
2558 907 2747 969 fratres
2784 912 2908 968 mei.
2941 912 3180 989 Exposui
3212 915 3363 987 vobis
3416 927 3622 975 vestem
3664 937 3770 976 nu-

2185 998 2430 1066 ptialem,
2459 1001 2679 1077 exposui
2711 1002 2860 1058 vobis
2890 1014 3113 1065 vestem.
3139 1006 3408 1085 Laudatur
3438 1009 3603 1084 ﬁdes,
3632 1027 3769 1085 con-

2183 1099 2323 1158 stat,
2361 1091 2639 1151 laudatur:
2664 1094 2759 1151 sed
2796 1111 2917 1166 qua:
2958 1097 3123 1164 ﬁdes,
3154 1082 3432 1171 distinguit
3460 1082 3770 1173 Apostolus.

2182 1179 2316 1237 Nam
2355 1184 2613 1253 quosdam
2654 1186 2944 1257 gloriantes
2990 1189 3057 1245 de
3100 1190 3237 1255 lide,
3260 1203 3317 1247 et
3355 1209 3460 1249 non
3510 1175 3774 1253 habentes

2182 1271 2353 1329 bonos
2388 1290 2597 1344 mores,
2626 1277 2870 1349 objurgat
2908 1281 3181 1351 apostolus
3216 1282 3480 1351 Iacobus,
3505 1293 3562 1339 et
3595 1286 3770 1342 dicit:

2186 1365 2263 1420 Tu
2290 1368 2453 1422 credis
2493 1370 2733 1445 quoniam
2776 1388 2906 1427 unus
2950 1383 3022 1428 est
3051 1372 3223 1440 Deus,
3250 1385 3297 1430 et
3340 1376 3459 1431 bene
3506 1378 3654 1446 facis.
3699 1378 3774 1434 Et

2184 1463 2435 1527 daemones
2454 1456 2684 1527 credunt,
2703 1474 2748 1517 ct
2768 1466 3152 1545 contremiscunt
3172 1466 3373 1539 (Jacobi
3388 1484 3443 1533 tt,
3472 1469 3586 1540 i9).
3611 1470 3771 1527 Unde

2184 1552 2427 1610 laudatus
2450 1562 2536 1609 est
2570 1554 2760 1619 Petrus
2777 1598 2793 1623 ,
2816 1556 2957 1629 unde
2985 1556 3160 1631 dictus
3185 1567 3270 1632 est,
3297 1559 3484 1637 beatus
3502 1602 3517 1626 ,
3547 1563 3774 1637 recolite

2180 1660 2411 1701 mecum.
2458 1646 2590 1716 Quia
2635 1647 2803 1714 dixit,
2834 1648 2911 1704 Tu
2955 1666 3008 1705 es
3050 1651 3279 1707 Christus
3327 1634 3496 1707 Filius
3536 1652 3635 1708 Dei
3672 1634 3781 1717 uici

2182 1736 2394 1810 (Matth.
2424 1739 2671 1815 “1,16,
2702 1740 2829 1810 i7)?
2854 1740 2953 1811 Ille,
2976 1757 3081 1797 non
3103 1758 3293 1799 sonum
3319 1744 3604 1800 verborum
3623 1786 3641 1809 ,
3670 1745 3772 1801 sed

2180 1830 2425 1891 allectum
2464 1820 2640 1886 cordis
2686 1831 2940 1911 intendit,
2981 1834 3075 1904 qui
3116 1834 3327 1913 beatum
3378 1837 3767 1913 pronuntiavit.

2180 1921 2314 1976 Nam
2338 1922 2497 1995 vultis
2522 1937 2685 1983 nosse
2712 1916 3090 1981 beatitudinem
3117 1910 3261 1981 Petri
3290 1942 3395 1993 non
3427 1910 3614 1984 in'illis
3640 1944 3771 1983 ver-

2179 2012 2263 2067 bis
2282 2013 2481 2068 luissei.
2503 2013 2626 2076 llaec
2653 2014 2901 2083 dixerunt
2925 2024 2979 2071 et
3005 2014 3297 2073 daemones.
3330 2016 3532 2091 Scimus
3549 2019 3635 2088 qui
3659 2020 3731 2073 sis
3748 2033 3776 2085 ξ

2181 2113 2234 2165 tu
2259 2120 2311 2159 cs
2332 2104 2380 2158 F
2381 2105 2499 2159 ilius
2522 2105 2619 2166 Dei
2640 2105 2828 2177 (Marc.
2856 2123 2894 2174 t,
2916 2106 3031 2177 24).
3055 2108 3251 2185 Filium
3269 2108 3363 2164 Dei
3382 2109 3661 2175 confessus
3682 2119 3773 2185 est

2178 2196 2368 2253 Petrus
2393 2214 2407 2253 :
2428 2196 2618 2253 Filium
2642 2198 2736 2260 Dei
2760 2188 2987 2255 confessi
3009 2208 3133 2264 sunt
3152 2182 3443 2263 daemones.
3469 2182 3773 2273 Distingue,

2178 2290 2429 2357 domine,
2457 2291 2738 2363 distingue.
2769 2292 3044 2363 Distinguo
3087 2294 3267 2365 plane.
3314 2295 3500 2351 Petrus
3543 2296 3680 2351 dixit
3710 2280 3767 2351 in

2176 2398 2360 2440 amore
2378 2424 2393 2450 ,
2420 2383 2690 2440 daemones
2718 2400 2747 2439 a
2772 2385 2981 2442 timore.
3012 2386 3249 2456 Denique
3278 2387 3364 2442 ille
3388 2387 3541 2454 dicit,
3576 2388 3770 2447 Tecum

2175 2494 2287 2553 sum
2312 2494 2467 2548 usque
2487 2478 2555 2531 ad
2576 2487 2783 2533 mortem
2816 2478 2964 2551 (Luc.
2990 2495 3099 2534 uti
3120 2522 3134 2547 ,
3300 2480 3595 2550 lllidicttnt,
3626 2483 3773 2551 Quid

2178 2569 2319 2623 nobis
2344 2578 2389 2623 et
2414 2569 2502 2622 tibi
2524 2568 2733 2643 (Matth.
2760 2586 2871 2637 vttt,
2894 2570 3025 2643 29)?
3052 2571 3194 2642 Ergo
3212 2573 3300 2643 qui
3322 2573 3511 2628 venisti
3540 2577 3607 2629 ad
3627 2589 3765 2645 con-

2175 2660 2370 2715 vivium
2389 2702 2403 2727 ,
2430 2662 2540 2715 noli
2564 2660 2632 2716 de
2659 2661 2772 2717 sola
2794 2662 2899 2717 ﬁde
2930 2662 3164 2733 gloriari.
3206 2664 3479 2735 Distingue
3501 2674 3555 2719 et
3590 2665 3765 2734 ipsam

2177 2750 2357 2819 ﬁdem,
2375 2762 2431 2807 et
2450 2760 2573 2807 tunc
2596 2754 2646 2807 in
2670 2760 2723 2807 te
2747 2753 3050 2823 agnoscitur
3070 2754 3231 2809 vestis
3259 2756 3530 2825 nuptialis.
3560 2756 3764 2811 Distin-

2173 2852 2300 2914 guat
2335 2834 2652 2920 Apestoltts,
2684 2843 2872 2919 doceat
2906 2858 3005 2899 nos
3038 2844 3256 2915 :Ncque
3292 2846 3641 2913 circumcisio,
3671 2848 3761 2907 in-

2173 2936 2322 3007 quit,
2350 2936 2545 3008 aliquid
2584 2938 2715 2992 oabet
2733 2978 2748 3002 ,
2791 2924 2948 3007 neque
2985 2940 3287 3017 prteputium
3307 2981 3320 3001 .
3351 2940 3440 3015 sed
3482 2940 3629 3009 ﬁdes.
3666 2940 3765 2997 Dic

2172 3042 2291 3098 qua:
2314 3044 2328 3081 :
2353 3028 2607 3099 numquid
2637 3044 2743 3085 non
2784 3037 2840 3084 et
2880 3022 3149 3085 dmmones
3188 3030 3414 3097 credunt
3450 3038 3505 3101 et
3540 3026 3762 3097 centre:-

2173 3106 2435 3185 miscunt?
2462 3122 2619 3189 Dico,
2652 3121 2849 3193 inquit,
2878 3122 2998 3195 audi
3015 3163 3031 3189 ,
3056 3108 3322 3194 distinguo
3341 3164 3355 3189 ,
3378 3123 3539 3178 modo
3563 3123 3763 3178 distin-

2172 3228 2312 3284 guo:
2344 3212 2451 3269 Sed
2476 3214 2633 3283 ﬁdes,
2666 3230 2779 3284 qua:
2818 3231 2905 3284 per
2940 3214 3259 3268 dilectionem
3287 3199 3525 3284 operatur
3554 3212 3759 3287 (Galat.

2170 3324 2224 3372 v,
2254 3308 2331 3380 6).
2362 3307 2491 3376 Qua:
2520 3323 2647 3378 ergo
2681 3307 2851 3363 ﬁdes?
2876 3308 3045 3378 qualis
3075 3307 3243 3363 ﬁdes?
3270 3308 3396 3372 Quae
3414 3324 3503 3378 per
3522 3307 3761 3369 dilectio-

2171 3416 2285 3454 nem
2329 3408 2586 3471 operatur.
2638 3398 2847 3459 Omnem
2866 3442 2880 3464 ,
2912 3399 3111 3476 inquit,
3142 3400 3401 3453 scientiam
3434 3400 3477 3453 si
3506 3400 3719 3453 habeam
3739 3440 3757 3467 ,

2170 3502 2216 3547 et
2241 3510 2437 3567 omnem
2470 3493 2652 3563 fidem,
2682 3492 2756 3546 ita
2783 3502 2837 3546 ut
2866 3502 3055 3547 montes
3093 3478 3399 3564 transferam
3420 3533 3434 3555 ,
3460 3491 3760 3545 cbaritatem

2168 3594 2335 3638 autem
2358 3600 2457 3639 non
2479 3584 2722 3649 habeant,
2746 3584 2876 3637 nihil
2896 3600 3028 3637 sum.
3058 3582 3260 3638 liabete
3290 3582 3444 3637 Iidem
3474 3596 3592 3646 cum
3612 3581 3758 3635 dile-

2169 3680 2343 3735 Ctione
2372 3697 2385 3733 :
2414 3694 2535 3745 nam
2589 3677 2925 3732 dilectionem
2971 3692 3075 3732 non
3120 3676 3345 3746 potestis
3391 3674 3588 3730 habere
3639 3674 3762 3728 sine

2171 3772 2293 3827 lide.
2327 3772 2437 3833 lloc
2472 3753 2699 3835 moneo,
2732 3769 2832 3825 hoc
2871 3768 3145 3835 exhortor,
3178 3767 3280 3822 hoc
3322 3767 3373 3821 in
3402 3767 3619 3821 nomine
3648 3766 3760 3820 Do-

2169 3864 2301 3939 mini
2345 3864 2512 3920 doceo
2554 3864 2877 3925 Charitatem
2914 3871 3176 3935 vestram,
3208 3869 3267 3915 ut
3310 3860 3549 3915 habeatis
3591 3859 3757 3913 ﬁdem

2168 3970 2289 4010 cum
2318 3954 2601 4010 dilectione
2626 3971 2639 4008 :
2666 3952 2782 4024 quia
2808 3952 3031 4023 potestis
3061 3952 3258 4007 habere
3287 3949 3441 4005 ﬁdem
3471 3950 3587 4004 sine
3615 3950 3758 4004 dile-

2167 4048 2362 4119 ctione.
2383 4046 2516 4101 Nam
2545 4061 2650 4103 non
2680 4061 2775 4100 vos
2797 4045 3050 4100 exhortor
3071 4052 3130 4099 ut
3156 4044 3395 4099 habeatis
3432 4042 3589 4098 ﬁdem
3610 4082 3628 4108 ,
3658 4041 3759 4098 sed

2168 4139 2503 4195 cbaritatem.
2531 4125 2655 4194 Non
2676 4138 2896 4208 potestis
2915 4138 3057 4192 enim
3083 4137 3282 4192 habere
3300 4136 3614 4193 cbaritatem
3638 4136 3759 4191 sine

2170 4229 2307 4296 ﬁde;
2338 4229 2649 4289 cbaritatem
2679 4229 2820 4284 enim
2850 4228 2971 4285 dico
2996 4230 3089 4284 Dei
3119 4238 3175 4285 et
3204 4229 3426 4299 proximi
3458 4247 3471 4282 :
3496 4227 3639 4283 unde
3661 4243 3760 4298 po-

2169 4331 2273 4377 test
2312 4322 2409 4377 ista
2447 4310 2567 4376 esse
2601 4320 2718 4377 sine
2756 4320 2896 4375 ﬁdei
2923 4320 3202 4395 Quomodo
3244 4328 3390 4375 amat
3437 4320 3632 4384 Deum,
3662 4320 3757 4389 qui

2170 4428 2276 4477 non
2314 4414 2484 4470 credit
2522 4414 2575 4481 iu
2616 4414 2816 4470 Deum?
2845 4412 3122 4480 Quomodo
3148 4423 3291 4476 amat
3319 4414 3481 4471 Deum
3521 4413 3718 4467 stultus
3739 4454 3756 4478 ,

2168 4509 2256 4578 qni
2289 4508 2416 4565 dicit
2442 4509 2493 4563 in
2520 4508 2681 4564 corde
2707 4524 2836 4582 suo,
2874 4507 2995 4563 Non
3024 4517 3097 4562 est
3125 4508 3262 4563 Deus
3290 4508 3459 4576 (Psal.
3494 4524 3624 4574 χιιι,
3659 4508 3759 4576 l)?
3834 4544 3843 4549 μ

2168 4600 2352 4657 Potest
2380 4600 2494 4657 ﬁeri
2523 4609 2579 4656 ut
2602 4600 2787 4656 credas
2816 4601 3025 4657 venisse
3057 4600 3359 4671 Christum,
3391 4610 3445 4655 et
3486 4615 3591 4655 non
3635 4599 3758 4654 dili-

2168 4708 2262 4764 gas
2297 4691 2587 4748 Christum.
2616 4692 2731 4747 Non
2758 4700 2932 4761 potest
2960 4701 3134 4765 autem
3159 4692 3270 4747 ﬁeri
3294 4701 3353 4754 ut
3377 4691 3565 4760 diligas
3593 4688 3757 4745 Chri-

2170 4795 2308 4863 stum
2325 4827 2339 4853 ,
2363 4794 2416 4840 et
2442 4800 2549 4861 non
2567 4785 2714 4851 dicas
2734 4786 2945 4841 venisse
2966 4785 3258 4840 Christum.

2241 4877 2293 4935 9.
2334 4876 2565 4931 Charitas
2593 4876 2663 4932 ad
2692 4878 2921 4931 inimicos
2950 4877 3150 4931 extendi
3173 4877 3332 4932 debet.
3368 4875 3546 4931 Oratio
3580 4885 3761 4929 contra

2170 4970 2399 5024 inimicos
2449 4987 2681 5044 quamam
2732 4970 2939 5036 illicita,
2985 4986 3217 5040 quamam
3253 4971 3408 5025 licita.
3460 4968 3600 5038 Ergo
3657 4967 3759 5021 hac

2172 5060 2293 5117 bete
2322 5044 2487 5116 fidem,
2517 5076 2636 5116 cum
2676 5060 2981 5132 dilectione.
3014 5061 3118 5117 ista
3161 5069 3245 5118 cst
3287 5059 3453 5116 vestis
3478 5059 3756 5128 nuptialis.

2171 5153 2361 5221 Amate
2406 5156 2627 5221 invicem
2650 5196 2664 5219 ,
2694 5154 2782 5225 qui
2821 5153 3091 5227 Christum
3135 5153 3351 5223 diligitis
3376 5170 3388 5205 :
3413 5160 3585 5208 amate
3615 5150 3760 5205 ami-

2172 5262 2265 5313 cos
2286 5289 2299 5309 ,
2332 5257 2506 5313 amate
2528 5246 2791 5311 inimicos.
2819 5245 2937 5319 Non,
2956 5246 3024 5301 sit
3045 5244 3200 5302 vobis
3220 5245 3430 5305 durum.
3460 5240 3596 5311 Quid
3624 5257 3762 5312 ergo

2174 5322 2395 5409 perditis
2414 5382 2429 5406 ,
2454 5339 2539 5393 ubi
2566 5339 2788 5393 multum
2812 5338 3129 5409 acquiritis?
3158 5336 3293 5406 Quid
3325 5353 3418 5405 pro
3448 5350 3641 5405 magno
3661 5349 3761 5388 ro-

2173 5445 2267 5501 gas
2293 5431 2456 5486 Dctnn
2478 5474 2491 5495 ,
2525 5441 2581 5484 ut
2609 5430 2865 5503 moriatur
2895 5430 3139 5509 inimicus
3162 5430 3321 5485 tuus?
3348 5428 3461 5483 Non
3490 5435 3573 5482 est
3594 5425 3764 5480 vestis

2174 5524 2275 5593 ista
2319 5523 2587 5591 nuptialis.
2620 5523 2845 5577 Attende
2888 5523 3059 5590 ipsum
3087 5535 3338 5591 sponsum
3370 5519 3421 5573 in
3461 5532 3621 5573 cruce
3660 5530 3765 5586 pro

2175 5622 2227 5669 te
2256 5614 2576 5685 pendentem
2595 5657 2609 5680 ,
2638 5621 2690 5669 et
2715 5629 2811 5683 pro
2836 5614 2945 5669 suis
2966 5614 3194 5669 inimicis
3216 5613 3421 5667 Patrem
3444 5614 3721 5679 rogantem
3744 5624 3759 5661 :

2179 5706 2351 5773 Pater,
2383 5707 2545 5777 inquit
2567 5750 2579 5767 ,
2615 5708 2814 5776 ignosce
2842 5706 2975 5771 illis,
3002 5706 3119 5775 quia
3155 5705 3378 5758 nesciunt
3415 5701 3537 5771 quid
3566 5698 3766 5770 faciunt

2181 5799 2327 5872 (Luc.
2360 5815 2529 5866 xxnt,
2562 5798 2674 5867 δι).
2704 5797 2887 5860 Vidisti
2920 5812 3171 5869 sponsum
3194 5796 3290 5851 ista
3310 5793 3576 5869 dicentem
3597 5833 3613 5862 ,
3641 5789 3766 5845 vide
