4126 6322
330 310 435 367 565

333 433 384 477 et
404 421 633 478 amicum
660 419 839 491 sponsi
878 435 1000 475 cum
1029 427 1175 474 veste
1214 418 1430 488 nuptiali
1477 418 1775 472 invitatum.
1806 418 1907 471 Be-

335 518 602 573 nedictum
648 513 978 584 Stephanum
1025 511 1316 577 attendite,
1357 510 1623 579 quomodo
1677 510 1912 579 increpat

335 610 580 673 Indreos,
605 614 853 676 tanquam
894 619 1098 671 saavus,
1123 612 1369 673 tanquam
1397 603 1596 657 iratus:
1622 601 1764 655 Dura
1800 618 1912 655 cer-

335 702 437 755 vice
455 740 472 765 ,
499 708 547 755 et
572 713 673 754 non
700 694 981 750 circumcisi
1022 694 1171 747 corde
1198 702 1244 747 et
1282 693 1487 747 auribus
1506 735 1521 759 ,
1549 708 1634 746 vos
1667 692 1915 747 restitistis

339 789 556 860 Spiritui
575 796 767 841 sancto.
802 785 959 853 Quem
989 782 1361 856 Prophetarum
1383 800 1482 838 non
1506 783 1791 837 occiderunt
1817 799 1914 853 pa-

339 889 436 933 tres
482 878 673 932 vestri?
698 875 903 931 Audisti
944 874 1211 946 quomodo
1256 874 1431 945 lingua
1474 874 1683 929 smviat.
1730 873 1917 928 Adhuc

337 978 389 1024 tu
418 978 636 1039 paratus
677 982 736 1023 es
772 967 949 1022 dicere
991 966 1043 1020 in
1078 966 1397 1036 quemlibet,
1430 975 1588 1036 atque
1633 965 1831 1019 utinam
1864 964 1916 1019 in

338 1076 456 1116 eum
486 1059 632 1115 dicas
653 1099 670 1125 ,
699 1058 788 1129 qui
820 1058 984 1113 Deum
1004 1056 1315 1123 olfenderit,
1338 1071 1443 1111 non
1469 1056 1558 1126 qui
1588 1053 1918 1123 tc..Ochndit

337 1149 505 1209 Deum
546 1160 600 1204 et
642 1165 748 1204 non
788 1150 1066 1218 inerepas;
1093 1146 1313 1202 oﬂ‘endit
1351 1155 1435 1213 te,
1467 1146 1668 1202 clamas
1693 1145 1813 1206 :ubi
1836 1154 1917 1203 est

341 1240 503 1294 vestis
526 1239 615 1293 illa
656 1237 940 1312 nuptialis?
968 1236 1202 1293 Audistis
1240 1252 1365 1306 ergo
1394 1235 1659 1306 quomodo
1689 1235 1919 1290 smvierit

338 1328 874 1401 Stephanuszaudite
918 1326 1187 1397 quomodo
1227 1326 1505 1393 dilexerit.
1545 1326 1783 1387 Otl‘endit
1826 1341 1919 1381 eos

340 1438 472 1492 quos
497 1420 841 1497 increpabat,|
866 1418 1129 1489 lapidatus
1167 1427 1250 1474 est
1287 1417 1354 1472 ab
1378 1418 1475 1473 eis.
1505 1417 1571 1498 Et
1614 1432 1734 1472 cum
1767 1416 1923 1473 undi-

340 1528 442 1583 que
465 1510 751 1567 furentium
776 1510 1055 1576 manibus,
1084 1518 1136 1564 et
1166 1509 1396 1580 lapidum
1428 1509 1616 1566 ictibus
1646 1524 1919 1579 premere-

341 1613 425 1659 tur
463 1613 522 1660 et
559 1602 903 1670 tunderetur,
947 1602 1094 1672 prius
1144 1601 1253 1657 ait:
1280 1600 1499 1657 Domine
1528 1600 1653 1656 Iesu
1691 1600 1927 1670 Christe,

340 1696 511 1764 accipe
531 1694 763 1765 spiritum
784 1709 966 1747 meum.
992 1691 1192 1747 Deinde
1213 1701 1554 1771 posteaquam
1580 1707 1675 1762 pro
1696 1707 1755 1747 se
1774 1700 1922 1756 stans

341 1790 536 1854 oravit,
563 1804 659 1860 pro
702 1788 806 1843 illis
846 1787 947 1858 qui'
977 1786 1285 1857 lapidabant
1328 1801 1484 1853 eum,
1511 1801 1649 1857 genu
1690 1785 1834 1853 fixit,
1868 1794 1922 1841 et

342 1881 472 1935 dixit
496 1897 510 1933 :
533 1879 777 1950 Domine,
799 1888 1077 1934 nectatuas
1098 1879 1170 1935 eis
1190 1878 1283 1932 hoc
1308 1878 1541 1932 delictum
1562 1894 1582 1933 :
1604 1893 1703 1948 ego
1726 1878 1923 1933 moriar

343 1980 395 2045 ia
417 1992 611 2044 carne,
641 1993 745 2031 non
778 1975 850 2029 illi
880 1975 932 2029 in
961 1973 1141 2029 corde.
1174 1974 1240 2029 Et
1280 1972 1382 2028 hoc
1417 1972 1558 2028 dicto
1599 1971 1922 2027 obdormivit

343 2070 473 2142 (Act.
502 2085 594 2135 vn,
616 2068 829 2138 51~59).
859 2068 986 2124 Post
1006 2067 1121 2123 haec
1142 2066 1301 2121 verba
1328 2065 1461 2121 nihil
1486 2065 1690 2121 addidit
1721 2083 1733 2119 :
1764 2064 1917 2131 dixit,

341 2170 392 2215 et
418 2160 581 2224 abiit;
610 2157 897 2214 novissima
931 2157 1045 2229 ejus
1070 2157 1240 2212 oratio
1265 2172 1363 2228 pro
1391 2157 1619 2212 inimicis
1668 2155 1783 2211 fuit.
1828 2157 1923 2211 Di-

340 2253 472 2307 scite
499 2251 700 2306 habere
727 2258 931 2306 vestem
960 2248 1357 2319 nuptialem.lta
1382 2257 1435 2303 et
1460 2256 1514 2303 tu
1542 2250 1642 2319 fige
1661 2263 1853 2319 genua,
1870 2256 1923 2304 et

338 2342 528 2398 collide
555 2341 782 2396 frontem
830 2341 881 2395 in
927 2348 1103 2406 terra,
1134 2347 1189 2394 et
1234 2354 1545 2395 accessurus
1587 2338 1654 2393 ad
1681 2353 1922 2399 mensam

339 2433 586 2500 Domini,
616 2432 683 2489 ad
710 2432 1010 2489 convivium
1037 2440 1351 2495 sanctarum
1368 2431 1784 2513 Seripturarum,
1811 2432 1939 2493 noli

338 2523 630 2591 dicere,Si
657 2524 911 2587 moriatur
950 2522 1192 2583 inimicus
1220 2542 1233 2579 :
1258 2523 1577 2588 Dominc,si
1627 2524 1754 2594 quid
1794 2538 1824 2578 a
1869 2532 1922 2580 te

337 2613 540 2681 merui,
567 2612 752 2668 occide
790 2612 1061 2675 inimicum
1087 2628 1287 2668 meum.
1332 2613 1483 2681 Quod
1517 2613 1561 2668 si
1588 2613 1723 2674 forte
1748 2614 1880 2669 dicis
1902 2656 1919 2683 ,

340 2719 445 2763 non
474 2703 639 2770 times
661 2719 727 2759 ne
754 2703 846 2773 tibi
874 2703 1194 2776 respondeat
1223 2721 1236 2758 :
1260 2703 1316 2760 Si
1344 2692 1589 2763 occidere
1610 2705 1801 2761 vellem
1823 2706 1925 2761 ini-

339 2794 535 2849 micum
566 2803 711 2848 tuum
728 2835 753 2863 ι
778 2802 830 2849 te
860 2794 1006 2863 prius
1029 2793 1369 2853 occiderem?
1398 2795 1478 2849 An
1509 2795 1774 2865 gloriaris,
1801 2798 1922 2868 quia

337 2883 495 2949 modo
528 2883 778 2938 invitatus
808 2883 1036 2938 venisti?
1071 2883 1252 2954 Cogita
1274 2925 1288 2947 ,
1317 2884 1584 2954 paululum
1628 2894 1751 2942 ante
1797 2887 1925 2958 quid

336 2975 515 3048 fuisti.
552 2975 739 3039 Nonne
785 2992 871 3030 me
902 2974 1317 3045 blasphemasti?
1345 2991 1520 3031 nonne
1558 2992 1644 3033 me
1673 2978 1925 3034 irrisisti?

336 3081 515 3122 nonne
558 3081 753 3121 nomen
797 3080 975 3120 meum
1022 3065 1089 3120 de
1135 3073 1276 3121 terra
1319 3064 1500 3121 delere
1546 3066 1791 3122 voluisti?
1828 3068 1924 3124 sed

335 3160 546 3230 plaudis
574 3159 701 3225 tibi,
733 3159 854 3229 quia
881 3157 1131 3212 invitatus
1172 3156 1381 3213 venisti.
1420 3156 1477 3213 Si
1517 3165 1571 3213 te
1606 3158 1923 3215 occidissem

337 3252 635 3318 inimicum,
660 3264 815 3320 quem
847 3248 1077 3303 facerem
1104 3248 1365 3303 amicum?
1390 3248 1527 3316 Quid
1558 3249 1695 3305 male
1720 3250 1925 3308 orando

336 3343 497 3400 doces
538 3359 651 3410 me,
681 3341 821 3413 quod
862 3357 969 3398 non
1014 3340 1116 3395 feci
1159 3342 1212 3395 in
1253 3341 1475 3399 te?lmo
1513 3358 1647 3413 ego,
1675 3342 1803 3398 dicit
1829 3343 1924 3411 tibi

341 3435 513 3503 Deus,
545 3430 764 3489 doceam
798 3442 880 3499 te,
911 3440 969 3488 ut
999 3432 1222 3487 imiteris
1248 3447 1354 3488 me.
1393 3431 1453 3501 In
1491 3448 1646 3493 cruce
1686 3432 1925 3504 pendens

337 3525 478 3593 dixi,
514 3524 726 3594 Ignosce
769 3522 909 3585 illis,
933 3522 1050 3591 quia
1079 3524 1303 3576 nesciunt
1343 3521 1463 3593 quid
1506 3524 1715 3593 faciunt.
1760 3524 1923 3580 Docui

339 3615 444 3670 hoc
469 3615 692 3669 militem
722 3629 921 3668 meum.
950 3612 1078 3667 Esto
1116 3614 1216 3668 tiro
1243 3629 1393 3676 meus
1419 3624 1603 3669 contra
1628 3614 1921 3671 diabolum.

341 3706 511 3760 Aliter
538 3705 732 3759 invicte
759 3703 904 3758 nullo
929 3703 1089 3757 modo
1117 3703 1376 3774 pugnabis
1396 3743 1409 3768 ,
1430 3704 1541 3775 nisi
1567 3719 1664 3777 pro
1693 3704 1794 3762 tuis
1820 3705 1923 3765 ini.

340 3796 492 3851 micis
517 3796 773 3852 oraveris.
796 3795 890 3850 Dic
910 3794 1086 3865 plane,
1111 3794 1195 3861 dic
1216 3795 1376 3855 etiam
1407 3794 1529 3862 hoc,
1553 3796 1637 3855 dic
1660 3806 1716 3851 ut
1745 3797 1922 3860 inimi-
1955 3862 1963 3867 _

340 3902 457 3941 cum
472 3896 620 3940 tuum
641 3885 971 3956 persequaris
984 3902 1005 3947 az
1023 3883 1116 3940 sed
1134 3885 1361 3953 scienter
1375 3885 1488 3951 dic;
1507 3885 1771 3956 distingue
1781 3887 1925 3957 quod

340 3978 487 4034 dicis.
524 3978 665 4035 Ecce
691 3977 958 4039 homoest
984 3976 1229 4031 inimicus
1271 3985 1391 4033 tuus
1418 3997 1431 4033 :
1458 3979 1720 4049 responde
1762 3980 1920 4049 mihi,

340 4071 461 4141 quid
490 4070 545 4125 in
576 4070 667 4125 illo
696 4070 997 4125 inimicetur
1026 4068 1145 4134 tibi;
1171 4069 1428 4140 numquid
1470 4070 1572 4126 hoc
1600 4072 1741 4141 quod
1764 4072 1925 4128 homo

342 4170 447 4227 est,
480 4160 788 4216 inimicatur
810 4160 936 4215 tibi?
957 4159 1091 4225 Non.
1122 4158 1227 4227 Sed
1256 4160 1418 4231 quid?
1448 4160 1601 4229 Quod
1629 4163 1800 4217 malus
1820 4173 1922 4221 est.

340 4253 489 4321 Quod
521 4253 684 4309 homo
713 4260 823 4321 est,
856 4252 995 4322 quod
1039 4267 1137 4323 ego
1180 4251 1314 4319 feci,
1344 4268 1452 4307 non
1483 4254 1575 4309 tibi
1604 4254 1922 4314 inimicatur.

342 4346 474 4399 Dicit
500 4344 595 4399 tibi
627 4362 641 4397 :
670 4344 783 4415 Ego
814 4344 1081 4398 hominem
1112 4343 1214 4399 feci
1242 4359 1346 4398 non
1382 4345 1579 4399 malum
1608 4362 1623 4401 :
1652 4345 1821 4403 factus
1845 4356 1927 4404 est

339 4437 512 4491 malus
536 4452 632 4506 per
658 4434 1073 4490 inobedientiam
1094 4475 1108 4499 ,
1140 4435 1229 4506 qui
1255 4435 1430 4505 potius
1457 4435 1946 4512 zabuloobedivit,

340 4544 496 4597 quam
527 4527 656 4582 Deo.
686 4525 837 4595 Quod
864 4524 1155 4596 ipsefecit,
1185 4524 1287 4596 hoc
1309 4526 1399 4580 tibi
1422 4525 1723 4599 inimicatur
1746 4545 1760 4584 :
1784 4529 1926 4601 unde

342 4620 543 4684 tralus,
571 4618 665 4673 tibi
695 4617 938 4672 inimicus
966 4624 1081 4688 est;
1115 4632 1220 4685 non
1252 4615 1391 4673 unde
1410 4617 1579 4675 homo
1617 4628 1718 4675 est.
1752 4620 1926 4684 Audio

342 4711 479 4765 enim
502 4708 805 4776 hominem,
832 4715 886 4763 et
915 4708 1111 4762 malum
1137 4724 1151 4760 :
1176 4722 1338 4762 unum
1362 4722 1560 4765 nomen
1588 4716 1672 4766 est
1695 4718 1941 4781 natura),

340 4800 567 4855 alterum
587 4799 759 4869 culpa:
787 4816 800 4851 :
828 4812 961 4853 sano
988 4798 1198 4867 culpam
1216 4838 1231 4865 ,
1258 4805 1313 4853 et
1337 4812 1493 4855 servo
1519 4808 1783 4856 naturam.
1812 4802 1926 4860 Hoc

343 4892 432 4946 tibi
474 4892 607 4946 dicit
634 4890 773 4946 Deus
804 4899 960 4945 tuus:
988 4889 1055 4944 Et
1094 4905 1222 4945 ecce
1262 4889 1472 4946 vindico
1500 4899 1586 4957 te,
1610 4892 1797 4949 occido
1824 4895 1925 4950 ini-

342 4987 535 5041 micum
583 4992 762 5051 tuum;
790 4984 856 5039 de
900 4983 991 5049 illo
1039 4983 1168 5040 tollo
1212 4982 1353 5053 quod
1403 4982 1575 5048 malus
1628 4994 1743 5054 est,
1771 5000 1926 5051 servo

340 5079 479 5149 quod
527 5077 691 5133 homo
732 5086 845 5132 est:
872 5075 1123 5147 numquid
1169 5075 1213 5131 si
1262 5076 1438 5138 fecero
1474 5076 1621 5132 illum
1653 5078 1926 5141 hominem

343 5169 569 5233 bonum,
597 5185 703 5223 non
747 5167 917 5223 occidi
958 5168 1230 5229 inimicum
1279 5176 1425 5223 tuum
1446 5210 1463 5235 ,
1491 5177 1545 5225 et
1571 5168 1671 5224 feci
1696 5171 1943 5235 amicum,

343 5263 521 5317 tuum?
542 5262 634 5318 Sic
656 5277 782 5332 roga
803 5260 943 5331 quod
965 5276 1118 5331 rogas
1139 5300 1157 5327 ,
1186 5270 1242 5314 ut
1273 5276 1377 5314 non
1408 5261 1652 5323 homines
1679 5274 1920 5334 pereant,

343 5356 432 5411 sed
458 5356 590 5425 ipsa:
616 5354 905 5410 inimicitire
933 5363 1174 5425 pereant.
1204 5353 1259 5409 Si
1303 5363 1479 5409 autem
1528 5354 1631 5415 hoc
1677 5371 1834 5425 oras,
1871 5370 1927 5415 ut

345 5448 501 5504 homo
530 5448 807 5513 moriatur;
829 5446 998 5501 malus
1013 5462 1133 5501 oras
1160 5454 1343 5501 contra
1368 5447 1563 5515 malum
1590 5464 1602 5501 :
1628 5458 1681 5511 et
1702 5465 1822 5512 cum
1850 5452 1930 5508 di-

342 5541 437 5609 cis,
458 5538 659 5597 Occide
688 5538 918 5606 malum;
946 5538 1236 5609 respondet
1263 5537 1391 5605 tibi,
1422 5539 1589 5607 Quem
1620 5550 1851 5597 vestrum
1886 5546 1923 5599 ¹.

404 5677 420 5707 ¹
448 5680 516 5725 tta
536 5673 844 5724 Corbetensis
864 5679 945 5722 Ms.
974 5674 1163 5722 tametsi
1200 5674 1281 5734 qui
1309 5684 1369 5721 eo
1391 5671 1619 5734 utebatur
1654 5674 1929 5727 sumendus

344 5736 672 5788 descripserit.
700 5747 839 5790 auem
857 5734 1035 5785 malum
1058 5734 1080 5784 ξ)
1106 5733 1281 5784 versus
1299 5734 1443 5783 etiam
1461 5733 1641 5797 aliquot
1666 5750 1728 5787 ex
1746 5739 1929 5793 eodem

1782 304 2009 360 SER!th
2054 307 2167 364 XC.

3504 316 3607 372 566

2099 417 2185 471 10.
2232 417 2561 474 Fxtendenda
2589 422 2823 491 dilectio,
2854 432 2905 476 ut
2930 440 3099 479 omnes
3124 426 3289 495 rapiat
3314 424 3382 479 ad
3420 424 3606 483 Deum.

2020 508 2303 567 Extentlile
2344 527 2473 583 ergo
2515 514 2853 570 dilectionem
2872 559 2887 583 ,
2918 534 3022 571 non
3067 532 3233 587 usque
3259 516 3323 573 ad
3354 517 3611 589 conjuch

2019 608 2069 653 et
2118 599 2251 655 filios
2297 613 2525 658 vestros.
2563 603 2664 657 Ista
2692 604 2905 660 dilectio
2949 606 3106 660 etiam
3150 607 3211 665 in.
3244 608 3526 676 pecoribus
3560 618 3615 663 et

2022 690 2326 757 passeribus
2357 691 2649 746 invenitur.
2673 694 2831 749 Scitis
2859 696 2985 749 istos
3014 710 3256 765 passeres
3280 706 3331 750 et
3364 696 3613 753 hirundi-

2022 794 2117 833 nes
2159 781 2613 849 quemadmodum
2657 784 2874 854 diligant
2899 787 3182 855 conjnges,
3210 788 3367 843 simul
3395 805 3495 844 ova
3527 789 3611 843 fo-

2021 879 2206 937 veant,
2238 872 2397 926 simul
2430 874 2601 943 pullos
2626 877 2899 944 nutriant,
2918 889 3063 947 grata
3106 879 3332 952 quadam
3361 892 3414 936 et
3457 890 3610 953 natu-

2022 963 2117 1016 rali
2141 962 2375 1019 bonitate
2395 1006 2408 1029 ,
2439 966 2581 1021 nulla
2620 968 2848 1037 cogitata
2874 971 3141 1025 mercede.
3174 970 3287 1029 Non
3317 974 3453 1028 enim
3479 974 3611 1030 dicit

2030 1068 2217 1123 passer
2242 1074 2254 1110 :
2278 1056 2515 1112 Nutriam
2545 1058 2682 1115 filios
2703 1076 2870 1127 meos,
2890 1072 2945 1116 ut
2973 1078 3094 1118 cum
3123 1079 3366 1131 senuero,
3393 1079 3613 1137 pascant

2024 1157 2132 1199 me.
2160 1145 2298 1201 Nihil
2331 1148 2529 1205 horum.
2548 1150 2778 1219 cogitat:
2804 1152 2966 1222 gratis
3005 1162 3182 1222 amat,
3212 1156 3376 1226 gratis
3406 1160 3578 1229 pasci:
3608 1177 3617 1222 ;

2023 1235 2265 1292 allectum
2292 1243 2525 1309 parentis
2549 1244 2783 1310 exhibet,
2810 1246 3210 1304 retributionem
3236 1264 3339 1304 non
3362 1252 3610 1323 requirit.

2025 1325 2091 1380 Et
2137 1344 2263 1395 nos,
2309 1332 2461 1396 novi,
2494 1333 2645 1399 scio,
2667 1335 2743 1389 sic
2786 1336 2977 1390 amatis
3025 1338 3160 1392 filios
3204 1350 3430 1395 vestros.
3484 1342 3608 1397 Non

2024 1418 2155 1473 enim
2195 1420 2371 1475 debent
2410 1424 2506 1491 ﬁlii
2547 1426 2837 1493 parentibus
2867 1426 3239 1494 tltesaurizare,
3261 1430 3349 1484 sed
3370 1442 3600 1500 parentes

2024 1508 2231 1581 ﬁliis(|l
2256 1511 2372 1566 Cor.
2408 1529 2515 1579 xu,
2575 1514 2682 1588 14).
2721 1516 2852 1571 llinc
2881 1517 3039 1572 etiam
3090 1520 3239 1573 multi
3262 1522 3504 1577 excitatis
3533 1520 3610 1595 (α)

2030 1602 2306 1659 avaritiam
2330 1614 2580 1673 vestram,
2613 1608 2734 1677 quia
2768 1608 2885 1663 filiis
2906 1610 3095 1664 vestris
3111 1612 3405 1682 acquiritis,
3426 1614 3609 1685 eisque

2026 1692 2251 1747 servatis
2280 1690 2376 1765 (b).
2403 1693 2507 1749 Sed
2551 1696 2823 1752 cxtendite
2864 1697 3231 1767 dilectionem,
3262 1713 3470 1757 crescat
3511 1704 3613 1760 ista

2026 1779 2241 1837 dilectio
2271 1799 2284 1835 :
2314 1798 2495 1839 amare
2519 1794 2695 1841 autem
2727 1787 2863 1843 ﬁlios
2886 1799 2939 1843 et
2963 1790 3235 1862 conjuges,
3262 1793 3496 1848 nondum
3526 1810 3617 1849 ve-

2026 1872 2122 1927 stis
2151 1873 2238 1927 illa
2279 1876 2529 1944 nuptialis
2571 1886 2671 1932 est.
2716 1878 2918 1934 llabete
2958 1881 3114 1937 fidem
3146 1883 3212 1937 ad
3244 1885 3428 1939 Deum.
3460 1885 3613 1941 Prius

2025 1961 2229 2034 diligite
2259 1966 2445 2021 Deum.
2476 1968 2759 2025 Extenditc
2783 1971 2847 2025 ad
2879 1972 3077 2039 Deum;
3109 1984 3163 2029 et
3188 1991 3320 2046 quos
3351 1978 3615 2046 poteritis,

2025 2058 2194 2126 rapite
2236 2058 2301 2113 ad
2347 2060 2535 2114 Deum.
2588 2060 2838 2118 Inimicus
2887 2074 2970 2122 est
3003 2083 3015 2118 :
3046 2068 3281 2137 rapiatur
3320 2070 3385 2123 ad
3427 2070 3613 2125 Deum.

2026 2146 2192 2204 Filius
2220 2158 2335 2218 est,
2369 2166 2502 2206 uxor
2530 2163 2640 2220 est,
2673 2169 2861 2211 servus
2904 2167 2987 2212 est
3016 2176 3028 2211 :
3053 2160 3288 2228 rapiatur
3326 2161 3391 2216 ad
3427 2162 3614 2218 Deum.

2025 2240 2342 2314 Peregrinus
2367 2254 2449 2301 est
2477 2263 2490 2298 :
2519 2249 2754 2318 rapiatur
2779 2249 2846 2304 ad
2882 2251 3069 2305 Deum.
3105 2252 3354 2309 Inimicus
3384 2264 3466 2311 est
3493 2274 3505 2309 ί
3531 2271 3618 2312 ra-

2029 2333 2205 2403 piatur
2231 2337 2297 2389 ad
2325 2337 2511 2391 Deum.
2542 2338 2707 2409 Rape,
2740 2356 2868 2410 rape
2898 2341 3169 2398 inimicum
3196 2361 3208 2398 :
3234 2346 3489 2416 rapiendo
3510 2363 3618 2404 non

2025 2426 2419 2491 eritinimicus.
2450 2429 2539 2485 Sic
2560 2432 2863 2500 proficiatur
2891 2436 2927 2500 ί,
2956 2435 3037 2492 sic
3071 2436 3302 2493 charitas
3330 2441 3615 2509 nutriatur,

2027 2526 2087 2572 ut
2103 2518 2295 2572 nutrita
2315 2520 2621 2589 perficiatur
2643 2538 2657 2576 :
2680 2523 2757 2577 sic
2778 2525 2942 2579 vestis
2959 2527 3208 2596 nuptialis
3231 2528 3478 2585 induatur
3500 2549 3513 2583 :
3539 2533 3617 2586 sic

2027 2606 2201 2678 imago
2218 2607 2332 2673 Dei,
2352 2609 2416 2663 ad
2433 2625 2589 2680 quam
2606 2613 2767 2677 creati
2786 2628 2994 2683 sumus,l
3006 2616 3332 2685 proficiendo
3350 2620 3615 2691 resculpa‘

2029 2708 2135 2755 tur.
2157 2700 2434 2767 Peccando
2458 2703 2599 2757 enim
2615 2703 2938 2762 obsolefacta
2959 2716 3094 2775 erat,
3116 2708 3292 2765 attrita
3314 2721 3447 2766 erat.
3466 2711 3618 2768 Unde

2027 2790 2231 2845 attrita‘l
2246 2791 2386 2847 unde
2400 2792 2759 2849 obsolefacta?
2777 2796 2906 2851 Cum
2924 2796 3143 2853 fricatur
3163 2799 3229 2854 ad
3248 2809 3461 2855 terram.
3480 2801 3617 2873 Quid

2027 2887 2126 2946 est,
2161 2880 2227 2935 ad
2247 2889 2441 2936 terram
2460 2882 2709 2945 fricatur?
2730 2885 2978 2943 Terrenis
3002 2888 3376 2959 cupiditatibus
3407 2893 3614 2949 teritur.

2031 2970 2330 3042 Quanquam
2354 2973 2495 3035 enim
2516 2976 2569 3028 in
2589 2975 2807 3047 imagine
2832 2977 3048 3033 ambulet
3088 2980 3236 3035 homo
3256 3022 3274 3047 ι
3302 2993 3466 3037 tamen
3493 3001 3619 3039 vane

2027 3063 2350 3117 conturbatur
2375 3063 2545 3138 (Psal.
2568 3082 2793 3134 xxxviii,
2816 3070 2897 3140 7).
2927 3068 3136 3129 Veritas
3152 3074 3407 3142 quaeritur
3439 3076 3491 3130 in
3524 3076 3620 3133 Dei

2028 3153 2256 3225 imagine
2274 3196 2290 3221 ,
2322 3171 2429 3212 non
2454 3158 2676 3212 vanitas.
2707 3159 2950 3216 Amando
2971 3162 3115 3217 cnim
3138 3164 3416 3221 veritatem
3442 3167 3617 3237 imago

2027 3242 2153 3311 illa,
2184 3244 2252 3299 ad
2280 3261 2436 3323 quam
2463 3249 2625 3302 creati
2653 3263 2868 3315 sumus,
2900 3252 3252 3322 resculpatur,
3279 3263 3334 3309 et
3372 3257 3619 3327 pr0prius

2028 3351 2278 3403 nummus
2300 3337 2499 3394 Caesari
2526 3348 2708 3401 nostro
2733 3340 3001 3397 reddatur.
3025 3343 3113 3399 Sic
3136 3345 3277 3400 enim
3295 3361 3363 3405 ex
3390 3363 3617 3418 respon-

2028 3426 2180 3483 sione
2219 3428 2428 3483 Domini
2468 3429 2724 3499 audistis,
2754 3433 3080 3491 tentantibus
3109 3433 3309 3493 Iudaeis
3350 3438 3617 3495 dicentem

2032 3519 2351 3588 Dominum,
2402 3521 2538 3588 Quid
2582 3539 2661 3577 me
2714 3524 2947 3592 tentatis,
2997 3526 3318 3597 hypocritaz.’
3360 3528 3619 3588 Ostendite

2028 3612 2154 3666 mihi
2181 3612 2429 3665 numisma
2457 3628 2663 3679 census,
2692 3613 2742 3667 id
2785 3622 2905 3681 est,
2934 3617 3331 3687 expressionem
3372 3620 3617 3692 imaginis

2028 3702 2647 3773 etStiperscriptionem.
2703 3703 2979 3760 Ostendite
3024 3706 3153 3761 mihi
3196 3708 3321 3778 quid
3377 3712 3614 3779 solvitis,

2026 3793 2151 3863 quid
2183 3795 2411 3865 paratis,
2445 3795 2570 3866 quid
2619 3810 2647 3849 a
2693 3797 2842 3851 vobis
2871 3797 3132 3868 exigitur;
3159 3800 3429 3857 ostendite
3459 3804 3609 3857 mihi.

2028 3887 2386 3943 Ostenderunt
2414 3889 2490 3942 illi
2518 3888 2794 3943 denarium
2822 3907 2834 3943 :
2863 3899 2918 3945 et
2944 3891 3186 3960 quaesivit
3212 3895 3364 3963 cujus
3394 3894 3616 3953 haberet

2029 3977 2310 4049 imaginem
2337 3987 2391 4034 et
2410 3979 2936 4049 superscriptionem.
2969 3981 3412 4054 Responderunt,
3441 3985 3615 4041 Cma-

2026 4072 2097 4125 ris
2119 4071 2329 4145 (Matth.
2358 4087 2495 4137 xxn,
2520 4071 2727 4144 18-21).
2750 4070 2929 4129 Carsar
2951 4074 3051 4133 iste
3075 4084 3128 4131 et
3153 4076 3436 4147 imaginem
3463 4094 3615 4134 suam

2028 4164 2237 4233 quierit.
2286 4162 2467 4218 Caesar
2506 4179 2611 4218 non
2640 4164 2753 4218 vult
2793 4164 2893 4221 sibi
2941 4167 3119 4236 perire
3162 4168 3301 4237 quod
3341 4169 3531 4239 jussit,
3562 4181 3618 4228 et

2030 4254 2171 4309 Deus
2201 4271 2303 4307 non
2330 4255 2441 4309 vult
2469 4256 2644 4328 perire
2679 4256 2821 4326 quod
2849 4256 2990 4315 fecit.
3024 4257 3223 4327 Ccesar,
3255 4263 3444 4318 fratres
3470 4267 3611 4333 mei,

2029 4364 2133 4403 non
2157 4348 2280 4402 fecit
2305 4364 2577 4415 nummum
2611 4368 2624 4403 :
2656 4350 2939 4404 monetarii
2962 4349 3189 4417 faciunt;
3217 4353 3509 4411 artificibus
3528 4358 3616 4427 ju-

2027 4439 2204 4506 betur,
2233 4440 2344 4495 suis
2384 4440 2641 4495 ministris
2670 4440 2969 4513 inmoravit.
3003 4443 3183 4514 Imago
3219 4447 3617 4517 exprimebatur

2029 4529 2082 4584 in
2111 4545 2327 4585 nummo
2357 4547 2369 4583 :
2396 4530 2447 4585 in
2475 4547 2691 4589 nummo
2734 4541 2817 4587 est
2861 4533 3035 4606 imago
3065 4536 3311 4593 Caesaris.
3341 4540 3407 4594 Et
3438 4552 3613 4598 tamen

2028 4621 2169 4697 quod
2188 4622 2277 4676 alii
2304 4622 2962 4694 impresseruntquteritur
2990 4642 3005 4679 :
3037 4627 3123 4682 ille
3154 4627 3493 4697 thesaurizat,
3526 4634 3614 4689 ille

2029 4695 2135 4768 non
2175 4713 2285 4781 vult
2324 4713 2424 4768 sibi
2467 4714 2669 4785 negari.
2702 4714 2910 4770 Moneta
2941 4716 3135 4772 Christi
3184 4720 3343 4775 homo
3383 4695 3487 4776 est.
3537 4725 3614 4781 lbi

2028 4799 2204 4873 imago
2233 4802 2459 4870 Christi,
2478 4794 2783 4874 .ihinomen
2808 4806 3004 4863 Christi
3028 4810 3068 4875 ',
3102 4826 3294 4865 munus
3314 4812 3530 4882 Christi,
3568 4828 3625 4872 et

2028 4894 2205 4951 officia
2232 4896 2449 4951 Christi.

2030 5091 2197 5167 codice
2221 5097 2498 5167 tumsupra,
2521 5100 2639 5167 tum.
2662 5092 2783 5145 infra
2818 5104 2924 5167 post
2963 5097 3127 5167 verba,
3179 5098 3358 5151 Habete
3378 5101 3528 5167 [idem
3550 5110 3615 5159 ad

2030 5162 2205 5215 Deum,
2226 5156 2529 5205 restituimus
2548 5158 2752 5206 omissos
2772 5170 2801 5206 a
2819 5156 3081 5208 Sirmondo.
3114 5156 3121 5159 ⁷
3159 5192 3169 5199 -

2096 5216 2115 5285 ξ
2132 5217 2205 5285 sic
2223 5217 2529 5285 Corbeiensis
2546 5224 2704 5285 MS._At
2725 5220 3014 5285 sirmondus.
3038 5219 3335 5285 perﬁciatur.

2094 5278 2262 5346 {Apud
2283 5278 2580 5346 sit-mondum
2614 5280 2774 5346 deest,
2819 5279 2886 5346 ibi
2909 5278 3077 5346 nomen
3106 5278 3313 5346 (νηίδα,
3338 5288 3545 5341 habetur
3569 5308 3617 5344 tn

2030 5339 2726 5417 corbeiensiatsgmoaqueiu
2740 5339 2913 5391 eodem
2930 5344 3094 5396 codice
3112 5360 3217 5410 pro,
3236 5339 3406 5403 manus
3419 5339 3618 5417 (luisti,

2033 5399 2230 5472 legitur,
2253 5399 2474 5472 minutias
2496 5399 2689 5472 Christi.

2116 5464 2168 5523 a)
2202 5470 2358 5523 Forte,
2384 5464 2644 5514 ea‘cusatis.

2118 5525 2166 5588 b)
2189 5525 2301 5589 Vide
2322 5538 2463 5589 supra
2484 5539 2726 5577 sermonm
2741 5524 2820 5587 86,
2837 5529 2914 5577 n.l
2930 5531 2967 5578 l.
