  <div class='ocr_page' id='page_1' title='image "/cluster/home/n/w/nwhite01/storage/ocr_20150623/38/hvd.32044015706294/289.png"; bbox 0 0 4006 6426; ppageno 0'>
   <div class='ocr_carea' id='block_1_1' title="bbox 1007 487 1567 564">
    <p class='ocr_par' dir='ltr' id='par_1_1' title="bbox 1007 487 1567 564">
     <span class='ocr_line' id='line_1_1' title="bbox 1007 487 1567 564; baseline -0.014 -12"><span class='ocrx_word' id='word_1_1' title='bbox 1007 492 1237 552; x_wconf 81' lang='lat' dir='ltr'><strong>SERMO</strong></span> <span class='ocrx_word' id='word_1_2' title='bbox 1274 491 1386 550; x_wconf 78' lang='lat' dir='ltr'><strong>XCI</strong></span> <span class='ocrx_word' id='word_1_3' title='bbox 1419 487 1493 564; x_wconf 76' lang='lat' dir='ltr'><strong>(tt)</strong></span> <span class='ocrx_word' id='word_1_4' title='bbox 1528 490 1567 544; x_wconf 75' lang='lat'><strong>‘.</strong></span> 
     </span>
    </p>
   </div>
   <div class='ocr_carea' id='block_1_2' title="bbox 484 580 2062 663">
    <p class='ocr_par' dir='ltr' id='par_1_2' title="bbox 484 580 2062 663">
     <span class='ocr_line' id='line_1_2' title="bbox 484 580 2062 663; baseline -0.01 -16"><span class='ocrx_word' id='word_1_5' title='bbox 484 593 563 649; x_wconf 86' lang='lat' dir='ltr'><strong>De</strong></span> <span class='ocrx_word' id='word_1_6' title='bbox 584 590 742 648; x_wconf 72' lang='lat' dir='ltr'><strong>verbis</strong></span> <span class='ocrx_word' id='word_1_7' title='bbox 764 588 1028 663; x_wconf 78' lang='lat' dir='ltr'><strong>Evangelii</strong></span> <span class='ocrx_word' id='word_1_8' title='bbox 1058 588 1289 643; x_wconf 77' lang='lat' dir='ltr'><strong>Mattluei</strong></span> <span class='ocrx_word' id='word_1_9' title='bbox 1307 630 1322 653; x_wconf 94' lang='lat'><strong>,</strong></span> <span class='ocrx_word' id='word_1_10' title='bbox 1351 587 1434 640; x_wconf 89' lang='lat' dir='ltr'><strong>ubi</strong></span> <span class='ocrx_word' id='word_1_11' title='bbox 1450 585 1707 647; x_wconf 80' lang='lat' dir='ltr'><strong>Dominus</strong></span> <span class='ocrx_word' id='word_1_12' title='bbox 1744 580 2062 652; x_wconf 83' lang='lat' dir='ltr'><strong>interrogavit</strong></span> 
     </span>
    </p>
   </div>
   <div class='ocr_carea' id='block_1_3' title="bbox 554 671 2058 755">
    <p class='ocr_par' dir='ltr' id='par_1_3' title="bbox 554 671 2058 755">
     <span class='ocr_line' id='line_1_3' title="bbox 554 671 2058 755; baseline -0.009 -16"><span class='ocrx_word' id='word_1_13' title='bbox 554 686 781 750; x_wconf 68' lang='lat' dir='ltr'><strong>Judwos,</strong></span> <span class='ocrx_word' id='word_1_14' title='bbox 816 685 962 755; x_wconf 81' lang='lat' dir='ltr'><strong>cujus</strong></span> <span class='ocrx_word' id='word_1_15' title='bbox 1000 684 1165 753; x_wconf 76' lang='lat' dir='ltr'><strong>ﬁlium</strong></span> <span class='ocrx_word' id='word_1_16' title='bbox 1202 681 1421 735; x_wconf 77' lang='lat' dir='ltr'><strong>dicerent</strong></span> <span class='ocrx_word' id='word_1_17' title='bbox 1464 695 1571 734; x_wconf 73' lang='lat' dir='ltr'><strong>esse</strong></span> <span class='ocrx_word' id='word_1_18' title='bbox 1611 676 1882 732; x_wconf 77' lang='lat' dir='ltr'><strong>Christum.</strong></span> <span class='ocrx_word' id='word_1_19' title='bbox 1931 671 2058 743; x_wconf 85' lang='lat' dir='ltr'><strong>Cap.</strong></span> 
     </span>
    </p>
   </div>
   <div class='ocr_carea' id='block_1_4' title="bbox 484 772 1046 847">
    <p class='ocr_par' dir='ltr' id='par_1_4' title="bbox 484 772 1046 847">
     <span class='ocr_line' id='line_1_4' title="bbox 484 772 1046 847; baseline -0.005 -15"><span class='ocrx_word' id='word_1_20' title='bbox 484 793 624 843; x_wconf 68' lang='grc' dir='ltr'><strong>χχιι,</strong></span> <span class='ocrx_word' id='word_1_21' title='bbox 663 776 922 846; x_wconf 63' lang='lat'><strong>7.42-46</strong></span> <span class='ocrx_word' id='word_1_22' title='bbox 948 772 1046 847; x_wconf 91' lang='lat' dir='ltr'><strong>(b).</strong></span> 
     </span>
    </p>
   </div>
   <div class='ocr_carea' id='block_1_5' title="bbox 466 860 2060 928">
    <p class='ocr_par' dir='ltr' id='par_1_5' title="bbox 466 860 2060 928">
     <span class='ocr_line' id='line_1_5' title="bbox 466 860 2060 928; baseline -0.009 -4"><span class='ocrx_word' id='word_1_23' title='bbox 466 873 473 877; x_wconf 84' lang='grc'><em>’</em></span> <span class='ocrx_word' id='word_1_24' title='bbox 540 869 777 925; x_wconf 82' lang='lat' dir='ltr'><strong>CAPUT</strong></span> <span class='ocrx_word' id='word_1_25' title='bbox 800 867 1081 923; x_wconf 80' lang='lat' dir='ltr'><strong>PRIMUM.</strong></span> <span class='ocrx_word' id='word_1_26' title='bbox 1101 898 1170 907; x_wconf 95' lang='lat'><strong>—</strong></span> <span class='ocrx_word' id='word_1_27' title='bbox 1196 867 1247 921; x_wconf 77' lang='lat' dir='ltr'><strong>i.</strong></span> <span class='ocrx_word' id='word_1_28' title='bbox 1276 864 1529 919; x_wconf 85' lang='lat' dir='ltr'><strong>Christum</strong></span> <span class='ocrx_word' id='word_1_29' title='bbox 1548 878 1652 916; x_wconf 81' lang='lat' dir='ltr'><strong>esse</strong></span> <span class='ocrx_word' id='word_1_30' title='bbox 1676 860 1912 914; x_wconf 78' lang='lat' dir='ltr'><strong>Messium</strong></span> <span class='ocrx_word' id='word_1_31' title='bbox 1939 874 2060 928; x_wconf 88' lang='lat' dir='ltr'><strong>pro-</strong></span> 
     </span>
    </p>
   </div>
   <div class='ocr_carea' id='block_1_6' title="bbox 482 953 2062 1025">
    <p class='ocr_par' dir='ltr' id='par_1_6' title="bbox 482 953 2062 1025">
     <span class='ocr_line' id='line_1_6' title="bbox 482 953 2062 1025; baseline -0.008 -9"><span class='ocrx_word' id='word_1_32' title='bbox 482 962 630 1016; x_wconf 87' lang='lat' dir='ltr'><strong>batur</strong></span> <span class='ocrx_word' id='word_1_33' title='bbox 672 972 853 1015; x_wconf 69' lang='lat' dir='ltr'><strong>contra</strong></span> <span class='ocrx_word' id='word_1_34' title='bbox 896 958 1125 1013; x_wconf 69' lang='lat' dir='ltr'><strong>Iudicas.</strong></span> <span class='ocrx_word' id='word_1_35' title='bbox 1168 955 1476 1025; x_wconf 85' lang='lat' dir='ltr'><strong>Interrogati</strong></span> <span class='ocrx_word' id='word_1_36' title='bbox 1520 953 1719 1018; x_wconf 60' lang='lat' dir='ltr'><strong>Judmi,</strong></span> <span class='ocrx_word' id='word_1_37' title='bbox 1750 953 1889 1005; x_wconf 96' lang='lat' dir='ltr'><strong>sicut</strong></span> <span class='ocrx_word' id='word_1_38' title='bbox 1921 963 2062 1003; x_wconf 90' lang='lat' dir='ltr'><strong>nunc</strong></span> 
     </span>
    </p>
   </div>
   <div class='ocr_carea' id='block_1_7' title="bbox 479 1045 2064 1128">
    <p class='ocr_par' dir='ltr' id='par_1_7' title="bbox 479 1045 2064 1128">
     <span class='ocr_line' id='line_1_7' title="bbox 479 1045 2064 1128; baseline -0.008 -17"><span class='ocrx_word' id='word_1_39' title='bbox 479 1073 545 1111; x_wconf 77' lang='lat' dir='ltr'><strong>ex</strong></span> <span class='ocrx_word' id='word_1_40' title='bbox 558 1055 862 1126; x_wconf 80' lang='lat' dir='ltr'><strong>Evangelia,</strong></span> <span class='ocrx_word' id='word_1_41' title='bbox 882 1068 1001 1108; x_wconf 91' lang='lat' dir='ltr'><strong>cum</strong></span> <span class='ocrx_word' id='word_1_42' title='bbox 1019 1052 1348 1117; x_wconf 91' lang='lat' dir='ltr'><strong>recitaretur,</strong></span> <span class='ocrx_word' id='word_1_43' title='bbox 1368 1050 1683 1113; x_wconf 80' lang='lat' dir='ltr'><strong>audivimus,</strong></span> <span class='ocrx_word' id='word_1_44' title='bbox 1698 1045 1961 1115; x_wconf 87' lang='lat' dir='ltr'><strong>quomodo</strong></span> <span class='ocrx_word' id='word_1_45' title='bbox 1978 1058 2064 1128; x_wconf 80' lang='lat' dir='ltr'><strong>es-</strong></span> 
     </span>
    </p>
   </div>
   <div class='ocr_carea' id='block_1_8' title="bbox 477 1136 2058 1204">
    <p class='ocr_par' dir='ltr' id='par_1_8' title="bbox 477 1136 2058 1204">
     <span class='ocr_line' id='line_1_8' title="bbox 477 1136 2058 1204; baseline -0.009 -3"><span class='ocrx_word' id='word_1_46' title='bbox 477 1157 563 1201; x_wconf 81' lang='lat' dir='ltr'><strong>set</strong></span> <span class='ocrx_word' id='word_1_47' title='bbox 582 1147 837 1201; x_wconf 81' lang='lat' dir='ltr'><strong>Dominus</strong></span> <span class='ocrx_word' id='word_1_48' title='bbox 878 1154 1059 1199; x_wconf 75' lang='lat' dir='ltr'><strong>noster</strong></span> <span class='ocrx_word' id='word_1_49' title='bbox 1076 1142 1230 1197; x_wconf 71' lang='lat' dir='ltr'><strong>Jesns</strong></span> <span class='ocrx_word' id='word_1_50' title='bbox 1255 1140 1496 1195; x_wconf 82' lang='lat' dir='ltr'><strong>Christus</strong></span> <span class='ocrx_word' id='word_1_51' title='bbox 1519 1139 1655 1192; x_wconf 87' lang='lat' dir='ltr'><strong>ﬁlius</strong></span> <span class='ocrx_word' id='word_1_52' title='bbox 1676 1136 1839 1199; x_wconf 80' lang='lat' dir='ltr'><strong>David</strong></span> <span class='ocrx_word' id='word_1_53' title='bbox 1858 1177 1872 1200; x_wconf 94' lang='lat'><strong>,</strong></span> <span class='ocrx_word' id='word_1_54' title='bbox 1903 1149 2058 1204; x_wconf 88' lang='lat' dir='ltr'><strong>quem</strong></span> 
     </span>
    </p>
   </div>
   <div class='ocr_carea' id='block_1_9' title="bbox 482 1227 2059 1301">
    <p class='ocr_par' dir='ltr' id='par_1_9' title="bbox 482 1227 2059 1301">
     <span class='ocr_line' id='line_1_9' title="bbox 482 1227 2059 1301; baseline -0.01 -8"><span class='ocrx_word' id='word_1_55' title='bbox 482 1238 767 1293; x_wconf 84' lang='lat' dir='ltr'><strong>Dominum</strong></span> <span class='ocrx_word' id='word_1_56' title='bbox 801 1248 955 1289; x_wconf 86' lang='lat' dir='ltr'><strong>suum</strong></span> <span class='ocrx_word' id='word_1_57' title='bbox 997 1234 1189 1288; x_wconf 79' lang='lat' dir='ltr'><strong>dixerit</strong></span> <span class='ocrx_word' id='word_1_58' title='bbox 1234 1232 1343 1301; x_wconf 88' lang='lat' dir='ltr'><strong>ipse</strong></span> <span class='ocrx_word' id='word_1_59' title='bbox 1386 1230 1581 1295; x_wconf 78' lang='lat' dir='ltr'><strong>David,</strong></span> <span class='ocrx_word' id='word_1_60' title='bbox 1605 1227 1926 1298; x_wconf 84' lang='lat' dir='ltr'><strong>reSpondere</strong></span> <span class='ocrx_word' id='word_1_61' title='bbox 1952 1240 2059 1279; x_wconf 90' lang='lat' dir='ltr'><strong>non</strong></span> 
     </span>
    </p>
   </div>
   <div class='ocr_carea' id='block_1_10' title="bbox 479 1319 2061 1400">
    <p class='ocr_par' dir='ltr' id='par_1_10' title="bbox 479 1319 2061 1400">
     <span class='ocr_line' id='line_1_10' title="bbox 479 1319 2061 1400; baseline -0.008 -15"><span class='ocrx_word' id='word_1_62' title='bbox 479 1338 784 1400; x_wconf 88' lang='lat' dir='ltr'><strong>potuerunt.</strong></span> <span class='ocrx_word' id='word_1_63' title='bbox 808 1329 920 1383; x_wconf 81' lang='lat' dir='ltr'><strong>Hoc</strong></span> <span class='ocrx_word' id='word_1_64' title='bbox 948 1328 1087 1382; x_wconf 89' lang='lat' dir='ltr'><strong>enim</strong></span> <span class='ocrx_word' id='word_1_65' title='bbox 1116 1327 1166 1380; x_wconf 91' lang='lat' dir='ltr'><strong>in</strong></span> <span class='ocrx_word' id='word_1_66' title='bbox 1194 1326 1422 1389; x_wconf 81' lang='lat' dir='ltr'><strong>Domino</strong></span> <span class='ocrx_word' id='word_1_67' title='bbox 1447 1332 1723 1389; x_wconf 87' lang='lat' dir='ltr'><strong>noverant,</strong></span> <span class='ocrx_word' id='word_1_68' title='bbox 1752 1320 1891 1391; x_wconf 88' lang='lat' dir='ltr'><strong>quod</strong></span> <span class='ocrx_word' id='word_1_69' title='bbox 1916 1319 2061 1379; x_wconf 78' lang='lat' dir='ltr'><strong>vide-</strong></span> 
     </span>
    </p>
   </div>
   <div class='ocr_carea' id='block_1_11' title="bbox 477 1414 2057 1490">
    <p class='ocr_par' dir='ltr' id='par_1_11' title="bbox 477 1414 2057 1490">
     <span class='ocr_line' id='line_1_11' title="bbox 477 1414 2057 1490; baseline -0.008 -13"><span class='ocrx_word' id='word_1_70' title='bbox 477 1422 625 1477; x_wconf 84' lang='lat' dir='ltr'><strong>bant.</strong></span> <span class='ocrx_word' id='word_1_71' title='bbox 648 1420 951 1490; x_wconf 72' lang='lat' dir='ltr'><strong>Apparebat</strong></span> <span class='ocrx_word' id='word_1_72' title='bbox 968 1418 1107 1474; x_wconf 87' lang='lat' dir='ltr'><strong>enim</strong></span> <span class='ocrx_word' id='word_1_73' title='bbox 1122 1418 1199 1479; x_wconf 78' lang='lat' dir='ltr'><strong>eis</strong></span> <span class='ocrx_word' id='word_1_74' title='bbox 1215 1414 1592 1470; x_wconf 86' lang='lat' dir='ltr'><strong>ﬁlinshominis</strong></span> <span class='ocrx_word' id='word_1_75' title='bbox 1607 1432 1619 1467; x_wconf 90' lang='lat'><strong>:</strong></span> <span class='ocrx_word' id='word_1_76' title='bbox 1635 1415 1871 1481; x_wconf 81' lang='lat' dir='ltr'><strong>occultus</strong></span> <span class='ocrx_word' id='word_1_77' title='bbox 1882 1422 2057 1466; x_wconf 88' lang='lat' dir='ltr'><strong>autem</strong></span> 
     </span>
    </p>
   </div>
   <div class='ocr_carea' id='block_1_12' title="bbox 479 1504 2059 1585">
    <p class='ocr_par' dir='ltr' id='par_1_12' title="bbox 479 1504 2059 1585">
     <span class='ocr_line' id='line_1_12' title="bbox 479 1504 2059 1585; baseline -0.007 -18"><span class='ocrx_word' id='word_1_78' title='bbox 479 1521 593 1567; x_wconf 90' lang='lat' dir='ltr'><strong>erat</strong></span> <span class='ocrx_word' id='word_1_79' title='bbox 606 1511 772 1567; x_wconf 88' lang='lat' dir='ltr'><strong>Filius</strong></span> <span class='ocrx_word' id='word_1_80' title='bbox 788 1510 900 1566; x_wconf 88' lang='lat' dir='ltr'><strong>Dei.</strong></span> <span class='ocrx_word' id='word_1_81' title='bbox 915 1510 1047 1563; x_wconf 82' lang='lat' dir='ltr'><strong>Hinc</strong></span> <span class='ocrx_word' id='word_1_82' title='bbox 1064 1516 1143 1563; x_wconf 85' lang='lat' dir='ltr'><strong>est</strong></span> <span class='ocrx_word' id='word_1_83' title='bbox 1156 1507 1293 1577; x_wconf 89' lang='lat' dir='ltr'><strong>quod</strong></span> <span class='ocrx_word' id='word_1_84' title='bbox 1312 1522 1431 1560; x_wconf 90' lang='lat' dir='ltr'><strong>eum</strong></span> <span class='ocrx_word' id='word_1_85' title='bbox 1447 1515 1500 1572; x_wconf 85' lang='lat' dir='ltr'><strong>ot</strong></span> <span class='ocrx_word' id='word_1_86' title='bbox 1520 1504 1755 1585; x_wconf 87' lang='lat' dir='ltr'><strong>superari</strong></span> <span class='ocrx_word' id='word_1_87' title='bbox 1771 1518 1926 1573; x_wconf 85' lang='lat' dir='ltr'><strong>posse</strong></span> <span class='ocrx_word' id='word_1_88' title='bbox 1938 1517 2059 1563; x_wconf 78' lang='lat' dir='ltr'><strong>cre-</strong></span> 
     </span>
    </p>
   </div>
   <div class='ocr_carea' id='block_1_13' title="bbox 475 1595 2062 1679">
    <p class='ocr_par' dir='ltr' id='par_1_13' title="bbox 475 1595 2062 1679">
     <span class='ocr_line' id='line_1_13' title="bbox 475 1595 2062 1679; baseline -0.006 -22"><span class='ocrx_word' id='word_1_89' title='bbox 475 1604 746 1669; x_wconf 88' lang='lat' dir='ltr'><strong>diderunt,</strong></span> <span class='ocrx_word' id='word_1_90' title='bbox 760 1612 808 1658; x_wconf 88' lang='lat' dir='ltr'><strong>et</strong></span> <span class='ocrx_word' id='word_1_91' title='bbox 823 1602 962 1672; x_wconf 86' lang='lat' dir='ltr'><strong>ligno</strong></span> <span class='ocrx_word' id='word_1_92' title='bbox 975 1615 1287 1679; x_wconf 87' lang='lat' dir='ltr'><strong>suspensum</strong></span> <span class='ocrx_word' id='word_1_93' title='bbox 1306 1598 1599 1661; x_wconf 85' lang='lat' dir='ltr'><strong>irriserunt,</strong></span> <span class='ocrx_word' id='word_1_94' title='bbox 1621 1596 1873 1651; x_wconf 87' lang='lat' dir='ltr'><strong>dicentes:</strong></span> <span class='ocrx_word' id='word_1_95' title='bbox 1896 1595 1955 1650; x_wconf 88' lang='lat' dir='ltr'><strong>Si</strong></span> <span class='ocrx_word' id='word_1_96' title='bbox 1968 1595 2062 1648; x_wconf 81' lang='lat' dir='ltr'><strong>Fi-</strong></span> 
     </span>
    </p>
   </div>
   <div class='ocr_carea' id='block_1_14' title="bbox 481 1687 2058 1760">
    <p class='ocr_par' dir='ltr' id='par_1_14' title="bbox 481 1687 2058 1760">
     <span class='ocr_line' id='line_1_14' title="bbox 481 1687 2058 1760; baseline -0.004 -12"><span class='ocrx_word' id='word_1_97' title='bbox 481 1696 577 1750; x_wconf 86' lang='lat' dir='ltr'><strong>lius</strong></span> <span class='ocrx_word' id='word_1_98' title='bbox 597 1694 689 1749; x_wconf 87' lang='lat' dir='ltr'><strong>Dei</strong></span> <span class='ocrx_word' id='word_1_99' title='bbox 699 1703 787 1759; x_wconf 89' lang='lat' dir='ltr'><strong>est,</strong></span> <span class='ocrx_word' id='word_1_100' title='bbox 804 1690 1067 1748; x_wconf 86' lang='lat' dir='ltr'><strong>descendat</strong></span> <span class='ocrx_word' id='word_1_101' title='bbox 1079 1692 1140 1746; x_wconf 87' lang='lat' dir='ltr'><strong>de</strong></span> <span class='ocrx_word' id='word_1_102' title='bbox 1162 1706 1325 1753; x_wconf 81' lang='lat' dir='ltr'><strong>cruce,</strong></span> <span class='ocrx_word' id='word_1_103' title='bbox 1340 1699 1385 1745; x_wconf 91' lang='lat' dir='ltr'><strong>et</strong></span> <span class='ocrx_word' id='word_1_104' title='bbox 1396 1689 1642 1754; x_wconf 84' lang='lat' dir='ltr'><strong>credimus</strong></span> <span class='ocrx_word' id='word_1_105' title='bbox 1656 1688 1707 1743; x_wconf 89' lang='lat' dir='ltr'><strong>in</strong></span> <span class='ocrx_word' id='word_1_106' title='bbox 1723 1705 1833 1751; x_wconf 80' lang='lat' dir='ltr'><strong>eum</strong></span> <span class='ocrx_word' id='word_1_107' title='bbox 1848 1687 2058 1760; x_wconf 76' lang='lat' dir='ltr'><strong>(Matth.</strong></span> 
     </span>
    </p>
   </div>
   <div class='ocr_carea' id='block_1_15' title="bbox 476 1779 2107 1856">
    <p class='ocr_par' dir='ltr' id='par_1_15' title="bbox 476 1779 2107 1856">
     <span class='ocr_line' id='line_1_15' title="bbox 476 1779 2107 1856; baseline -0.006 -15"><span class='ocrx_word' id='word_1_108' title='bbox 476 1783 1049 1856; x_wconf 69' lang='lat' dir='ltr'><strong>xxvu,40,42).Aliud</strong></span> <span class='ocrx_word' id='word_1_109' title='bbox 1076 1781 1345 1845; x_wconf 84' lang='lat' dir='ltr'><strong>videbant,</strong></span> <span class='ocrx_word' id='word_1_110' title='bbox 1364 1780 1505 1835; x_wconf 83' lang='lat' dir='ltr'><strong>aliud</strong></span> <span class='ocrx_word' id='word_1_111' title='bbox 1524 1796 1627 1836; x_wconf 91' lang='lat' dir='ltr'><strong>non</strong></span> <span class='ocrx_word' id='word_1_112' title='bbox 1649 1779 2057 1850; x_wconf 85' lang='lat' dir='ltr'><strong>cognoscebant.</strong></span> <span class='ocrx_word' id='word_1_113' title='bbox 2096 1836 2107 1839; x_wconf 93' lang='lat'>_</span> 
     </span>
    </p>
   </div>
   <div class='ocr_carea' id='block_1_16' title="bbox 478 1872 2060 1948">
    <p class='ocr_par' dir='ltr' id='par_1_16' title="bbox 478 1872 2060 1948">
     <span class='ocr_line' id='line_1_16' title="bbox 478 1872 2060 1948; baseline -0.006 -13"><span class='ocrx_word' id='word_1_114' title='bbox 478 1879 534 1935; x_wconf 86' lang='lat' dir='ltr'><strong>Si</strong></span> <span class='ocrx_word' id='word_1_115' title='bbox 554 1879 693 1942; x_wconf 81' lang='lat' dir='ltr'><strong>enim</strong></span> <span class='ocrx_word' id='word_1_116' title='bbox 715 1878 1102 1948; x_wconf 83' lang='lat' dir='ltr'><strong>cognovissent,</strong></span> <span class='ocrx_word' id='word_1_117' title='bbox 1121 1890 1388 1943; x_wconf 89' lang='lat' dir='ltr'><strong>nunquam</strong></span> <span class='ocrx_word' id='word_1_118' title='bbox 1402 1872 2060 1943; x_wconf 12' lang='lat' dir='ltr'><strong>Dominum‘glorizecruci-</strong></span> 
     </span>
    </p>
   </div>
   <div class='ocr_carea' id='block_1_17' title="bbox 469 1954 2060 2038">
    <p class='ocr_par' dir='ltr' id='par_1_17' title="bbox 469 1954 2060 2038">
     <span class='ocr_line' id='line_1_17' title="bbox 469 1954 2060 2038; baseline -0.004 -15"><span class='ocrx_word' id='word_1_119' title='bbox 469 1970 718 2035; x_wconf 74' lang='lat' dir='ltr'><strong>&#39;ﬁxissent</strong></span> <span class='ocrx_word' id='word_1_120' title='bbox 739 1969 779 2038; x_wconf 87' lang='grc' dir='ltr'><strong>(Ι</strong></span> <span class='ocrx_word' id='word_1_121' title='bbox 802 1967 919 2023; x_wconf 83' lang='lat' dir='ltr'><strong>Cor.</strong></span> <span class='ocrx_word' id='word_1_122' title='bbox 945 1983 1000 2033; x_wconf 85' lang='lat' dir='ltr'><strong>tt,</strong></span> <span class='ocrx_word' id='word_1_123' title='bbox 1027 1966 1104 2035; x_wconf 89' lang='lat'><strong>8).</strong></span> <span class='ocrx_word' id='word_1_124' title='bbox 1135 1954 1383 2028; x_wconf 81' lang='lat' dir='ltr'><strong>Sciebant</strong></span> <span class='ocrx_word' id='word_1_125' title='bbox 1411 1973 1583 2023; x_wconf 77' lang='lat' dir='ltr'><strong>tamen</strong></span> <span class='ocrx_word' id='word_1_126' title='bbox 1606 1964 1873 2026; x_wconf 84' lang='lat' dir='ltr'><strong>Christum</strong></span> <span class='ocrx_word' id='word_1_127' title='bbox 1897 1963 2060 2023; x_wconf 88' lang='lat' dir='ltr'><strong>ﬁlium</strong></span> 
     </span>
    </p>
   </div>
   <div class='ocr_carea' id='block_1_18' title="bbox 477 2057 2057 2125">
    <p class='ocr_par' dir='ltr' id='par_1_18' title="bbox 477 2057 2057 2125">
     <span class='ocr_line' id='line_1_18' title="bbox 477 2057 2057 2125; baseline -0.006 -11"><span class='ocrx_word' id='word_1_128' title='bbox 477 2059 664 2114; x_wconf 87' lang='lat' dir='ltr'><strong>David.</strong></span> <span class='ocrx_word' id='word_1_129' title='bbox 682 2058 814 2112; x_wconf 80' lang='lat' dir='ltr'><strong>Nam</strong></span> <span class='ocrx_word' id='word_1_130' title='bbox 831 2057 989 2112; x_wconf 89' lang='lat' dir='ltr'><strong>etiam</strong></span> <span class='ocrx_word' id='word_1_131' title='bbox 1020 2071 1159 2111; x_wconf 88' lang='lat' dir='ltr'><strong>nunc</strong></span> <span class='ocrx_word' id='word_1_132' title='bbox 1184 2057 1354 2125; x_wconf 84' lang='lat' dir='ltr'><strong>ipsum</strong></span> <span class='ocrx_word' id='word_1_133' title='bbox 1381 2063 1597 2124; x_wconf 89' lang='lat' dir='ltr'><strong>sperant</strong></span> <span class='ocrx_word' id='word_1_134' title='bbox 1621 2068 1739 2119; x_wconf 87' lang='lat' dir='ltr'><strong>esse</strong></span> <span class='ocrx_word' id='word_1_135' title='bbox 1759 2060 2057 2119; x_wconf 80' lang='lat' dir='ltr'><strong>venturum.</strong></span> 
     </span>
    </p>
   </div>
   <div class='ocr_carea' id='block_1_19' title="bbox 478 2145 2060 2220">
    <p class='ocr_par' dir='ltr' id='par_1_19' title="bbox 478 2145 2060 2220">
     <span class='ocr_line' id='line_1_19' title="bbox 478 2145 2060 2220; baseline -0.003 -16"><span class='ocrx_word' id='word_1_136' title='bbox 478 2152 631 2205; x_wconf 91' lang='lat' dir='ltr'><strong>Latet</strong></span> <span class='ocrx_word' id='word_1_137' title='bbox 648 2164 740 2205; x_wconf 87' lang='lat' dir='ltr'><strong>eos</strong></span> <span class='ocrx_word' id='word_1_138' title='bbox 759 2148 897 2220; x_wconf 91' lang='lat' dir='ltr'><strong>quod</strong></span> <span class='ocrx_word' id='word_1_139' title='bbox 923 2149 1145 2215; x_wconf 87' lang='lat' dir='ltr'><strong>venerit,</strong></span> <span class='ocrx_word' id='word_1_140' title='bbox 1167 2146 1257 2201; x_wconf 90' lang='lat' dir='ltr'><strong>sed</strong></span> <span class='ocrx_word' id='word_1_141' title='bbox 1290 2147 1525 2201; x_wconf 86' lang='lat' dir='ltr'><strong>volentes</strong></span> <span class='ocrx_word' id='word_1_142' title='bbox 1551 2146 1698 2201; x_wconf 90' lang='lat' dir='ltr'><strong>latet.</strong></span> <span class='ocrx_word' id='word_1_143' title='bbox 1713 2146 1893 2216; x_wconf 84' lang='lat' dir='ltr'><strong>Neque</strong></span> <span class='ocrx_word' id='word_1_144' title='bbox 1919 2145 2060 2200; x_wconf 90' lang='lat' dir='ltr'><strong>enim</strong></span> 
     </span>
    </p>
   </div>
   <div class='ocr_carea' id='block_1_20' title="bbox 477 2222 2063 2313">
    <p class='ocr_par' dir='ltr' id='par_1_20' title="bbox 477 2222 2063 2313">
     <span class='ocr_line' id='line_1_20' title="bbox 477 2222 2063 2313; baseline -0.004 -15"><span class='ocrx_word' id='word_1_145' title='bbox 477 2244 523 2298; x_wconf 88' lang='lat' dir='ltr'><strong>si</strong></span> <span class='ocrx_word' id='word_1_146' title='bbox 544 2242 859 2313; x_wconf 83' lang='lat' dir='ltr'><strong>pendentem</strong></span> <span class='ocrx_word' id='word_1_147' title='bbox 888 2255 992 2295; x_wconf 90' lang='lat' dir='ltr'><strong>non</strong></span> <span class='ocrx_word' id='word_1_148' title='bbox 1012 2222 1359 2311; x_wconf 70' lang='lat' dir='ltr'><strong>agnoverunt,</strong></span> <span class='ocrx_word' id='word_1_149' title='bbox 1376 2247 1429 2293; x_wconf 90' lang='lat' dir='ltr'><strong>et</strong></span> <span class='ocrx_word' id='word_1_150' title='bbox 1446 2245 1751 2309; x_wconf 79' lang='lat' dir='ltr'><strong>regnantem</strong></span> <span class='ocrx_word' id='word_1_151' title='bbox 1774 2250 2063 2307; x_wconf 84' lang='lat' dir='ltr'><strong>agnoscere</strong></span> 
     </span>
    </p>
   </div>
   <div class='ocr_carea' id='block_1_21' title="bbox 465 2325 2064 2399">
    <p class='ocr_par' dir='ltr' id='par_1_21' title="bbox 465 2325 2064 2399">
     <span class='ocr_line' id='line_1_21' title="bbox 465 2325 2064 2399; baseline -0.004 -11"><span class='ocrx_word' id='word_1_152' title='bbox 465 2341 585 2389; x_wconf 79' lang='lat' dir='ltr'><strong>‘non</strong></span> <span class='ocrx_word' id='word_1_153' title='bbox 611 2333 924 2387; x_wconf 90' lang='lat' dir='ltr'><strong>debuerunt.</strong></span> <span class='ocrx_word' id='word_1_154' title='bbox 954 2329 1010 2384; x_wconf 86' lang='lat' dir='ltr'><strong>in</strong></span> <span class='ocrx_word' id='word_1_155' title='bbox 1039 2329 1189 2399; x_wconf 90' lang='lat' dir='ltr'><strong>cujus</strong></span> <span class='ocrx_word' id='word_1_156' title='bbox 1209 2330 1351 2383; x_wconf 90' lang='lat' dir='ltr'><strong>enim</strong></span> <span class='ocrx_word' id='word_1_157' title='bbox 1374 2328 1587 2382; x_wconf 86' lang='lat' dir='ltr'><strong>nomine</strong></span> <span class='ocrx_word' id='word_1_158' title='bbox 1607 2337 1861 2383; x_wconf 89' lang='lat' dir='ltr'><strong>vocantur</strong></span> <span class='ocrx_word' id='word_1_159' title='bbox 1894 2336 1947 2381; x_wconf 90' lang='lat' dir='ltr'><strong>et</strong></span> <span class='ocrx_word' id='word_1_160' title='bbox 1971 2325 2064 2382; x_wconf 89' lang='lat' dir='ltr'><strong>he-</strong></span> 
     </span>
    </p>
   </div>
   <div class='ocr_carea' id='block_1_22' title="bbox 478 2418 2065 2491">
    <p class='ocr_par' dir='ltr' id='par_1_22' title="bbox 478 2418 2065 2491">
     <span class='ocr_line' id='line_1_22' title="bbox 478 2418 2065 2491; baseline -0.004 -14"><span class='ocrx_word' id='word_1_161' title='bbox 478 2423 798 2479; x_wconf 84' lang='lat' dir='ltr'><strong>uedicuntur</strong></span> <span class='ocrx_word' id='word_1_162' title='bbox 840 2436 1026 2484; x_wconf 89' lang='lat' dir='ltr'><strong>omnes</strong></span> <span class='ocrx_word' id='word_1_163' title='bbox 1066 2428 1285 2490; x_wconf 89' lang='lat' dir='ltr'><strong>gentes,</strong></span> <span class='ocrx_word' id='word_1_164' title='bbox 1326 2418 1427 2473; x_wconf 89' lang='lat' dir='ltr'><strong>nisi</strong></span> <span class='ocrx_word' id='word_1_165' title='bbox 1454 2419 1505 2472; x_wconf 90' lang='lat' dir='ltr'><strong>in</strong></span> <span class='ocrx_word' id='word_1_166' title='bbox 1532 2418 1650 2487; x_wconf 89' lang='lat' dir='ltr'><strong>ejus</strong></span> <span class='ocrx_word' id='word_1_167' title='bbox 1676 2433 1831 2487; x_wconf 86' lang='lat' dir='ltr'><strong>quem</strong></span> <span class='ocrx_word' id='word_1_168' title='bbox 1878 2425 2065 2491; x_wconf 85' lang='lat' dir='ltr'><strong>putant</strong></span> 
     </span>
    </p>
   </div>
   <div class='ocr_carea' id='block_1_23' title="bbox 479 2509 2064 2581">
    <p class='ocr_par' dir='ltr' id='par_1_23' title="bbox 479 2509 2064 2581">
     <span class='ocr_line' id='line_1_23' title="bbox 479 2509 2064 2581; baseline -0.001 -14"><span class='ocrx_word' id='word_1_169' title='bbox 479 2514 749 2573; x_wconf 80' lang='lat' dir='ltr'><strong>Christum</strong></span> <span class='ocrx_word' id='word_1_170' title='bbox 791 2528 895 2575; x_wconf 88' lang='lat' dir='ltr'><strong>non</strong></span> <span class='ocrx_word' id='word_1_171' title='bbox 937 2511 1132 2568; x_wconf 78' lang='lat' dir='ltr'><strong>fuisse?</strong></span> <span class='ocrx_word' id='word_1_172' title='bbox 1163 2510 1279 2581; x_wconf 91' lang='lat' dir='ltr'><strong>Ipse</strong></span> <span class='ocrx_word' id='word_1_173' title='bbox 1305 2511 1446 2565; x_wconf 88' lang='lat' dir='ltr'><strong>enim</strong></span> <span class='ocrx_word' id='word_1_174' title='bbox 1475 2510 1615 2567; x_wconf 87' lang='lat' dir='ltr'><strong>ﬁlius</strong></span> <span class='ocrx_word' id='word_1_175' title='bbox 1642 2509 1803 2564; x_wconf 80' lang='lat' dir='ltr'><strong>David</strong></span> <span class='ocrx_word' id='word_1_176' title='bbox 1826 2552 1840 2577; x_wconf 95' lang='lat'><strong>,</strong></span> <span class='ocrx_word' id='word_1_177' title='bbox 1884 2510 2064 2579; x_wconf 89' lang='lat' dir='ltr'><strong>utique</strong></span> 
     </span>
    </p>
   </div>
   <div class='ocr_carea' id='block_1_24' title="bbox 477 2601 2060 2668">
    <p class='ocr_par' dir='ltr' id='par_1_24' title="bbox 477 2601 2060 2668">
     <span class='ocr_line' id='line_1_24' title="bbox 477 2601 2060 2668; baseline -0.004 -7"><span class='ocrx_word' id='word_1_178' title='bbox 477 2622 544 2661; x_wconf 82' lang='lat' dir='ltr'><strong>ex</strong></span> <span class='ocrx_word' id='word_1_179' title='bbox 562 2605 765 2660; x_wconf 88' lang='lat' dir='ltr'><strong>semine</strong></span> <span class='ocrx_word' id='word_1_180' title='bbox 778 2603 941 2667; x_wconf 84' lang='lat' dir='ltr'><strong>David</strong></span> <span class='ocrx_word' id='word_1_181' title='bbox 959 2601 1246 2668; x_wconf 73' lang='lat' dir='ltr'><strong>secundum</strong></span> <span class='ocrx_word' id='word_1_182' title='bbox 1261 2617 1497 2664; x_wconf 86' lang='lat' dir='ltr'><strong>carnem,</strong></span> <span class='ocrx_word' id='word_1_183' title='bbox 1520 2602 1656 2655; x_wconf 89' lang='lat' dir='ltr'><strong>ﬁlius</strong></span> <span class='ocrx_word' id='word_1_184' title='bbox 1672 2611 1753 2655; x_wconf 89' lang='lat' dir='ltr'><strong>est</strong></span> <span class='ocrx_word' id='word_1_185' title='bbox 1771 2601 2060 2656; x_wconf 86' lang='lat' dir='ltr'><strong>Abraham.</strong></span> 
     </span>
    </p>
   </div>
   <div class='ocr_carea' id='block_1_25' title="bbox 478 2696 2063 2762">
    <p class='ocr_par' dir='ltr' id='par_1_25' title="bbox 478 2696 2063 2762">
     <span class='ocr_line' id='line_1_25' title="bbox 478 2696 2063 2762; baseline -0.006 -5"><span class='ocrx_word' id='word_1_186' title='bbox 478 2703 535 2757; x_wconf 87' lang='lat' dir='ltr'><strong>Si</strong></span> <span class='ocrx_word' id='word_1_187' title='bbox 566 2710 741 2758; x_wconf 87' lang='lat' dir='ltr'><strong>autem</strong></span> <span class='ocrx_word' id='word_1_188' title='bbox 774 2701 972 2757; x_wconf 91' lang='lat' dir='ltr'><strong>dictum</strong></span> <span class='ocrx_word' id='word_1_189' title='bbox 995 2710 1075 2757; x_wconf 88' lang='lat' dir='ltr'><strong>est</strong></span> <span class='ocrx_word' id='word_1_190' title='bbox 1101 2699 1165 2754; x_wconf 92' lang='lat' dir='ltr'><strong>ad</strong></span> <span class='ocrx_word' id='word_1_191' title='bbox 1198 2700 1487 2761; x_wconf 80' lang='lat' dir='ltr'><strong>Abraham,</strong></span> <span class='ocrx_word' id='word_1_192' title='bbox 1512 2696 1575 2759; x_wconf 85' lang='lat' dir='ltr'><strong>In</strong></span> <span class='ocrx_word' id='word_1_193' title='bbox 1595 2699 1782 2761; x_wconf 75' lang='lat' dir='ltr'><strong>semine</strong></span> <span class='ocrx_word' id='word_1_194' title='bbox 1808 2696 2063 2762; x_wconf 26' lang='lat' dir='ltr'><strong>tuolbene-</strong></span> 
     </span>
    </p>
   </div>
   <div class='ocr_carea' id='block_1_26' title="bbox 467 2788 2063 2866">
    <p class='ocr_par' dir='ltr' id='par_1_26' title="bbox 467 2788 2063 2866">
     <span class='ocr_line' id='line_1_26' title="bbox 467 2788 2063 2866; baseline -0.004 -20"><span class='ocrx_word' id='word_1_195' title='bbox 467 2791 706 2848; x_wconf 78' lang='lat' dir='ltr'><strong>dicentur</strong></span> <span class='ocrx_word' id='word_1_196' title='bbox 735 2809 903 2846; x_wconf 87' lang='lat' dir='ltr'><strong>omnes</strong></span> <span class='ocrx_word' id='word_1_197' title='bbox 929 2802 1097 2863; x_wconf 87' lang='lat' dir='ltr'><strong>gentes</strong></span> <span class='ocrx_word' id='word_1_198' title='bbox 1126 2789 1285 2859; x_wconf 82' lang='lat' dir='ltr'><strong>(Gen.</strong></span> <span class='ocrx_word' id='word_1_199' title='bbox 1316 2806 1455 2854; x_wconf 62' lang='grc' dir='ltr'>χιιι,</span> <span class='ocrx_word' id='word_1_200' title='bbox 1488 2792 1600 2860; x_wconf 78' lang='grc'><strong>17),</strong></span> <span class='ocrx_word' id='word_1_201' title='bbox 1643 2798 1697 2844; x_wconf 92' lang='lat' dir='ltr'><strong>et</strong></span> <span class='ocrx_word' id='word_1_202' title='bbox 1737 2788 1917 2844; x_wconf 88' lang='lat' dir='ltr'><strong>vident</strong></span> <span class='ocrx_word' id='word_1_203' title='bbox 1954 2789 2063 2866; x_wconf 77' lang='lat' dir='ltr'><strong>jam</strong></span> 
     </span>
    </p>
   </div>
   <div class='ocr_carea' id='block_1_27' title="bbox 477 2868 2065 2952">
    <p class='ocr_par' dir='ltr' id='par_1_27' title="bbox 477 2868 2065 2952">
     <span class='ocr_line' id='line_1_27' title="bbox 477 2868 2065 2952; baseline -0.001 -15"><span class='ocrx_word' id='word_1_204' title='bbox 477 2883 531 2937; x_wconf 87' lang='lat' dir='ltr'><strong>in</strong></span> <span class='ocrx_word' id='word_1_205' title='bbox 560 2884 772 2939; x_wconf 88' lang='lat' dir='ltr'><strong>Christo</strong></span> <span class='ocrx_word' id='word_1_206' title='bbox 804 2868 986 2939; x_wconf 90' lang='lat' dir='ltr'><strong>nostro</strong></span> <span class='ocrx_word' id='word_1_207' title='bbox 1014 2880 1252 2937; x_wconf 88' lang='lat' dir='ltr'><strong>benedici</strong></span> <span class='ocrx_word' id='word_1_208' title='bbox 1280 2895 1467 2949; x_wconf 88' lang='lat' dir='ltr'><strong>omnes</strong></span> <span class='ocrx_word' id='word_1_209' title='bbox 1490 2889 1706 2952; x_wconf 79' lang='lat' dir='ltr'><strong>gentes;</strong></span> <span class='ocrx_word' id='word_1_210' title='bbox 1729 2881 1855 2952; x_wconf 88' lang='lat' dir='ltr'><strong>quid</strong></span> <span class='ocrx_word' id='word_1_211' title='bbox 1877 2896 2065 2949; x_wconf 57' lang='lat' dir='ltr'><strong>exspcc</strong></span> 
     </span>
    </p>
   </div>
   <div class='ocr_carea' id='block_1_28' title="bbox 480 2971 2064 3044">
    <p class='ocr_par' dir='ltr' id='par_1_28' title="bbox 480 2971 2064 3044">
     <span class='ocr_line' id='line_1_28' title="bbox 480 2971 2064 3044; baseline -0.002 -14"><span class='ocrx_word' id='word_1_212' title='bbox 480 2983 632 3030; x_wconf 87' lang='lat' dir='ltr'><strong>ctant</strong></span> <span class='ocrx_word' id='word_1_213' title='bbox 658 2974 797 3044; x_wconf 88' lang='lat' dir='ltr'><strong>quod</strong></span> <span class='ocrx_word' id='word_1_214' title='bbox 819 2975 928 3044; x_wconf 81' lang='lat' dir='ltr'><strong>jam</strong></span> <span class='ocrx_word' id='word_1_215' title='bbox 953 2974 1095 3029; x_wconf 81' lang='lat' dir='ltr'><strong>venit</strong></span> <span class='ocrx_word' id='word_1_216' title='bbox 1124 2974 1163 3038; x_wconf 84' lang='grc'><strong>¹,</strong></span> <span class='ocrx_word' id='word_1_217' title='bbox 1188 2981 1241 3026; x_wconf 91' lang='lat' dir='ltr'><strong>et</strong></span> <span class='ocrx_word' id='word_1_218' title='bbox 1266 2989 1370 3027; x_wconf 88' lang='lat' dir='ltr'><strong>non</strong></span> <span class='ocrx_word' id='word_1_219' title='bbox 1398 2974 1586 3026; x_wconf 89' lang='lat' dir='ltr'><strong>timent</strong></span> <span class='ocrx_word' id='word_1_220' title='bbox 1614 2971 1755 3042; x_wconf 87' lang='lat' dir='ltr'><strong>quod</strong></span> <span class='ocrx_word' id='word_1_221' title='bbox 1784 2979 2064 3043; x_wconf 81' lang='lat' dir='ltr'><strong>venturum</strong></span> 
     </span>
    </p>
   </div>
   <div class='ocr_carea' id='block_1_29' title="bbox 478 3064 2065 3145">
    <p class='ocr_par' dir='ltr' id='par_1_29' title="bbox 478 3064 2065 3145">
     <span class='ocr_line' id='line_1_29' title="bbox 478 3064 2065 3145; baseline -0.002 -23"><span class='ocrx_word' id='word_1_222' title='bbox 478 3069 598 3131; x_wconf 82' lang='lat' dir='ltr'><strong>est?</strong></span> <span class='ocrx_word' id='word_1_223' title='bbox 623 3066 874 3135; x_wconf 87' lang='lat' dir='ltr'><strong>Lapidem</strong></span> <span class='ocrx_word' id='word_1_224' title='bbox 902 3065 1043 3127; x_wconf 82' lang='lat' dir='ltr'><strong>enim</strong></span> <span class='ocrx_word' id='word_1_225' title='bbox 1070 3080 1128 3127; x_wconf 85' lang='lat' dir='ltr'><strong>se</strong></span> <span class='ocrx_word' id='word_1_226' title='bbox 1152 3064 1284 3119; x_wconf 82' lang='lat' dir='ltr'><strong>dixit</strong></span> <span class='ocrx_word' id='word_1_227' title='bbox 1326 3065 1438 3145; x_wconf 87' lang='lat' dir='ltr'><strong>ipse</strong></span> <span class='ocrx_word' id='word_1_228' title='bbox 1476 3064 1732 3129; x_wconf 88' lang='lat' dir='ltr'><strong>Dominus</strong></span> <span class='ocrx_word' id='word_1_229' title='bbox 1772 3074 1951 3119; x_wconf 82' lang='lat' dir='ltr'><strong>noster</strong></span> <span class='ocrx_word' id='word_1_230' title='bbox 1976 3064 2065 3120; x_wconf 82' lang='lat' dir='ltr'><strong>Je-</strong></span> 
     </span>
    </p>
   </div>
   <div class='ocr_carea' id='block_1_30' title="bbox 478 3144 2064 3229">
    <p class='ocr_par' dir='ltr' id='par_1_30' title="bbox 478 3144 2064 3229">
     <span class='ocr_line' id='line_1_30' title="bbox 478 3144 2064 3229; baseline -0.003 -14"><span class='ocrx_word' id='word_1_231' title='bbox 478 3175 572 3215; x_wconf 89' lang='lat' dir='ltr'><strong>sus</strong></span> <span class='ocrx_word' id='word_1_232' title='bbox 596 3144 864 3228; x_wconf 78' lang='lat' dir='ltr'><strong>Christus,</strong></span> <span class='ocrx_word' id='word_1_233' title='bbox 896 3158 1207 3229; x_wconf 78' lang='lat' dir='ltr'><strong>prophetico</strong></span> <span class='ocrx_word' id='word_1_234' title='bbox 1232 3158 1298 3219; x_wconf 84' lang='lat' dir='ltr'><strong>ad</strong></span> <span class='ocrx_word' id='word_1_235' title='bbox 1336 3173 1394 3211; x_wconf 89' lang='lat' dir='ltr'><strong>se</strong></span> <span class='ocrx_word' id='word_1_236' title='bbox 1418 3156 1761 3225; x_wconf 79' lang='lat' dir='ltr'><strong>asserendum</strong></span> <span class='ocrx_word' id='word_1_237' title='bbox 1790 3166 1945 3212; x_wconf 89' lang='lat' dir='ltr'><strong>utens</strong></span> <span class='ocrx_word' id='word_1_238' title='bbox 1984 3167 2064 3222; x_wconf 80' lang='lat' dir='ltr'><strong>te-</strong></span> 
     </span>
    </p>
   </div>
   <div class='ocr_carea' id='block_1_31' title="bbox 479 3249 2062 3329">
    <p class='ocr_par' dir='ltr' id='par_1_31' title="bbox 479 3249 2062 3329">
     <span class='ocr_line' id='line_1_31' title="bbox 479 3249 2062 3329; baseline -0.002 -23"><span class='ocrx_word' id='word_1_239' title='bbox 479 3253 749 3317; x_wconf 81' lang='lat' dir='ltr'><strong>stimonio.</strong></span> <span class='ocrx_word' id='word_1_240' title='bbox 790 3250 1045 3329; x_wconf 85' lang='lat' dir='ltr'><strong>Lapidem</strong></span> <span class='ocrx_word' id='word_1_241' title='bbox 1090 3261 1267 3316; x_wconf 81' lang='lat' dir='ltr'><strong>autem</strong></span> <span class='ocrx_word' id='word_1_242' title='bbox 1300 3249 1491 3314; x_wconf 81' lang='lat' dir='ltr'><strong>talem,</strong></span> <span class='ocrx_word' id='word_1_243' title='bbox 1517 3258 1573 3304; x_wconf 90' lang='lat' dir='ltr'><strong>ut</strong></span> <span class='ocrx_word' id='word_1_244' title='bbox 1605 3250 1650 3303; x_wconf 90' lang='lat' dir='ltr'><strong>si</strong></span> <span class='ocrx_word' id='word_1_245' title='bbox 1678 3250 1797 3319; x_wconf 85' lang='lat' dir='ltr'><strong>quis</strong></span> <span class='ocrx_word' id='word_1_246' title='bbox 1846 3250 1897 3317; x_wconf 83' lang='lat' dir='ltr'><strong>in</strong></span> <span class='ocrx_word' id='word_1_247' title='bbox 1942 3265 2062 3304; x_wconf 90' lang='lat' dir='ltr'><strong>eum</strong></span> 
     </span>
    </p>
   </div>
   <div class='ocr_carea' id='block_1_32' title="bbox 477 3342 2065 3413">
    <p class='ocr_par' dir='ltr' id='par_1_32' title="bbox 477 3342 2065 3413">
     <span class='ocr_line' id='line_1_32' title="bbox 477 3342 2065 3413; baseline -0.002 -14"><span class='ocrx_word' id='word_1_248' title='bbox 477 3344 785 3411; x_wconf 85' lang='lat' dir='ltr'><strong>oﬁ&#39;cnderit,</strong></span> <span class='ocrx_word' id='word_1_249' title='bbox 808 3344 1225 3413; x_wconf 82' lang='lat' dir='ltr'><strong>conqitassetur;</strong></span> <span class='ocrx_word' id='word_1_250' title='bbox 1253 3356 1413 3411; x_wconf 89' lang='lat' dir='ltr'><strong>super</strong></span> <span class='ocrx_word' id='word_1_251' title='bbox 1437 3356 1594 3410; x_wconf 87' lang='lat' dir='ltr'><strong>quem</strong></span> <span class='ocrx_word' id='word_1_252' title='bbox 1619 3350 1793 3396; x_wconf 90' lang='lat' dir='ltr'><strong>autem</strong></span> <span class='ocrx_word' id='word_1_253' title='bbox 1821 3342 1954 3411; x_wconf 89' lang='lat' dir='ltr'><strong>lapis</strong></span> <span class='ocrx_word' id='word_1_254' title='bbox 1978 3342 2065 3397; x_wconf 84' lang='lat' dir='ltr'><strong>ille</strong></span> 
     </span>
    </p>
   </div>
   <div class='ocr_carea' id='block_1_33' title="bbox 477 3432 2062 3505">
    <p class='ocr_par' dir='ltr' id='par_1_33' title="bbox 477 3432 2062 3505">
     <span class='ocr_line' id='line_1_33' title="bbox 477 3432 2062 3505; baseline -0.002 -16"><span class='ocrx_word' id='word_1_255' title='bbox 477 3436 705 3501; x_wconf 79' lang='lat' dir='ltr'><strong>venerit,</strong></span> <span class='ocrx_word' id='word_1_256' title='bbox 727 3443 970 3495; x_wconf 84' lang='lat' dir='ltr'><strong>conterat</strong></span> <span class='ocrx_word' id='word_1_257' title='bbox 988 3450 1107 3488; x_wconf 88' lang='lat' dir='ltr'><strong>eum</strong></span> <span class='ocrx_word' id='word_1_258' title='bbox 1127 3432 1277 3505; x_wconf 86' lang='lat' dir='ltr'><strong>(Luc.</strong></span> <span class='ocrx_word' id='word_1_259' title='bbox 1300 3449 1367 3495; x_wconf 69' lang='lat' dir='ltr'><strong>xx</strong></span> <span class='ocrx_word' id='word_1_260' title='bbox 1387 3473 1402 3498; x_wconf 94' lang='lat'><strong>,</strong></span> <span class='ocrx_word' id='word_1_261' title='bbox 1435 3432 1523 3498; x_wconf 82' lang='lat' dir='ltr'><strong>l7,</strong></span> <span class='ocrx_word' id='word_1_262' title='bbox 1552 3432 1897 3503; x_wconf 69' lang='lat' dir='ltr'><strong>£8).Quando</strong></span> <span class='ocrx_word' id='word_1_263' title='bbox 1921 3433 2062 3487; x_wconf 92' lang='lat' dir='ltr'><strong>enim</strong></span> 
     </span>
    </p>
   </div>
   <div class='ocr_carea' id='block_1_34' title="bbox 476 3524 2065 3603">
    <p class='ocr_par' dir='ltr' id='par_1_34' title="bbox 476 3524 2065 3603">
     <span class='ocr_line' id='line_1_34' title="bbox 476 3524 2065 3603; baseline -0.003 -19"><span class='ocrx_word' id='word_1_264' title='bbox 476 3528 532 3584; x_wconf 87' lang='lat' dir='ltr'><strong>in</strong></span> <span class='ocrx_word' id='word_1_265' title='bbox 576 3544 701 3589; x_wconf 86' lang='lat' dir='ltr'><strong>eum</strong></span> <span class='ocrx_word' id='word_1_266' title='bbox 743 3526 1055 3593; x_wconf 76' lang='lat' dir='ltr'><strong>Qﬁ‘enditur,</strong></span> <span class='ocrx_word' id='word_1_267' title='bbox 1105 3525 1320 3590; x_wconf 82' lang='lat' dir='ltr'><strong>humilis</strong></span> <span class='ocrx_word' id='word_1_268' title='bbox 1362 3524 1547 3603; x_wconf 86' lang='lat' dir='ltr'><strong>jacet:</strong></span> <span class='ocrx_word' id='word_1_269' title='bbox 1578 3524 1801 3600; x_wconf 71' lang='lat' dir='ltr'><strong>iacendo</strong></span> <span class='ocrx_word' id='word_1_270' title='bbox 1849 3524 2065 3580; x_wconf 87' lang='lat' dir='ltr'><strong>humilis</strong></span> 
     </span>
    </p>
   </div>
   <div class='ocr_carea' id='block_1_35' title="bbox 475 3616 2067 3691">
    <p class='ocr_par' dir='ltr' id='par_1_35' title="bbox 475 3616 2067 3691">
     <span class='ocr_line' id='line_1_35' title="bbox 475 3616 2067 3691; baseline -0.002 -17"><span class='ocrx_word' id='word_1_271' title='bbox 475 3630 693 3691; x_wconf 86' lang='lat' dir='ltr'><strong>quassat</strong></span> <span class='ocrx_word' id='word_1_272' title='bbox 746 3618 1149 3683; x_wconf 65' lang='lat' dir='ltr'><strong>oll&#39;endentem,’</strong></span> <span class='ocrx_word' id='word_1_273' title='bbox 1200 3616 1463 3673; x_wconf 89' lang='lat' dir='ltr'><strong>veniendo</strong></span> <span class='ocrx_word' id='word_1_274' title='bbox 1526 3616 1768 3683; x_wconf 75' lang='lat' dir='ltr'><strong>excelsus</strong></span> <span class='ocrx_word' id='word_1_275' title='bbox 1839 3618 2067 3679; x_wconf 84' lang='lat' dir='ltr'><strong>conterit</strong></span> 
     </span>
    </p>
   </div>
   <div class='ocr_carea' id='block_1_36' title="bbox 476 3707 2062 3787">
    <p class='ocr_par' dir='ltr' id='par_1_36' title="bbox 476 3707 2062 3787">
     <span class='ocr_line' id='line_1_36' title="bbox 476 3707 2062 3787; baseline -0.002 -20"><span class='ocrx_word' id='word_1_276' title='bbox 476 3711 891 3782; x_wconf 89' lang='lat' dir='ltr'><strong>superbientem.</strong></span> <span class='ocrx_word' id='word_1_277' title='bbox 928 3707 1044 3767; x_wconf 69' lang='lat' dir='ltr'><strong>iam</strong></span> <span class='ocrx_word' id='word_1_278' title='bbox 1060 3724 1188 3781; x_wconf 89' lang='lat' dir='ltr'><strong>ergo</strong></span> <span class='ocrx_word' id='word_1_279' title='bbox 1213 3708 1383 3764; x_wconf 74' lang='lat' dir='ltr'><strong>Judaei</strong></span> <span class='ocrx_word' id='word_1_280' title='bbox 1404 3707 1489 3762; x_wconf 88' lang='lat' dir='ltr'><strong>illa</strong></span> <span class='ocrx_word' id='word_1_281' title='bbox 1518 3708 1810 3765; x_wconf 77' lang='lat' dir='ltr'><strong>oll&#39;ensione</strong></span> <span class='ocrx_word' id='word_1_282' title='bbox 1830 3709 2062 3787; x_wconf 71' lang='lat' dir='ltr'><strong>quassati</strong></span> 
     </span>
    </p>
   </div>
   <div class='ocr_carea' id='block_1_37' title="bbox 475 3800 2061 3875">
    <p class='ocr_par' dir='ltr' id='par_1_37' title="bbox 475 3800 2061 3875">
     <span class='ocr_line' id='line_1_37' title="bbox 475 3800 2061 3875; baseline -0.003 -14"><span class='ocrx_word' id='word_1_283' title='bbox 475 3813 637 3861; x_wconf 65' lang='lat' dir='ltr'><strong>sunt:</strong></span> <span class='ocrx_word' id='word_1_284' title='bbox 667 3813 830 3860; x_wconf 87' lang='lat' dir='ltr'><strong>restat</strong></span> <span class='ocrx_word' id='word_1_285' title='bbox 873 3814 931 3858; x_wconf 90' lang='lat' dir='ltr'><strong>ut</strong></span> <span class='ocrx_word' id='word_1_286' title='bbox 969 3804 1086 3875; x_wconf 90' lang='lat' dir='ltr'><strong>ejus</strong></span> <span class='ocrx_word' id='word_1_287' title='bbox 1117 3801 1372 3872; x_wconf 72' lang='lat' dir='ltr'><strong>prteclaro</strong></span> <span class='ocrx_word' id='word_1_288' title='bbox 1408 3800 1639 3857; x_wconf 87' lang='lat' dir='ltr'><strong>adventu</strong></span> <span class='ocrx_word' id='word_1_289' title='bbox 1677 3802 1837 3857; x_wconf 90' lang='lat' dir='ltr'><strong>etiam</strong></span> <span class='ocrx_word' id='word_1_290' title='bbox 1874 3812 2061 3865; x_wconf 26' lang='lat' dir='ltr'><strong>conte,-</strong></span> 
     </span>
    </p>
   </div>
   <div class='ocr_carea' id='block_1_38' title="bbox 475 3878 2061 3967">
    <p class='ocr_par' dir='ltr' id='par_1_38' title="bbox 475 3878 2061 3967">
     <span class='ocr_line' id='line_1_38' title="bbox 475 3878 2061 3967; baseline -0.004 -14"><span class='ocrx_word' id='word_1_291' title='bbox 475 3909 681 3967; x_wconf 72' lang='lat' dir='ltr'><strong>runtur,</strong></span> <span class='ocrx_word' id='word_1_292' title='bbox 714 3898 813 3953; x_wconf 86' lang='lat' dir='ltr'><strong>nisi</strong></span> <span class='ocrx_word' id='word_1_293' title='bbox 863 3878 1010 3952; x_wconf 81' lang='lat' dir='ltr'><strong>forte</strong></span> <span class='ocrx_word' id='word_1_294' title='bbox 1036 3912 1157 3951; x_wconf 90' lang='lat' dir='ltr'><strong>cum</strong></span> <span class='ocrx_word' id='word_1_295' title='bbox 1198 3895 1414 3962; x_wconf 88' lang='lat' dir='ltr'><strong>vivunt,</strong></span> <span class='ocrx_word' id='word_1_296' title='bbox 1446 3895 1787 3965; x_wconf 79' lang='lat' dir='ltr'><strong>agnoverint,</strong></span> <span class='ocrx_word' id='word_1_297' title='bbox 1834 3908 1903 3948; x_wconf 89' lang='lat' dir='ltr'><strong>ne</strong></span> <span class='ocrx_word' id='word_1_298' title='bbox 1945 3911 2061 3953; x_wconf 87' lang='lat' dir='ltr'><strong>mo-</strong></span> 
     </span>
    </p>
   </div>
   <div class='ocr_carea' id='block_1_39' title="bbox 474 3986 2060 4058">
    <p class='ocr_par' dir='ltr' id='par_1_39' title="bbox 474 3986 2060 4058">
     <span class='ocr_line' id='line_1_39' title="bbox 474 3986 2060 4058; baseline -0.001 -13"><span class='ocrx_word' id='word_1_299' title='bbox 474 3993 700 4053; x_wconf 84' lang='lat' dir='ltr'><strong>riantur.</strong></span> <span class='ocrx_word' id='word_1_300' title='bbox 735 3987 947 4055; x_wconf 83' lang='lat' dir='ltr'><strong>Patiens</strong></span> <span class='ocrx_word' id='word_1_301' title='bbox 971 3987 1111 4044; x_wconf 90' lang='lat' dir='ltr'><strong>enim</strong></span> <span class='ocrx_word' id='word_1_302' title='bbox 1140 3994 1222 4042; x_wconf 88' lang='lat' dir='ltr'><strong>est</strong></span> <span class='ocrx_word' id='word_1_303' title='bbox 1248 3987 1406 4055; x_wconf 90' lang='lat' dir='ltr'><strong>Deus,</strong></span> <span class='ocrx_word' id='word_1_304' title='bbox 1434 3994 1489 4041; x_wconf 92' lang='lat' dir='ltr'><strong>et</strong></span> <span class='ocrx_word' id='word_1_305' title='bbox 1519 3986 1637 4042; x_wconf 90' lang='lat' dir='ltr'><strong>illos</strong></span> <span class='ocrx_word' id='word_1_306' title='bbox 1661 3987 1898 4058; x_wconf 75' lang='lat' dir='ltr'><strong>quotidie</strong></span> <span class='ocrx_word' id='word_1_307' title='bbox 1923 3988 2060 4043; x_wconf 85' lang='lat' dir='ltr'><strong>invi-</strong></span> 
     </span>
    </p>
   </div>
   <div class='ocr_carea' id='block_1_40' title="bbox 476 4078 856 4150">
    <p class='ocr_par' dir='ltr' id='par_1_40' title="bbox 476 4078 856 4150">
     <span class='ocr_line' id='line_1_40' title="bbox 476 4078 856 4150; baseline -0.016 -15"><span class='ocrx_word' id='word_1_308' title='bbox 476 4090 555 4150; x_wconf 77' lang='lat' dir='ltr'><strong>tat</strong></span> <span class='ocrx_word' id='word_1_309' title='bbox 581 4079 647 4135; x_wconf 90' lang='lat' dir='ltr'><strong>ad</strong></span> <span class='ocrx_word' id='word_1_310' title='bbox 679 4078 856 4146; x_wconf 76' lang='lat' dir='ltr'><strong>ﬁdem.</strong></span> 
     </span>
    </p>
   </div>
   <div class='ocr_carea' id='block_1_41' title="bbox 549 4167 2061 4242">
    <p class='ocr_par' dir='ltr' id='par_1_41' title="bbox 549 4167 2061 4242">
     <span class='ocr_line' id='line_1_41' title="bbox 549 4167 2061 4242; baseline 0.001 -15"><span class='ocrx_word' id='word_1_311' title='bbox 549 4170 772 4227; x_wconf 83' lang='lat' dir='ltr'><strong>CAPUT</strong></span> <span class='ocrx_word' id='word_1_312' title='bbox 800 4170 863 4224; x_wconf 81' lang='lat' dir='ltr'><strong>ll.</strong></span> <span class='ocrx_word' id='word_1_313' title='bbox 887 4168 1031 4223; x_wconf 73' lang='lat'><strong>——2.</strong></span> <span class='ocrx_word' id='word_1_314' title='bbox 1064 4167 1212 4224; x_wconf 84' lang='lat' dir='ltr'><strong>Idem</strong></span> <span class='ocrx_word' id='word_1_315' title='bbox 1258 4178 1502 4234; x_wconf 72' lang='lat' dir='ltr'><strong>tractatur</strong></span> <span class='ocrx_word' id='word_1_316' title='bbox 1543 4181 1911 4242; x_wconf 75' lang='lat' dir='ltr'><strong>argumentum.</strong></span> <span class='ocrx_word' id='word_1_317' title='bbox 1956 4171 2061 4227; x_wconf 85' lang='lat' dir='ltr'><strong>Sed</strong></span> 
     </span>
    </p>
   </div>
   <div class='ocr_carea' id='block_1_42' title="bbox 476 4262 2061 4342">
    <p class='ocr_par' dir='ltr' id='par_1_42' title="bbox 476 4262 2061 4342">
     <span class='ocr_line' id='line_1_42' title="bbox 476 4262 2061 4342; baseline -0.001 -24"><span class='ocrx_word' id='word_1_318' title='bbox 476 4280 597 4319; x_wconf 86' lang='lat' dir='ltr'><strong>cum</strong></span> <span class='ocrx_word' id='word_1_319' title='bbox 637 4263 801 4319; x_wconf 72' lang='lat' dir='ltr'><strong>Judmi</strong></span> <span class='ocrx_word' id='word_1_320' title='bbox 843 4262 1165 4342; x_wconf 89' lang='lat' dir='ltr'><strong>respondere</strong></span> <span class='ocrx_word' id='word_1_321' title='bbox 1210 4278 1314 4317; x_wconf 91' lang='lat' dir='ltr'><strong>non</strong></span> <span class='ocrx_word' id='word_1_322' title='bbox 1352 4272 1569 4333; x_wconf 78' lang='lat' dir='ltr'><strong>possent</strong></span> <span class='ocrx_word' id='word_1_323' title='bbox 1606 4265 1830 4325; x_wconf 81' lang='lat' dir='ltr'><strong>D0mino</strong></span> <span class='ocrx_word' id='word_1_324' title='bbox 1869 4281 2061 4340; x_wconf 82' lang='lat' dir='ltr'><strong>propo-</strong></span> 
     </span>
    </p>
   </div>
   <div class='ocr_carea' id='block_1_43' title="bbox 479 4354 2062 4432">
    <p class='ocr_par' dir='ltr' id='par_1_43' title="bbox 479 4354 2062 4432">
     <span class='ocr_line' id='line_1_43' title="bbox 479 4354 2062 4432; baseline 0.001 -22"><span class='ocrx_word' id='word_1_325' title='bbox 479 4356 624 4412; x_wconf 79' lang='lat' dir='ltr'><strong>nenti</strong></span> <span class='ocrx_word' id='word_1_326' title='bbox 671 4357 1019 4432; x_wconf 61' lang='lat' dir='ltr'><strong>quaestionem</strong></span> <span class='ocrx_word' id='word_1_327' title='bbox 1063 4363 1118 4411; x_wconf 93' lang='lat' dir='ltr'><strong>et</strong></span> <span class='ocrx_word' id='word_1_328' title='bbox 1160 4354 1395 4422; x_wconf 83' lang='lat' dir='ltr'><strong>dicenti,</strong></span> <span class='ocrx_word' id='word_1_329' title='bbox 1423 4354 1573 4425; x_wconf 90' lang='lat' dir='ltr'><strong>cujus</strong></span> <span class='ocrx_word' id='word_1_330' title='bbox 1614 4355 1778 4423; x_wconf 84' lang='lat' dir='ltr'><strong>ﬁlium</strong></span> <span class='ocrx_word' id='word_1_331' title='bbox 1825 4356 2062 4419; x_wconf 87' lang='lat' dir='ltr'><strong>dicereut</strong></span> 
     </span>
    </p>
   </div>
   <div class='ocr_carea' id='block_1_44' title="bbox 475 4446 2059 4520">
    <p class='ocr_par' dir='ltr' id='par_1_44' title="bbox 475 4446 2059 4520">
     <span class='ocr_line' id='line_1_44' title="bbox 475 4446 2059 4520; baseline 0.003 -19"><span class='ocrx_word' id='word_1_332' title='bbox 475 4446 746 4515; x_wconf 86' lang='lat' dir='ltr'><strong>Christum</strong></span> <span class='ocrx_word' id='word_1_333' title='bbox 770 4465 783 4513; x_wconf 92' lang='lat'><strong>;</strong></span> <span class='ocrx_word' id='word_1_334' title='bbox 816 4456 974 4518; x_wconf 85' lang='lat' dir='ltr'><strong>atque</strong></span> <span class='ocrx_word' id='word_1_335' title='bbox 997 4446 1068 4501; x_wconf 89' lang='lat' dir='ltr'><strong>illi</strong></span> <span class='ocrx_word' id='word_1_336' title='bbox 1094 4447 1496 4517; x_wconf 88' lang='lat' dir='ltr'><strong>responderent,</strong></span> <span class='ocrx_word' id='word_1_337' title='bbox 1520 4448 1712 4513; x_wconf 84' lang='lat' dir='ltr'><strong>Filium</strong></span> <span class='ocrx_word' id='word_1_338' title='bbox 1736 4450 1901 4520; x_wconf 82' lang='lat' dir='ltr'><strong>David</strong></span> <span class='ocrx_word' id='word_1_339' title='bbox 1926 4468 1939 4503; x_wconf 92' lang='lat'>:</span> <span class='ocrx_word' id='word_1_340' title='bbox 1965 4451 2059 4513; x_wconf 82' lang='lat' dir='ltr'><strong>ad-</strong></span> 
     </span>
    </p>
   </div>
   <div class='ocr_carea' id='block_1_45' title="bbox 475 4537 2060 4613">
    <p class='ocr_par' dir='ltr' id='par_1_45' title="bbox 475 4537 2060 4613">
     <span class='ocr_line' id='line_1_45' title="bbox 475 4537 2060 4613; baseline 0.001 -19"><span class='ocrx_word' id='word_1_341' title='bbox 475 4538 651 4594; x_wconf 85' lang='lat' dir='ltr'><strong>dendo</strong></span> <span class='ocrx_word' id='word_1_342' title='bbox 681 4546 736 4601; x_wconf 88' lang='lat' dir='ltr'><strong>et</strong></span> <span class='ocrx_word' id='word_1_343' title='bbox 761 4537 1124 4613; x_wconf 88' lang='lat' dir='ltr'><strong>proponendo,</strong></span> <span class='ocrx_word' id='word_1_344' title='bbox 1157 4539 1418 4605; x_wconf 84' lang='lat' dir='ltr'><strong>Quomodo</strong></span> <span class='ocrx_word' id='word_1_345' title='bbox 1451 4556 1567 4611; x_wconf 84' lang='lat' dir='ltr'><strong>ergo</strong></span> <span class='ocrx_word' id='word_1_346' title='bbox 1598 4539 1767 4594; x_wconf 87' lang='lat' dir='ltr'><strong>David</strong></span> <span class='ocrx_word' id='word_1_347' title='bbox 1796 4542 1847 4595; x_wconf 91' lang='lat' dir='ltr'><strong>in</strong></span> <span class='ocrx_word' id='word_1_348' title='bbox 1876 4542 2060 4611; x_wconf 76' lang='lat' dir='ltr'><strong>spiritu</strong></span> 
     </span>
    </p>
   </div>
   <div class='ocr_carea' id='block_1_46' title="bbox 474 4627 2058 4703">
    <p class='ocr_par' dir='ltr' id='par_1_46' title="bbox 474 4627 2058 4703">
     <span class='ocr_line' id='line_1_46' title="bbox 474 4627 2058 4703; baseline 0.003 -20"><span class='ocrx_word' id='word_1_349' title='bbox 474 4639 616 4693; x_wconf 76' lang='lat' dir='ltr'><strong>vocat</strong></span> <span class='ocrx_word' id='word_1_350' title='bbox 645 4646 757 4703; x_wconf 83' lang='lat' dir='ltr'><strong>eunt</strong></span> <span class='ocrx_word' id='word_1_351' title='bbox 789 4627 1083 4695; x_wconf 87' lang='lat' dir='ltr'><strong>Dominum,</strong></span> <span class='ocrx_word' id='word_1_352' title='bbox 1114 4629 1282 4683; x_wconf 85' lang='lat' dir='ltr'><strong>dicens</strong></span> <span class='ocrx_word' id='word_1_353' title='bbox 1332 4648 1344 4683; x_wconf 91' lang='lat'>:</span> <span class='ocrx_word' id='word_1_354' title='bbox 1393 4629 1533 4684; x_wconf 77' lang='lat' dir='ltr'><strong>Dixit</strong></span> <span class='ocrx_word' id='word_1_355' title='bbox 1567 4630 1811 4685; x_wconf 85' lang='lat' dir='ltr'><strong>Dominus</strong></span> <span class='ocrx_word' id='word_1_356' title='bbox 1843 4631 2058 4688; x_wconf 89' lang='lat' dir='ltr'><strong>Domina</strong></span> 
     </span>
    </p>
   </div>
   <div class='ocr_carea' id='block_1_47' title="bbox 474 4722 2058 4794">
    <p class='ocr_par' dir='ltr' id='par_1_47' title="bbox 474 4722 2058 4794">
     <span class='ocr_line' id='line_1_47' title="bbox 474 4722 2058 4794; baseline 0.004 -20"><span class='ocrx_word' id='word_1_357' title='bbox 474 4739 606 4787; x_wconf 86' lang='lat' dir='ltr'><strong>meo,</strong></span> <span class='ocrx_word' id='word_1_358' title='bbox 641 4722 774 4777; x_wconf 85' lang='lat' dir='ltr'><strong>Sede</strong></span> <span class='ocrx_word' id='word_1_359' title='bbox 797 4722 864 4785; x_wconf 91' lang='lat' dir='ltr'><strong>ad</strong></span> <span class='ocrx_word' id='word_1_360' title='bbox 890 4722 1144 4781; x_wconf 73' lang='lat' dir='ltr'><strong>dexteram</strong></span> <span class='ocrx_word' id='word_1_361' title='bbox 1177 4740 1373 4789; x_wconf 81' lang='lat' dir='ltr'><strong>nteant,</strong></span> <span class='ocrx_word' id='word_1_362' title='bbox 1398 4724 1557 4777; x_wconf 87' lang='lat' dir='ltr'><strong>donec</strong></span> <span class='ocrx_word' id='word_1_363' title='bbox 1602 4741 1787 4794; x_wconf 89' lang='lat' dir='ltr'><strong>ponam</strong></span> <span class='ocrx_word' id='word_1_364' title='bbox 1831 4726 2058 4782; x_wconf 83' lang='lat' dir='ltr'><strong>inimicos</strong></span> 
     </span>
    </p>
   </div>
   <div class='ocr_carea' id='block_1_48' title="bbox 473 4796 2059 4893">
    <p class='ocr_par' dir='ltr' id='par_1_48' title="bbox 473 4796 2059 4893">
     <span class='ocr_line' id='line_1_48' title="bbox 473 4796 2059 4893; baseline 0.004 -30"><span class='ocrx_word' id='word_1_365' title='bbox 473 4819 584 4866; x_wconf 87' lang='lat' dir='ltr'><strong>tuos</strong></span> <span class='ocrx_word' id='word_1_366' title='bbox 612 4812 701 4877; x_wconf 85' lang='lat' dir='ltr'><strong>sub</strong></span> <span class='ocrx_word' id='word_1_367' title='bbox 727 4812 935 4882; x_wconf 77' lang='lat' dir='ltr'><strong>pedibus</strong></span> <span class='ocrx_word' id='word_1_368' title='bbox 961 4812 1098 4872; x_wconf 77' lang='lat' dir='ltr'><strong>tuis?</strong></span> <span class='ocrx_word' id='word_1_369' title='bbox 1126 4811 1187 4876; x_wconf 81' lang='lat' dir='ltr'><strong>Si</strong></span> <span class='ocrx_word' id='word_1_370' title='bbox 1213 4796 1330 4893; x_wconf 78' lang='lat' dir='ltr'><strong>ergo</strong></span> <span class='ocrx_word' id='word_1_371' title='bbox 1360 4811 1551 4879; x_wconf 86' lang='lat' dir='ltr'><strong>David,</strong></span> <span class='ocrx_word' id='word_1_372' title='bbox 1582 4814 1774 4884; x_wconf 82' lang='lat' dir='ltr'><strong>inquit,</strong></span> <span class='ocrx_word' id='word_1_373' title='bbox 1804 4816 1856 4869; x_wconf 85' lang='lat' dir='ltr'><strong>in</strong></span> <span class='ocrx_word' id='word_1_374' title='bbox 1877 4817 2059 4884; x_wconf 89' lang='lat' dir='ltr'><strong>spiritu</strong></span> 
     </span>
    </p>
   </div>
   <div class='ocr_carea' id='block_1_49' title="bbox 471 4904 2055 4977">
    <p class='ocr_par' dir='ltr' id='par_1_49' title="bbox 471 4904 2055 4977">
     <span class='ocr_line' id='line_1_49' title="bbox 471 4904 2055 4977; baseline 0.004 -19"><span class='ocrx_word' id='word_1_375' title='bbox 471 4906 593 4959; x_wconf 84' lang='lat' dir='ltr'><strong>dicit</strong></span> <span class='ocrx_word' id='word_1_376' title='bbox 618 4922 728 4959; x_wconf 89' lang='lat' dir='ltr'><strong>eum</strong></span> <span class='ocrx_word' id='word_1_377' title='bbox 751 4904 1045 4971; x_wconf 82' lang='lat' dir='ltr'><strong>Dominum,</strong></span> <span class='ocrx_word' id='word_1_378' title='bbox 1069 4905 1320 4974; x_wconf 90' lang='lat' dir='ltr'><strong>quomodo</strong></span> <span class='ocrx_word' id='word_1_379' title='bbox 1348 4915 1417 4959; x_wconf 83' lang='lat' dir='ltr'><strong>est</strong></span> <span class='ocrx_word' id='word_1_380' title='bbox 1439 4906 1575 4973; x_wconf 82' lang='lat' dir='ltr'><strong>[ilius</strong></span> <span class='ocrx_word' id='word_1_381' title='bbox 1596 4907 1743 4977; x_wconf 83' lang='lat' dir='ltr'><strong>ejus?</strong></span> <span class='ocrx_word' id='word_1_382' title='bbox 1762 4907 1875 4962; x_wconf 82' lang='lat' dir='ltr'><strong>Non</strong></span> <span class='ocrx_word' id='word_1_383' title='bbox 1899 4908 2055 4976; x_wconf 76' lang='lat' dir='ltr'><strong>dixit,</strong></span> 
     </span>
    </p>
   </div>
   <div class='ocr_carea' id='block_1_50' title="bbox 470 4994 2059 5070">
    <p class='ocr_par' dir='ltr' id='par_1_50' title="bbox 470 4994 2059 5070">
     <span class='ocr_line' id='line_1_50' title="bbox 470 4994 2059 5070; baseline 0.002 -19"><span class='ocrx_word' id='word_1_384' title='bbox 470 4994 587 5051; x_wconf 84' lang='lat' dir='ltr'><strong>Non</strong></span> <span class='ocrx_word' id='word_1_385' title='bbox 616 5005 699 5051; x_wconf 90' lang='lat' dir='ltr'><strong>est</strong></span> <span class='ocrx_word' id='word_1_386' title='bbox 729 4995 869 5050; x_wconf 85' lang='lat' dir='ltr'><strong>ﬁlius</strong></span> <span class='ocrx_word' id='word_1_387' title='bbox 888 4995 1035 5065; x_wconf 86' lang='lat' dir='ltr'><strong>ejus;</strong></span> <span class='ocrx_word' id='word_1_388' title='bbox 1058 4995 1174 5061; x_wconf 79' lang='lat' dir='ltr'><strong>sed,</strong></span> <span class='ocrx_word' id='word_1_389' title='bbox 1204 4995 1466 5060; x_wconf 86' lang='lat' dir='ltr'><strong>Quomodo</strong></span> <span class='ocrx_word' id='word_1_390' title='bbox 1488 5006 1560 5051; x_wconf 84' lang='lat' dir='ltr'><strong>est</strong></span> <span class='ocrx_word' id='word_1_391' title='bbox 1581 4995 1718 5065; x_wconf 81' lang='lat' dir='ltr'><strong>[ilius</strong></span> <span class='ocrx_word' id='word_1_392' title='bbox 1749 5000 1899 5070; x_wconf 83' lang='lat' dir='ltr'><strong>ejus?</strong></span> <span class='ocrx_word' id='word_1_393' title='bbox 1921 5000 2059 5066; x_wconf 85' lang='lat' dir='ltr'><strong>Quo-</strong></span> 
     </span>
    </p>
   </div>
   <div class='ocr_carea' id='block_1_51' title="bbox 470 5086 2053 5166">
    <p class='ocr_par' dir='ltr' id='par_1_51' title="bbox 470 5086 2053 5166">
     <span class='ocr_line' id='line_1_51' title="bbox 470 5086 2053 5166; baseline 0.002 -26"><span class='ocrx_word' id='word_1_394' title='bbox 470 5088 621 5142; x_wconf 82' lang='lat' dir='ltr'><strong>modo</strong></span> <span class='ocrx_word' id='word_1_395' title='bbox 645 5102 765 5143; x_wconf 90' lang='lat' dir='ltr'><strong>cum</strong></span> <span class='ocrx_word' id='word_1_396' title='bbox 792 5087 939 5153; x_wconf 90' lang='lat' dir='ltr'><strong>dicit,</strong></span> <span class='ocrx_word' id='word_1_397' title='bbox 965 5086 1185 5150; x_wconf 84' lang='lat' dir='ltr'><strong>verbum</strong></span> <span class='ocrx_word' id='word_1_398' title='bbox 1211 5088 1499 5166; x_wconf 72' lang='lat' dir='ltr'><strong>qumrentis</strong></span> <span class='ocrx_word' id='word_1_399' title='bbox 1525 5095 1625 5152; x_wconf 75' lang='lat' dir='ltr'><strong>est,</strong></span> <span class='ocrx_word' id='word_1_400' title='bbox 1649 5104 1754 5152; x_wconf 87' lang='lat' dir='ltr'><strong>non</strong></span> <span class='ocrx_word' id='word_1_401' title='bbox 1778 5090 2016 5161; x_wconf 84' lang='lat' dir='ltr'><strong>negantis</strong></span> <span class='ocrx_word' id='word_1_402' title='bbox 2040 5104 2053 5143; x_wconf 84' lang='lat'><strong>:</strong></span> 
     </span>
    </p>
   </div>
   <div class='ocr_carea' id='block_1_52' title="bbox 474 5177 2055 5249">
    <p class='ocr_par' dir='ltr' id='par_1_52' title="bbox 474 5177 2055 5249">
     <span class='ocr_line' id='line_1_52' title="bbox 474 5177 2055 5249; baseline 0.003 -17"><span class='ocrx_word' id='word_1_403' title='bbox 474 5189 721 5248; x_wconf 82' lang='lat' dir='ltr'><strong>tanquam</strong></span> <span class='ocrx_word' id='word_1_404' title='bbox 750 5178 795 5233; x_wconf 89' lang='lat' dir='ltr'><strong>si</strong></span> <span class='ocrx_word' id='word_1_405' title='bbox 827 5178 931 5234; x_wconf 89' lang='lat' dir='ltr'><strong>hoc</strong></span> <span class='ocrx_word' id='word_1_406' title='bbox 959 5178 1038 5233; x_wconf 86' lang='lat' dir='ltr'><strong>eis</strong></span> <span class='ocrx_word' id='word_1_407' title='bbox 1063 5177 1286 5242; x_wconf 88' lang='lat' dir='ltr'><strong>diceret,</strong></span> <span class='ocrx_word' id='word_1_408' title='bbox 1307 5178 1449 5239; x_wconf 83' lang='lat' dir='ltr'><strong>Bene</strong></span> <span class='ocrx_word' id='word_1_409' title='bbox 1468 5179 1680 5249; x_wconf 82' lang='lat' dir='ltr'><strong>quidem</strong></span> <span class='ocrx_word' id='word_1_410' title='bbox 1702 5181 1877 5243; x_wconf 81' lang='lat' dir='ltr'><strong>dicitis</strong></span> <span class='ocrx_word' id='word_1_411' title='bbox 1896 5181 2055 5237; x_wconf 88' lang='lat' dir='ltr'><strong>Chri-</strong></span> 
     </span>
    </p>
   </div>
   <div class='ocr_carea' id='block_1_53' title="bbox 473 5269 2055 5339">
    <p class='ocr_par' dir='ltr' id='par_1_53' title="bbox 473 5269 2055 5339">
     <span class='ocr_line' id='line_1_53' title="bbox 473 5269 2055 5339; baseline 0.002 -16"><span class='ocrx_word' id='word_1_412' title='bbox 473 5278 611 5323; x_wconf 87' lang='lat' dir='ltr'><strong>stum</strong></span> <span class='ocrx_word' id='word_1_413' title='bbox 643 5269 803 5324; x_wconf 90' lang='lat' dir='ltr'><strong>lilium</strong></span> <span class='ocrx_word' id='word_1_414' title='bbox 837 5269 997 5323; x_wconf 89' lang='lat' dir='ltr'><strong>David</strong></span> <span class='ocrx_word' id='word_1_415' title='bbox 1020 5310 1034 5331; x_wconf 90' lang='lat'><strong>,</strong></span> <span class='ocrx_word' id='word_1_416' title='bbox 1067 5269 1157 5324; x_wconf 90' lang='lat' dir='ltr'><strong>sed</strong></span> <span class='ocrx_word' id='word_1_417' title='bbox 1188 5271 1300 5339; x_wconf 90' lang='lat' dir='ltr'><strong>ipse</strong></span> <span class='ocrx_word' id='word_1_418' title='bbox 1328 5270 1493 5324; x_wconf 83' lang='lat' dir='ltr'><strong>David</strong></span> <span class='ocrx_word' id='word_1_419' title='bbox 1520 5271 1797 5325; x_wconf 89' lang='lat' dir='ltr'><strong>Dominum</strong></span> <span class='ocrx_word' id='word_1_420' title='bbox 1827 5288 1945 5327; x_wconf 89' lang='lat' dir='ltr'><strong>eum</strong></span> <span class='ocrx_word' id='word_1_421' title='bbox 1976 5273 2055 5331; x_wconf 92' lang='lat' dir='ltr'><strong>di-</strong></span> 
     </span>
    </p>
   </div>
   <div class='ocr_carea' id='block_1_54' title="bbox 471 5359 2057 5432">
    <p class='ocr_par' dir='ltr' id='par_1_54' title="bbox 471 5359 2057 5432">
     <span class='ocr_line' id='line_1_54' title="bbox 471 5359 2057 5432; baseline 0.003 -18"><span class='ocrx_word' id='word_1_422' title='bbox 471 5360 579 5427; x_wconf 83' lang='lat' dir='ltr'><strong>cit;</strong></span> <span class='ocrx_word' id='word_1_423' title='bbox 630 5376 784 5430; x_wconf 89' lang='lat' dir='ltr'><strong>quem</strong></span> <span class='ocrx_word' id='word_1_424' title='bbox 832 5359 959 5420; x_wconf 87' lang='lat' dir='ltr'><strong>dicit</strong></span> <span class='ocrx_word' id='word_1_425' title='bbox 1002 5361 1092 5416; x_wconf 91' lang='lat' dir='ltr'><strong>ille</strong></span> <span class='ocrx_word' id='word_1_426' title='bbox 1138 5360 1446 5426; x_wconf 84' lang='lat' dir='ltr'><strong>Dominum,</strong></span> <span class='ocrx_word' id='word_1_427' title='bbox 1477 5362 1743 5432; x_wconf 88' lang='lat' dir='ltr'><strong>quomodo</strong></span> <span class='ocrx_word' id='word_1_428' title='bbox 1768 5373 1850 5418; x_wconf 89' lang='lat' dir='ltr'><strong>est</strong></span> <span class='ocrx_word' id='word_1_429' title='bbox 1879 5363 2057 5419; x_wconf 75' lang='lat' dir='ltr'><strong>ﬁlius?</strong></span> 
     </span>
    </p>
   </div>
   <div class='ocr_carea' id='block_1_55' title="bbox 540 5535 2056 5609">
    <p class='ocr_par' dir='ltr' id='par_1_55' title="bbox 540 5535 2056 5609">
     <span class='ocr_line' id='line_1_55' title="bbox 540 5535 2056 5609; baseline 0.01 -26"><span class='ocrx_word' id='word_1_430' title='bbox 540 5538 554 5567; x_wconf 77' lang='grc' dir='ltr'>ι</span> <span class='ocrx_word' id='word_1_431' title='bbox 583 5536 719 5609; x_wconf 66' lang='lat' dir='ltr'><strong>aditi,</strong></span> <span class='ocrx_word' id='word_1_432' title='bbox 758 5535 886 5599; x_wconf 86' lang='lat' dir='ltr'><strong>quod</strong></span> <span class='ocrx_word' id='word_1_433' title='bbox 899 5538 1008 5599; x_wconf 83' lang='lat' dir='ltr'><strong>jam</strong></span> <span class='ocrx_word' id='word_1_434' title='bbox 1030 5550 1123 5589; x_wconf 88' lang='lat' dir='ltr'><strong>non</strong></span> <span class='ocrx_word' id='word_1_435' title='bbox 1145 5539 1283 5595; x_wconf 77' lang='lat' dir='ltr'><strong>venit.</strong></span> <span class='ocrx_word' id='word_1_436' title='bbox 1316 5542 1460 5593; x_wconf 79' lang='lat' dir='ltr'><strong>Abest</strong></span> <span class='ocrx_word' id='word_1_437' title='bbox 1490 5540 1739 5607; x_wconf 60' lang='lat' dir='ltr'><strong>radicula,</strong></span> <span class='ocrx_word' id='word_1_438' title='bbox 1772 5557 1880 5607; x_wconf 81' lang='lat' dir='ltr'><strong>non,</strong></span> <span class='ocrx_word' id='word_1_439' title='bbox 1903 5559 1932 5605; x_wconf 87' lang='lat' dir='ltr'><strong>a</strong></span> <span class='ocrx_word' id='word_1_440' title='bbox 1955 5562 2056 5599; x_wconf 91' lang='lat' dir='ltr'><strong>ma-</strong></span> 
     </span>
    </p>
   </div>
   <div class='ocr_carea' id='block_1_56' title="bbox 477 5605 1958 5722">
    <p class='ocr_par' dir='ltr' id='par_1_56' title="bbox 477 5605 1958 5722">
     <span class='ocr_line' id='line_1_56' title="bbox 477 5605 1958 5722; baseline 0.013 -22"><span class='ocrx_word' id='word_1_441' title='bbox 477 5605 842 5722; x_wconf 49' lang='grc' dir='ltr'><strong>¹¹¹¹Ἒξᾷξὲωε</strong></span> <span class='ocrx_word' id='word_1_442' title='bbox 877 5666 954 5709; x_wconf 88' lang='lat' dir='ltr'><strong>est</strong></span> <span class='ocrx_word' id='word_1_443' title='bbox 975 5661 1033 5711; x_wconf 90' lang='lat' dir='ltr'><strong>ad</strong></span> <span class='ocrx_word' id='word_1_444' title='bbox 1055 5662 1176 5712; x_wconf 83' lang='lat' dir='ltr'><strong>duos</strong></span> <span class='ocrx_word' id='word_1_445' title='bbox 1192 5662 1251 5713; x_wconf 90' lang='lat' dir='ltr'><strong>cl.</strong></span> <span class='ocrx_word' id='word_1_446' title='bbox 1267 5665 1324 5713; x_wconf 88' lang='lat' dir='ltr'><strong>ad</strong></span> <span class='ocrx_word' id='word_1_447' title='bbox 1347 5678 1416 5716; x_wconf 88' lang='lat' dir='ltr'><strong>cs.</strong></span> <span class='ocrx_word' id='word_1_448' title='bbox 1436 5672 1486 5715; x_wconf 91' lang='lat' dir='ltr'><strong>et</strong></span> <span class='ocrx_word' id='word_1_449' title='bbox 1503 5672 1604 5716; x_wconf 78' lang='lat' dir='ltr'><strong>Am.</strong></span> <span class='ocrx_word' id='word_1_450' title='bbox 1624 5674 1697 5717; x_wconf 81' lang='lat' dir='ltr'><strong>Er.</strong></span> <span class='ocrx_word' id='word_1_451' title='bbox 1724 5676 1824 5720; x_wconf 84' lang='lat' dir='ltr'><strong>Par.</strong></span> <span class='ocrx_word' id='word_1_452' title='bbox 1850 5677 1958 5721; x_wconf 77' lang='lat' dir='ltr'><strong>Lor.</strong></span> 
     </span>
    </p>
   </div>
   <div class='ocr_carea' id='block_1_57' title="bbox 538 5720 1255 5785">
    <p class='ocr_par' dir='ltr' id='par_1_57' title="bbox 538 5720 1255 5785">
     <span class='ocr_line' id='line_1_57' title="bbox 538 5720 1255 5785; baseline 0.006 -16"><span class='ocrx_word' id='word_1_453' title='bbox 538 5720 612 5785; x_wconf 80' lang='lat' dir='ltr'><strong>la)</strong></span> <span class='ocrx_word' id='word_1_454' title='bbox 637 5720 775 5781; x_wconf 77' lang='lat' dir='ltr'><strong>Alias,</strong></span> <span class='ocrx_word' id='word_1_455' title='bbox 801 5722 866 5771; x_wconf 91' lang='lat' dir='ltr'><strong>de</strong></span> <span class='ocrx_word' id='word_1_456' title='bbox 892 5729 1126 5785; x_wconf 81' lang='lat' dir='ltr'><strong>Tempore</strong></span> <span class='ocrx_word' id='word_1_457' title='bbox 1148 5724 1255 5773; x_wconf 68' lang='grc' dir='ltr'><strong>εδι.</strong></span> 
     </span>
    </p>
   </div>
   <div class='ocr_carea' id='block_1_58' title="bbox 537 5782 1726 5854">
    <p class='ocr_par' dir='ltr' id='par_1_58' title="bbox 537 5782 1726 5854">
     <span class='ocr_line' id='line_1_58' title="bbox 537 5782 1726 5854; baseline 0.007 -21"><span class='ocrx_word' id='word_1_458' title='bbox 537 5782 609 5845; x_wconf 71' lang='lat' dir='ltr'><strong>(b)</strong></span> <span class='ocrx_word' id='word_1_459' title='bbox 632 5789 925 5833; x_wconf 73' lang='lat' dir='ltr'><strong>tteceusetur</strong></span> <span class='ocrx_word' id='word_1_460' title='bbox 949 5798 977 5835; x_wconf 91' lang='lat' dir='ltr'><strong>a</strong></span> <span class='ocrx_word' id='word_1_461' title='bbox 1001 5782 1207 5843; x_wconf 76' lang='lat' dir='ltr'><strong>t‘ossidio</strong></span> <span class='ocrx_word' id='word_1_462' title='bbox 1232 5789 1280 5837; x_wconf 88' lang='lat' dir='ltr'><strong>in</strong></span> <span class='ocrx_word' id='word_1_463' title='bbox 1300 5788 1524 5854; x_wconf 88' lang='lat' dir='ltr'><strong>tudiculo,</strong></span> <span class='ocrx_word' id='word_1_464' title='bbox 1552 5803 1653 5854; x_wconf 87' lang='lat' dir='ltr'><strong>cap.</strong></span> <span class='ocrx_word' id='word_1_465' title='bbox 1680 5792 1726 5841; x_wconf 92' lang='lat'><strong>8.</strong></span> 
     </span>
    </p>
   </div>
   <div class='ocr_carea' id='block_1_59' title="bbox 1716 368 2531 431">
    <p class='ocr_par' dir='ltr' id='par_1_59' title="bbox 1716 368 2531 431">
     <span class='ocr_line' id='line_1_59' title="bbox 1716 368 2531 431; baseline -0.001 -1"><span class='ocrx_word' id='word_1_466' title='bbox 1716 375 1774 430; x_wconf 91' lang='lat' dir='ltr'><strong>S.</strong></span> <span class='ocrx_word' id='word_1_467' title='bbox 1817 368 2185 429; x_wconf 78' lang='lat' dir='ltr'><strong>AUGUSTINI</strong></span> <span class='ocrx_word' id='word_1_468' title='bbox 2229 370 2531 431; x_wconf 78' lang='lat' dir='ltr'><strong>EPISCOPI</strong></span> 
     </span>
    </p>
   </div>
   <div class='ocr_carea' id='block_1_60' title="bbox 3655 385 3758 445">
    <p class='ocr_par' dir='ltr' id='par_1_60' title="bbox 3655 385 3758 445">
     <span class='ocr_line' id='line_1_60' title="bbox 3655 385 3758 445; baseline 0.01 -1"><span class='ocrx_word' id='word_1_469' title='bbox 3655 385 3758 445; x_wconf 67' lang='lat'><strong>5&#39;68</strong></span> 
     </span>
    </p>
   </div>
   <div class='ocr_carea' id='block_1_61' title="bbox 2171 486 3757 570">
    <p class='ocr_par' dir='ltr' id='par_1_61' title="bbox 2171 486 3757 570">
     <span class='ocr_line' id='line_1_61' title="bbox 2171 486 3757 570; baseline 0.011 -32"><span class='ocrx_word' id='word_1_470' title='bbox 2171 486 2613 553; x_wconf 69' lang='lat' dir='ltr'><strong>DicerentJudari,</strong></span> <span class='ocrx_word' id='word_1_471' title='bbox 2632 489 2676 544; x_wconf 87' lang='lat' dir='ltr'><strong>si</strong></span> <span class='ocrx_word' id='word_1_472' title='bbox 2711 489 2923 549; x_wconf 89' lang='lat' dir='ltr'><strong>intructi</strong></span> <span class='ocrx_word' id='word_1_473' title='bbox 2942 501 3120 549; x_wconf 87' lang='lat' dir='ltr'><strong>essent</strong></span> <span class='ocrx_word' id='word_1_474' title='bbox 3140 493 3243 552; x_wconf 88' lang='lat' dir='ltr'><strong>ﬁde</strong></span> <span class='ocrx_word' id='word_1_475' title='bbox 3259 493 3577 560; x_wconf 83' lang='lat' dir='ltr'><strong>Christiana,</strong></span> <span class='ocrx_word' id='word_1_476' title='bbox 3596 514 3757 570; x_wconf 83' lang='lat' dir='ltr'><strong>quam</strong></span> 
     </span>
    </p>
   </div>
   <div class='ocr_carea' id='block_1_62' title="bbox 2170 580 3759 654">
    <p class='ocr_par' dir='ltr' id='par_1_62' title="bbox 2170 580 3759 654">
     <span class='ocr_line' id='line_1_62' title="bbox 2170 580 3759 654; baseline 0.009 -25"><span class='ocrx_word' id='word_1_477' title='bbox 2170 590 2267 631; x_wconf 79' lang='lat' dir='ltr'><strong>nos</strong></span> <span class='ocrx_word' id='word_1_478' title='bbox 2297 586 2576 645; x_wconf 90' lang='lat' dir='ltr'><strong>tenemus;</strong></span> <span class='ocrx_word' id='word_1_479' title='bbox 2608 580 2652 634; x_wconf 92' lang='lat' dir='ltr'><strong>si</strong></span> <span class='ocrx_word' id='word_1_480' title='bbox 2682 589 2866 635; x_wconf 88' lang='lat' dir='ltr'><strong>contra</strong></span> <span class='ocrx_word' id='word_1_481' title='bbox 2897 582 3238 654; x_wconf 83' lang='lat' dir='ltr'><strong>Evangelium</strong></span> <span class='ocrx_word' id='word_1_482' title='bbox 3283 586 3442 641; x_wconf 88' lang='lat' dir='ltr'><strong>corda</strong></span> <span class='ocrx_word' id='word_1_483' title='bbox 3479 605 3583 642; x_wconf 86' lang='lat' dir='ltr'><strong>non</strong></span> <span class='ocrx_word' id='word_1_484' title='bbox 3610 590 3759 644; x_wconf 80' lang='lat' dir='ltr'><strong>clau-</strong></span> 
     </span>
    </p>
   </div>
   <div class='ocr_carea' id='block_1_63' title="bbox 2168 667 3755 751">
    <p class='ocr_par' dir='ltr' id='par_1_63' title="bbox 2168 667 3755 751">
     <span class='ocr_line' id='line_1_63' title="bbox 2168 667 3755 751; baseline 0.01 -29"><span class='ocrx_word' id='word_1_485' title='bbox 2168 667 2385 732; x_wconf 88' lang='lat' dir='ltr'><strong>derent,</strong></span> <span class='ocrx_word' id='word_1_486' title='bbox 2420 672 2465 725; x_wconf 88' lang='lat' dir='ltr'><strong>si</strong></span> <span class='ocrx_word' id='word_1_487' title='bbox 2496 671 2655 726; x_wconf 89' lang='lat' dir='ltr'><strong>vitam</strong></span> <span class='ocrx_word' id='word_1_488' title='bbox 2684 674 3008 744; x_wconf 89' lang='lat' dir='ltr'><strong>spiritualem</strong></span> <span class='ocrx_word' id='word_1_489' title='bbox 3041 678 3092 731; x_wconf 91' lang='lat' dir='ltr'><strong>in</strong></span> <span class='ocrx_word' id='word_1_490' title='bbox 3118 692 3178 732; x_wconf 93' lang='lat' dir='ltr'><strong>se</strong></span> <span class='ocrx_word' id='word_1_491' title='bbox 3208 678 3405 736; x_wconf 88' lang='lat' dir='ltr'><strong>habere</strong></span> <span class='ocrx_word' id='word_1_492' title='bbox 3429 682 3755 751; x_wconf 90' lang='lat' dir='ltr'><strong>voluissent,</strong></span> 
     </span>
    </p>
   </div>
   <div class='ocr_carea' id='block_1_64' title="bbox 2168 759 3757 842">
    <p class='ocr_par' dir='ltr' id='par_1_64' title="bbox 2168 759 3757 842">
     <span class='ocr_line' id='line_1_64' title="bbox 2168 759 3757 842; baseline 0.011 -31"><span class='ocrx_word' id='word_1_493' title='bbox 2168 759 2555 829; x_wconf 88' lang='lat' dir='ltr'><strong>responderent</strong></span> <span class='ocrx_word' id='word_1_494' title='bbox 2586 762 2828 819; x_wconf 87' lang='lat' dir='ltr'><strong>instructi</strong></span> <span class='ocrx_word' id='word_1_495' title='bbox 2859 767 3213 823; x_wconf 61' lang='lat' dir='ltr'><strong>ecclesiastica</strong></span> <span class='ocrx_word' id='word_1_496' title='bbox 3237 770 3339 825; x_wconf 92' lang='lat' dir='ltr'><strong>ﬁde</strong></span> <span class='ocrx_word' id='word_1_497' title='bbox 3361 770 3482 825; x_wconf 90' lang='lat' dir='ltr'><strong>huic</strong></span> <span class='ocrx_word' id='word_1_498' title='bbox 3498 773 3757 842; x_wconf 73' lang='lat' dir='ltr'><strong>qumstio-</strong></span> 
     </span>
    </p>
   </div>
   <div class='ocr_carea' id='block_1_65' title="bbox 2168 850 3756 931">
    <p class='ocr_par' dir='ltr' id='par_1_65' title="bbox 2168 850 3756 931">
     <span class='ocr_line' id='line_1_65' title="bbox 2168 850 3756 931; baseline 0.011 -29"><span class='ocrx_word' id='word_1_499' title='bbox 2168 850 2242 914; x_wconf 88' lang='lat' dir='ltr'><strong>ni,</strong></span> <span class='ocrx_word' id='word_1_500' title='bbox 2256 860 2311 906; x_wconf 87' lang='lat' dir='ltr'><strong>et</strong></span> <span class='ocrx_word' id='word_1_501' title='bbox 2326 851 2581 920; x_wconf 89' lang='lat' dir='ltr'><strong>dicerent,</strong></span> <span class='ocrx_word' id='word_1_502' title='bbox 2596 855 2852 923; x_wconf 85' lang='lat' dir='ltr'><strong>Quoniam</strong></span> <span class='ocrx_word' id='word_1_503' title='bbox 2870 858 2920 925; x_wconf 86' lang='lat' dir='ltr'><strong>in</strong></span> <span class='ocrx_word' id='word_1_504' title='bbox 2939 860 3185 931; x_wconf 82' lang='lat' dir='ltr'><strong>principio</strong></span> <span class='ocrx_word' id='word_1_505' title='bbox 3201 872 3305 915; x_wconf 84' lang='lat' dir='ltr'><strong>erat</strong></span> <span class='ocrx_word' id='word_1_506' title='bbox 3318 861 3603 918; x_wconf 83' lang='lat' dir='ltr'><strong>Verbum.et</strong></span> <span class='ocrx_word' id='word_1_507' title='bbox 3627 864 3756 919; x_wconf 81' lang='lat' dir='ltr'><strong>Ver-</strong></span> 
     </span>
    </p>
   </div>
   <div class='ocr_carea' id='block_1_66' title="bbox 2167 942 3757 1030">
    <p class='ocr_par' dir='ltr' id='par_1_66' title="bbox 2167 942 3757 1030">
     <span class='ocr_line' id='line_1_66' title="bbox 2167 942 3757 1030; baseline 0.013 -36"><span class='ocrx_word' id='word_1_508' title='bbox 2167 942 2282 995; x_wconf 85' lang='lat' dir='ltr'><strong>bum</strong></span> <span class='ocrx_word' id='word_1_509' title='bbox 2294 954 2401 998; x_wconf 63' lang='grc' dir='ltr'><strong>έναι</strong></span> <span class='ocrx_word' id='word_1_510' title='bbox 2415 949 2555 1015; x_wconf 90' lang='lat' dir='ltr'><strong>apud</strong></span> <span class='ocrx_word' id='word_1_511' title='bbox 2568 946 2748 1015; x_wconf 87' lang='lat' dir='ltr'><strong>Deum,</strong></span> <span class='ocrx_word' id='word_1_512' title='bbox 2763 959 2809 1003; x_wconf 91' lang='lat' dir='ltr'><strong>et</strong></span> <span class='ocrx_word' id='word_1_513' title='bbox 2826 950 2961 1011; x_wconf 86' lang='lat' dir='ltr'><strong>Deus</strong></span> <span class='ocrx_word' id='word_1_514' title='bbox 2976 963 3080 1017; x_wconf 84' lang='lat' dir='ltr'><strong>erat</strong></span> <span class='ocrx_word' id='word_1_515' title='bbox 3093 952 3305 1009; x_wconf 86' lang='lat' dir='ltr'><strong>Verbum</strong></span> <span class='ocrx_word' id='word_1_516' title='bbox 3318 972 3336 1013; x_wconf 85' lang='lat'><strong><em>:</em></strong></span> <span class='ocrx_word' id='word_1_517' title='bbox 3351 971 3474 1012; x_wconf 89' lang='lat' dir='ltr'><strong>ecce</strong></span> <span class='ocrx_word' id='word_1_518' title='bbox 3485 958 3757 1030; x_wconf 85' lang='lat' dir='ltr'><strong>quomodo</strong></span> 
     </span>
    </p>
   </div>
   <div class='ocr_carea' id='block_1_67' title="bbox 2166 1036 3753 1125">
    <p class='ocr_par' dir='ltr' id='par_1_67' title="bbox 2166 1036 3753 1125">
     <span class='ocr_line' id='line_1_67' title="bbox 2166 1036 3753 1125; baseline 0.008 -36"><span class='ocrx_word' id='word_1_519' title='bbox 2166 1044 2248 1091; x_wconf 88' lang='lat' dir='ltr'><strong>est</strong></span> <span class='ocrx_word' id='word_1_520' title='bbox 2272 1036 2526 1092; x_wconf 88' lang='lat' dir='ltr'><strong>Dominus</strong></span> <span class='ocrx_word' id='word_1_521' title='bbox 2555 1039 2739 1094; x_wconf 89' lang='lat' dir='ltr'><strong>David.</strong></span> <span class='ocrx_word' id='word_1_522' title='bbox 2769 1041 2875 1095; x_wconf 86' lang='lat' dir='ltr'><strong>Sed</strong></span> <span class='ocrx_word' id='word_1_523' title='bbox 2904 1042 3025 1112; x_wconf 90' lang='lat' dir='ltr'><strong>quia</strong></span> <span class='ocrx_word' id='word_1_524' title='bbox 3062 1042 3276 1108; x_wconf 81' lang='lat' dir='ltr'><strong>Verbum</strong></span> <span class='ocrx_word' id='word_1_525' title='bbox 3295 1062 3411 1099; x_wconf 87' lang='lat' dir='ltr'><strong>caro</strong></span> <span class='ocrx_word' id='word_1_526' title='bbox 3442 1051 3630 1125; x_wconf 81' lang='lat' dir='ltr'><strong>[actum</strong></span> <span class='ocrx_word' id='word_1_527' title='bbox 3656 1058 3753 1114; x_wconf 86' lang='lat' dir='ltr'><strong>est,</strong></span> 
     </span>
    </p>
   </div>
   <div class='ocr_carea' id='block_1_68' title="bbox 2166 1128 3758 1207">
    <p class='ocr_par' dir='ltr' id='par_1_68' title="bbox 2166 1128 3758 1207">
     <span class='ocr_line' id='line_1_68' title="bbox 2166 1128 3758 1207; baseline 0.008 -28"><span class='ocrx_word' id='word_1_528' title='bbox 2166 1137 2213 1180; x_wconf 89' lang='lat' dir='ltr'><strong>et</strong></span> <span class='ocrx_word' id='word_1_529' title='bbox 2231 1128 2468 1182; x_wconf 82' lang='lat' dir='ltr'><strong>habitavit</strong></span> <span class='ocrx_word' id='word_1_530' title='bbox 2484 1131 2537 1183; x_wconf 87' lang='lat' dir='ltr'><strong>in</strong></span> <span class='ocrx_word' id='word_1_531' title='bbox 2558 1132 2698 1185; x_wconf 86' lang='lat' dir='ltr'><strong>nobis</strong></span> <span class='ocrx_word' id='word_1_532' title='bbox 2724 1132 2899 1202; x_wconf 82' lang='lat' dir='ltr'><strong>(Joan.</strong></span> <span class='ocrx_word' id='word_1_533' title='bbox 2924 1149 2961 1199; x_wconf 81' lang='grc' dir='ltr'><strong>ι,</strong></span> <span class='ocrx_word' id='word_1_534' title='bbox 2992 1135 3039 1197; x_wconf 85' lang='lat' dir='ltr'><strong>l,</strong></span> <span class='ocrx_word' id='word_1_535' title='bbox 3073 1134 3197 1204; x_wconf 69' lang='lat' dir='ltr'><strong>lt);</strong></span> <span class='ocrx_word' id='word_1_536' title='bbox 3230 1151 3354 1191; x_wconf 88' lang='lat' dir='ltr'><strong>ecce</strong></span> <span class='ocrx_word' id='word_1_537' title='bbox 3379 1138 3647 1207; x_wconf 90' lang='lat' dir='ltr'><strong>quomodo</strong></span> <span class='ocrx_word' id='word_1_538' title='bbox 3671 1146 3758 1196; x_wconf 87' lang='lat' dir='ltr'><strong>est</strong></span> 
     </span>
    </p>
   </div>
   <div class='ocr_carea' id='block_1_69' title="bbox 2166 1210 3758 1295">
    <p class='ocr_par' dir='ltr' id='par_1_69' title="bbox 2166 1210 3758 1295">
     <span class='ocr_line' id='line_1_69' title="bbox 2166 1210 3758 1295; baseline 0.008 -23"><span class='ocrx_word' id='word_1_539' title='bbox 2166 1218 2307 1274; x_wconf 89' lang='lat' dir='ltr'><strong>ﬁlius</strong></span> <span class='ocrx_word' id='word_1_540' title='bbox 2350 1221 2533 1276; x_wconf 88' lang='lat' dir='ltr'><strong>David.</strong></span> <span class='ocrx_word' id='word_1_541' title='bbox 2578 1223 2688 1279; x_wconf 89' lang='lat' dir='ltr'><strong>Sod</strong></span> <span class='ocrx_word' id='word_1_542' title='bbox 2726 1228 3022 1281; x_wconf 88' lang='lat' dir='ltr'><strong>nescientes</strong></span> <span class='ocrx_word' id='word_1_543' title='bbox 3065 1210 3474 1295; x_wconf 82' lang='lat' dir='ltr'><strong>obuuttucrunt,</strong></span> <span class='ocrx_word' id='word_1_544' title='bbox 3517 1246 3615 1285; x_wconf 88' lang='lat' dir='ltr'><strong>nec</strong></span> <span class='ocrx_word' id='word_1_545' title='bbox 3658 1245 3758 1285; x_wconf 88' lang='lat' dir='ltr'><strong>ore</strong></span> 
     </span>
    </p>
   </div>
   <div class='ocr_carea' id='block_1_70' title="bbox 2166 1310 3758 1392">
    <p class='ocr_par' dir='ltr' id='par_1_70' title="bbox 2166 1310 3758 1392">
     <span class='ocr_line' id='line_1_70' title="bbox 2166 1310 3758 1392; baseline 0.008 -29"><span class='ocrx_word' id='word_1_546' title='bbox 2166 1310 2351 1365; x_wconf 90' lang='lat' dir='ltr'><strong>saltem</strong></span> <span class='ocrx_word' id='word_1_547' title='bbox 2381 1313 2563 1367; x_wconf 88' lang='lat' dir='ltr'><strong>clauso</strong></span> <span class='ocrx_word' id='word_1_548' title='bbox 2592 1328 2749 1370; x_wconf 84' lang='lat' dir='ltr'><strong>aures</strong></span> <span class='ocrx_word' id='word_1_549' title='bbox 2783 1327 3136 1384; x_wconf 87' lang='lat' dir='ltr'><strong>aperuerunt,</strong></span> <span class='ocrx_word' id='word_1_550' title='bbox 3172 1327 3227 1372; x_wconf 93' lang='lat' dir='ltr'><strong>ut</strong></span> <span class='ocrx_word' id='word_1_551' title='bbox 3255 1320 3396 1389; x_wconf 83' lang='lat' dir='ltr'><strong>quod</strong></span> <span class='ocrx_word' id='word_1_552' title='bbox 3428 1320 3758 1392; x_wconf 85' lang='lat' dir='ltr'><strong>respondere</strong></span> 
     </span>
    </p>
   </div>
   <div class='ocr_carea' id='block_1_71' title="bbox 2165 1405 3413 1478">
    <p class='ocr_par' dir='ltr' id='par_1_71' title="bbox 2165 1405 3413 1478">
     <span class='ocr_line' id='line_1_71' title="bbox 2165 1405 3413 1478; baseline 0.008 -23"><span class='ocrx_word' id='word_1_553' title='bbox 2165 1416 2270 1455; x_wconf 88' lang='lat' dir='ltr'><strong>non</strong></span> <span class='ocrx_word' id='word_1_554' title='bbox 2302 1412 2589 1470; x_wconf 90' lang='lat' dir='ltr'><strong>potuerunt</strong></span> <span class='ocrx_word' id='word_1_555' title='bbox 2618 1405 2943 1478; x_wconf 85' lang='lat' dir='ltr'><strong>interrogati,</strong></span> <span class='ocrx_word' id='word_1_556' title='bbox 2975 1419 3193 1463; x_wconf 88' lang='lat' dir='ltr'><strong>nossent</strong></span> <span class='ocrx_word' id='word_1_557' title='bbox 3220 1410 3413 1465; x_wconf 88' lang='lat' dir='ltr'><strong>edocti.</strong></span> 
     </span>
    </p>
   </div>
   <div class='ocr_carea' id='block_1_72' title="bbox 2235 1493 3761 1577">
    <p class='ocr_par' dir='ltr' id='par_1_72' title="bbox 2235 1493 3761 1577">
     <span class='ocr_line' id='line_1_72' title="bbox 2235 1493 3761 1577; baseline 0.008 -29"><span class='ocrx_word' id='word_1_558' title='bbox 2235 1493 2461 1550; x_wconf 82' lang='lat' dir='ltr'><strong>CAPUT</strong></span> <span class='ocrx_word' id='word_1_559' title='bbox 2492 1496 2667 1559; x_wconf 82' lang='lat' dir='ltr'><strong>lll.—</strong></span> <span class='ocrx_word' id='word_1_560' title='bbox 2773 1498 3035 1553; x_wconf 87' lang='lat' dir='ltr'><strong>Incarnati</strong></span> <span class='ocrx_word' id='word_1_561' title='bbox 3067 1500 3215 1555; x_wconf 85' lang='lat' dir='ltr'><strong>Verbi</strong></span> <span class='ocrx_word' id='word_1_562' title='bbox 3254 1504 3545 1574; x_wconf 86' lang='lat' dir='ltr'><strong>mysterium</strong></span> <span class='ocrx_word' id='word_1_563' title='bbox 3584 1505 3761 1577; x_wconf 79' lang='lat' dir='ltr'><strong>dignis</strong></span> 
     </span>
    </p>
   </div>
   <div class='ocr_carea' id='block_1_73' title="bbox 2165 1574 3759 1666">
    <p class='ocr_par' dir='ltr' id='par_1_73' title="bbox 2165 1574 3759 1666">
     <span class='ocr_line' id='line_1_73' title="bbox 2165 1574 3759 1666; baseline 0.009 -30"><span class='ocrx_word' id='word_1_564' title='bbox 2165 1586 2409 1654; x_wconf 82' lang='lat' dir='ltr'><strong>aperitur.</strong></span> <span class='ocrx_word' id='word_1_565' title='bbox 2442 1587 2625 1642; x_wconf 81' lang='lat' dir='ltr'><strong>Amare</strong></span> <span class='ocrx_word' id='word_1_566' title='bbox 2651 1574 2812 1657; x_wconf 81' lang='lat' dir='ltr'><strong>Deum</strong></span> <span class='ocrx_word' id='word_1_567' title='bbox 2838 1592 2993 1666; x_wconf 81' lang='lat' dir='ltr'><strong>gratis</strong></span> <span class='ocrx_word' id='word_1_568' title='bbox 3022 1592 3180 1662; x_wconf 87' lang='lat' dir='ltr'><strong>pietas</strong></span> <span class='ocrx_word' id='word_1_569' title='bbox 3209 1603 3299 1647; x_wconf 88' lang='lat' dir='ltr'><strong>est.</strong></span> <span class='ocrx_word' id='word_1_570' title='bbox 3330 1592 3432 1649; x_wconf 89' lang='lat' dir='ltr'><strong>Sed</strong></span> <span class='ocrx_word' id='word_1_571' title='bbox 3473 1596 3590 1665; x_wconf 90' lang='lat' dir='ltr'><strong>quia</strong></span> <span class='ocrx_word' id='word_1_572' title='bbox 3635 1574 3759 1649; x_wconf 77' lang='lat' dir='ltr'><strong>nta-</strong></span> 
     </span>
    </p>
   </div>
   <div class='ocr_carea' id='block_1_74' title="bbox 2164 1682 3761 1753">
    <p class='ocr_par' dir='ltr' id='par_1_74' title="bbox 2164 1682 3761 1753">
     <span class='ocr_line' id='line_1_74' title="bbox 2164 1682 3761 1753; baseline 0.009 -28"><span class='ocrx_word' id='word_1_573' title='bbox 2164 1688 2325 1741; x_wconf 85' lang='lat' dir='ltr'><strong>gnum</strong></span> <span class='ocrx_word' id='word_1_574' title='bbox 2364 1683 2447 1730; x_wconf 91' lang='lat' dir='ltr'><strong>est</strong></span> <span class='ocrx_word' id='word_1_575' title='bbox 2499 1693 2656 1734; x_wconf 91' lang='lat' dir='ltr'><strong>nosse</strong></span> <span class='ocrx_word' id='word_1_576' title='bbox 2702 1682 3042 1749; x_wconf 85' lang='lat' dir='ltr'><strong>mysterium,</strong></span> <span class='ocrx_word' id='word_1_577' title='bbox 3085 1683 3351 1753; x_wconf 87' lang='lat' dir='ltr'><strong>quomodo</strong></span> <span class='ocrx_word' id='word_1_578' title='bbox 3388 1686 3457 1745; x_wconf 89' lang='lat' dir='ltr'><strong>sit</strong></span> <span class='ocrx_word' id='word_1_579' title='bbox 3496 1686 3761 1743; x_wconf 87' lang='lat' dir='ltr'><strong>Dominus</strong></span> 
     </span>
    </p>
   </div>
   <div class='ocr_carea' id='block_1_75' title="bbox 2168 1764 3761 1846">
    <p class='ocr_par' dir='ltr' id='par_1_75' title="bbox 2168 1764 3761 1846">
     <span class='ocr_line' id='line_1_75' title="bbox 2168 1764 3761 1846; baseline 0.009 -30"><span class='ocrx_word' id='word_1_580' title='bbox 2168 1764 2330 1821; x_wconf 88' lang='lat' dir='ltr'><strong>David</strong></span> <span class='ocrx_word' id='word_1_581' title='bbox 2359 1775 2414 1822; x_wconf 89' lang='lat' dir='ltr'><strong>et</strong></span> <span class='ocrx_word' id='word_1_582' title='bbox 2440 1768 2575 1824; x_wconf 83' lang='lat' dir='ltr'><strong>ﬁlius</strong></span> <span class='ocrx_word' id='word_1_583' title='bbox 2597 1771 2760 1826; x_wconf 91' lang='lat' dir='ltr'><strong>David</strong></span> <span class='ocrx_word' id='word_1_584' title='bbox 2787 1787 2800 1824; x_wconf 89' lang='lat'><strong>:</strong></span> <span class='ocrx_word' id='word_1_585' title='bbox 2830 1773 3095 1843; x_wconf 88' lang='lat' dir='ltr'><strong>quomodo</strong></span> <span class='ocrx_word' id='word_1_586' title='bbox 3122 1775 3191 1829; x_wconf 88' lang='lat' dir='ltr'><strong>sit</strong></span> <span class='ocrx_word' id='word_1_587' title='bbox 3217 1792 3319 1839; x_wconf 81' lang='lat' dir='ltr'><strong>una</strong></span> <span class='ocrx_word' id='word_1_588' title='bbox 3342 1791 3566 1846; x_wconf 88' lang='lat' dir='ltr'><strong>persona</strong></span> <span class='ocrx_word' id='word_1_589' title='bbox 3588 1778 3761 1838; x_wconf 84' lang='lat' dir='ltr'><strong>homo</strong></span> 
     </span>
    </p>
   </div>
   <div class='ocr_carea' id='block_1_76' title="bbox 2166 1856 3762 1933">
    <p class='ocr_par' dir='ltr' id='par_1_76' title="bbox 2166 1856 3762 1933">
     <span class='ocr_line' id='line_1_76' title="bbox 2166 1856 3762 1933; baseline 0.009 -25"><span class='ocrx_word' id='word_1_590' title='bbox 2166 1864 2221 1908; x_wconf 91' lang='lat' dir='ltr'><strong>et</strong></span> <span class='ocrx_word' id='word_1_591' title='bbox 2246 1856 2387 1912; x_wconf 87' lang='lat' dir='ltr'><strong>Deus</strong></span> <span class='ocrx_word' id='word_1_592' title='bbox 2412 1876 2425 1912; x_wconf 89' lang='lat'>:</span> <span class='ocrx_word' id='word_1_593' title='bbox 2449 1861 2717 1929; x_wconf 83' lang='lat' dir='ltr'><strong>quomodo</strong></span> <span class='ocrx_word' id='word_1_594' title='bbox 2743 1863 2814 1918; x_wconf 89' lang='lat' dir='ltr'><strong>sit</strong></span> <span class='ocrx_word' id='word_1_595' title='bbox 2864 1865 2915 1919; x_wconf 91' lang='lat' dir='ltr'><strong>in</strong></span> <span class='ocrx_word' id='word_1_596' title='bbox 2963 1863 3130 1919; x_wconf 84' lang='lat' dir='ltr'><strong>forma</strong></span> <span class='ocrx_word' id='word_1_597' title='bbox 3165 1865 3395 1922; x_wconf 89' lang='lat' dir='ltr'><strong>hominis</strong></span> <span class='ocrx_word' id='word_1_598' title='bbox 3436 1868 3609 1933; x_wconf 83' lang='lat' dir='ltr'><strong>minor</strong></span> <span class='ocrx_word' id='word_1_599' title='bbox 3648 1869 3762 1929; x_wconf 79' lang='lat' dir='ltr'><strong>Pa-</strong></span> 
     </span>
    </p>
   </div>
   <div class='ocr_carea' id='block_1_77' title="bbox 2169 1948 3763 2026">
    <p class='ocr_par' dir='ltr' id='par_1_77' title="bbox 2169 1948 3763 2026">
     <span class='ocr_line' id='line_1_77' title="bbox 2169 1948 3763 2026; baseline 0.008 -26"><span class='ocrx_word' id='word_1_600' title='bbox 2169 1954 2269 2013; x_wconf 91' lang='lat' dir='ltr'><strong>tre,</strong></span> <span class='ocrx_word' id='word_1_601' title='bbox 2294 1948 2344 2003; x_wconf 90' lang='lat' dir='ltr'><strong>in</strong></span> <span class='ocrx_word' id='word_1_602' title='bbox 2374 1948 2541 2005; x_wconf 84' lang='lat' dir='ltr'><strong>forma</strong></span> <span class='ocrx_word' id='word_1_603' title='bbox 2568 1952 2659 2007; x_wconf 90' lang='lat' dir='ltr'><strong>Dei</strong></span> <span class='ocrx_word' id='word_1_604' title='bbox 2686 1955 2903 2024; x_wconf 65' lang='lat' dir='ltr'><strong>requalis</strong></span> <span class='ocrx_word' id='word_1_605' title='bbox 2931 1956 3073 2011; x_wconf 90' lang='lat' dir='ltr'><strong>Patri</strong></span> <span class='ocrx_word' id='word_1_606' title='bbox 3104 1958 3409 2026; x_wconf 87' lang='lat' dir='ltr'><strong>:quomodo</strong></span> <span class='ocrx_word' id='word_1_607' title='bbox 3439 1958 3628 2013; x_wconf 86' lang='lat' dir='ltr'><strong>iterum</strong></span> <span class='ocrx_word' id='word_1_608' title='bbox 3664 1960 3763 2013; x_wconf 87' lang='lat' dir='ltr'><strong>di-</strong></span> 
     </span>
    </p>
   </div>
   <div class='ocr_carea' id='block_1_78' title="bbox 2166 2039 3764 2123">
    <p class='ocr_par' dir='ltr' id='par_1_78' title="bbox 2166 2039 3764 2123">
     <span class='ocr_line' id='line_1_78' title="bbox 2166 2039 3764 2123; baseline 0.009 -31"><span class='ocrx_word' id='word_1_609' title='bbox 2166 2039 2240 2093; x_wconf 91' lang='lat' dir='ltr'><strong>cit</strong></span> <span class='ocrx_word' id='word_1_610' title='bbox 2269 2040 2305 2103; x_wconf 72' lang='grc' dir='ltr'><strong>ί,</strong></span> <span class='ocrx_word' id='word_1_611' title='bbox 2338 2050 2411 2105; x_wconf 92' lang='lat' dir='ltr'><strong>et,</strong></span> <span class='ocrx_word' id='word_1_612' title='bbox 2446 2041 2602 2097; x_wconf 80' lang='lat' dir='ltr'><strong>Pater</strong></span> <span class='ocrx_word' id='word_1_613' title='bbox 2630 2047 2795 2116; x_wconf 85' lang='lat' dir='ltr'><strong>major</strong></span> <span class='ocrx_word' id='word_1_614' title='bbox 2824 2063 2901 2100; x_wconf 88' lang='lat' dir='ltr'><strong>nte</strong></span> <span class='ocrx_word' id='word_1_615' title='bbox 2939 2057 3010 2102; x_wconf 88' lang='lat' dir='ltr'><strong>est</strong></span> <span class='ocrx_word' id='word_1_616' title='bbox 3034 2048 3213 2117; x_wconf 86' lang='lat' dir='ltr'><strong>(Joan.</strong></span> <span class='ocrx_word' id='word_1_617' title='bbox 3242 2065 3357 2123; x_wconf 74' lang='lat' dir='ltr'><strong>xw,</strong></span> <span class='ocrx_word' id='word_1_618' title='bbox 3377 2049 3501 2121; x_wconf 72' lang='lat'><strong>23);</strong></span> <span class='ocrx_word' id='word_1_619' title='bbox 3525 2061 3604 2117; x_wconf 88' lang='lat' dir='ltr'><strong>et,</strong></span> <span class='ocrx_word' id='word_1_620' title='bbox 3636 2050 3764 2123; x_wconf 85' lang='lat' dir='ltr'><strong>Ego</strong></span> 
     </span>
    </p>
   </div>
   <div class='ocr_carea' id='block_1_79' title="bbox 2168 2130 3767 2213">
    <p class='ocr_par' dir='ltr' id='par_1_79' title="bbox 2168 2130 3767 2213">
     <span class='ocr_line' id='line_1_79' title="bbox 2168 2130 3767 2213; baseline 0.008 -28"><span class='ocrx_word' id='word_1_621' title='bbox 2168 2142 2214 2185; x_wconf 90' lang='lat' dir='ltr'><strong>et</strong></span> <span class='ocrx_word' id='word_1_622' title='bbox 2245 2130 2400 2188; x_wconf 90' lang='lat' dir='ltr'><strong>Pater</strong></span> <span class='ocrx_word' id='word_1_623' title='bbox 2427 2152 2584 2189; x_wconf 87' lang='lat' dir='ltr'><strong>unum</strong></span> <span class='ocrx_word' id='word_1_624' title='bbox 2619 2154 2792 2207; x_wconf 79' lang='lat' dir='ltr'><strong>sumus</strong></span> <span class='ocrx_word' id='word_1_625' title='bbox 2819 2138 2927 2210; x_wconf 77' lang='lat' dir='ltr'><strong>(id.</strong></span> <span class='ocrx_word' id='word_1_626' title='bbox 2958 2156 3023 2204; x_wconf 70' lang='grc' dir='ltr'><strong>χ,</strong></span> <span class='ocrx_word' id='word_1_627' title='bbox 3056 2141 3147 2212; x_wconf 66' lang='lat'><strong>50)</strong></span> <span class='ocrx_word' id='word_1_628' title='bbox 3173 2158 3185 2194; x_wconf 93' lang='lat'>:</span> <span class='ocrx_word' id='word_1_629' title='bbox 3215 2144 3336 2211; x_wconf 89' lang='lat' dir='ltr'><strong>quia</strong></span> <span class='ocrx_word' id='word_1_630' title='bbox 3380 2158 3627 2213; x_wconf 80' lang='lat' dir='ltr'><strong>magnum</strong></span> <span class='ocrx_word' id='word_1_631' title='bbox 3668 2153 3767 2198; x_wconf 83' lang='lat' dir='ltr'><strong>est.</strong></span> 
     </span>
    </p>
   </div>
   <div class='ocr_carea' id='block_1_80' title="bbox 2168 2230 3762 2301">
    <p class='ocr_par' dir='ltr' id='par_1_80' title="bbox 2168 2230 3762 2301">
     <span class='ocr_line' id='line_1_80' title="bbox 2168 2230 3762 2301; baseline 0.006 -21"><span class='ocrx_word' id='word_1_632' title='bbox 2168 2236 2579 2294; x_wconf 86' lang='lat' dir='ltr'><strong>sacramentum,</strong></span> <span class='ocrx_word' id='word_1_633' title='bbox 2611 2238 2667 2284; x_wconf 93' lang='lat' dir='ltr'><strong>ut</strong></span> <span class='ocrx_word' id='word_1_634' title='bbox 2694 2230 2811 2299; x_wconf 84' lang='lat' dir='ltr'><strong>capi</strong></span> <span class='ocrx_word' id='word_1_635' title='bbox 2844 2232 3033 2301; x_wconf 87' lang='lat' dir='ltr'><strong>possit,</strong></span> <span class='ocrx_word' id='word_1_636' title='bbox 3063 2247 3239 2287; x_wconf 90' lang='lat' dir='ltr'><strong>mores</strong></span> <span class='ocrx_word' id='word_1_637' title='bbox 3260 2232 3577 2297; x_wconf 81' lang='lat' dir='ltr'><strong>informaudi</strong></span> <span class='ocrx_word' id='word_1_638' title='bbox 3603 2246 3762 2289; x_wconf 87' lang='lat' dir='ltr'><strong>sunt.</strong></span> 
     </span>
    </p>
   </div>
   <div class='ocr_carea' id='block_1_81' title="bbox 2170 2315 3762 2399">
    <p class='ocr_par' dir='ltr' id='par_1_81' title="bbox 2170 2315 3762 2399">
     <span class='ocr_line' id='line_1_81' title="bbox 2170 2315 3762 2399; baseline 0.008 -29"><span class='ocrx_word' id='word_1_639' title='bbox 2170 2315 2401 2387; x_wconf 87' lang='lat' dir='ltr'><strong>indignis</strong></span> <span class='ocrx_word' id='word_1_640' title='bbox 2426 2320 2567 2373; x_wconf 87' lang='lat' dir='ltr'><strong>enim</strong></span> <span class='ocrx_word' id='word_1_641' title='bbox 2592 2320 2830 2376; x_wconf 90' lang='lat' dir='ltr'><strong>clausum</strong></span> <span class='ocrx_word' id='word_1_642' title='bbox 2875 2332 2957 2377; x_wconf 89' lang='lat' dir='ltr'><strong>est</strong></span> <span class='ocrx_word' id='word_1_643' title='bbox 2978 2365 2992 2388; x_wconf 88' lang='lat'><strong>,</strong></span> <span class='ocrx_word' id='word_1_644' title='bbox 3035 2326 3463 2399; x_wconf 79' lang='lat' dir='ltr'><strong>promercalibus</strong></span> <span class='ocrx_word' id='word_1_645' title='bbox 3490 2328 3762 2396; x_wconf 67' lang='lat' dir='ltr'><strong>aperitur.</strong></span> 
     </span>
    </p>
   </div>
   <div class='ocr_carea' id='block_1_82' title="bbox 2167 2407 3768 2485">
    <p class='ocr_par' dir='ltr' id='par_1_82' title="bbox 2167 2407 3768 2485">
     <span class='ocr_line' id='line_1_82' title="bbox 2167 2407 3768 2485; baseline 0.007 -24"><span class='ocrx_word' id='word_1_646' title='bbox 2167 2407 2275 2463; x_wconf 88' lang='lat' dir='ltr'><strong>Nec</strong></span> <span class='ocrx_word' id='word_1_647' title='bbox 2319 2409 2521 2478; x_wconf 89' lang='lat' dir='ltr'><strong>lapides</strong></span> <span class='ocrx_word' id='word_1_648' title='bbox 2542 2452 2557 2477; x_wconf 91' lang='lat'><strong>,</strong></span> <span class='ocrx_word' id='word_1_649' title='bbox 2586 2426 2685 2466; x_wconf 91' lang='lat' dir='ltr'><strong>nec</strong></span> <span class='ocrx_word' id='word_1_650' title='bbox 2709 2422 2915 2478; x_wconf 88' lang='lat' dir='ltr'><strong>vectes,</strong></span> <span class='ocrx_word' id='word_1_651' title='bbox 2949 2429 3047 2469; x_wconf 89' lang='lat' dir='ltr'><strong>nec</strong></span> <span class='ocrx_word' id='word_1_652' title='bbox 3079 2416 3273 2485; x_wconf 84' lang='lat' dir='ltr'><strong>pugni,</strong></span> <span class='ocrx_word' id='word_1_653' title='bbox 3304 2430 3405 2472; x_wconf 86' lang='lat' dir='ltr'><strong>nco</strong></span> <span class='ocrx_word' id='word_1_654' title='bbox 3427 2418 3601 2472; x_wconf 87' lang='lat' dir='ltr'><strong>calces</strong></span> <span class='ocrx_word' id='word_1_655' title='bbox 3627 2429 3768 2479; x_wconf 82' lang='lat' dir='ltr'><strong>sunt</strong></span> 
     </span>
    </p>
   </div>
   <div class='ocr_carea' id='block_1_83' title="bbox 2168 2500 3768 2578">
    <p class='ocr_par' dir='ltr' id='par_1_83' title="bbox 2168 2500 3768 2578">
     <span class='ocr_line' id='line_1_83' title="bbox 2168 2500 3768 2578; baseline 0.009 -28"><span class='ocrx_word' id='word_1_656' title='bbox 2168 2500 2359 2569; x_wconf 90' lang='lat' dir='ltr'><strong>quibus</strong></span> <span class='ocrx_word' id='word_1_657' title='bbox 2385 2501 2656 2569; x_wconf 90' lang='lat' dir='ltr'><strong>pulsamus</strong></span> <span class='ocrx_word' id='word_1_658' title='bbox 2682 2503 2748 2557; x_wconf 89' lang='lat' dir='ltr'><strong>ad</strong></span> <span class='ocrx_word' id='word_1_659' title='bbox 2778 2504 3080 2558; x_wconf 89' lang='lat' dir='ltr'><strong>Dominum.</strong></span> <span class='ocrx_word' id='word_1_660' title='bbox 3110 2505 3226 2560; x_wconf 79' lang='lat' dir='ltr'><strong>Vita</strong></span> <span class='ocrx_word' id='word_1_661' title='bbox 3254 2507 3449 2577; x_wconf 86' lang='lat' dir='ltr'><strong>pulsat,</strong></span> <span class='ocrx_word' id='word_1_662' title='bbox 3476 2510 3595 2563; x_wconf 77' lang='lat' dir='ltr'><strong>vita:</strong></span> <span class='ocrx_word' id='word_1_663' title='bbox 3619 2525 3768 2578; x_wconf 78' lang='lat' dir='ltr'><strong>ape-</strong></span> 
     </span>
    </p>
   </div>
   <div class='ocr_carea' id='block_1_84' title="bbox 2169 2584 3765 2670">
    <p class='ocr_par' dir='ltr' id='par_1_84' title="bbox 2169 2584 3765 2670">
     <span class='ocr_line' id='line_1_84' title="bbox 2169 2584 3765 2670; baseline 0.008 -26"><span class='ocrx_word' id='word_1_664' title='bbox 2169 2584 2322 2645; x_wconf 91' lang='lat' dir='ltr'><strong>ritur.</strong></span> <span class='ocrx_word' id='word_1_665' title='bbox 2352 2592 2526 2647; x_wconf 89' lang='lat' dir='ltr'><strong>Corde</strong></span> <span class='ocrx_word' id='word_1_666' title='bbox 2563 2594 2779 2662; x_wconf 89' lang='lat' dir='ltr'><strong>petitur,</strong></span> <span class='ocrx_word' id='word_1_667' title='bbox 2808 2595 2968 2651; x_wconf 90' lang='lat' dir='ltr'><strong>corde</strong></span> <span class='ocrx_word' id='word_1_668' title='bbox 2996 2598 3268 2666; x_wconf 68' lang='lat' dir='ltr'><strong>quaeritur,</strong></span> <span class='ocrx_word' id='word_1_669' title='bbox 3298 2599 3459 2655; x_wconf 90' lang='lat' dir='ltr'><strong>corde</strong></span> <span class='ocrx_word' id='word_1_670' title='bbox 3490 2602 3765 2670; x_wconf 87' lang='lat' dir='ltr'><strong>pulsatur,</strong></span> 
     </span>
    </p>
   </div>
   <div class='ocr_carea' id='block_1_85' title="bbox 2169 2682 3770 2761">
    <p class='ocr_par' dir='ltr' id='par_1_85' title="bbox 2169 2682 3770 2761">
     <span class='ocr_line' id='line_1_85' title="bbox 2169 2682 3770 2761; baseline 0.009 -24"><span class='ocrx_word' id='word_1_671' title='bbox 2169 2682 2318 2737; x_wconf 88' lang='lat' dir='ltr'><strong>cordi</strong></span> <span class='ocrx_word' id='word_1_672' title='bbox 2347 2684 2598 2753; x_wconf 87' lang='lat' dir='ltr'><strong>aperitur.</strong></span> <span class='ocrx_word' id='word_1_673' title='bbox 2627 2684 2732 2741; x_wconf 89' lang='lat' dir='ltr'><strong>Cor</strong></span> <span class='ocrx_word' id='word_1_674' title='bbox 2753 2695 2931 2742; x_wconf 88' lang='lat' dir='ltr'><strong>autem</strong></span> <span class='ocrx_word' id='word_1_675' title='bbox 2958 2687 3063 2744; x_wconf 91' lang='lat' dir='ltr'><strong>hoc</strong></span> <span class='ocrx_word' id='word_1_676' title='bbox 3086 2690 3223 2759; x_wconf 90' lang='lat' dir='ltr'><strong>quod</strong></span> <span class='ocrx_word' id='word_1_677' title='bbox 3253 2699 3398 2746; x_wconf 85' lang='lat' dir='ltr'><strong>recte</strong></span> <span class='ocrx_word' id='word_1_678' title='bbox 3428 2694 3575 2761; x_wconf 85' lang='lat' dir='ltr'><strong>petit,</strong></span> <span class='ocrx_word' id='word_1_679' title='bbox 3604 2705 3770 2752; x_wconf 80' lang='lat' dir='ltr'><strong>recte</strong></span> 
     </span>
    </p>
   </div>
   <div class='ocr_carea' id='block_1_86' title="bbox 2173 2775 3769 2848">
    <p class='ocr_par' dir='ltr' id='par_1_86' title="bbox 2173 2775 3769 2848">
     <span class='ocr_line' id='line_1_86' title="bbox 2173 2775 3769 2848; baseline 0.009 -22"><span class='ocrx_word' id='word_1_680' title='bbox 2173 2775 2344 2843; x_wconf 86' lang='lat' dir='ltr'><strong>pulsat</strong></span> <span class='ocrx_word' id='word_1_681' title='bbox 2362 2784 2414 2830; x_wconf 86' lang='lat' dir='ltr'><strong>et</strong></span> <span class='ocrx_word' id='word_1_682' title='bbox 2440 2778 2648 2846; x_wconf 58' lang='lat' dir='ltr'><strong>quaerit,</strong></span> <span class='ocrx_word' id='word_1_683' title='bbox 2672 2778 2815 2848; x_wconf 88' lang='lat' dir='ltr'><strong>pium</strong></span> <span class='ocrx_word' id='word_1_684' title='bbox 2837 2794 2956 2835; x_wconf 90' lang='lat' dir='ltr'><strong>esse</strong></span> <span class='ocrx_word' id='word_1_685' title='bbox 2981 2781 3159 2836; x_wconf 87' lang='lat' dir='ltr'><strong>debet.</strong></span> <span class='ocrx_word' id='word_1_686' title='bbox 3183 2782 3360 2836; x_wconf 87' lang='lat' dir='ltr'><strong>Primo</strong></span> <span class='ocrx_word' id='word_1_687' title='bbox 3385 2798 3565 2839; x_wconf 88' lang='lat' dir='ltr'><strong>amare</strong></span> <span class='ocrx_word' id='word_1_688' title='bbox 3584 2785 3769 2841; x_wconf 85' lang='lat' dir='ltr'><strong>Deum</strong></span> 
     </span>
    </p>
   </div>
   <div class='ocr_carea' id='block_1_87' title="bbox 2170 2866 3769 2944">
    <p class='ocr_par' dir='ltr' id='par_1_87' title="bbox 2170 2866 3769 2944">
     <span class='ocr_line' id='line_1_87' title="bbox 2170 2866 3769 2944; baseline 0.007 -26"><span class='ocrx_word' id='word_1_689' title='bbox 2170 2869 2366 2939; x_wconf 81' lang='lat' dir='ltr'><strong>gratis;</strong></span> <span class='ocrx_word' id='word_1_690' title='bbox 2399 2866 2512 2922; x_wconf 66' lang='lat' dir='ltr'><strong>haec</strong></span> <span class='ocrx_word' id='word_1_691' title='bbox 2540 2876 2621 2923; x_wconf 90' lang='lat' dir='ltr'><strong>est</strong></span> <span class='ocrx_word' id='word_1_692' title='bbox 2649 2869 2790 2923; x_wconf 91' lang='lat' dir='ltr'><strong>enim</strong></span> <span class='ocrx_word' id='word_1_693' title='bbox 2820 2869 2987 2938; x_wconf 89' lang='lat' dir='ltr'><strong>pietas</strong></span> <span class='ocrx_word' id='word_1_694' title='bbox 3017 2887 3029 2923; x_wconf 90' lang='lat'><strong>:</strong></span> <span class='ocrx_word' id='word_1_695' title='bbox 3062 2886 3160 2925; x_wconf 90' lang='lat' dir='ltr'><strong>nec</strong></span> <span class='ocrx_word' id='word_1_696' title='bbox 3183 2872 3282 2927; x_wconf 86' lang='lat' dir='ltr'><strong>sibi</strong></span> <span class='ocrx_word' id='word_1_697' title='bbox 3310 2882 3457 2927; x_wconf 78' lang='lat' dir='ltr'><strong>extra</strong></span> <span class='ocrx_word' id='word_1_698' title='bbox 3487 2874 3631 2928; x_wconf 91' lang='lat' dir='ltr'><strong>illum</strong></span> <span class='ocrx_word' id='word_1_699' title='bbox 3657 2892 3769 2944; x_wconf 87' lang='lat' dir='ltr'><strong>po-</strong></span> 
     </span>
    </p>
   </div>
   <div class='ocr_carea' id='block_1_88' title="bbox 2170 2960 3769 3031">
    <p class='ocr_par' dir='ltr' id='par_1_88' title="bbox 2170 2960 3769 3031">
     <span class='ocr_line' id='line_1_88' title="bbox 2170 2960 3769 3031; baseline 0.006 -19"><span class='ocrx_word' id='word_1_700' title='bbox 2170 2972 2299 3013; x_wconf 88' lang='lat' dir='ltr'><strong>nere</strong></span> <span class='ocrx_word' id='word_1_701' title='bbox 2341 2960 2673 3029; x_wconf 87' lang='lat' dir='ltr'><strong>mercedem,</strong></span> <span class='ocrx_word' id='word_1_702' title='bbox 2700 2976 2857 3029; x_wconf 88' lang='lat' dir='ltr'><strong>quam</strong></span> <span class='ocrx_word' id='word_1_703' title='bbox 2902 2972 3175 3031; x_wconf 82' lang='lat' dir='ltr'><strong>exspectet</strong></span> <span class='ocrx_word' id='word_1_704' title='bbox 3213 2978 3279 3018; x_wconf 82' lang='lat' dir='ltr'><strong>ex</strong></span> <span class='ocrx_word' id='word_1_705' title='bbox 3325 2964 3436 3020; x_wconf 92' lang='lat' dir='ltr'><strong>illo.</strong></span> <span class='ocrx_word' id='word_1_706' title='bbox 3471 2965 3563 3021; x_wconf 93' lang='lat' dir='ltr'><strong>lllo</strong></span> <span class='ocrx_word' id='word_1_707' title='bbox 3609 2967 3769 3023; x_wconf 85' lang='lat' dir='ltr'><strong>enim</strong></span> 
     </span>
    </p>
   </div>
   <div class='ocr_carea' id='block_1_89' title="bbox 2171 3049 3769 3125">
    <p class='ocr_par' dir='ltr' id='par_1_89' title="bbox 2171 3049 3769 3125">
     <span class='ocr_line' id='line_1_89' title="bbox 2171 3049 3769 3125; baseline 0.008 -22"><span class='ocrx_word' id='word_1_708' title='bbox 2171 3049 2360 3125; x_wconf 85' lang='lat' dir='ltr'><strong>melius</strong></span> <span class='ocrx_word' id='word_1_709' title='bbox 2384 3059 2467 3120; x_wconf 81' lang='lat' dir='ltr'><strong>est</strong></span> <span class='ocrx_word' id='word_1_710' title='bbox 2492 3051 2639 3105; x_wconf 90' lang='lat' dir='ltr'><strong>nihil.</strong></span> <span class='ocrx_word' id='word_1_711' title='bbox 2673 3052 2741 3125; x_wconf 80' lang='lat' dir='ltr'><strong>Et</strong></span> <span class='ocrx_word' id='word_1_712' title='bbox 2768 3052 2893 3123; x_wconf 89' lang='lat' dir='ltr'><strong>quid</strong></span> <span class='ocrx_word' id='word_1_713' title='bbox 2917 3067 3096 3108; x_wconf 87' lang='lat' dir='ltr'><strong>carum</strong></span> <span class='ocrx_word' id='word_1_714' title='bbox 3126 3055 3260 3125; x_wconf 89' lang='lat' dir='ltr'><strong>petit</strong></span> <span class='ocrx_word' id='word_1_715' title='bbox 3285 3072 3313 3109; x_wconf 87' lang='lat' dir='ltr'><strong>a</strong></span> <span class='ocrx_word' id='word_1_716' title='bbox 3345 3056 3473 3123; x_wconf 87' lang='lat' dir='ltr'><strong>Deo,</strong></span> <span class='ocrx_word' id='word_1_717' title='bbox 3504 3058 3589 3113; x_wconf 90' lang='lat' dir='ltr'><strong>cui</strong></span> <span class='ocrx_word' id='word_1_718' title='bbox 3612 3058 3769 3115; x_wconf 89' lang='lat' dir='ltr'><strong>Deus</strong></span> 
     </span>
    </p>
   </div>
   <div class='ocr_carea' id='block_1_90' title="bbox 2170 3143 3767 3225">
    <p class='ocr_par' dir='ltr' id='par_1_90' title="bbox 2170 3143 3767 3225">
     <span class='ocr_line' id='line_1_90' title="bbox 2170 3143 3767 3225; baseline 0.006 -28"><span class='ocrx_word' id='word_1_719' title='bbox 2170 3143 2285 3212; x_wconf 85' lang='lat' dir='ltr'><strong>ipse</strong></span> <span class='ocrx_word' id='word_1_720' title='bbox 2308 3144 2430 3207; x_wconf 85' lang='lat' dir='ltr'><strong>vilis</strong></span> <span class='ocrx_word' id='word_1_721' title='bbox 2458 3145 2572 3198; x_wconf 87' lang='lat' dir='ltr'><strong>est?</strong></span> <span class='ocrx_word' id='word_1_722' title='bbox 2598 3144 2816 3209; x_wconf 84' lang='lat' dir='ltr'><strong>Terram</strong></span> <span class='ocrx_word' id='word_1_723' title='bbox 2841 3145 2967 3213; x_wconf 89' lang='lat' dir='ltr'><strong>dat,</strong></span> <span class='ocrx_word' id='word_1_724' title='bbox 2992 3154 3047 3200; x_wconf 92' lang='lat' dir='ltr'><strong>et</strong></span> <span class='ocrx_word' id='word_1_725' title='bbox 3070 3147 3270 3225; x_wconf 77' lang='lat' dir='ltr'><strong>gaudes</strong></span> <span class='ocrx_word' id='word_1_726' title='bbox 3291 3189 3305 3213; x_wconf 93' lang='lat'><strong>,</strong></span> <span class='ocrx_word' id='word_1_727' title='bbox 3338 3160 3543 3204; x_wconf 88' lang='lat' dir='ltr'><strong>amator</strong></span> <span class='ocrx_word' id='word_1_728' title='bbox 3572 3158 3767 3217; x_wconf 75' lang='lat' dir='ltr'><strong>terrae,</strong></span> 
     </span>
    </p>
   </div>
   <div class='ocr_carea' id='block_1_91' title="bbox 2170 3232 3768 3311">
    <p class='ocr_par' dir='ltr' id='par_1_91' title="bbox 2170 3232 3768 3311">
     <span class='ocr_line' id='line_1_91' title="bbox 2170 3232 3768 3311; baseline 0.006 -22"><span class='ocrx_word' id='word_1_729' title='bbox 2170 3243 2223 3289; x_wconf 88' lang='lat' dir='ltr'><strong>et</strong></span> <span class='ocrx_word' id='word_1_730' title='bbox 2249 3232 2418 3288; x_wconf 78' lang='lat' dir='ltr'><strong>l‘actus</strong></span> <span class='ocrx_word' id='word_1_731' title='bbox 2445 3243 2605 3290; x_wconf 89' lang='lat' dir='ltr'><strong>terra.</strong></span> <span class='ocrx_word' id='word_1_732' title='bbox 2632 3235 2687 3291; x_wconf 88' lang='lat' dir='ltr'><strong>Si</strong></span> <span class='ocrx_word' id='word_1_733' title='bbox 2712 3234 2931 3306; x_wconf 80' lang='lat' dir='ltr'><strong>gaudes,</strong></span> <span class='ocrx_word' id='word_1_734' title='bbox 2952 3237 3164 3306; x_wconf 90' lang='lat' dir='ltr'><strong>quando</strong></span> <span class='ocrx_word' id='word_1_735' title='bbox 3191 3237 3281 3300; x_wconf 85' lang='lat' dir='ltr'><strong>dat</strong></span> <span class='ocrx_word' id='word_1_736' title='bbox 3307 3247 3529 3305; x_wconf 88' lang='lat' dir='ltr'><strong>terram;</strong></span> <span class='ocrx_word' id='word_1_737' title='bbox 3554 3253 3768 3311; x_wconf 84' lang='lat' dir='ltr'><strong>quanto</strong></span> 
     </span>
    </p>
   </div>
   <div class='ocr_carea' id='block_1_92' title="bbox 2170 3325 3766 3402">
    <p class='ocr_par' dir='ltr' id='par_1_92' title="bbox 2170 3325 3766 3402">
     <span class='ocr_line' id='line_1_92' title="bbox 2170 3325 3766 3402; baseline 0.006 -24"><span class='ocrx_word' id='word_1_738' title='bbox 2170 3326 2396 3394; x_wconf 88' lang='lat' dir='ltr'><strong>amplius</strong></span> <span class='ocrx_word' id='word_1_739' title='bbox 2422 3326 2650 3395; x_wconf 89' lang='lat' dir='ltr'><strong>gaudere</strong></span> <span class='ocrx_word' id='word_1_740' title='bbox 2677 3325 2842 3381; x_wconf 86' lang='lat' dir='ltr'><strong>debes</strong></span> <span class='ocrx_word' id='word_1_741' title='bbox 2863 3369 2877 3392; x_wconf 95' lang='lat'><strong>,</strong></span> <span class='ocrx_word' id='word_1_742' title='bbox 2906 3341 3026 3389; x_wconf 87' lang='lat' dir='ltr'><strong>cum</strong></span> <span class='ocrx_word' id='word_1_743' title='bbox 3074 3342 3133 3383; x_wconf 90' lang='lat' dir='ltr'><strong>se</strong></span> <span class='ocrx_word' id='word_1_744' title='bbox 3175 3327 3347 3399; x_wconf 89' lang='lat' dir='ltr'><strong>ipsum</strong></span> <span class='ocrx_word' id='word_1_745' title='bbox 3377 3329 3469 3383; x_wconf 89' lang='lat' dir='ltr'><strong>tibi</strong></span> <span class='ocrx_word' id='word_1_746' title='bbox 3504 3330 3633 3396; x_wconf 90' lang='lat' dir='ltr'><strong>dat,</strong></span> <span class='ocrx_word' id='word_1_747' title='bbox 3671 3333 3766 3402; x_wconf 89' lang='lat' dir='ltr'><strong>qui</strong></span> 
     </span>
    </p>
   </div>
   <div class='ocr_carea' id='block_1_93' title="bbox 2171 3414 3763 3491">
    <p class='ocr_par' dir='ltr' id='par_1_93' title="bbox 2171 3414 3763 3491">
     <span class='ocr_line' id='line_1_93' title="bbox 2171 3414 3763 3491; baseline 0.006 -21"><span class='ocrx_word' id='word_1_748' title='bbox 2171 3414 2297 3470; x_wconf 79' lang='lat' dir='ltr'><strong>fecit</strong></span> <span class='ocrx_word' id='word_1_749' title='bbox 2320 3416 2512 3470; x_wconf 78' lang='lat' dir='ltr'><strong>etelum</strong></span> <span class='ocrx_word' id='word_1_750' title='bbox 2534 3425 2589 3471; x_wconf 89' lang='lat' dir='ltr'><strong>et</strong></span> <span class='ocrx_word' id='word_1_751' title='bbox 2608 3418 2840 3483; x_wconf 75' lang='lat' dir='ltr'><strong>terram?</strong></span> <span class='ocrx_word' id='word_1_752' title='bbox 2865 3416 3040 3473; x_wconf 85' lang='lat' dir='ltr'><strong>Gratis</strong></span> <span class='ocrx_word' id='word_1_753' title='bbox 3062 3434 3190 3491; x_wconf 88' lang='lat' dir='ltr'><strong>ergo</strong></span> <span class='ocrx_word' id='word_1_754' title='bbox 3210 3419 3467 3482; x_wconf 80' lang='lat' dir='ltr'><strong>amandus</strong></span> <span class='ocrx_word' id='word_1_755' title='bbox 3487 3431 3565 3477; x_wconf 88' lang='lat' dir='ltr'><strong>est</strong></span> <span class='ocrx_word' id='word_1_756' title='bbox 3588 3423 3763 3479; x_wconf 76' lang='lat' dir='ltr'><strong>Dens.</strong></span> 
     </span>
    </p>
   </div>
   <div class='ocr_carea' id='block_1_94' title="bbox 2170 3504 3767 3589">
    <p class='ocr_par' dir='ltr' id='par_1_94' title="bbox 2170 3504 3767 3589">
     <span class='ocr_line' id='line_1_94' title="bbox 2170 3504 3767 3589; baseline 0.006 -29"><span class='ocrx_word' id='word_1_757' title='bbox 2170 3504 2304 3560; x_wconf 87' lang='lat' dir='ltr'><strong>Nam</strong></span> <span class='ocrx_word' id='word_1_758' title='bbox 2346 3505 2588 3575; x_wconf 78' lang='lat' dir='ltr'><strong>diabolus</strong></span> <span class='ocrx_word' id='word_1_759' title='bbox 2631 3508 2732 3562; x_wconf 89' lang='lat' dir='ltr'><strong>hoc</strong></span> <span class='ocrx_word' id='word_1_760' title='bbox 2769 3518 2952 3573; x_wconf 86' lang='lat' dir='ltr'><strong>sancto</strong></span> <span class='ocrx_word' id='word_1_761' title='bbox 2979 3508 3079 3565; x_wconf 82' lang='lat' dir='ltr'><strong>Job</strong></span> <span class='ocrx_word' id='word_1_762' title='bbox 3109 3512 3349 3572; x_wconf 85' lang='lat' dir='ltr'><strong>nesciens</strong></span> <span class='ocrx_word' id='word_1_763' title='bbox 3396 3513 3521 3589; x_wconf 88' lang='lat' dir='ltr'><strong>quid</strong></span> <span class='ocrx_word' id='word_1_764' title='bbox 3566 3516 3618 3567; x_wconf 89' lang='lat' dir='ltr'><strong>in</strong></span> <span class='ocrx_word' id='word_1_765' title='bbox 3670 3517 3767 3573; x_wconf 90' lang='lat' dir='ltr'><strong>illo</strong></span> 
     </span>
    </p>
   </div>
   <div class='ocr_carea' id='block_1_95' title="bbox 2171 3595 3769 3670">
    <p class='ocr_par' dir='ltr' id='par_1_95' title="bbox 2171 3595 3769 3670">
     <span class='ocr_line' id='line_1_95' title="bbox 2171 3595 3769 3670; baseline 0.006 -21"><span class='ocrx_word' id='word_1_766' title='bbox 2171 3595 2312 3651; x_wconf 89' lang='lat' dir='ltr'><strong>intus</strong></span> <span class='ocrx_word' id='word_1_767' title='bbox 2332 3605 2593 3666; x_wconf 82' lang='lat' dir='ltr'><strong>ageretur,</strong></span> <span class='ocrx_word' id='word_1_768' title='bbox 2617 3612 2864 3667; x_wconf 84' lang='lat' dir='ltr'><strong>magnum</strong></span> <span class='ocrx_word' id='word_1_769' title='bbox 2887 3599 3088 3654; x_wconf 90' lang='lat' dir='ltr'><strong>crimen</strong></span> <span class='ocrx_word' id='word_1_770' title='bbox 3107 3599 3322 3670; x_wconf 88' lang='lat' dir='ltr'><strong>objecit,</strong></span> <span class='ocrx_word' id='word_1_771' title='bbox 3349 3601 3560 3660; x_wconf 90' lang='lat' dir='ltr'><strong>dicens:</strong></span> <span class='ocrx_word' id='word_1_772' title='bbox 3586 3604 3769 3658; x_wconf 83' lang='lat' dir='ltr'><strong>Num-</strong></span> 
     </span>
    </p>
   </div>
   <div class='ocr_carea' id='block_1_96' title="bbox 2168 3686 2972 3757">
    <p class='ocr_par' dir='ltr' id='par_1_96' title="bbox 2168 3686 2972 3757">
     <span class='ocr_line' id='line_1_96' title="bbox 2168 3686 2972 3757; baseline 0.005 -19"><span class='ocrx_word' id='word_1_773' title='bbox 2168 3686 2290 3757; x_wconf 88' lang='lat' dir='ltr'><strong>quid</strong></span> <span class='ocrx_word' id='word_1_774' title='bbox 2307 3688 2471 3757; x_wconf 85' lang='lat' dir='ltr'><strong>.gratis</strong></span> <span class='ocrx_word' id='word_1_775' title='bbox 2495 3687 2613 3741; x_wconf 88' lang='lat' dir='ltr'><strong>colit</strong></span> <span class='ocrx_word' id='word_1_776' title='bbox 2636 3687 2735 3741; x_wconf 82' lang='lat' dir='ltr'><strong>Job</strong></span> <span class='ocrx_word' id='word_1_777' title='bbox 2764 3688 2923 3741; x_wconf 88' lang='lat' dir='ltr'><strong>Deum</strong></span> <span class='ocrx_word' id='word_1_778' title='bbox 2945 3690 2972 3742; x_wconf 70' lang='lat'><strong>.9</strong></span> 
     </span>
    </p>
   </div>
   <div class='ocr_carea' id='block_1_97' title="bbox 2239 3776 3763 3844">
    <p class='ocr_par' dir='ltr' id='par_1_97' title="bbox 2239 3776 3763 3844">
     <span class='ocr_line' id='line_1_97' title="bbox 2239 3776 3763 3844; baseline 0.007 -12"><span class='ocrx_word' id='word_1_779' title='bbox 2239 3776 2464 3832; x_wconf 77' lang='lat' dir='ltr'><strong>CAPUT</strong></span> <span class='ocrx_word' id='word_1_780' title='bbox 2496 3777 2584 3831; x_wconf 87' lang='lat' dir='ltr'><strong>IV.</strong></span> <span class='ocrx_word' id='word_1_781' title='bbox 2607 3779 2743 3833; x_wconf 73' lang='grc'><strong>-4.</strong></span> <span class='ocrx_word' id='word_1_782' title='bbox 2775 3778 3020 3833; x_wconf 88' lang='lat' dir='ltr'><strong>Diabolus</strong></span> <span class='ocrx_word' id='word_1_783' title='bbox 3046 3781 3383 3844; x_wconf 84' lang='lat' dir='ltr'><strong>calumniosus</strong></span> <span class='ocrx_word' id='word_1_784' title='bbox 3412 3783 3763 3843; x_wconf 71' lang='lat' dir='ltr'><strong>advm&#39;satius.</strong></span> 
     </span>
    </p>
   </div>
   <div class='ocr_carea' id='block_1_98' title="bbox 2172 3868 3768 3948">
    <p class='ocr_par' dir='ltr' id='par_1_98' title="bbox 2172 3868 3768 3948">
     <span class='ocr_line' id='line_1_98' title="bbox 2172 3868 3768 3948; baseline 0.009 -28"><span class='ocrx_word' id='word_1_785' title='bbox 2172 3868 2340 3933; x_wconf 83' lang='lat' dir='ltr'><strong>Quare</strong></span> <span class='ocrx_word' id='word_1_786' title='bbox 2364 3868 2427 3921; x_wconf 90' lang='lat' dir='ltr'><strong>de</strong></span> <span class='ocrx_word' id='word_1_787' title='bbox 2464 3869 2604 3923; x_wconf 89' lang='lat' dir='ltr'><strong>bonis</strong></span> <span class='ocrx_word' id='word_1_788' title='bbox 2627 3880 2833 3941; x_wconf 83' lang='lat' dir='ltr'><strong>spargat</strong></span> <span class='ocrx_word' id='word_1_789' title='bbox 2859 3873 3013 3925; x_wconf 90' lang='lat' dir='ltr'><strong>mala.</strong></span> <span class='ocrx_word' id='word_1_790' title='bbox 3048 3873 3187 3948; x_wconf 86' lang='lat' dir='ltr'><strong>Ergo</strong></span> <span class='ocrx_word' id='word_1_791' title='bbox 3214 3874 3258 3929; x_wconf 92' lang='lat' dir='ltr'><strong>si</strong></span> <span class='ocrx_word' id='word_1_792' title='bbox 3288 3874 3627 3932; x_wconf 86' lang='lat' dir='ltr'><strong>adversarius</strong></span> <span class='ocrx_word' id='word_1_793' title='bbox 3658 3878 3768 3935; x_wconf 88' lang='lat' dir='ltr'><strong>hoc</strong></span> 
     </span>
    </p>
   </div>
   <div class='ocr_carea' id='block_1_99' title="bbox 2168 3960 3767 4041">
    <p class='ocr_par' dir='ltr' id='par_1_99' title="bbox 2168 3960 3767 4041">
     <span class='ocr_line' id='line_1_99' title="bbox 2168 3960 3767 4041; baseline 0.008 -27"><span class='ocrx_word' id='word_1_794' title='bbox 2168 3960 2381 4033; x_wconf 86' lang='lat' dir='ltr'><strong>objecit,</strong></span> <span class='ocrx_word' id='word_1_795' title='bbox 2405 3961 2591 4016; x_wconf 89' lang='lat' dir='ltr'><strong>timere</strong></span> <span class='ocrx_word' id='word_1_796' title='bbox 2611 3962 2865 4018; x_wconf 90' lang='lat' dir='ltr'><strong>debemus</strong></span> <span class='ocrx_word' id='word_1_797' title='bbox 2892 3979 2957 4018; x_wconf 92' lang='lat' dir='ltr'><strong>ue</strong></span> <span class='ocrx_word' id='word_1_798' title='bbox 2986 3965 3087 4020; x_wconf 92' lang='lat' dir='ltr'><strong>hoc</strong></span> <span class='ocrx_word' id='word_1_799' title='bbox 3116 3966 3269 4021; x_wconf 87' lang='lat' dir='ltr'><strong>nobis</strong></span> <span class='ocrx_word' id='word_1_800' title='bbox 3292 3967 3590 4041; x_wconf 86' lang='lat' dir='ltr'><strong>objiciatur.</strong></span> <span class='ocrx_word' id='word_1_801' title='bbox 3621 3969 3767 4027; x_wconf 88' lang='lat' dir='ltr'><strong>Cum</strong></span> 
     </span>
    </p>
   </div>
   <div class='ocr_carea' id='block_1_100' title="bbox 2168 4052 3769 4135">
    <p class='ocr_par' dir='ltr' id='par_1_100' title="bbox 2168 4052 3769 4135">
     <span class='ocr_line' id='line_1_100' title="bbox 2168 4052 3769 4135; baseline 0.008 -31"><span class='ocrx_word' id='word_1_802' title='bbox 2168 4066 2358 4121; x_wconf 85' lang='lat' dir='ltr'><strong>magno</strong></span> <span class='ocrx_word' id='word_1_803' title='bbox 2378 4052 2517 4105; x_wconf 89' lang='lat' dir='ltr'><strong>enim</strong></span> <span class='ocrx_word' id='word_1_804' title='bbox 2542 4052 2868 4107; x_wconf 91' lang='lat' dir='ltr'><strong>calumnioso</strong></span> <span class='ocrx_word' id='word_1_805' title='bbox 2890 4053 3148 4110; x_wconf 90' lang='lat' dir='ltr'><strong>habemus</strong></span> <span class='ocrx_word' id='word_1_806' title='bbox 3172 4058 3460 4126; x_wconf 81' lang='lat' dir='ltr'><strong>negotium.</strong></span> <span class='ocrx_word' id='word_1_807' title='bbox 3482 4059 3538 4118; x_wconf 87' lang='lat' dir='ltr'><strong>Si</strong></span> <span class='ocrx_word' id='word_1_808' title='bbox 3562 4064 3769 4135; x_wconf 85' lang='lat' dir='ltr'><strong>quaerit</strong></span> 
     </span>
    </p>
   </div>
   <div class='ocr_carea' id='block_1_101' title="bbox 2168 4142 3769 4220">
    <p class='ocr_par' dir='ltr' id='par_1_101' title="bbox 2168 4142 3769 4220">
     <span class='ocr_line' id='line_1_101' title="bbox 2168 4142 3769 4220; baseline 0.007 -25"><span class='ocrx_word' id='word_1_809' title='bbox 2168 4142 2367 4211; x_wconf 87' lang='lat' dir='ltr'><strong>ﬁngere</strong></span> <span class='ocrx_word' id='word_1_810' title='bbox 2392 4142 2531 4211; x_wconf 91' lang='lat' dir='ltr'><strong>quod</strong></span> <span class='ocrx_word' id='word_1_811' title='bbox 2564 4159 2667 4197; x_wconf 91' lang='lat' dir='ltr'><strong>non</strong></span> <span class='ocrx_word' id='word_1_812' title='bbox 2690 4154 2789 4209; x_wconf 87' lang='lat' dir='ltr'><strong>est,</strong></span> <span class='ocrx_word' id='word_1_813' title='bbox 2814 4154 3011 4215; x_wconf 89' lang='lat' dir='ltr'><strong>quanto</strong></span> <span class='ocrx_word' id='word_1_814' title='bbox 3033 4147 3198 4217; x_wconf 85' lang='lat' dir='ltr'><strong>magis</strong></span> <span class='ocrx_word' id='word_1_815' title='bbox 3214 4148 3446 4216; x_wconf 88' lang='lat' dir='ltr'><strong>objiccre</strong></span> <span class='ocrx_word' id='word_1_816' title='bbox 3468 4151 3609 4220; x_wconf 89' lang='lat' dir='ltr'><strong>quod</strong></span> <span class='ocrx_word' id='word_1_817' title='bbox 3638 4154 3769 4207; x_wconf 75' lang='lat' dir='ltr'><strong>est?</strong></span> 
     </span>
    </p>
   </div>
   <div class='ocr_carea' id='block_1_102' title="bbox 2166 4234 3769 4311">
    <p class='ocr_par' dir='ltr' id='par_1_102' title="bbox 2166 4234 3769 4311">
     <span class='ocr_line' id='line_1_102' title="bbox 2166 4234 3769 4311; baseline 0.005 -21"><span class='ocrx_word' id='word_1_818' title='bbox 2166 4234 2503 4290; x_wconf 87' lang='lat' dir='ltr'><strong>Gaudeamus</strong></span> <span class='ocrx_word' id='word_1_819' title='bbox 2534 4241 2710 4291; x_wconf 89' lang='lat' dir='ltr'><strong>tamen</strong></span> <span class='ocrx_word' id='word_1_820' title='bbox 2741 4238 2783 4303; x_wconf 82' lang='grc'><strong>³,</strong></span> <span class='ocrx_word' id='word_1_821' title='bbox 2811 4236 2932 4306; x_wconf 89' lang='lat' dir='ltr'><strong>quia</strong></span> <span class='ocrx_word' id='word_1_822' title='bbox 2960 4237 3079 4292; x_wconf 88' lang='lat' dir='ltr'><strong>talis</strong></span> <span class='ocrx_word' id='word_1_823' title='bbox 3103 4248 3185 4292; x_wconf 90' lang='lat' dir='ltr'><strong>est</strong></span> <span class='ocrx_word' id='word_1_824' title='bbox 3208 4238 3369 4308; x_wconf 82' lang='lat' dir='ltr'><strong>judex</strong></span> <span class='ocrx_word' id='word_1_825' title='bbox 3388 4283 3402 4306; x_wconf 95' lang='lat'><strong>,</strong></span> <span class='ocrx_word' id='word_1_826' title='bbox 3432 4241 3520 4311; x_wconf 89' lang='lat' dir='ltr'><strong>qui</strong></span> <span class='ocrx_word' id='word_1_827' title='bbox 3551 4240 3665 4297; x_wconf 88' lang='lat' dir='ltr'><strong>lalli</strong></span> <span class='ocrx_word' id='word_1_828' title='bbox 3694 4246 3769 4300; x_wconf 90' lang='lat' dir='ltr'><strong>ab</strong></span> 
     </span>
    </p>
   </div>
   <div class='ocr_carea' id='block_1_103' title="bbox 2166 4328 3769 4395">
    <p class='ocr_par' dir='ltr' id='par_1_103' title="bbox 2166 4328 3769 4395">
     <span class='ocr_line' id='line_1_103' title="bbox 2166 4328 3769 4395; baseline 0.007 -19"><span class='ocrx_word' id='word_1_829' title='bbox 2166 4332 2475 4378; x_wconf 89' lang='lat' dir='ltr'><strong>accusatore</strong></span> <span class='ocrx_word' id='word_1_830' title='bbox 2524 4334 2705 4380; x_wconf 90' lang='lat' dir='ltr'><strong>nostro</strong></span> <span class='ocrx_word' id='word_1_831' title='bbox 2732 4342 2835 4380; x_wconf 90' lang='lat' dir='ltr'><strong>non</strong></span> <span class='ocrx_word' id='word_1_832' title='bbox 2867 4337 3058 4395; x_wconf 88' lang='lat' dir='ltr'><strong>potest.</strong></span> <span class='ocrx_word' id='word_1_833' title='bbox 3105 4328 3236 4382; x_wconf 88' lang='lat' dir='ltr'><strong>Nam</strong></span> <span class='ocrx_word' id='word_1_834' title='bbox 3268 4328 3315 4383; x_wconf 89' lang='lat' dir='ltr'><strong>si</strong></span> <span class='ocrx_word' id='word_1_835' title='bbox 3344 4329 3619 4386; x_wconf 88' lang='lat' dir='ltr'><strong>hominem</strong></span> <span class='ocrx_word' id='word_1_836' title='bbox 3665 4334 3769 4388; x_wconf 85' lang='lat' dir='ltr'><strong>ha-</strong></span> 
     </span>
    </p>
   </div>
   <div class='ocr_carea' id='block_1_104' title="bbox 2166 4413 3767 4492">
    <p class='ocr_par' dir='ltr' id='par_1_104' title="bbox 2166 4413 3767 4492">
     <span class='ocr_line' id='line_1_104' title="bbox 2166 4413 3767 4492; baseline 0.007 -24"><span class='ocrx_word' id='word_1_837' title='bbox 2166 4413 2415 4469; x_wconf 87' lang='lat' dir='ltr'><strong>beremus</strong></span> <span class='ocrx_word' id='word_1_838' title='bbox 2436 4416 2689 4484; x_wconf 90' lang='lat' dir='ltr'><strong>judicem,</strong></span> <span class='ocrx_word' id='word_1_839' title='bbox 2710 4417 2835 4471; x_wconf 91' lang='lat' dir='ltr'><strong>huic</strong></span> <span class='ocrx_word' id='word_1_840' title='bbox 2860 4418 3111 4488; x_wconf 88' lang='lat' dir='ltr'><strong>quidquid</strong></span> <span class='ocrx_word' id='word_1_841' title='bbox 3138 4421 3299 4475; x_wconf 89' lang='lat' dir='ltr'><strong>vellet</strong></span> <span class='ocrx_word' id='word_1_842' title='bbox 3327 4422 3548 4492; x_wconf 89' lang='lat' dir='ltr'><strong>ﬁngeret</strong></span> <span class='ocrx_word' id='word_1_843' title='bbox 3573 4424 3767 4479; x_wconf 83' lang='lat' dir='ltr'><strong>inimi-</strong></span> 
     </span>
    </p>
   </div>
   <div class='ocr_carea' id='block_1_105' title="bbox 2164 4507 3768 4584">
    <p class='ocr_par' dir='ltr' id='par_1_105' title="bbox 2164 4507 3768 4584">
     <span class='ocr_line' id='line_1_105' title="bbox 2164 4507 3768 4584; baseline 0.008 -25"><span class='ocrx_word' id='word_1_844' title='bbox 2164 4521 2276 4560; x_wconf 87' lang='lat' dir='ltr'><strong>cus.</strong></span> <span class='ocrx_word' id='word_1_845' title='bbox 2308 4507 2476 4562; x_wconf 89' lang='lat' dir='ltr'><strong>Nemo</strong></span> <span class='ocrx_word' id='word_1_846' title='bbox 2516 4517 2594 4563; x_wconf 84' lang='lat' dir='ltr'><strong>est</strong></span> <span class='ocrx_word' id='word_1_847' title='bbox 2628 4508 2841 4575; x_wconf 83' lang='lat' dir='ltr'><strong>diabolo</strong></span> <span class='ocrx_word' id='word_1_848' title='bbox 2882 4512 3105 4566; x_wconf 87' lang='lat' dir='ltr'><strong>astutior</strong></span> <span class='ocrx_word' id='word_1_849' title='bbox 3141 4512 3208 4567; x_wconf 90' lang='lat' dir='ltr'><strong>ad</strong></span> <span class='ocrx_word' id='word_1_850' title='bbox 3254 4513 3581 4584; x_wconf 91' lang='lat' dir='ltr'><strong>ﬁngendum.</strong></span> <span class='ocrx_word' id='word_1_851' title='bbox 3621 4517 3768 4573; x_wconf 85' lang='lat' dir='ltr'><strong>Nam</strong></span> 
     </span>
    </p>
   </div>
   <div class='ocr_carea' id='block_1_106' title="bbox 2164 4598 3765 4678">
    <p class='ocr_par' dir='ltr' id='par_1_106' title="bbox 2164 4598 3765 4678">
     <span class='ocr_line' id='line_1_106' title="bbox 2164 4598 3765 4678; baseline 0.007 -27"><span class='ocrx_word' id='word_1_852' title='bbox 2164 4606 2219 4651; x_wconf 91' lang='lat' dir='ltr'><strong>et</strong></span> <span class='ocrx_word' id='word_1_853' title='bbox 2240 4613 2378 4652; x_wconf 88' lang='lat' dir='ltr'><strong>nunc</strong></span> <span class='ocrx_word' id='word_1_854' title='bbox 2400 4599 2576 4653; x_wconf 89' lang='lat' dir='ltr'><strong>omnia</strong></span> <span class='ocrx_word' id='word_1_855' title='bbox 2602 4598 2730 4653; x_wconf 82' lang='lat' dir='ltr'><strong>falsa</strong></span> <span class='ocrx_word' id='word_1_856' title='bbox 2757 4601 2977 4655; x_wconf 86' lang='lat' dir='ltr'><strong>crimina</strong></span> <span class='ocrx_word' id='word_1_857' title='bbox 3006 4601 3073 4657; x_wconf 91' lang='lat' dir='ltr'><strong>de</strong></span> <span class='ocrx_word' id='word_1_858' title='bbox 3102 4603 3299 4659; x_wconf 88' lang='lat' dir='ltr'><strong>sanctis</strong></span> <span class='ocrx_word' id='word_1_859' title='bbox 3330 4605 3442 4675; x_wconf 89' lang='lat' dir='ltr'><strong>ipse</strong></span> <span class='ocrx_word' id='word_1_860' title='bbox 3471 4607 3765 4678; x_wconf 86' lang='lat' dir='ltr'><strong>conﬁngit.</strong></span> 
     </span>
    </p>
   </div>
   <div class='ocr_carea' id='block_1_107' title="bbox 2165 4674 3767 4767">
    <p class='ocr_par' dir='ltr' id='par_1_107' title="bbox 2165 4674 3767 4767">
     <span class='ocr_line' id='line_1_107' title="bbox 2165 4674 3767 4767; baseline 0.006 -23"><span class='ocrx_word' id='word_1_861' title='bbox 2165 4687 2254 4744; x_wconf 91' lang='lat' dir='ltr'><strong>Sic</strong></span> <span class='ocrx_word' id='word_1_862' title='bbox 2296 4674 2430 4743; x_wconf 86' lang='lat' dir='ltr'><strong>suas</strong></span> <span class='ocrx_word' id='word_1_863' title='bbox 2475 4689 2872 4746; x_wconf 87' lang='lat' dir='ltr'><strong>criminationes</strong></span> <span class='ocrx_word' id='word_1_864' title='bbox 2894 4693 3069 4747; x_wconf 87' lang='lat' dir='ltr'><strong>valere</strong></span> <span class='ocrx_word' id='word_1_865' title='bbox 3092 4709 3198 4756; x_wconf 88' lang='lat' dir='ltr'><strong>non</strong></span> <span class='ocrx_word' id='word_1_866' title='bbox 3222 4710 3377 4765; x_wconf 82' lang='lat' dir='ltr'><strong>posse</strong></span> <span class='ocrx_word' id='word_1_867' title='bbox 3397 4696 3535 4766; x_wconf 89' lang='lat' dir='ltr'><strong>apud</strong></span> <span class='ocrx_word' id='word_1_868' title='bbox 3557 4674 3767 4767; x_wconf 38' lang='lat' dir='ltr'><strong>Deu&#39;m,</strong></span> 
     </span>
    </p>
   </div>
   <div class='ocr_carea' id='block_1_108' title="bbox 2163 4779 3767 4861">
    <p class='ocr_par' dir='ltr' id='par_1_108' title="bbox 2163 4779 3767 4861">
     <span class='ocr_line' id='line_1_108' title="bbox 2163 4779 3767 4861; baseline 0.01 -28"><span class='ocrx_word' id='word_1_869' title='bbox 2163 4780 2302 4834; x_wconf 89' lang='lat' dir='ltr'><strong>inter</strong></span> <span class='ocrx_word' id='word_1_870' title='bbox 2349 4779 2589 4836; x_wconf 88' lang='lat' dir='ltr'><strong>homines</strong></span> <span class='ocrx_word' id='word_1_871' title='bbox 2615 4782 2745 4849; x_wconf 67' lang='lat' dir='ltr'><strong>{illas</strong></span> <span class='ocrx_word' id='word_1_872' title='bbox 2787 4785 3006 4856; x_wconf 77' lang='lat' dir='ltr'><strong>Spargit.</strong></span> <span class='ocrx_word' id='word_1_873' title='bbox 3037 4786 3101 4840; x_wconf 83' lang='lat' dir='ltr'><strong>Et</strong></span> <span class='ocrx_word' id='word_1_874' title='bbox 3130 4787 3229 4845; x_wconf 87' lang='lat' dir='ltr'><strong>hoc</strong></span> <span class='ocrx_word' id='word_1_875' title='bbox 3258 4788 3305 4842; x_wconf 90' lang='lat' dir='ltr'><strong>ei</strong></span> <span class='ocrx_word' id='word_1_876' title='bbox 3332 4789 3461 4859; x_wconf 91' lang='lat' dir='ltr'><strong>quid</strong></span> <span class='ocrx_word' id='word_1_877' title='bbox 3494 4792 3767 4861; x_wconf 83' lang='lat' dir='ltr'><strong>prodest,</strong></span> 
     </span>
    </p>
   </div>
   <div class='ocr_carea' id='block_1_109' title="bbox 2163 4870 3767 4945">
    <p class='ocr_par' dir='ltr' id='par_1_109' title="bbox 2163 4870 3767 4945">
     <span class='ocr_line' id='line_1_109' title="bbox 2163 4870 3767 4945; baseline 0.01 -22"><span class='ocrx_word' id='word_1_878' title='bbox 2163 4885 2283 4924; x_wconf 92' lang='lat' dir='ltr'><strong>cum</strong></span> <span class='ocrx_word' id='word_1_879' title='bbox 2322 4870 2464 4925; x_wconf 88' lang='lat' dir='ltr'><strong>dicat</strong></span> <span class='ocrx_word' id='word_1_880' title='bbox 2490 4872 2794 4941; x_wconf 84' lang='lat' dir='ltr'><strong>Apostolus,</strong></span> <span class='ocrx_word' id='word_1_881' title='bbox 2830 4875 3007 4929; x_wconf 81' lang='lat' dir='ltr'><strong>Gloria</strong></span> <span class='ocrx_word' id='word_1_882' title='bbox 3042 4888 3214 4937; x_wconf 84' lang='lat' dir='ltr'><strong>nostra</strong></span> <span class='ocrx_word' id='word_1_883' title='bbox 3244 4880 3351 4943; x_wconf 67' lang='lat' dir='ltr'><strong>licet:</strong></span> <span class='ocrx_word' id='word_1_884' title='bbox 3377 4891 3480 4945; x_wconf 83' lang='lat' dir='ltr'><strong>est,</strong></span> <span class='ocrx_word' id='word_1_885' title='bbox 3517 4885 3767 4940; x_wconf 85' lang='lat' dir='ltr'><strong>testimo-</strong></span> 
     </span>
    </p>
   </div>
   <div class='ocr_carea' id='block_1_110' title="bbox 2162 4958 3766 5042">
    <p class='ocr_par' dir='ltr' id='par_1_110' title="bbox 2162 4958 3766 5042">
     <span class='ocr_line' id='line_1_110' title="bbox 2162 4958 3766 5042; baseline 0.01 -27"><span class='ocrx_word' id='word_1_886' title='bbox 2162 4961 2300 5015; x_wconf 86' lang='lat' dir='ltr'><strong>nium</strong></span> <span class='ocrx_word' id='word_1_887' title='bbox 2326 4963 2640 5017; x_wconf 73' lang='lat' dir='ltr'><strong>conscientia:</strong></span> <span class='ocrx_word' id='word_1_888' title='bbox 2665 4958 2848 5020; x_wconf 72' lang='lat' dir='ltr'><strong>nostra:</strong></span> <span class='ocrx_word' id='word_1_889' title='bbox 2872 4965 2937 5038; x_wconf 91' lang='lat' dir='ltr'><strong>(ll</strong></span> <span class='ocrx_word' id='word_1_890' title='bbox 2968 4965 3086 5023; x_wconf 89' lang='lat' dir='ltr'><strong>Cor.</strong></span> <span class='ocrx_word' id='word_1_891' title='bbox 3113 4985 3150 5037; x_wconf 83' lang='grc' dir='ltr'><strong>ι,</strong></span> <span class='ocrx_word' id='word_1_892' title='bbox 3186 4969 3313 5042; x_wconf 68' lang='lat'><strong>1&#39;2)?</strong></span> <span class='ocrx_word' id='word_1_893' title='bbox 3341 4971 3549 5028; x_wconf 88' lang='lat' dir='ltr'><strong>Putatis</strong></span> <span class='ocrx_word' id='word_1_894' title='bbox 3572 4985 3766 5030; x_wconf 86' lang='lat' dir='ltr'><strong>tamen</strong></span> 
     </span>
    </p>
   </div>
   <div class='ocr_carea' id='block_1_111' title="bbox 2160 5051 3775 5145">
    <p class='ocr_par' dir='ltr' id='par_1_111' title="bbox 2160 5051 3775 5145">
     <span class='ocr_line' id='line_1_111' title="bbox 2160 5051 3775 5145; baseline 0.012 -42"><span class='ocrx_word' id='word_1_895' title='bbox 2160 5051 2281 5121; x_wconf 91' lang='lat' dir='ltr'><strong>quia</strong></span> <span class='ocrx_word' id='word_1_896' title='bbox 2313 5053 2402 5108; x_wconf 88' lang='lat' dir='ltr'><strong>ille</strong></span> <span class='ocrx_word' id='word_1_897' title='bbox 2442 5053 2570 5109; x_wconf 84' lang='lat' dir='ltr'><strong>falsa</strong></span> <span class='ocrx_word' id='word_1_898' title='bbox 2597 5056 2819 5127; x_wconf 83' lang='lat' dir='ltr'><strong>crimina</strong></span> <span class='ocrx_word' id='word_1_899' title='bbox 2858 5059 3000 5114; x_wconf 88' lang='lat' dir='ltr'><strong>nulla</strong></span> <span class='ocrx_word' id='word_1_900' title='bbox 3044 5062 3236 5115; x_wconf 89' lang='lat' dir='ltr'><strong>astutia</strong></span> <span class='ocrx_word' id='word_1_901' title='bbox 3274 5064 3567 5145; x_wconf 77' lang='lat' dir='ltr'><strong>conﬁngit?</strong></span> <span class='ocrx_word' id='word_1_902' title='bbox 3594 5065 3775 5123; x_wconf 81' lang='lat' dir='ltr'><strong>Novit</strong></span> 
     </span>
    </p>
   </div>
   <div class='ocr_carea' id='block_1_112' title="bbox 2160 5143 3770 5223">
    <p class='ocr_par' dir='ltr' id='par_1_112' title="bbox 2160 5143 3770 5223">
     <span class='ocr_line' id='line_1_112' title="bbox 2160 5143 3770 5223; baseline 0.012 -29"><span class='ocrx_word' id='word_1_903' title='bbox 2160 5143 2284 5212; x_wconf 89' lang='lat' dir='ltr'><strong>quid</strong></span> <span class='ocrx_word' id='word_1_904' title='bbox 2331 5143 2454 5199; x_wconf 88' lang='lat' dir='ltr'><strong>inde</strong></span> <span class='ocrx_word' id='word_1_905' title='bbox 2497 5145 2619 5200; x_wconf 90' lang='lat' dir='ltr'><strong>mali</strong></span> <span class='ocrx_word' id='word_1_906' title='bbox 2658 5155 2810 5223; x_wconf 85' lang='lat' dir='ltr'><strong>agat,</strong></span> <span class='ocrx_word' id='word_1_907' title='bbox 2843 5148 2945 5203; x_wconf 90' lang='lat' dir='ltr'><strong>nisi</strong></span> <span class='ocrx_word' id='word_1_908' title='bbox 2975 5151 3023 5204; x_wconf 88' lang='lat' dir='ltr'><strong>ei</strong></span> <span class='ocrx_word' id='word_1_909' title='bbox 3053 5152 3266 5207; x_wconf 89' lang='lat' dir='ltr'><strong>resistat</strong></span> <span class='ocrx_word' id='word_1_910' title='bbox 3292 5143 3559 5223; x_wconf 84' lang='lat' dir='ltr'><strong>vigilantia</strong></span> <span class='ocrx_word' id='word_1_911' title='bbox 3603 5156 3770 5214; x_wconf 85' lang='lat' dir='ltr'><strong>ﬁdei.</strong></span> 
     </span>
    </p>
   </div>
   <div class='ocr_carea' id='block_1_113' title="bbox 2162 5231 3775 5318">
    <p class='ocr_par' dir='ltr' id='par_1_113' title="bbox 2162 5231 3775 5318">
     <span class='ocr_line' id='line_1_113' title="bbox 2162 5231 3775 5318; baseline 0.011 -32"><span class='ocrx_word' id='word_1_912' title='bbox 2162 5231 2286 5287; x_wconf 84' lang='lat' dir='ltr'><strong>ideo</strong></span> <span class='ocrx_word' id='word_1_913' title='bbox 2314 5235 2455 5289; x_wconf 89' lang='lat' dir='ltr'><strong>enim</strong></span> <span class='ocrx_word' id='word_1_914' title='bbox 2480 5244 2534 5290; x_wconf 89' lang='lat' dir='ltr'><strong>et</strong></span> <span class='ocrx_word' id='word_1_915' title='bbox 2557 5235 2624 5291; x_wconf 90' lang='lat' dir='ltr'><strong>de</strong></span> <span class='ocrx_word' id='word_1_916' title='bbox 2645 5237 2799 5292; x_wconf 89' lang='lat' dir='ltr'><strong>bonis</strong></span> <span class='ocrx_word' id='word_1_917' title='bbox 2826 5240 2962 5293; x_wconf 88' lang='lat' dir='ltr'><strong>mala</strong></span> <span class='ocrx_word' id='word_1_918' title='bbox 2988 5243 3207 5310; x_wconf 85' lang='lat' dir='ltr'><strong>spargit,</strong></span> <span class='ocrx_word' id='word_1_919' title='bbox 3230 5250 3286 5297; x_wconf 92' lang='lat' dir='ltr'><strong>ut</strong></span> <span class='ocrx_word' id='word_1_920' title='bbox 3312 5243 3504 5298; x_wconf 86' lang='lat' dir='ltr'><strong>inﬁrmi</strong></span> <span class='ocrx_word' id='word_1_921' title='bbox 3534 5260 3637 5299; x_wconf 90' lang='lat' dir='ltr'><strong>non</strong></span> <span class='ocrx_word' id='word_1_922' title='bbox 3667 5263 3775 5318; x_wconf 85' lang='lat' dir='ltr'><strong>pn-</strong></span> 
     </span>
    </p>
   </div>
   <div class='ocr_carea' id='block_1_114' title="bbox 2162 5324 3772 5402">
    <p class='ocr_par' dir='ltr' id='par_1_114' title="bbox 2162 5324 3772 5402">
     <span class='ocr_line' id='line_1_114' title="bbox 2162 5324 3772 5402; baseline 0.009 -26"><span class='ocrx_word' id='word_1_923' title='bbox 2162 5330 2276 5377; x_wconf 90' lang='lat' dir='ltr'><strong>tent</strong></span> <span class='ocrx_word' id='word_1_924' title='bbox 2308 5324 2515 5394; x_wconf 85' lang='lat' dir='ltr'><strong>aliquos</strong></span> <span class='ocrx_word' id='word_1_925' title='bbox 2543 5340 2663 5381; x_wconf 91' lang='lat' dir='ltr'><strong>esse</strong></span> <span class='ocrx_word' id='word_1_926' title='bbox 2690 5326 2892 5395; x_wconf 90' lang='lat' dir='ltr'><strong>bonos,</strong></span> <span class='ocrx_word' id='word_1_927' title='bbox 2924 5337 2979 5383; x_wconf 91' lang='lat' dir='ltr'><strong>et</strong></span> <span class='ocrx_word' id='word_1_928' title='bbox 3009 5328 3217 5385; x_wconf 84' lang='lat' dir='ltr'><strong>tradant</strong></span> <span class='ocrx_word' id='word_1_929' title='bbox 3262 5346 3321 5387; x_wconf 91' lang='lat' dir='ltr'><strong>se</strong></span> <span class='ocrx_word' id='word_1_930' title='bbox 3366 5334 3655 5402; x_wconf 86' lang='lat' dir='ltr'><strong>rapiendos</strong></span> <span class='ocrx_word' id='word_1_931' title='bbox 3691 5338 3772 5391; x_wconf 83' lang='lat' dir='ltr'><strong>li-</strong></span> 
     </span>
    </p>
   </div>
   <div class='ocr_carea' id='block_1_115' title="bbox 2160 5413 3775 5499">
    <p class='ocr_par' dir='ltr' id='par_1_115' title="bbox 2160 5413 3775 5499">
     <span class='ocr_line' id='line_1_115' title="bbox 2160 5413 3775 5499; baseline 0.01 -31"><span class='ocrx_word' id='word_1_932' title='bbox 2160 5413 2429 5471; x_wconf 89' lang='lat' dir='ltr'><strong>bidinibus</strong></span> <span class='ocrx_word' id='word_1_933' title='bbox 2450 5425 2505 5471; x_wconf 90' lang='lat' dir='ltr'><strong>et</strong></span> <span class='ocrx_word' id='word_1_934' title='bbox 2530 5416 2882 5487; x_wconf 87' lang='lat' dir='ltr'><strong>dissipandos,</strong></span> <span class='ocrx_word' id='word_1_935' title='bbox 2906 5419 3145 5477; x_wconf 88' lang='lat' dir='ltr'><strong>dicentes</strong></span> <span class='ocrx_word' id='word_1_936' title='bbox 3168 5421 3308 5493; x_wconf 89' lang='lat' dir='ltr'><strong>apud</strong></span> <span class='ocrx_word' id='word_1_937' title='bbox 3332 5437 3391 5479; x_wconf 88' lang='lat' dir='ltr'><strong>se</strong></span> <span class='ocrx_word' id='word_1_938' title='bbox 3414 5424 3591 5499; x_wconf 88' lang='lat' dir='ltr'><strong>ipsos:</strong></span> <span class='ocrx_word' id='word_1_939' title='bbox 3617 5424 3775 5496; x_wconf 86' lang='lat' dir='ltr'><strong>Quis</strong></span> 
     </span>
    </p>
   </div>
   <div class='ocr_carea' id='block_1_116' title="bbox 2225 5549 3780 5617">
    <p class='ocr_par' dir='ltr' id='par_1_116' title="bbox 2225 5549 3780 5617">
     <span class='ocr_line' id='line_1_116' title="bbox 2225 5549 3780 5617; baseline 0.008 -19"><span class='ocrx_word' id='word_1_940' title='bbox 2225 5549 2242 5581; x_wconf 73' lang='grc' dir='ltr'>ί</span> <span class='ocrx_word' id='word_1_941' title='bbox 2267 5551 2597 5617; x_wconf 76' lang='lat' dir='ltr'><strong>Cisterciensis</strong></span> <span class='ocrx_word' id='word_1_942' title='bbox 2616 5551 2761 5617; x_wconf 79' lang='lat' dir='ltr'><strong>liber,</strong></span> <span class='ocrx_word' id='word_1_943' title='bbox 2774 5553 3007 5617; x_wconf 87' lang='lat' dir='ltr'><strong>quomodo</strong></span> <span class='ocrx_word' id='word_1_944' title='bbox 3024 5568 3188 5617; x_wconf 79' lang='lat' dir='ltr'><strong>verum</strong></span> <span class='ocrx_word' id='word_1_945' title='bbox 3202 5554 3337 5608; x_wconf 73' lang='lat' dir='ltr'><strong>dicit.</strong></span> <span class='ocrx_word' id='word_1_946' title='bbox 3362 5558 3435 5607; x_wconf 87' lang='lat' dir='ltr'><strong>sic</strong></span> <span class='ocrx_word' id='word_1_947' title='bbox 3458 5558 3605 5608; x_wconf 83' lang='lat' dir='ltr'><strong>etiam</strong></span> <span class='ocrx_word' id='word_1_948' title='bbox 3620 5571 3780 5610; x_wconf 75' lang='lat' dir='ltr'><strong>unus</strong></span> 
     </span>
    </p>
   </div>
   <div class='ocr_carea' id='block_1_117' title="bbox 2160 5612 3780 5723">
    <p class='ocr_par' dir='ltr' id='par_1_117' title="bbox 2160 5612 3780 5723">
     <span class='ocr_line' id='line_1_117' title="bbox 2160 5612 3780 5722; baseline 0.007 -63"><span class='ocrx_word' id='word_1_949' title='bbox 2160 5612 2530 5722; x_wconf 47' lang='lat' dir='ltr'><strong>ewlber‘tliuis</strong></span> <span class='ocrx_word' id='word_1_950' title='bbox 2546 5622 2669 5674; x_wconf 64' lang='lat'><strong>3:55.;</strong></span> <span class='ocrx_word' id='word_1_951' title='bbox 2692 5612 2930 5680; x_wconf 79' lang='lat' dir='ltr'><strong>pauloque</strong></span> <span class='ocrx_word' id='word_1_952' title='bbox 2951 5623 3059 5680; x_wconf 88' lang='lat' dir='ltr'><strong>post</strong></span> <span class='ocrx_word' id='word_1_953' title='bbox 3076 5612 3204 5668; x_wconf 85' lang='lat' dir='ltr'><strong>idem</strong></span> <span class='ocrx_word' id='word_1_954' title='bbox 3224 5619 3399 5680; x_wconf 85' lang='lat' dir='ltr'><strong>codex,</strong></span> <span class='ocrx_word' id='word_1_955' title='bbox 3426 5632 3584 5670; x_wconf 88' lang='lat' dir='ltr'><strong>mares</strong></span> <span class='ocrx_word' id='word_1_956' title='bbox 3600 5622 3780 5685; x_wconf 80' lang='lat' dir='ltr'><strong>refor-</strong></span> 
     </span>
     <span class='ocr_line' id='line_1_118' title="bbox 2160 5686 2463 5723; baseline 0 -1"><span class='ocrx_word' id='word_1_957' title='bbox 2160 5687 2207 5723; x_wconf 89' lang='lat' dir='ltr'><strong>m</strong></span> <span class='ocrx_word' id='word_1_958' title='bbox 2306 5686 2325 5722; x_wconf 82' lang='grc' dir='ltr'><strong><em>ι</em></strong></span> <span class='ocrx_word' id='word_1_959' title='bbox 2338 5686 2411 5722; x_wconf 73' lang='grc' dir='ltr'><strong>δια</strong></span> <span class='ocrx_word' id='word_1_960' title='bbox 2452 5711 2463 5722; x_wconf 94' lang='grc'><strong><em>.</em></strong></span> 
     </span>
    </p>
   </div>
   <div class='ocr_carea' id='block_1_118' title="bbox 2161 5734 3775 5859">
    <p class='ocr_par' dir='ltr' id='par_1_118' title="bbox 2161 5734 3775 5859">
     <span class='ocr_line' id='line_1_119' title="bbox 2161 5734 3775 5859; baseline 0.01 -80"><span class='ocrx_word' id='word_1_961' title='bbox 2161 5736 2243 5845; x_wconf 60' lang='lat' dir='ltr'><strong>nu:</strong></span> <span class='ocrx_word' id='word_1_962' title='bbox 2264 5734 2451 5859; x_wconf 51' lang='lat' dir='ltr'><strong>Alilqtétgt</strong></span> <span class='ocrx_word' id='word_1_963' title='bbox 2467 5742 2577 5847; x_wconf 42' lang='grc' dir='ltr'><strong>ἅδε.</strong></span> <span class='ocrx_word' id='word_1_964' title='bbox 2606 5738 2856 5791; x_wconf 78' lang='lat' dir='ltr'><strong>Evadimus</strong></span> <span class='ocrx_word' id='word_1_965' title='bbox 2874 5744 3049 5792; x_wconf 88' lang='lat' dir='ltr'><strong>tamen.</strong></span> <span class='ocrx_word' id='word_1_966' title='bbox 3075 5740 3271 5802; x_wconf 85' lang='lat' dir='ltr'><strong>Quidam</strong></span> <span class='ocrx_word' id='word_1_967' title='bbox 3291 5747 3488 5805; x_wconf 66' lang='lat' dir='ltr'><strong>autem:</strong></span> <span class='ocrx_word' id='word_1_968' title='bbox 3516 5747 3572 5793; x_wconf 79' lang='grc' dir='ltr'><strong>ετ</strong></span> <span class='ocrx_word' id='word_1_969' title='bbox 3589 5743 3775 5804; x_wconf 62' lang='lat' dir='ltr'><strong>evasi-</strong></span> 
     </span>
     <span class='ocr_line' id='line_1_120' title="bbox 2244 5810 2559 5858; baseline 0.006 -13"><span class='ocrx_word' id='word_1_970' title='bbox 2244 5810 2282 5857; x_wconf 86' lang='lat' dir='ltr'><strong>s,</strong></span> <span class='ocrx_word' id='word_1_971' title='bbox 2356 5811 2370 5845; x_wconf 90' lang='lat' dir='ltr'><strong>t</strong></span> <span class='ocrx_word' id='word_1_972' title='bbox 2424 5832 2439 5858; x_wconf 82' lang='lat'><strong>,</strong></span> <span class='ocrx_word' id='word_1_973' title='bbox 2516 5812 2559 5847; x_wconf 87' lang='lat' dir='ltr'><strong>c.</strong></span> 
     </span>
    </p>
   </div>
   <div class='ocr_carea' id='block_1_119' title="bbox 2244 5810 2559 5858">
    <p class='ocr_par' dir='ltr' id='par_1_119' title="bbox 2244 5810 2559 5858">
     <span class='ocr_line' id='line_1_121' title="bbox 2244 5810 2559 5858; baseline 0.006 -13"><span class='ocrx_word' id='word_1_974' title='bbox 2244 5810 2282 5857; x_wconf 87' lang='lat' dir='ltr'><strong>s,</strong></span> <span class='ocrx_word' id='word_1_975' title='bbox 2310 5810 2439 5858; x_wconf 67' lang='lat' dir='ltr'><strong>quia,</strong></span> <span class='ocrx_word' id='word_1_976' title='bbox 2467 5810 2559 5847; x_wconf 87' lang='lat' dir='ltr'><strong>etc.</strong></span> 
     </span>
    </p>
   </div>
  </div>
