4126 6322
370 428 453 476 est
480 416 622 475 enim
661 414 750 487 qui
790 422 966 471 servat
1004 413 1310 469 mandatum
1339 412 1467 470 Dei?
1495 422 1585 469 ant
1611 414 1727 487 quis
1757 423 1839 470 est
1862 416 1953 485 qui

368 515 547 565 servat
587 505 918 561 castitatem?
946 505 1079 559 Dum
1120 514 1266 575 putat
1304 505 1429 575 quia
1475 520 1631 560 nemo
1657 546 1673 572 ,
1732 504 1845 575 ipse
1897 506 1957 561 ﬁt

369 617 550 657 nemo.
584 600 695 655 [loc
724 614 851 671 ergo
886 600 993 669 agit
1017 597 1275 653 diabolus.
1302 598 1409 654 Sed
1438 598 1557 653 talis
1587 607 1700 653 erat
1726 598 1806 663 vir
1834 597 1950 661 Job,

367 695 435 750 de
477 708 584 765 quo
626 692 760 764 nihil
804 702 986 763 posset
1020 692 1325 762 conﬁngere
1350 708 1361 744 :
1388 700 1510 745 nota
1550 692 1690 745 enim
1740 699 1855 745 erat
1902 700 1955 746 et

367 785 526 841 nimis
566 785 705 840 clara
749 785 855 837 vita
895 782 1029 853 ejus.
1058 781 1165 837 Sed
1198 783 1318 852 quia
1348 782 1539 836 multas
1569 780 1794 835 habebat
1821 780 1955 833 divl-

367 879 489 945 tias,
518 876 620 931 hoc
648 874 869 945 obiecit,
900 873 1042 944 quod
1068 882 1120 927 et
1146 873 1189 926 si
1215 882 1373 935 esset,
1407 873 1456 926 in
1490 871 1649 925 corde
1678 885 1795 924 esse
1826 884 1952 938 pos-

366 978 469 1033 set,
498 968 550 1022 in
598 966 838 1021 moribus
864 979 1121 1035 apparere
1147 977 1251 1017 non
1276 970 1473 1031 posset.
1504 959 1723 1015 Colebat
1761 959 1948 1025 Deum,

365 1059 591 1114 faciebat
618 1059 1019 1128 eleemosynas;
1048 1062 1101 1109 et
1129 1070 1234 1124 quo
1278 1053 1439 1108 corde
1488 1052 1750 1117 faciebat,
1793 1065 1951 1105 nemo

363 1149 600 1214 sciebat,
630 1164 728 1203 nec
770 1147 882 1218 ipse
924 1145 1202 1200 diabolus:
1227 1144 1321 1198 sed
1365 1143 1504 1199 Deus
1542 1149 1779 1196 noverat.
1817 1140 1948 1195 Per-

363 1239 511 1293 hibet
558 1238 698 1293 Deus
743 1236 1104 1291 testimonium
1133 1248 1289 1288 servo
1317 1248 1415 1287 suo
1439 1250 1452 1285 :
1476 1231 1717 1286 diabolus
1742 1230 1947 1284 calum-

364 1330 540 1384 niatur
589 1343 746 1384 servo
773 1328 888 1382 Dei.
921 1326 1252 1382 Permittitur
1282 1325 1369 1379 ille
1399 1323 1590 1379 tentari
1620 1325 1660 1388 ¹,
1695 1323 1949 1392 probatur

363 1418 484 1484 Job,
516 1417 861 1473 confunditur
889 1416 1152 1471 diabolus.
1175 1413 1446 1468 Invenitur
1464 1412 1563 1468 Job
1586 1412 1750 1482 gratis
1770 1411 1947 1467 colere

363 1492 561 1578 Deum,
590 1512 755 1582 gratis
779 1509 999 1580 diligere
1029 1526 1042 1561 ε
1073 1524 1176 1562 ιιοιι
1218 1507 1339 1577 quia
1382 1505 1577 1575 aliquid
1624 1505 1805 1567 dedit,
1850 1503 1944 1559 sed

361 1603 483 1671 quia
512 1617 570 1657 se
596 1600 767 1672 ipsum
798 1615 905 1671 non
931 1599 1168 1653 abstulit.
1188 1598 1275 1651 Ait
1300 1596 1441 1652 enim
1467 1595 1749 1649 :Dominus
1773 1595 1940 1659 dedit,

360 1692 609 1748 Dominus
635 1693 872 1758 abstulit;
892 1693 1017 1745 sicut
1038 1689 1256 1743 Domino
1282 1689 1489 1758 placuit,
1516 1690 1587 1741 ita
1616 1691 1803 1759 factum
1830 1696 1900 1742 est
1923 1706 1943 1742 :

358 1786 423 1838 sit
443 1800 620 1837 nomen
647 1783 848 1837 Domini
876 1782 1189 1839 benedictum
1219 1778 1358 1853 (Job.
1378 1785 1436 1851 ι).
1466 1779 1601 1850 Ignis
1634 1778 1942 1833 tentationis

359 1876 618 1941 accessit;
651 1875 752 1937 sed
772 1889 960 1929 aurum
984 1915 997 1939 ,
1027 1888 1132 1927 non
1162 1872 1411 1942 stipulam
1454 1871 1654 1925 invenit
1680 1885 1693 1922 :
1724 1869 1943 1925 abstulit

357 1966 559 2030 sordes,
588 1981 695 2019 non
722 1964 981 2019 convertit
1005 1964 1059 2016 in
1086 1963 1347 2017 cinerem.

426 2056 651 2111 CAPUT
680 2056 826 2110 V.—-
843 2056 894 2109 5.
931 2052 1055 2108 Post
1080 2053 1405 2124 qnmstionem
1433 2052 1496 2105 de
1519 2050 1738 2115 Christo,
1762 2066 1853 2104 cur
1877 2049 1940 2104 de

355 2147 577 2201 moribus
597 2147 784 2217 agitur.
816 2144 1043 2200 Honores
1074 2144 1411 2198 ecclesiastici.
1444 2143 1575 2209 Quia
1602 2158 1729 2213 ergo
1754 2142 1818 2195 ad
1848 2157 1937 2196 sa-

354 2248 684 2292 cramentum
711 2236 804 2290 Dei
834 2234 1228 2304 intelligendum
1248 2275 1262 2298 ,
1291 2233 1558 2303 quomodo
1597 2232 1841 2287 Christus
1884 2240 1939 2286 et

356 2328 516 2383 homo
541 2337 594 2382 et
620 2328 759 2381 Deus
785 2327 873 2393 sit,
902 2341 996 2381 cor
1020 2324 1380 2381 mundandum
1403 2332 1515 2390 est;
1541 2324 1827 2378 mumlatur
1845 2339 1940 2376 au-

355 2428 460 2472 tem
493 2418 727 2472 moribus
749 2459 764 2482 ,
794 2417 917 2481 vita,
948 2417 1190 2471 castitate
1210 2457 1224 2482 ,
1257 2415 1539 2469 sanctitate
1560 2455 1575 2479 ,
1607 2414 1891 2469 dilectione
1917 2454 1932 2479 ,

352 2518 408 2564 et
452 2509 555 2565 ﬁde
599 2522 721 2580 qua
766 2524 859 2578 per
905 2508 1244 2562 dilectionem
1288 2515 1540 2576 operatur
1565 2505 1763 2577 (Galat.
1795 2520 1849 2571 v,
1878 2504 1934 2576 6)

354 2599 481 2672 (hoc
513 2598 691 2659 autem
728 2598 865 2668 quod
904 2598 1111 2667 loquor,
1147 2604 1311 2653 totum
1345 2606 1591 2667 tanquam
1634 2595 1793 2650 arbor
1817 2604 1931 2662 est,

351 2707 469 2762 quae
497 2690 727 2746 radicem
758 2690 915 2745 habet
942 2690 994 2743 in
1024 2688 1186 2744 corde
1218 2707 1231 2742 :
1272 2703 1446 2759 neque
1473 2689 1615 2743 enim
1644 2687 1779 2743 facta
1807 2702 1933 2757 pro-

348 2785 543 2840 cedunt
586 2784 686 2838 nisi
735 2782 803 2838 de
850 2782 1026 2836 cordis
1064 2781 1271 2845 radice;
1312 2781 1399 2835 ubi
1419 2782 1463 2835 si
1486 2779 1808 2851 plantaveris
1841 2794 1935 2834 cu-

349 2876 621 2945 piditatem
642 2915 656 2938 ,
686 2873 852 2944 epina:
881 2871 1204 2942 procedunt;
1249 2872 1294 2925 si
1336 2870 1659 2941 plantaveris
1695 2870 1933 2924 charita-

350 2975 453 3022 tem
480 2969 523 3031 ³,
552 2966 751 3021 fruetus
777 2965 1091 3035 procedunt)
1120 2981 1133 3016 :
1156 2964 1333 3018 statim
1354 2964 1605 3018 Dominus
1629 2973 1747 3034 post
1776 2964 1929 3017 istam

346 3059 692 3129 qumstioncm
724 3056 1050 3127 propositam
1079 3055 1307 3121 Judteis,
1337 3056 1441 3109 illis
1471 3054 1794 3124 respondere
1816 3069 1923 3107 non

345 3150 647 3203 valentibus
667 3191 682 3216 ,
715 3147 940 3217 subjecit
964 3146 1030 3201 de
1059 3146 1295 3200 moribus
1321 3146 1495 3215 loqui,
1524 3153 1583 3199 nt
1624 3143 1932 3199 ostenderet

345 3257 507 3311 quare
534 3242 606 3297 illi
637 3240 835 3311 indigni
862 3240 1056 3293 fuerint
1078 3238 1368 3307 intelligere
1393 3237 1532 3307 quod
1561 3237 1925 3307 interrogavit.

344 3331 519 3387 Miseri
561 3332 702 3387 enim
748 3330 1127 3400 superbicum
1174 3329 1499 3398 respondere
1540 3345 1643 3382 non
1677 3336 1924 3398 possent,

345 3423 526 3491 utique
541 3422 838 3476 debuerunt
863 3420 1042 3476 dicere
1067 3438 1079 3473 :
1106 3419 1380 3474 Nescimus
1407 3434 1503 3473 nos
1522 3437 1535 3483 ;
1558 3418 1822 3488 Magister,
1842 3418 1928 3473 die

345 3515 520 3569 nobis.
550 3514 940 3569 Obmutuerunt
968 3511 1019 3566 in
1050 3512 1407 3581 propositione
1423 3544 1447 3575 ,-
1466 3525 1565 3565 nec
1602 3525 1663 3564 os
1698 3526 1927 3579 aperue-

345 3613 470 3658 runt
494 3603 560 3658 ad
583 3604 997 3672 inquisitionem.
1026 3602 1093 3656 Et
1112 3603 1289 3656 statim
1314 3602 1569 3655 Dominus
1589 3601 1656 3655 de
1678 3601 1926 3669 superbia

344 3694 555 3748 illorum
590 3692 826 3757 :Cavete,
855 3693 1053 3763 inquit,
1081 3692 1142 3745 ab
1174 3692 1394 3757 Scribis,
1425 3692 1508 3760 qui
1536 3700 1707 3743 amant
1746 3692 1924 3760 praesi-

342 3786 459 3840 dere
482 3787 536 3839 in
558 3788 858 3857 synagogis,
885 3796 932 3839 et
960 3786 1175 3856 diligunt
1211 3786 1428 3855 primum
1458 3785 1625 3837 locant
1662 3784 1714 3837 in
1752 3786 1925 3837 conui-

341 3878 433 3930 uiis
471 3875 682 3947 (Matth.
730 3893 888 3941 χχιιι,
920 3876 973 3942 6,
1010 3886 1057 3931 et
1086 3875 1250 3929 Marc.
1270 3876 1471 3942 “1,58,
1496 3876 1609 3946 '59).
1648 3876 1763 3930 Non
1802 3877 1924 3945 quia

340 3970 645 4039 accipiunt,
700 3969 794 4024 sed
833 3970 953 4039 quia
984 3968 1228 4039 diligunt.
1261 3968 1357 4023 llic
1407 3969 1547 4023 enim
1603 3983 1697 4023 eor
1738 3985 1922 4024 eorum

340 4063 650 4130 accusavit,
706 4064 998 4117 Accusator
1044 4070 1223 4115 autem
1248 4060 1427 4116 cordis
1475 4076 1595 4115 esse
1649 4076 1753 4115 non
1804 4076 1927 4131 pos-

340 4162 467 4219 set,
521 4154 623 4207 nisi
668 4153 847 4208 cordis
893 4153 1180 4222 inspector.
1223 4150 1446 4221 Oportet
1487 4152 1627 4207 enim
1678 4159 1735 4205 ut
1768 4165 1926 4205 servo

343 4243 435 4297 Dei
475 4243 687 4298 habenti
716 4244 943 4313 aliquem
989 4244 1244 4297 honorem
1286 4242 1339 4295 in
1383 4241 1617 4296 Ecclesia
1656 4241 1925 4296 deferatur

341 4336 545 4405 primus
567 4335 711 4390 locus
742 4354 754 4389 :
781 4335 903 4406 quia
947 4335 991 4389 si
1036 4352 1140 4389 non
1181 4334 1469 4399 deferatur,
1497 4335 1691 4387 malum
1732 4342 1814 4389 est
1850 4335 1923 4389 illi

341 4426 427 4497 qui
474 4441 578 4481 non
619 4426 821 4482 defert:
850 4441 955 4480 non
988 4435 1162 4480 tamen
1205 4426 1402 4480 bonum
1428 4433 1511 4479 est
1536 4425 1607 4478 illi
1638 4425 1721 4480 cui
1750 4424 1925 4480 defer-

343 4526 447 4572 tur.
475 4517 697 4586 Oportet
719 4518 894 4588 itaque
916 4526 971 4571 ut
994 4518 1045 4571 in
1068 4516 1477 4586 congregatione
1499 4515 1921 4572 Christianorum

344 4608 610 4679 prmpositi
637 4609 803 4679 plebis
825 4609 1143 4664 eminentius
1172 4607 1412 4673 sedeant,
1440 4616 1498 4661 ut
1525 4608 1637 4677 ipsa
1660 4608 1788 4662 sede
1817 4608 1926 4662 dis-

345 4700 666 4770 tinguantur,
712 4710 769 4756 et
804 4716 987 4756 eorum
1031 4699 1265 4756 ofﬁcium
1306 4700 1435 4753 satis
1476 4708 1771 4768 appareat:
1816 4715 1921 4755 non

346 4800 520 4846 tamen
550 4802 608 4847 ut
636 4790 886 4848 inﬂentur
918 4792 985 4846 de
1009 4790 1168 4857 sede;
1197 4790 1291 4845 sed
1323 4800 1381 4844 ut
1403 4791 1634 4859 cogitent
1660 4790 1921 4845 sarcinam

344 4885 485 4940 unde
502 4896 626 4941 sunt
646 4885 902 4940 reddituri
928 4886 1206 4939 rationem.
1223 4884 1349 4952 Quis
1366 4893 1540 4938 autem
1566 4884 1728 4951 novit,
1748 4894 1922 4939 utrum

345 4972 444 5029 hoc
468 4983 670 5040 ament,
698 4984 788 5029 aut
814 4991 917 5030 non
945 4976 1159 5029 ament?
1184 4974 1290 5029 Res
1320 4975 1418 5029 ista
1448 4974 1622 5029 cordis
1650 4984 1750 5043 est,
1776 4976 1923 5044 judi-

343 5082 457 5122 eetn
487 5068 682 5123 habere
710 5082 813 5123 non
845 5076 1018 5137 potest
1049 5066 1151 5121 nisi
1182 5067 1367 5120 Deum.
1400 5066 1516 5135 Ipse
1544 5074 1719 5120 autem
1748 5066 1925 5120 Domi-

344 5174 442 5214 nus
465 5160 784 5215 admonebat
803 5174 948 5226 suos,
967 5175 1035 5214 ne
1056 5158 1351 5214 inciderent
1370 5158 1422 5213 in
1446 5160 1548 5213 tale
1570 5159 1920 5214 fermentum:

343 5253 482 5322 quod
523 5253 630 5307 alio
670 5253 788 5309 loco
824 5252 988 5317 dicit,
1016 5252 1192 5307 Cavete
1216 5269 1249 5307 a
1274 5252 1516 5321 fermento
1548 5250 1924 5307 Pharisworum

343 5352 389 5397 et
422 5344 841 5399 Sadducteorum.
867 5344 1078 5398 Etcum
1109 5351 1353 5414 putarent
1392 5344 1461 5397 illi
1499 5339 1777 5413 propterea
1822 5343 1924 5400 hoc

342 5449 462 5489 eum
490 5434 689 5501 dicere,
708 5436 829 5506 quia
851 5450 1017 5506 panes
1044 5449 1149 5490 non
1174 5430 1494 5500 intulerant;
1518 5434 1790 5506 respondit
1808 5435 1921 5491 eis:

407 5571 427 5663 ί
565 5568 1061 5742 ιέοοωζῗιᾳπὲὧιιαυεήε
1077 5629 1375 5690 charitatem,
1400 5638 1518 5689 ete‘.,
1544 5633 1761 5696 itemque
1786 5631 1921 5693 infra,

418 5691 467 5742 6.
490 5694 638 5742 istud.
664 5692 744 5742 val
846 5694 908 5742 de
930 5693 1050 5742 cmlo
1073 5692 1321 5742 pendebat.
1348 5701 1464 5742 etc..
1490 5695 1536 5742 in
1573 5697 1707 5742 prius
1728 5697 1921 5742 excusis

345 5706 393 5740 ιι.
418 5691 467 5766 6,
490 5694 638 5764 istud,
664 5691 825 5756 patuli)
846 5694 908 5766 de
930 5693 1050 5766 caelo
1072 5692 1321 5755 pendebat,
1348 5701 1464 5766 etc.,
1490 5695 1536 5745 in
1573 5691 1707 5758 prius
1728 5691 1924 5746 excusis

350 5761 739 5814 ωςειειιιιιεεωιι.
760 5761 1028 5808 restituitur
1053 5769 1115 5807 ex
1143 5761 1490 5816 manuscriptis.

1852 299 2082 358 SERMO
2122 299 2253 356 XCI.

3547 306 3651 364 570

2072 415 2278 470 Excidit
2311 412 2465 481 vobis,
2496 425 2614 484 quot
2640 415 2803 471 millia
2830 418 3044 472 saturati
3080 426 3195 471 sunt
3224 434 3285 472 e1:
3309 418 3523 489 quinque
3550 437 3647 490 pa-

2063 510 2208 563 nibus
2226 511 2251 563 ξ’
2279 510 2417 564 Tum:
2449 512 2796 567 intellexerunt
2815 556 2829 578 ,
2856 514 3053 583 inquit,
3084 516 3201 585 quia
3231 517 3525 588 fermentum
3548 516 3646 568 a'o-

2060 602 2273 652 ctrinam
2321 618 2493 654 eorum
2538 603 2745 657 dicebat.
2784 603 2992 676 (Matth.
3035 621 3147 671 xw,
3178 604 3354 673 6-12).
3386 605 3645 660 Amabant

2059 691 2201 745 enim
2245 694 2319 746 illi
2368 693 2464 747 ista
2506 696 2816 765 temporalia
2842 715 2854 749 :
2884 706 3083 751 aeterna
3109 712 3235 752 vero
3264 712 3363 752 nec
3390 697 3642 752 timebant

2058 783 2215 847 mala,
2250 800 2346 839 nec
2384 785 2671 855 diligebant
2716 786 2875 841 bona.
2905 787 3098 857 Clauso
3140 787 3301 857 corde
3348 786 3641 858 intelligere

2058 889 2162 927 non
2193 884 2434 943 poterant
2458 876 2596 945 quod
2630 877 2879 930 Dominus
2910 878 3267 947 interrogavit.

2126 965 2349 1019 CAPUT
2387 965 2475 1019 Vl.
2504 998 2574 1006 —
2595 967 2647 1019 ﬁ.
2690 966 2835 1021 Unde
2860 968 2916 1035 [it
2951 968 3147 1020 animus
3173 983 3336 1036 capax
3354 966 3423 1019 ad
3447 966 3637 1020 intelli-

2054 1055 2218 1125 genda
2264 1058 2519 1127 mysteria.
2571 1058 2705 1131 Quid
2776 1068 2951 1111 autem
2995 1057 3150 1111 faciat
3214 1058 3449 1112 Ecclesia
3508 1058 3633 1124 Dei,

2054 1156 2108 1199 ut
2150 1148 2319 1218 possit
2346 1148 2639 1219 intelligere
2668 1150 2807 1220 quod
2834 1150 3001 1221 prima
3035 1151 3226 1204 meruit
3252 1150 3509 1206 credere?
3538 1151 3635 1207 Fa-

2051 1235 2157 1289 ciat
2204 1251 2453 1307 capacem
2484 1239 2719 1293 animum
2741 1240 2806 1294 ad
2842 1239 3203 1309 recipiendum
3230 1241 3369 1310 quod
3400 1241 3631 1297 dabitur.

2050 1324 2199 1390 Quod
2228 1334 2286 1379 ut
2316 1326 2497 1395 ﬁeret,
2522 1327 2573 1382 id
2601 1338 2681 1383 est
2699 1371 2714 1395 ,
2748 1337 2800 1383 ut
2828 1344 2991 1402 eaan
3014 1330 3221 1384 animus
3251 1316 3426 1397 esset,
3452 1331 3633 1388 Domi-

2050 1430 2151 1470 nus
2194 1416 2337 1472 Deus
2382 1429 2563 1475 noster
2588 1420 2863 1491 suspendit
2896 1405 3154 1490 promissa
3180 1463 3195 1488 ,
3244 1436 3350 1476 non
3393 1422 3630 1477 abstulit.

2050 1506 2173 1561 ldeo
2218 1510 2526 1578 suspendit,
2552 1520 2606 1565 ut
2636 1526 2733 1565 nos
2753 1511 3100 1565 extendamus
3127 1530 3139 1565 :
3173 1511 3293 1566 ideo
3316 1525 3413 1565 nos
3440 1522 3631 1566 exten-

2046 1597 2223 1653 dimus
2243 1642 2256 1664 ,
2288 1610 2343 1654 ut
2385 1617 2692 1657 crescamus
2727 1622 2739 1657 :
2770 1603 2888 1657 Ideo
2935 1603 3229 1656 crescimus
3253 1644 3268 1668 ,
3301 1610 3357 1655 ut
3402 1603 3631 1672 attinga-

2046 1703 2184 1743 mus.
2221 1690 2349 1744 Vide
2378 1692 2677 1760 apostolum
2707 1692 2926 1746 Paulum
2952 1692 3004 1744 in
3037 1705 3296 1761 suSpensa
3327 1700 3628 1746 extensum.

2048 1764 2169 1832 Non
2202 1781 2320 1849 quia
2333 1782 2446 1851 jam
2481 1784 2757 1851 acceperint
2779 1824 2793 1847 ,
2833 1791 2921 1835 aut
2942 1782 3054 1851 jam
3081 1784 3330 1855 perfectus
3357 1782 3473 1834 sint.
3500 1779 3633 1833 Fra-

2044 1878 2163 1936 tres,
2194 1888 2283 1941 ego
2315 1889 2393 1925 me
2413 1889 2512 1926 non
2541 1874 2757 1926 arbitror
2787 1870 3179 1942 appreltendisse
3203 1886 3221 1924 :
3245 1888 3398 1924 unum
3425 1880 3592 1925 autem
3610 1912 3626 1938 ,

2042 1978 2156 2037 qua:
2191 1973 2324 2015 retro
2344 1964 2525 2017 oblitus
2546 2004 2559 2029 ,
2588 1965 2640 2017 in
2665 1981 2722 2017 ea
2743 1980 2858 2035 qua:
2876 1973 2991 2015 ante
3016 1971 3132 2015 sunt
3161 1971 3387 2016 extentus
3406 2002 3421 2027 ,
3450 1978 3629 2015 secun-

2043 2055 2163 2107 dum
2192 2054 2516 2109 intentionem
2556 2071 2733 2125 sequor
2760 2056 2827 2108 ad
2854 2055 3077 2125 palmam
3100 2068 3333 2122 superne
3357 2054 3631 2108 uocationis

2042 2146 2135 2199 Dei
2158 2148 2210 2199 in
2238 2146 2437 2201 Christo
2461 2146 2586 2200 Jesu
2615 2149 2632 2219 (
2658 2146 2887 2217 Philipp.
2918 2163 3006 2210 ιιι,
3029 2146 3255 2216 12-14).
3286 2145 3380 2200 llle
3410 2146 3460 2223 in
3489 2154 3629 2201 terra

2040 2238 2290 2293 currebat
2324 2256 2336 2292 :
2369 2239 2540 2309 palma
2584 2239 2651 2293 de
2692 2240 2828 2294 etclo
2874 2238 3158 2308 pendebat.
3202 2237 3257 2292 ln
3310 2246 3449 2292 terra
3501 2252 3629 2307 ergo

2039 2330 2287 2384 currebat
2318 2350 2330 2385 :
2363 2331 2457 2385 sed
2502 2331 2553 2384 in
2594 2330 2796 2399 Spiritu
2836 2330 3179 2385 ascendebat.
3211 2328 3343 2383 Vide
3384 2344 3510 2399 ergo
3538 2345 3637 2384 ex-

2040 2429 2266 2486 tentum,
2294 2420 2418 2476 vide
2438 2421 2503 2474 ad
2529 2436 2786 2490 suspensa
2819 2420 3157 2489 pendentem.
3184 2418 3395 2489 Sequor,
3430 2420 3626 2488 inquit,

2038 2513 2105 2565 ad
2157 2514 2379 2584 palmam
2418 2529 2653 2583 superna:
2712 2513 2986 2567 uocationis
3028 2512 3125 2566 Dei
3158 2513 3209 2565 in
3249 2511 3443 2565 Christo
3479 2510 3626 2565 Jesu.

2108 2607 2162 2659 7.
2194 2606 2315 2660 Non
2359 2606 2582 2659 ascendit
2628 2608 2681 2660 in
2728 2605 2909 2660 caelum
2956 2606 3053 2659 nisi
3092 2606 3176 2677 qui
3216 2605 3425 2659 inlustret
3473 2604 3629 2658 Chri.

2036 2708 2134 2752 sto.
2192 2698 2589 2753 Ambulandnm
2657 2713 2784 2768 ergo
2849 2706 2959 2763 est,
3011 2713 3113 2753 nec
3188 2695 3352 2767 pedes
3420 2711 3627 2766 ungen-

2036 2789 2126 2853 di,
2162 2804 2259 2843 nec
2298 2788 2539 2862 jnmenta
2584 2787 2870 2858 qua-renda
2893 2829 2907 2853 ,
2943 2802 3040 2842 nec
3096 2787 3242 2842 navis
3280 2787 3623 2857 providenda.

2035 2879 2239 2939 Allecto
2265 2895 2440 2942 curre,
2460 2894 2643 2933 amore
2663 2878 2895 2941 ambula,
2923 2878 3183 2933 charitate
3213 2878 3459 2933 ascende.
3486 2876 3627 2945 Quid

2034 2970 2229 3040 qumris
2276 2970 2458 3023 viam?
2504 2968 2706 3023 Iulia-re
2747 2968 3107 3039 Christo,qui
3153 2969 3523 3023 descendendo
3572 2978 3627 3024 et

2040 3059 2376 3113 ascendendo
2414 3074 2471 3113 se
2500 3060 2671 3128 ipsum
2709 3058 2831 3112 fecit
2854 3060 3010 3112 viam.
3040 3058 3135 3113 Vis
3163 3059 3449 3113 ascendere
3471 3058 3494 3111 ?
3519 3059 3626 3113 As-

2036 3150 2353 3211 cendentem
2386 3158 2526 3203 tene.
2558 3149 2768 3203 Etenim
2800 3164 2895 3217 per
2925 3157 2975 3202 te
3002 3150 3171 3218 ipsum
3207 3149 3367 3204 levari
3400 3164 3502 3203 non
3527 3164 3624 3219 po-

2033 3250 2132 3295 les.
2172 3240 2307 3306 Quia
2352 3254 2496 3293 nemo
2522 3240 2746 3293 ascendit
2789 3240 2841 3292 in
2896 3244 3109 3305 caelum,
3145 3240 3243 3293 nisi
3283 3240 3368 3311 qui
3411 3239 3473 3293 de
3500 3240 3623 3293 caelo

2032 3330 2318 3395 descendit,
2346 3328 2512 3383 Filius
2544 3329 2758 3383 hominis
2778 3371 2792 3393 ,
2840 3330 2926 3401 qui
2963 3339 3034 3383 est
3074 3330 3125 3383 in
3162 3331 3285 3384 cado
3311 3328 3501 3399 (Joan.
3529 3346 3620 3397 ιιι,

2033 3420 2143 3489 15).
2166 3420 2219 3475 Si
2247 3435 2405 3474 nemo
2430 3420 2667 3474 ascendit
2688 3461 2703 3485 ,
2733 3420 2829 3472 nisi
2859 3420 2947 3489 qui
2970 3419 3240 3473 descendit
3263 3460 3279 3485 ,
3302 3421 3414 3490 ipse
3441 3431 3621 3477 autem

2031 3522 2111 3565 est
2158 3512 2327 3565 Filius
2375 3510 2606 3564 hominis
2634 3511 2890 3564 Dominus
2924 3520 3107 3565 noster
3153 3511 3343 3579 Jesus;
3374 3513 3454 3568 vis
3482 3522 3535 3568 et
3566 3524 3621 3570 tu

2029 3600 2356 3655 ascendere?
2384 3601 2674 3656 Membrum
2707 3602 2872 3670 ipsius
2895 3611 3030 3668 esto,
3056 3603 3142 3672 qui
3173 3604 3317 3659 solus
3355 3606 3617 3661 ascendit.

2040 3689 2251 3745 Etenim
2281 3690 2369 3744 ille
2399 3699 2557 3760 caput
2582 3706 2703 3744 cum
2739 3692 2945 3746 caneris
2987 3693 3237 3747 membris
3282 3710 3417 3748 unus
3459 3695 3619 3751 homo

2028 3789 2128 3835 est.
2159 3782 2225 3835 Et
2252 3796 2372 3835 cum
2412 3781 2701 3836 ascendere
2730 3797 2889 3837 nemo
2932 3790 3144 3851 potest,
3174 3783 3274 3837 nisi
3306 3785 3394 3855 qui
3422 3785 3475 3840 in
3504 3787 3619 3854 ejus

2029 3889 2253 3945 corpore
2281 3874 2577 3930 membrum
2606 3874 2769 3944 ipsius
2797 3874 2964 3930 factus
2983 3874 3136 3929 fuerit
3157 3892 3171 3941 ;
3192 3876 3461 3946 impletur,
3484 3878 3616 3947 Quia

2029 3984 2173 4022 nemo
2210 3968 2465 4032 ascendit,
2493 3968 2592 4020 nisi
2615 3968 2700 4037 qui
2737 3968 3008 4021 descendit.
3040 3967 3153 4022 Non
3182 3969 3322 4024 enim
3352 3980 3503 4039 potes
3531 3970 3616 4025 di-

2029 4073 2192 4112 cere:
2239 4058 2377 4113 Ecce
2420 4074 2584 4127 quare
2629 4058 2904 4123 ascendit,
2954 4059 3100 4113 verbi
3148 4061 3346 4129 gratia,
3392 4061 3614 4129 Petrus,

2028 4163 2193 4217 quare
2236 4148 2475 4202 ascendit
2504 4147 2697 4202 Paulus
2716 4189 2729 4212 ,
2764 4164 2927 4217 quare
2956 4150 3311 4204 ascenderunt
3334 4152 3569 4220 Apostoli
3597 4194 3611 4217 ,

2028 4239 2073 4293 si
2094 4255 2236 4293 nemo
2262 4239 2517 4302 ascendit,
2549 4238 2647 4291 nisi
2669 4240 2750 4306 qui
2772 4239 3069 4292 descendit?
3090 4241 3460 4310 Respondetur
3485 4242 3576 4297 tibi
3598 4260 3611 4297 :

2029 4328 2239 4393 Petrus,
2272 4328 2464 4381 Paulus
2504 4338 2558 4382 et
2582 4329 2758 4383 centeri
2786 4329 3023 4398 Apostoli
3044 4372 3058 4395 ,
3089 4340 3142 4385 et
3172 4347 3358 4386 omnes
3399 4333 3611 4400 ﬁdeles,

2028 4421 2152 4490 quid
2170 4421 2389 4475 audiunt
2406 4420 2473 4474 ab
2499 4422 2786 4490 Apostolo?
2817 4421 2915 4475 Vos
2938 4432 3101 4475 autem
3124 4426 3239 4477 estis
3261 4441 3441 4495 corpus
3461 4425 3613 4481 Chri-

2027 4515 2124 4580 sti,
2166 4522 2210 4567 et
2256 4514 2474 4567 membra
2510 4531 2575 4568 ea:
2621 4526 2763 4585 parte
2783 4514 2857 4587 (a)
2890 4516 2939 4588 (Ι
2960 4514 3079 4571 Cor.
3110 4532 3180 4571 xu
3202 4559 3215 4581 ,
3236 4517 3308 4571 27
3328 4518 3369 4589 ).
3401 4519 3455 4575 Si
3485 4535 3614 4590 ergo

2027 4619 2220 4675 corpus
2248 4604 2442 4669 Christi
2488 4615 2537 4660 et
2578 4606 2812 4660 membra
2851 4610 3006 4663 unius
3042 4620 3167 4663 sunt
3196 4611 3211 4641 ¹
3238 4652 3253 4676 ,
3283 4612 3388 4665 noli
3438 4612 3613 4669 facere

2027 4696 2180 4751 duos.
2212 4697 2438 4766 Reliquit
2463 4698 2602 4751 enim
2633 4699 2719 4754 ille
2750 4692 2952 4768 patrem
2979 4710 3033 4756 et
3061 4712 3316 4771 matrem,
3344 4713 3397 4759 et
3431 4705 3610 4761 adhte-

2026 4790 2095 4843 sit
2124 4790 2271 4843 uxori
2300 4805 2437 4855 suae,
2467 4799 2524 4844 ut
2551 4800 2731 4845 essent
2771 4792 2876 4846 duo
2905 4794 2956 4847 in
2985 4809 3145 4850 carne
3167 4812 3269 4850 una
3294 4795 3313 4869 (
3331 4796 3518 4867 Ephes.
3548 4816 3608 4868 v,

2038 4881 2128 4946 51,
2162 4880 2275 4951 52).
2306 4881 2535 4951 Reliquit
2589 4891 2790 4953 patrem
2812 4924 2826 4944 .
2872 4885 2993 4955 quia
3037 4902 3141 4939 non
3174 4886 3258 4941 hic
3296 4904 3353 4942 se
3381 4890 3613 4946 ostendit

2026 4971 2281 5041 aequalem
2325 4971 2465 5025 Patri
2493 4992 2506 5026 :
2542 4974 2634 5027 sed
2664 4976 3007 5045 semetipsum
3035 4977 3320 5031 exinanivit
3342 5019 3357 5043 ,
3386 4977 3610 5035 formam

2027 5064 2167 5119 servi
2208 5064 2471 5134 accipiens
2502 5064 2773 5139 (Philipp.
2811 5084 2881 5133 ιι,
2913 5068 2988 5138 7).
3011 5067 3248 5137 Reliquit
3287 5077 3341 5123 et
3386 5079 3610 5127 matrem

2028 5156 2396 5228 Synagogam,
2443 5156 2509 5211 de
2553 5173 2655 5227 qua
2698 5159 2983 5213 carnaliter
3023 5166 3179 5213 natus
3224 5168 3326 5214 est.
3374 5160 3612 5219 Adhmsit

2028 5248 2177 5301 uxori
2218 5262 2361 5315 suae,
2400 5246 2450 5302 id
2475 5257 2582 5313 est,
2618 5249 2869 5304 Ecclesire
2913 5263 3040 5302 suae.
3072 5247 3224 5313 Quod
3252 5249 3518 5315 testim

2028 5261 2177 5301 uxori
2218 5262 2361 5315 suae,
2400 5258 2450 5302 td
2475 5258 2582 5313 est,
2618 5258 2869 5304 Ecclesiae
2913 5263 3040 5302 suae.
3072 5258 3224 5313 Quod
3252 5258 3333 5304 tes
3360 5258 3369 5260 '
3505 5258 3518 5264 '

2027 5349 2080 5394 et
2107 5340 2220 5408 ipse
2240 5356 2360 5394 cum
2381 5350 2849 5411 commemoraret,
2865 5336 3272 5437 (ιμ’-ἰηιί
3295 5258 3711 5427 Η

2028 5432 2331 5501 conjugium
2376 5432 2757 5486 demonstravit
2784 5448 2796 5479 τ
2821 5426 2935 5483 Ντί
3264 5426 3311 5456 ’τ’

2028 5521 2165 5576 Deus
2189 5523 2276 5593 qui
2301 5523 2414 5595 fecit
2439 5524 2499 5577 ab
2522 5522 2686 5584 initio,
2714 5536 2821 5573 mas

2094 5634 2107 5666 ι
2134 5640 2235 5683 Am.
2253 5642 2327 5684 Er.
2352 5641 2405 5684 et
2432 5633 2741 5684 Colbertinus

2094 5634 2107 5666 ¹
2134 5640 2235 5683 Am.
2253 5642 2327 5684 Er.
2352 5641 2405 5684 et
2432 5633 2741 5684 Colbertinus

2030 5702 2105 5746 ter
2126 5702 2289 5746 autem
2307 5705 2384 5745 Ms.
2404 5698 2510 5759 ejus
2531 5630 2846 5801 ιοωῷ

2091 5758 2161 5801 (ni
2185 5766 2351 5801 Graec...
2376 5759 2433 5801 ek
2458 5759 2559 5801 ιιιριν
2660 5762 2663 5763 ⁷

2091 5758 2161 5820 (a)
2185 5766 2352 5820 Graec,
2376 5758 2441 5809 ek
2457 5759 2663 5810 mero”
