4006 6450
461 383 565 445 ὅτι
1438 437 1444 443 .

465 498 631 555 Erunt
650 496 781 560 duo,
814 491 1000 562 inquit,
1028 492 1080 544 in
1108 503 1257 542 carne
1295 502 1413 540 una.
1447 483 1595 548 Quod
1614 498 1731 553 ergo
1762 481 1896 537 Deus
1925 497 2042 534 con-

454 588 662 662 junxit,
691 586 838 638 homo
881 598 982 637 non
1022 586 1236 649 separet.
1271 576 1334 629 Et
1364 573 1489 645 quid
1517 580 1629 639 est,
1658 570 1774 629 Duo
1815 570 1873 623 in
1902 584 2051 623 carne

464 679 602 733 una?
630 675 898 745 Sequitur,
930 680 985 726 et
1027 670 1155 725 dicit
1184 687 1197 723 :
1232 666 1397 739 Igitur
1415 667 1528 736 jam
1557 680 1657 718 non
1686 661 1926 741 duo,sed
1950 677 2052 723 una

466 788 584 825 caro
614 767 827 839 (Matth.
858 780 952 820 xu:
972 806 987 832 ,
1019 762 1166 834 4-6).
1210 759 1375 815 Nemo
1412 756 1671 828 ascendit,
1697 756 1793 815 nisi
1832 755 1917 824 qui
1960 754 2051 807 de-

464 861 677 921 scendit.

538 950 765 1008 CAPUT
798 949 904 1004 VII.
936 978 1007 989 -—
1046 947 1099 1003 8.
1151 943 1380 1000 Christus
1405 952 1449 998 et
1469 941 1699 1005 Ecclesia
1722 955 1853 1004 unus
1880 938 2049 992 homo.

426 1044 596 1101 'Nam
647 1050 706 1096 ut
757 1038 1044 1105 noveritis,
1092 1036 1216 1109 quia
1255 1051 1390 1089 unus
1440 1034 1602 1087 homo
1648 1039 1730 1087 est
1747 1042 1977 1100 sponsus
2001 1037 2053 1083 et

465 1150 681 1205 sponsa,
712 1131 1002 1187 secundum
1022 1143 1238 1183 carnem
1259 1125 1455 1182 Christi
1478 1166 1493 1190 ,
1520 1139 1626 1180 non
1653 1120 1941 1193 secundum
1967 1118 2055 1177 di-

466 1225 740 1280 vinitatem
772 1241 785 1277 :
814 1237 934 1276 nam
964 1217 1256 1274 secundum
1286 1214 1614 1272 divinitatem
1651 1209 1791 1282 quod
1818 1216 1902 1266 est
1930 1208 2019 1279 ille
2038 1249 2069 1287 ,j

469 1330 569 1370 nos
614 1328 733 1369 esse
764 1327 869 1367 non
909 1323 1221 1381 possumus;
1253 1306 1374 1379 quia
1411 1304 1497 1359 ille
1516 1312 1756 1366 creator,
1784 1315 1882 1355 nos
1909 1314 2062 1354 crea-

469 1414 611 1470 tura;
642 1404 732 1458 ille
758 1401 1005 1468 eliector,
1039 1414 1136 1453 nos
1166 1397 1324 1460 iacti;
1354 1395 1443 1450 ille
1484 1392 1760 1458 conditor,
1792 1405 1889 1445 nos
1932 1405 2061 1445 con-

468 1497 565 1552 diti
596 1514 609 1549 :
637 1494 732 1551 sed
781 1501 841 1548 ut
876 1504 1119 1547 essemus
1161 1504 1280 1544 cum
1313 1486 1403 1541 illo
1453 1500 1617 1540 unum
1666 1483 1871 1551 inille,
1896 1488 2060 1552 caput

469 1596 711 1643 nostrum
735 1599 854 1641 esse
880 1582 1080 1646 voluit,
1112 1577 1422 1649 accipiendo
1450 1591 1665 1633 carnem
1689 1590 1752 1630 ex
1787 1573 1940 1635 nobis
1962 1572 2059 1651 ,‘in

469 1694 576 1751 qua
604 1685 902 1733 moreretur
932 1689 1028 1744 pro
1060 1672 1210 1727 uobis
1237 1688 1250 1726 :
1285 1678 1342 1725 ut
1370 1667 1623 1724 noveritis
1651 1680 1786 1734 ergo
1807 1665 1929 1735 quia
1961 1663 2061 1717 hoc

470 1780 643 1826 totum
664 1784 798 1825 unus
818 1776 900 1823 est
918 1765 1180 1829 Christus,
1200 1778 1293 1833 per
1316 1762 1505 1819 Isaiam
1525 1760 1689 1822 dixit:
1714 1758 1864 1827 Sicut~
1878 1771 2063 1827 sponso

472 1862 699 1933 alligavit
727 1859 850 1913 mihi
878 1858 1113 1922 mitram,
1142 1864 1187 1909 et
1213 1854 1339 1908 sicut
1362 1866 1600 1922 sponsam
1618 1848 1780 1911 induit
1808 1863 1885 1901 me
1912 1862 2064 1900 orna-

471 1964 640 2010 mento
663 1952 795 2027 (Isai
812 1991 828 2018 ,
854 1965 971 2016 ut,
1004 1948 1118 2018 to.)
1148 1946 1266 2017 Ipse
1295 1958 1542 2015 sponsus,
1567 1942 1679 2010 ipse
1699 1952 1911 2010 sponsa.
1945 1936 2064 2006 Ipse

474 2048 634 2117 plane
679 2059 909 2115 sponsus
952 2042 1006 2096 in
1049 2040 1253 2111 capite,
1286 2051 1483 2108 sponsa
1528 2034 1583 2088 in
1625 2047 1871 2102 corpore.
1900 2029 2064 2084 Erunt

474 2140 615 2196 enim
635 2178 651 2205 ,
675 2135 876 2207 inquit,
909 2134 1009 2189 duo
1042 2132 1096 2187 in
1124 2145 1275 2186 carne
1316 2145 1417 2184 una
1441 2142 1459 2183 :
1484 2133 1539 2183 et
1564 2141 1662 2179 non
1682 2124 1797 2195 jam
1825 2122 1946 2188 duo,
1972 2119 2079 2181 sed-

475 2248 578 2285 una
597 2244 717 2283 caro
746 2234 848 2283 est.

543 2314 599 2370 9.
634 2318 767 2372 Fide
793 2333 853 2371 ac
899 2314 1040 2371 bonis
1078 2310 1311 2384 operibus
1338 2309 1405 2363 ad
1452 2306 1550 2363 Dei
1574 2304 1815 2362 visionem
1841 2301 2042 2373 perveni

476 2428 605 2467 mus.
661 2411 842 2480 Itaque
883 2408 950 2463 ad
993 2406 1231 2463 membra
1281 2402 1444 2473 ipsius
1484 2400 1843 2471 pertinentes,
1871 2405 1928 2451 ut
1968 2395 2071 2466 hoc

478 2509 875 2557 sacramentum
900 2497 1273 2567 intelligamus,
1302 2501 1359 2548 ut
1384 2491 1527 2558 dixi,
1558 2488 1775 2556 fratres,
1810 2487 1895 2557 pie
1925 2485 2071 2540 viva-

478 2608 623 2657 mus,
654 2591 819 2647 Deum
840 2588 1005 2659 gratis
1032 2586 1332 2656 diligamus.
1362 2582 1480 2652 ipse
1511 2588 1688 2637 autem
1724 2578 1812 2650 qui
1840 2575 2073 2639 ostendit

481 2681 944 2752 peregrinantibus
983 2678 1207 2733 formam
1243 2675 1419 2739 servi,
1447 2680 1623 2728 servat
1645 2669 2071 2742 pervenientibus

481 2773 709 2828 formam
741 2772 854 2827 Dei.
894 2770 971 2824 De
1010 2768 1179 2823 forma
1223 2764 1365 2821 servi
1398 2763 1586 2818 stravit
1613 2762 1773 2826 viam,
1804 2759 1870 2814 de
1901 2758 2071 2813 forma

485 2864 577 2919 Dei
608 2862 845 2918 condidit
889 2859 1133 2930 patriam.
1176 2856 1309 2928 Quia
1335 2869 1463 2925 ergo
1498 2852 1721 2907 multum
1763 2859 1846 2906 est
1879 2850 1944 2903 ad
1975 2862 2073 2902 nos

480 2971 675 3027 capere
706 2954 837 3021 hoc,
874 2951 969 3007 sed
1010 2966 1118 3005 non
1143 2957 1227 3004 est
1254 2947 1477 3003 multum
1527 2943 1747 2999 credere
1793 2941 1930 2995 hoc:
1958 2938 2074 2995 Nisi

483 3050 628 3108 enim
656 3044 966 3100 credideritis
985 3083 999 3106 ,
1028 3042 1102 3096 ait
1125 3039 1322 3105 Isaias,
1351 3053 1453 3091 non
1481 3033 1767 3104 intelligetis
1789 3032 1806 3101 (
1831 3030 1917 3085 Id.
1965 3045 2036 3086 vu
2056 3069 2073 3093 ,

484 3141 542 3205 9,
570 3154 668 3193 sec.
695 3131 860 3205 LXX)
889 3151 901 3186 :
930 3131 1265 3185 ambulemus
1306 3141 1401 3197 per
1444 3123 1599 3180 ﬁdem
1628 3121 1880 3193 quamdiu
1923 3134 2077 3190 pere-

483 3230 756 3302 grinamur
778 3241 809 3280 a
840 3222 1091 3288 Domino,
1118 3219 1292 3275 donec
1319 3215 1689 3287 perveniamus
1717 3212 1782 3268 ad
1808 3210 2072 3282 speciem,

488 3299 579 3377 tibi
616 3317 915 3374 videbimus
959 3313 1094 3367 facie
1135 3310 1202 3364 ad
1227 3309 1416 3364 faciem
1440 3306 1516 3380 (ιι
1550 3305 1667 3361 Cor.
1698 3303 1863 3370 v,6,
1893 3299 2078 3369 7,etI

490 3414 608 3469 Cor.
654 3426 751 3466 xm
771 3451 787 3476 ,
816 3405 937 3479 l2).
983 3403 1334 3460 Ambulantes
1372 3416 1468 3471 per
1498 3399 1654 3454 ﬁdem
1674 3439 1686 3462 ,
1714 3397 1851 3452 bene
1884 3409 2076 3464 opere-

488 3519 629 3559 mur.
658 3502 715 3557 In
748 3502 900 3556 bonis
933 3496 1182 3568 operibus
1224 3494 1449 3565 gratuita
1475 3491 1542 3545 sit
1569 3489 1781 3543 dilectio
1810 3487 1947 3552 Dei,
1980 3486 2077 3541 be-

491 3596 661 3651 neﬁca
709 3592 778 3647 sit
803 3590 1016 3646 dilectio
1035 3586 1284 3658 proximi.
1306 3585 1415 3639 Deo
1435 3583 1575 3638 enim
1605 3578 1746 3651 quod
1765 3587 2078 3647 prtestemus

489 3703 598 3743 non
625 3685 881 3741 habemus
905 3700 917 3736 :
951 3679 1045 3736 sed
1075 3678 1195 3750 quia
1217 3676 1464 3748 proximo
1493 3673 1750 3728 habemus
1773 3668 1916 3741 quod
1944 3684 2080 3740 prte-

490 3789 720 3843 stemus,
750 3773 1052 3847 przestando
1077 3768 1332 3842 indigenti
1361 3764 1781 3838 promerebimur
1805 3759 2082 3817 abundan-

490 3878 621 3925 tem.
653 3866 782 3921 Inde
823 3863 1187 3935 unusquisque
1216 3857 1356 3930 quod
1397 3856 1589 3921 habet,
1625 3860 1843 3926 praestet
1887 3849 2077 3904 alteri:

492 3958 751 4033 quidquid
780 3958 900 4028 plus
925 3955 1083 4010 habet
1103 3952 1353 4022 largiatur
1377 3946 1543 4017 inopi.
1569 3944 1717 4000 Alius
1738 3942 1898 3998 habet
1922 3955 2083 4013 pecu-

496 4054 641 4110 niam
666 4070 680 4105 :
715 4057 897 4121 pascat
929 4059 1246 4117 pauperem,
1272 4040 1464 4096 vestiat
1492 4036 1721 4102 nudum,
1751 4033 2084 4091 azdiﬁcetcc-

494 4144 738 4209 clesiam,
768 4147 1022 4210 operetur
1064 4136 1131 4191 de
1161 4132 1384 4203 pecunia
1423 4127 1675 4200 quidquid
1717 4126 1841 4183 boni
1888 4132 2082 4195 potest.

500 4234 649 4290 Alius
675 4229 838 4287 habet
863 4226 1140 4283 consilium
1166 4243 1179 4279 :
1212 4231 1355 4294 regat
1385 4221 1680 4292 proximum
1698 4260 1713 4287 ,
1744 4218 1905 4290 pellat
1934 4226 2084 4274 tene-

500 4325 627 4380 bras
655 4318 999 4377 dubitationis
1046 4317 1164 4371 luce
1192 4312 1404 4385 pietatis
1436 4312 1474 4363 ¹.
1507 4310 1659 4365 Alius
1691 4309 1851 4363 habet
1885 4307 2086 4379 doctri.

499 4430 623 4471 nam
652 4431 666 4469 :
693 4419 880 4483 eroget
910 4410 977 4465 de
1000 4408 1216 4464 cellario
1249 4403 1494 4469 Domini,
1523 4403 1788 4458 ministret
1814 4398 2088 4455 conservis

501 4505 702 4562 cibaria
722 4546 738 4572 ,
763 4500 1029 4559 confortet
1057 4499 1242 4555 ﬁdeles
1262 4538 1278 4565 ,
1322 4503 1539 4554 revocet
1584 4503 1858 4561 errantes,
1882 4498 2090 4564 quaerat

499 4595 757 4669 perditos,
809 4600 1061 4662 quantum
1106 4597 1284 4661 potest
1325 4588 1499 4642 iaciat.
1545 4586 1640 4641 Est
1679 4583 1819 4656 quod
1840 4584 1940 4640 sibi
1966 4598 2089 4637 cro-

501 4696 628 4761 geut
654 4687 814 4743 etiam
857 4698 1115 4755 pauperes
1146 4699 1159 4738 :
1187 4681 1322 4735 alius
1364 4678 1553 4736 claudo
1582 4677 1749 4749 pedes
1784 4690 2089 4732 accommo-

500 4779 626 4847 det,
672 4777 809 4833 alius
850 4790 994 4832 cmco
1052 4788 1178 4831 suos
1221 4771 1406 4828 oculos
1447 4769 1610 4826 duces
1654 4767 1922 4838 prmbeat;
1955 4765 2092 4821 alius

504 4866 686 4926 visitet
738 4866 1041 4934 inﬁrmum,
1070 4865 1205 4920 alius
1242 4861 1462 4932 sepeliat
1485 4868 1775 4915 mortuum.
1817 4856 1955 4912 Sunt
1992 4855 2092 4909 ista

504 4962 559 5017 iu
584 4959 854 5025 omnibus,
878 4967 936 5013 ut
974 4970 1193 5027 prorsus
1221 4952 1437 5009 difﬁcile
1463 4949 1761 5006 inveniatur
1784 4946 1976 5018 aliquis
2002 4945 2093 5019 qui

508 5069 616 5108 non
646 5052 843 5107 habeat
889 5049 1028 5104 unde
1056 5045 1252 5118 aliquid
1295 5043 1446 5099 alteri
1478 5049 1709 5113 prmstet.
1741 5042 1808 5096 Et
1838 5038 1963 5095 illud
1996 5054 2096 5094 ex-

508 5155 737 5203 tremum
759 5153 813 5199 et
840 5156 1089 5213 maguum
1109 5139 1251 5210 quod
1273 5137 1346 5191 ait
1371 5133 1677 5206 Apostolus,
1697 5131 1920 5186 Invicem
1941 5145 2094 5184 onera

508 5247 669 5291 vestra
692 5243 885 5305 portate
904 5274 917 5298 ,
950 5240 997 5287 et
1020 5232 1091 5286 sic
1124 5226 1457 5300 adimplebitis
1490 5224 1646 5297 legem
1669 5222 1853 5279 Christi
1881 5219 2090 5292 (Galat.

515 5345 564 5382 vt
585 5370 599 5395 ,
620 5326 698 5400 ‘2).

578 5482 595 5512 ι
620 5478 693 5531 sic
708 5477 829 5529 alter
854 5490 884 5528 c
905 5473 1191 5527 Colbertiuis
1203 5481 1310 5524 Mss.
1334 5472 1455 5523 ιε(ὶὶιί
1474 5482 1608 5531 vero,
1629 5465 1732 5519 luce
1750 5463 1971 5531 pectoris.

1702 367 1759 421 S.
1802 359 2163 425 AUCUSTINI
2206 356 2507 425 EPISCOP!

3636 363 3740 423 572

2685 472 2914 531 SERMO
2951 474 3087 531 xcu
3117 474 3249 546 ‘(a).

2262 564 2340 625 De
2366 564 2551 633 eisdem
2572 564 2730 620 verbis
2764 565 3026 639 Evangelii
3058 567 3287 624 Matthtei
3306 608 3322 635 ,
3349 584 3466 639 cap.
3488 584 3626 637 xm,

2821 658 2857 728 ᾗ
2882 697 2895 712 .
2919 657 3105 713 »ιε-46.

2229 746 2452 804 CAPUT
2501 748 2779 805 PRIMUM.
2809 751 2960 805 —i.
3004 750 3224 817 Quiestio
3261 749 3457 806 Judteis
3507 751 3640 807 ’acta
3687 754 3746 808 1e

2160 838 2379 893 Christo.
2454 838 2810 907 Quaestionem
2873 840 3199 911 propositam
3272 840 3471 898 iudicis
3548 843 3747 900 debent

2158 931 2368 985 solvere
2396 931 2701 986 Christiani.
2730 930 2984 987 Dominus
3009 932 3150 986 enim
3165 930 3320 988 Jesus
3339 932 3586 989 Christus
3608 975 3625 1001 ,
3652 935 3747 1005 qui

2161 1039 2279 1085 eam
2299 1024 2498 1080 Judaeis
2524 1025 2833 1096 preposuit,
2862 1026 2995 1097 ipse.
3018 1041 3127 1083 non
3165 1026 3353 1099 solvit,
3377 1026 3471 1089 sed
3498 1027 3702 1083 Iudaeis
3722 1069 3743 1093 .

2160 1116 2314 1172 nobis
2358 1125 2535 1193 autem
2590 1116 2769 1184 solvit.
2821 1115 2889 1175 Et
2942 1116 3373 1179 commemorabo
3418 1117 3751 1177 Charitatem

2160 1216 2394 1275 vestram
2415 1251 2427 1274 ,
2473 1218 2529 1265 et
2556 1209 2835 1265 invenietis
2863 1209 2984 1280 quia
3027 1209 3203 1282 solvit,
3230 1208 3409 1269 Primo
3432 1209 3636 1264 nodum
3661 1210 3750 1269 vi-

2162 1301 2285 1375 dete
2328 1302 2655 1373 quaastionis.
2684 1301 2939 1371 Quaesivit
2977 1317 3009 1357 a
3036 1302 3235 1359 Judazis
3276 1301 3401 1373 quid
3431 1302 3511 1357 eis
3536 1300 3755 1357 videre-

2161 1403 2310 1451 retur
2335 1393 2403 1448 de
2426 1393 2636 1449 Christo
2655 1436 2670 1461 ,
2702 1394 2852 1464 cujus
2877 1402 3020 1457 esset
3057 1392 3192 1448 ﬁlius
3223 1411 3237 1447 :
3267 1393 3391 1464 quia
3418 1401 3471 1448 et
3499 1392 3605 1463 ipsi
3629 1407 3755 1463 spe.

2162 1496 2285 1543 rant
2336 1487 2629 1544 Christum.
2680 1487 2743 1543 In
2804 1488 3087 1559 Prophctis
3149 1487 3420 1559 legerunt,
3464 1496 3757 1542 venturum

2164 1587 2605 1651 exapectaveruut
2625 1621 2641 1645 ,
2667 1588 2985 1650 prteseutcm
3018 1579 3362 1637 occiderunt:
3393 1579 3517 1651 quia
3554 1578 3644 1633 ubi
3674 1579 3759 1634 le-

2163 1672 2358 1741 gebant
2400 1678 2681 1727 venturum
2708 1670 3013 1738 Christum,
3046 1670 3118 1727 ibi
3146 1670 3394 1741 legebant
3439 1670 3560 1741 quia
3601 1669 3757 1725 oeci-

2164 1763 2276 1817 suri
2323 1773 2478 1817 erant
2520 1761 2818 1818 Christum.
2859 1762 2969 1819 Sed
3015 1763 3154 1818 illius
3198 1762 3428 1817 futurum
3466 1761 3760 1817 adventum

2165 1854 2452 1924 sperabant
2488 1854 2540 1909 in
2568 1854 2895 1925 Pmpbetis;
2926 1870 3061 1927 nam,
3091 1854 3322 1910 futurum
3357 1870 3512 1909 suum
3545 1853 3765 1917 iacimus

2168 1963 2273 2003 non
2302 1948 2571 2004 videbant.
2599 1949 2690 2004 Sic
2726 1963 2871 2018 ergo,
2894 1963 2990 2005 eos
3028 1948 3377 2025 interrogavit
3398 1947 3465 2003 de
3498 1947 3761 2011 Christo,

2168 2054 2273 2094 non
2301 2039 2452 2109 quasi
2479 2039 2547 2095 de
2591 2039 2891 2110 incognito,
2929 2048 3023 2100 aut
3060 2038 3211 2109 cujus
3252 2053 3446 2097 nomen
3484 2052 3767 2107 nunquam

2168 2130 2471 2196 audissent,
2503 2140 2594 2187 aut
2618 2132 2769 2202 cujus
2807 2132 3094 2189 adventum
3136 2146 3404 2202 nunquam
3429 2139 3765 2201 sperassent.

2169 2221 2301 2277 Nam
2330 2222 2582 2292 quoniam
2610 2222 2784 2277 adhuc
2805 2238 2927 2278 eum
2953 2233 3204 2293 sperant,
3227 2221 3347 2278 ideo
3367 2228 3564 2277 errant.
3587 2220 3769 2290 Equi-

2170 2312 2294 2372 dem
2323 2321 2378 2367 et
2424 2328 2525 2368 nos
2563 2324 2838 2383 speramus
2863 2328 3016 2380 eum;
3046 2313 3142 2369 sed
3178 2321 3460 2369 venturum
3484 2311 3725 2383 judicem
3750 2351 3773 2385 η

2172 2418 2278 2460 non
2320 2412 2605 2466 venturum
2650 2403 3037 2480 judicandum._
3067 2402 3349 2475 Propheta:
3374 2412 3552 2473 autem
3590 2401 3772 2457 salicti

2172 2503 2457 2566 utrumque
2512 2493 2995 2565 prophetaverunt,
3040 2504 3320 2552 venturum
3378 2508 3499 2553 eum
3566 2492 3776 2562 injuste

2173 2587 2323 2657 prius
2340 2585 2708 2657 judicandum,
2724 2582 3006 2644 venturum
3025 2594 3205 2656 postea
3219 2585 3360 2655 justc
3375 2584 3772 2654 judicaturum.

2178 2680 2316 2748 Quid
2348 2695 2505 2751 ergo,
2538 2679 2734 2751 inquit,
2782 2680 2919 2734 vobis
2952 2680 3147 2732 videtur
3173 2679 3234 2733 de
3260 2677 3496 2733 Christo?
3528 2677 3676 2746 cujus
3710 2676 3777 2743 [i-

2179 2773 2280 2827 lius
2309 2773 2421 2827 est?
2446 2771 2836 2843 Responderunt
2860 2768 2938 2833 illi
2965 2786 2984 2824 :
3015 2769 3204 2825 David.
3248 2769 3476 2824 Prorsus
3515 2766 3583 2822 de
3621 2767 3777 2822 Scri-

2176 2862 2365 2931 pturis.
2394 2862 2464 2916 At
2498 2862 2631 2916 ille:
2662 2860 2925 2927 Quomodo
2949 2859 3118 2914 David
3162 2860 3217 2913 in
3242 2859 3423 2931 spiritu
3468 2867 3611 2912 vacat
3652 2873 3777 2912 eum

2176 2951 2472 3017 Dominum,
2496 2951 2667 3015 dicens
2697 2967 2716 3006 :
2747 2950 2894 3006 Dixit
2914 2949 3160 3006 Dominus
3175 2948 3395 3004 Domino
3422 2965 3549 3015 meo,
3579 2947 3725 3003 Sede
3745 2965 3778 3003 α

2177 3043 2369 3098 dextris
2399 3044 2553 3109 meis,
2583 3044 2741 3098 donec
2770 3058 2954 3113 ponens
2990 3043 3219 3097 inimicos
3248 3051 3358 3096 tuos
3386 3041 3659 3099 scabellum
3686 3058 3777 3111 pe-

2177 3134 2300 3188 dum
2324 3135 2565 3189 tuorum?
2607 3135 2669 3190 Si
2692 3150 2811 3206 ergo
2841 3132 3007 3189 David
3046 3135 3100 3189 in
3136 3135 3318 3205 spiritu
3346 3144 3490 3191 vocat
3516 3150 3635 3193 eum
3666 3133 3777 3192 Do.

2178 3226 2392 3294 minam,
2417 3227 2669 3297 quomodo
2697 3228 2834 3296 filius
2860 3228 2970 3304 ejus
2994 3236 3065 3297 est
3090 3228 3120 3280 7.

2247 3316 2474 3373 C-APUT
2496 3317 2560 3373 ll.
2578 3346 2652 3359 --
2669 3317 2725 3371 2.
2747 3316 2974 3372 Christus
2993 3334 3047 3372 se
3072 3318 3237 3386 [ilium
3265 3316 3445 3372 David
3467 3333 3567 3371 non
3590 3326 3772 3388 negat.

2180 3407 2279 3464 ilic
2325 3408 2616 3472 cavendum
2657 3418 2773 3475 est,
2802 3424 2870 3465 ne
2912 3408 3405 3480 putetur.Cbristus
3432 3424 3493 3465 se
3541 3424 3778 3480 negasse

2181 3498 2347 3554 ﬁlium
2375 3513 2495 3554 esse
2520 3499 2703 3554 David.
2734 3499 2850 3554 Non
2887 3514 2947 3554 se
2985 3500 3150 3554 ﬁlium
3198 3499 3363 3555 David
3400 3501 3611 3569 negavit
3633 3541 3650 3567 ,
3680 3499 3780 3555 sed

2180 3588 2397 3644 modum
2426 3589 2687 3658 quaesivit.
2715 3589 2931 3645 Dixistis
2959 3590 3123 3645 ﬁlium
3146 3605 3267 3646 esse
3297 3590 3462 3645 David
3488 3631 3504 3657 ,
3528 3605 3638 3645 non
3681 3606 3783 3648 ne-

2180 3698 2249 3754 go
2277 3701 2291 3737 :
2321 3682 2416 3738 sed
2443 3682 2536 3738 ille
2581 3697 2705 3738 eum
2746 3682 3029 3738 Dominum
3058 3692 3245 3749 vocat;
3277 3682 3438 3738 dicite
3476 3681 3608 3737 mihi
3639 3697 3781 3752 quo-

2184 3774 2351 3833 modo
2367 3774 2437 3829 sit
2466 3773 2625 3847 ﬁlius,
2652 3774 2859 3845 quiest
2886 3782 2941 3829 et
2960 3774 3246 3829 Dominus:
3279 3774 3438 3830 dicite
3478 3773 3776 3844 quomodo.

2184 3864 2263 3920 liii
2286 3878 2399 3923 non.
2413 3864 2661 3927 dixerunt
2679 3906 2695 3932 ,
2725 3863 2820 3919 sed
2848 3872 3145 3919 tacuerunt.
3180 3863 3425 3919 Dicamus
3450 3877 3549 3918 nos
3568 3905 3583 3929 ,
3608 3878 3782 3933 expo-

2185 3964 2345 4013 nente
2371 3956 2487 4028 ipso
2514 3953 2750 4011 Christo.
2782 3953 2921 4011 Ubi?
2950 3954 3053 4009 Per
3070 3954 3386 4028 Apostolum
3405 3967 3582 4009 suum.
3615 3953 3782 4008 Prius

2186 4045 2327 4101 unde
2344 4045 2629 4116 probamus
2653 4045 2771 4119 quia
2799 4045 2934 4115 ipse.
2951 4030 3191 4105 Christus
3231 4044 3511 4115 exposuit?
3536 4044 3781 4113 Aposto-

2187 4137 2271 4193 lus
2295 4136 2423 4193 dicit
2452 4137 2570 4197 2An
2602 4137 2751 4191 vultis
2783 4136 3180 4207 experimentum
3215 4137 3445 4207 accipere
3469 4137 3583 4208 ejus
3609 4137 3705 4207 qui
3724 4136 3783 4190 in

2187 4247 2267 4290 me
2313 4230 2534 4300 loquitur
2580 4227 2906 4302 Christuslll
2951 4227 3068 4284 Cor.
3109 4244 3233 4295 xui,
3273 4229 3352 4300 5).
3385 4228 3524 4299 Ergo
3544 4228 3599 4283 in
3630 4228 3783 4298 Apo-

2188 4319 2324 4375 stolo
2356 4320 2509 4376 istam
2534 4318 2884 4390 dignatusest
2902 4320 3117 4375 solvere
3135 4319 3504 4390 quiestionem.
3533 4317 3781 4374 Primum

2189 4426 2287 4482 per
2312 4411 2625 4480 Apostolum
2650 4410 2874 4482 loquens
2892 4410 3136 4466 Christus
3155 4452 3171 4477 ,
3194 4409 3318 4481 quid
3344 4410 3476 4479 dixit
3494 4410 3563 4465 ad
3593 4410 3784 4467 Timo-e

2190 4502 2410 4571 theam?
2456 4501 2654 4558 Memor
2684 4512 2789 4558 esto
2836 4501 3090 4559 Christum
3132 4501 3312 4558 Iesum
3360 4503 3701 4559 resurrexisse
3751 4520 3785 4558 a

2193 4600 2405 4653 mortuis
2432 4613 2495 4653 ea:
2519 4598 2707 4651 semine
2737 4595 2926 4664 David,
2953 4596 3227 4651 secundum
3251 4596 3583 4668 Evangelium
3611 4614 3787 4653 nicum

2195 4687 2259 4759 (ll
2290 4687 2427 4749 Tim.
2466 4703 2524 4753 ιι,
2544 4688 2621 4755 8).
2654 4689 2792 4743 Ecce
2815 4688 3060 4744 Christus
3097 4688 3238 4744 ﬁlius
3282 4697 3366 4745 est
3405 4688 3591 4744 David.
3638 4688 3791 4759 Quo—

2194 4779 2356 4835 modo
2392 4787 2474 4835 est
2514 4787 2570 4835 et
2610 4779 2866 4837 Dominus
2910 4779 3113 4836 David?
3151 4780 3279 4845 Dic,
3315 4780 3570 4850 Apostole
3614 4798 3631 4834 :
3683 4781 3791 4846 Qui

2195 4886 2311 4933 cum
2330 4870 2383 4924 in
2413 4874 2579 4941 [arma
2596 4868 2695 4925 Dei
2718 4880 2874 4937 esset,
2906 4887 3009 4924 non
3031 4871 3262 4943 rapinam
3284 4871 3553 4935 arbitratus
3574 4880 3650 4925 est
3680 4888 3795 4929 esse

2194 4961 2403 5033 aequalis
2440 4960 2567 5016 Deo.
2594 4962 2837 5032 Agnosce
2881 4961 3166 5018 Dominum
3209 4961 3395 5021 David.
3426 4962 3483 5018 Si
3535 4964 3793 5034 agnoscis

2196 5054 2479 5111 Dominum
2519 5054 2683 5110 David
2703 5094 2720 5122 ,
2751 5054 3031 5113 Dominum
3063 5064 3323 5122 nostrum,
3351 5054 3634 5110 Dominum
3660 5054 3792 5111 coli

2196 5157 2251 5204 et
2267 5156 2443 5214 teme,
2464 5147 2743 5203 Dominum
2762 5148 3107 5217 Angelorum,
3127 5147 3383 5217 aequalem
3407 5148 3515 5202 Deo
3538 5146 3591 5201 iu
3612 5146 3797 5200 forma

2198 5243 2295 5299 Dei
2347 5240 2394 5298 si
2441 5239 2686 5311 agnoscis
2716 5258 2731 5297 :
2761 5239 2905 5296 unde
2947 5238 3088 5295 ﬁlius
3130 5238 3332 5294 David?
3371 5236 3603 5293 Attende
3641 5237 3797 5307 quod

2198 5343 2469 5405 sequatur.
2514 5332 2803 5404 Apostolus
2854 5333 3136 5389 Dominum
3192 5331 3359 5387 David
3405 5329 3499 5385 tibi
3550 5329 3800 5385 ostendit

2199 5429 2455 5493 dicendo,
2487 5427 2586 5493 Qui
2630 5443 2747 5481 cum
2784 5427 2836 5480 in
2865 5426 3031 5496 forum
3079 5424 3173 5482 Dei.
3212 5434 3339 5485 esset
3361 5465 3377 5491 ,
3404 5439 3506 5478 non
3550 5423 3805 5493 rapinam

2200 5519 2472 5576 arbitratus
2495 5527 2569 5574 est
2594 5533 2699 5573 esse
2717 5517 2923 5587 aqualis
2949 5514 3072 5572 Deo.
3100 5515 3264 5570 Filius
3290 5514 3452 5571 David
3480 5513 3656 5571 unde?
3685 5513 3803 5571 Sed

2266 5718 2286 5743 ί
2306 5715 2642 5781 Castigatusad
2680 5713 2743 5766 cl.
2766 5714 2843 5764 cb.
2866 5719 3041 5781 etum.
3067 5722 3141 5765 Er.
3156 5722 3271 5773 tur.
3295 5720 3405 5781 L0}.

2266 5780 2339 5845 (α)
2362 5768 2503 5843 Αιὶἓὶε,
2521 5778 2587 5828 de
2610 5785 2842 5841 Tempore
2863 5775 2969 5827 235.
3156 5772 3159 5773 ⁷
3340 5768 3365 5793 ⁸
