4126 6322
308 348 413 403 5⁸15

309 460 633 530 semetipsum
677 455 979 522 exinanivit,
1021 455 1235 525 formam
1273 452 1400 508 servi
1442 450 1724 521 accipiens;
1752 451 1803 503 in
1823 450 1893 504 si-

314 551 651 607 militudinem
694 549 955 604 hominum
1004 551 1166 619 factus
1190 587 1205 612 ,
1245 554 1293 600 et
1341 543 1513 597 habitu
1559 545 1785 598 inventus
1838 550 1893 596 ut

315 645 465 699 homo
485 660 505 698 ε
533 642 812 696 humiliavit
841 641 1162 712 semetipsum
1188 642 1350 710 factus
1380 637 1612 693 obediens
1640 652 1797 706 usque
1822 634 1893 688 ad

314 745 525 789 mortem
544 773 559 798 ,
602 742 812 788 mortem
846 742 1011 786 autem
1034 732 1215 786 erucis.
1246 730 1464 800 Pr0pter
1509 728 1643 797 quod
1688 736 1733 781 et
1759 726 1897 781 Deus

314 825 461 895 illum
503 824 739 877 exultavit
767 821 1021 894 (Philipp.
1049 837 1115 884 ll,
1145 819 1289 891 6-9).
1322 818 1631 873 Resurrexit
1654 816 1897 871 Christus

316 932 379 988 es
428 916 634 989 semine
688 914 873 985 David,
903 913 1053 970 ﬁlius-
1078 912 1275 979 David,
1319 912 1439 982 quia
1485 910 1771 966 exinanivit
1814 925 1894 965 se.

316 1006 596 1074 Quomodo
641 1005 972 1071 exinanivit?
1009 1003 1280 1059 Sumendo
1313 1001 1453 1071 quod
1482 1017 1587 1055 non
1612 1008 1726 1055 erat
1748 1041 1765 1067 ,
1791 1014 1898 1054 non

318 1086 593 1175 perdenda
643 1096 785 1167 quod
809 1104 943 1152 erat.
994 1095 1294 1151 Exiuanivit
1338 1108 1431 1158 se,
1476 1093 1773 1147 humiliavit
1815 1106 1895 1147 se.

318 1175 450 1245 Cum
503 1197 646 1244 esset
689 1189 864 1254 Deus,
909 1188 1071 1251 homo
1113 1185 1373 1260 apparuit.
1428 1183 1775 1253 Contemptus
1818 1190 1902 1239 est

320 1281 371 1337 in
399 1288 540 1335 terra
568 1278 848 1334 ambulans
869 1320 884 1343 ,
912 1279 1000 1348 qui
1044 1278 1236 1335 malum
1266 1275 1406 1331 fecit.
1435 1273 1784 1343 Contemptus
1820 1283 1903 1328 est

318 1374 470 1446 quasi
498 1373 694 1437 homo,
724 1371 876 1443 quasi
906 1371 1101 1426 nullius
1145 1370 1373 1442 virtutis.
1398 1368 1514 1422 Non
1558 1365 1731 1421 solum
1769 1381 1901 1423 con-

322 1474 551 1547 temptus
571 1505 587 1531 ,
621 1462 718 1531 sed
744 1464 960 1533 insuper
995 1469 1051 1517 et
1093 1462 1319 1525 occisus.
1342 1458 1503 1529 Lapis
1540 1465 1658 1513 erat
1677 1457 1861 1527 jacens
1883 1497 1899 1522 ,

321 1556 657 1628 pﬁ‘enderpnt
684 1554 735 1609 in
762 1569 883 1614 eum
910 1553 1113 1628 Judaei,
1141 1560 1195 1606 et
1215 1551 1447 1627 quassati
1476 1557 1620 1613 sunt.
1643 1547 1779 1616 Quid
1804 1563 1901 1602 an-

322 1656 424 1727 tem
453 1649 531 1713 ait
557 1648 706 1725 ipse?
732 1647 833 1713 Qui
854 1644 1116 1712 offenderit
1141 1646 1194 1698 in
1215 1641 1436 1713 lapidem
1463 1642 1635 1707 istum,
1654 1655 1915 1709 conquas--

320 1741 551 1818 stabitur:
572 1756 725 1809 super
763 1754 908 1809 quem
945 1737 1130 1792 venerit
1167 1745 1336 1789 autem
1378 1734 1509 1805 lapis
1534 1733 1661 1799 iste,
1688 1739 1907 1791 conteret

321 1848 431 1901 eum
460 1831 480 1898 (
507 1818 690 1885 Matth.
720 1845 827 1895 ut,
859 1828 982 1899 44).
1023 1827 1178 1882 Prius
1197 1825 1396 1895 jacuit,
1423 1833 1479 1881 et
1524 1822 1860 1881 oli‘enderunt
1887 1838 1903 1875 :

321 1923 500 1985 veniet
523 1923 773 1993 desuper,
801 1929 856 1977 et
880 1928 1121 1976 conteret
1148 1926 1444 1989 quassatos.

390 2014 618 2070 CAPUT
644 2013 731 2070 lli.
744 2015 879 2090 ——5._
894 2013 1120 2078 Christus
1142 2011 1278 2066 Deus
1294 2019 1339 2065 et
1363 2010 1534 2083 homo.
1550 2008 1839 2078 Accepistis
1854 2015 1911 2064 et

322 2090 689 2183 ﬁlium‘David,
706 2115 762 2162 et
777 2106 1056 2170 Dominum
1074 2102 1265 2161 David:
1282 2103 1562 2159 Dominum
1581 2101 1743 2156 David
1767 2115 1910 2155 scm-

323 2181 444 2269 per,
474 2196 638 2252 ﬁlium
661 2181 825 2253 David
845 2212 911 2252 ex
941 2194 1507 2265 temporezDominum
1538 2192 1701 2248 David
1726 2200 1907 2247 natum

323 2288 389 2355 de
412 2288 707 2344 substantia
728 2287 918 2349 Patris,
934 2286 1096 2341 ﬁlium
1113 2284 1277 2340 David
1309 2292 1491 2339 natum
1521 2299 1589 2339 ex
1611 2282 1772 2337 Maria
1801 2282 1909 2337 vir-

322 2381 444 2455 gine
466 2382 483 2412 ¹
520 2388 833 2450 conceptum
858 2378 927 2435 de
949 2377 1148 2449 Spiritu
1177 2386 1381 2434 sancto.
1413 2376 1706 2445 Utrumque
1732 2384 1913 2434 tenea-

324 2486 461 2549 mus.
501 2469 677 2526 Unum
717 2469 908 2524 horum
932 2468 1083 2527 nobis
1110 2467 1210 2523 erit
1236 2474 1433 2523 aeterna
1461 2465 1750 2538 habitatio;
1782 2464 1914 2519 alte.

324 2580 442 2631 rum
460 2563 647 2618 horum
670 2562 824 2630 nobis
841 2570 923 2617 est
939 2577 970 2616 a
992 2560 1413 2630 peregrinatione
1456 2558 1712 2615 liberatio.
1729 2557 1912 2611 Domi-

326 2670 427 2711 nus
448 2655 589 2711 enim
612 2656 792 2710 uester
812 2653 966 2709 Jesus
986 2652 1230 2709 Christus
1255 2651 1356 2706 nisi
1377 2650 1620 2721 dignatus
1643 2659 1783 2705 esset
1800 2648 1914 2704 ﬁeri

324 2749 520 2817 homo,
561 2748 785 2819 perisset
812 2747 991 2801 homo.
1023 2746 1218 2801 Factus
1245 2752 1329 2801 est
1351 2759 1509 2814 quem
1542 2743 1697 2810 fecit,
1725 2757 1793 2798 ne
1818 2758 1913 2813 pe-

326 2841 461 2906 riret
501 2854 659 2909 quem
702 2837 847 2901 fecit.
888 2838 1058 2892 iiomo
1085 2851 1273 2899 verus,
1302 2835 1443 2890 Dens
1467 2850 1622 2889 verus
1651 2852 1665 2889 :
1699 2834 1838 2889 Deus
1862 2841 1918 2889 et

328 2932 491 2987 homo
518 2939 659 2991 totus
684 2930 947 2987 Christus.
975 2929 1101 2999 Haec
1129 2938 1213 2985 est
1232 2928 1503 2985 Catholica
1530 2927 1679 2983 ﬁdes.
1703 2927 1801 2995 Qui
1825 2943 1919 2987 ne-

328 3033 417 3105 gat
444 3022 613 3082 Deum
640 3020 910 3099 Christum
940 3060 956 3085 ,
987 3020 1334 3099 Photinianus
1362 3028 1480 3075 est:
1510 3019 1598 3089 qui
1640 3026 1798 3089 negat
1822 3018 1917 3074 bo-

328 3113 529 3167 minem
580 3111 901 3191 Christum,
958 3110 1279 3165 Manichaaus
1329 3118 1430 3165 est.
1481 3108 1581 3175 Qui
1636 3110 1920 3165 conﬁtetur

331 3203 500 3269 Deum
542 3204 798 3274 aequalem
839 3202 985 3258 Patri
1021 3201 1289 3258 Christum
1317 3210 1372 3256 et
1398 3201 1665 3257 hominem
1692 3216 1876 3256 verum
1900 3240 1916 3267 ,

332 3311 546 3369 passum
586 3311 713 3353 vere
742 3336 758 3363 ,
800 3296 1109 3369 sanguinem
1146 3294 1344 3353 fudisse
1378 3310 1559 3363 verum
1595 3312 1610 3349 :
1641 3309 1745 3349 non
1776 3293 1919 3349 enim

332 3386 531 3455 veritas
556 3402 653 3442 nos
677 3377 927 3443 liberaret
944 3428 959 3454 ,
987 3388 1035 3442 si
1054 3386 1243 3441 falsum
1271 3387 1495 3457 pretium
1522 3402 1618 3457 pro
1644 3387 1797 3455 nobis
1822 3386 1920 3441 da.

333 3487 419 3541 ret
460 3496 474 3532 :
512 3488 796 3549 utrumque
835 3478 925 3549 qui
952 3478 1263 3547 conﬁtetur,
1290 3477 1592 3534 Catholicus
1619 3486 1719 3534 est.
1752 3477 1924 3536 liabet

335 3567 561 3639 patriam
590 3609 607 3634 ,
652 3567 814 3623 habet
851 3568 1009 3622 viam.
1052 3567 1222 3647 liabet
1262 3568 1481 3637 patriam
1512 3608 1526 3632 ,
1572 3567 1638 3622 In
1676 3570 1923 3639 principio

333 3666 447 3735 erat
486 3657 695 3725 Verbum
725 3675 746 3714 :
786 3659 944 3738 habet
969 3659 1222 3729 patriam,
1254 3659 1377 3713 Cum
1396 3662 1449 3712 in
1473 3663 1638 3730 forma
1658 3660 1754 3714 Dei
1776 3668 1920 3727 esset,

337 3766 444 3825 non
485 3738 718 3820 rapinam
755 3750 1025 3811 arbitratus
1062 3759 1169 3817 est,
1211 3766 1315 3817 esse
1347 3750 1555 3820 a’qnalis
1590 3748 1718 3804 Deo.
1757 3750 1925 3806 liabet

337 3841 512 3906 viam,
564 3839 777 3921 Verbum
816 3857 935 3906 caro
982 3845 1170 3914 factum
1214 3852 1287 3895 est
1313 3844 1333 3881 ³
1361 3841 1379 3914 (
1405 3830 1561 3895 Joan.
1602 3858 1654 3908 ι,
1686 3843 1739 3919 1,
1772 3844 1921 3914 ﬂ):

338 3932 503 3988 habet
528 3918 687 3996 viam,
715 3933 1070 4005 Semettpsum,
1095 3935 1368 3989 exinanivit
1392 3935 1610 4004 formam
1637 3916 1764 3994 serui
1792 3938 1927 3991 acci-

341 4024 503 4095 piens.
534 4023 654 4095 lpse
681 4034 764 4080 est
787 4026 952 4097 patria
992 4041 1099 4096 quo
1133 4026 1305 4094 imus,
1335 4026 1450 4096 ipse
1496 4027 1578 4082 via
1625 4042 1727 4097 qua
1764 4027 1921 4085 imus.

342 4115 443 4187 Per
470 4116 647 4189 ipsum
675 4116 916 4189 adipsum
937 4133 1142 4184 eamus,
1175 4127 1230 4173 et
1256 4134 1363 4191 non
1382 4118 1698 4176 errabimus.

830 4243 1060 4321 SERMO
1096 4242 1258 4301 XCIII
1288 4250 1303 4269 ο
1337 4244 1437 4320 (a).

340 4356 424 4433 De
465 4358 625 4412 verbis
663 4356 929 4430 Evangelii
958 4358 1219 4425 Matthtei,
1260 4376 1375 4429 cap.
1401 4376 1531 4427 xxv,
1565 4362 1711 4429 145,
1743 4361 1929 4420 Simile

486 4449 589 4504 erit
617 4465 836 4521 regnum
857 4451 1112 4506 caelorum
1139 4450 1323 4514 decem
1352 4451 1661 4536 virginibus,
1688 4462 1783 4514 εις,

414 4564 643 4621 CAPUT
684 4564 962 4641 PRIMUM.
979 4598 1041 4631 -ε-
1068 4568 1118 4622 1.
1149 4567 1330 4623 Decem
1356 4569 1570 4641 virgines
1595 4586 1825 4641 quianam
1844 4571 1929 4624 in-

347 4654 635 4727 telligenda:
657 4657 707 4711 in
737 4656 981 4727 parabole
1014 4657 1296 4731 Evangelii.
1320 4660 1583 4729 Hesterno
1611 4661 1696 4719 die
1723 4663 1810 4733 qui
1837 4662 1933 4717 ad-

320 4747 558 4815 fuistis,
610 4749 1014 4818 promissionem
1055 4762 1292 4808 nostram
1336 4754 1572 4809 tenetis:
1610 4770 1729 4824 quae
1772 4754 1932 4813 hodie

347 4854 456 4895 non
483 4840 615 4895 solis
640 4842 810 4908 vobis,
841 4842 935 4898 sed
959 4842 1198 4913 pluribus
1218 4844 1378 4916 etiam
1413 4846 1501 4916 qui
1534 4856 1929 4917 convenerunt,

349 4931 580 4987 Domino
621 4933 941 5007 adjuvante,
971 4934 1241 4993 reddenda
1279 4945 1381 4992 est.
1426 4937 1556 5005 Quae
1598 4939 1703 4994 sint
1745 4939 1933 4994 decem

351 5024 601 5097 virgines,
635 5040 858 5095 quarum
897 5026 1003 5081 sint
1040 5028 1274 5098 quinque
1301 5027 1592 5100 prudentes
1621 5039 1675 5086 et
1699 5032 1934 5100 quinque

354 5114 550 5182 stultze,
580 5130 687 5173 non
707 5115 861 5172 facile
882 5115 1117 5187 indagari
1142 5127 1334 5189 potest.
1354 5120 1723 5180 Verumtamen
1745 5137 1938 5179 secun-

355 5205 479 5261 dum
520 5220 583 5261 ea
624 5222 744 5278 qua:
785 5209 1022 5264 continet
1051 5209 1164 5280 ipsa
1195 5210 1351 5268 lectio
1378 5228 1534 5283 quam
1563 5212 1817 5269 Cbaritati
1842 5228 1937 5269 ve-

418 5338 592 5412 tulas.)
632 5346 796 5412 natum
826 5339 889 5392 de
926 5341 1105 5412 Spiritu
1141 5350 1303 5412 sancto
1333 5352 1380 5398 et
1402 5346 1583 5412 virgine
1606 5350 1774 5412 maria.

418 5401 439 5431 ⁸
462 5401 535 5473 βιο.
561 5402 707 5464 Lugd.
734 5410 852 5473 Ven.
897 5401 994 5455 non
1025 5406 1209 5459 habent
1239 5409 1346 5473 haec
1371 5401 1525 5473 verba
1552 5427 1563 5461 :
1591 5411 1739 5463 Habet
1782 5412 1936 5473 riam.

363 5462 732 5540 fifbmcmo_
747 5464 927 5540 frictum
956 5474 1045 5537 est.
1072 5470 1295 5540 Et.paulo
1312 5471 1451 5540 infra,
1477 5472 1657 5537 legitur
1680 5462 1729 5525 in
1751 5462 1940 5526 eisdem

358 5522 682 5574 editionibus:
710 5522 815 5588 Ipse
836 5527 996 5591 patria
1008 5543 1101 5594 quo
1121 5522 1277 5595 imus;
1300 5522 1493 5597 omisso,
1508 5522 1597 5587 ait;
1636 5522 1719 5587 itit.

420 5602 805 5691 “'Sastjgattts‘aj
822 5611 1021 5691 arcebo.
1042 5619 1335 5691 etiquatuer.
1350 5600 1411 5667 cli.
1431 5619 1488 5667 ad
1512 5632 1555 5669 a.
1577 5621 1654 5670 ch.
1681 5620 1713 5671 f.
1734 5623 1783 5673 ll.
1809 5636 1861 5687 g.
1875 5621 1934 5673 lr.

358 5677 421 5713 m.
438 5680 511 5727 μ’.
536 5682 580 5715 v.
604 5669 681 5717 vd.
718 5677 799 5720 Am
834 5678 907 5721 Er.
928 5680 1031 5723 Par.
1054 5669 1163 5725 Lov.

419 5748 490 5811 (a)
516 5747 657 5814 Alias,
680 5752 745 5805 de
767 5756 939 5825 Verbis
957 5760 1135 5824 Domini
1161 5760 1235 5810 ΞΒ.

1716 334 1947 393 SEMIO
1985 334 2164 393 XCIII.

3476 342 3582 400 επ

1999 462 2125 507 stne
2153 451 2311 507 etiam
2339 452 2498 511 hodie
2522 455 2661 511 volui
2693 454 2927 524 recitari,
2957 462 3209 527 quantum
3238 454 3364 510 mihi
3396 455 3582 512 Domi-

2000 558 2100 599 nus
2123 544 2447 601 intellectum
2477 546 2679 603 donare
2699 548 2966 618 dignatur,
2981 563 3086 602 non
3110 547 3239 602 mihi
3257 547 3579 604 videturista

2002 638 2249 706 parabole
2290 639 2371 692 vel
2415 639 2705 695 similitudo
2729 640 2795 694 ad
2821 656 2913 696 eas
2952 642 3095 696 solas
3125 643 3429 711 pertinere,
3462 656 3582 711 qum

2001 727 2215 803 propria
2239 736 2293 781 et
2317 729 2681 785 excellentiori
2708 733 2989 787 sanctitate
3014 732 3246 803 virgines
3267 733 3318 786 in
3341 732 3581 788 Ecclesia

2001 820 2360 887 nominantur,
2380 836 2511 891 quas
2539 822 2697 877 etiam
2718 824 2991 880 usitatiore
3008 826 3267 882 vocabulo
3286 826 3584 880 Sanctimo-

2002 910 2168 965 niales
2196 912 2464 981 appellare
2490 913 2864 972 consuevimus
2884 913 2956 985 (a)
2975 932 2987 967 :
3006 915 3121 981 sed,
3147 916 3246 971 nisi
3272 915 3450 983 fallor,
3470 915 3585 971 haec

2003 1002 2288 1061 similitudo
2312 1003 2378 1057 ad
2409 1005 2709 1058 universam
2739 1004 3028 1059 Ecclesiam
3048 1008 3292 1075 pertinet.
3325 1006 3580 1075 Quamvis

2003 1095 2102 1149 etsi
2122 1096 2235 1150 illas
2260 1098 2401 1151 solas
2428 1098 2857 1167 iutelligeremus,
2890 1115 3008 1168 qua:
3036 1099 3475 1155 Sanctimoniales
3501 1115 3589 1154 vo-

2004 1194 2212 1251 cantur,
2229 1187 2480 1257 numquid
2503 1187 2683 1241 decem
2706 1188 3034 1243 sunt?Absit
3060 1198 3118 1243 ut
3146 1197 3287 1244 tanta
3325 1189 3587 1259 virginum

2005 1276 2289 1336 multitudo
2308 1277 2372 1340 ad
2396 1287 2501 1332 tam
2524 1280 2770 1349 exiguum
2792 1294 3069 1334 numerum
3094 1289 3397 1334 revocetur.
3424 1280 3588 1334 Forte

2007 1382 2183 1425 autem
2220 1370 2361 1427 dicat
2402 1372 2592 1441 aliquis
2620 1390 2634 1426 :
2659 1372 2795 1440 Quid
2820 1372 2866 1426 si
2896 1372 3075 1426 multa:
3112 1379 3236 1429 sunt
3262 1372 3475 1427 nomine
3494 1411 3507 1433 ,
3536 1378 3592 1426 et

2009 1469 2116 1516 tam
2143 1477 2323 1531 pauca:
2349 1471 2474 1516 sunt
2499 1463 2549 1517 in
2578 1464 2827 1529 veritate,
2872 1470 2931 1517 ut
2964 1463 3051 1517 vix
3086 1461 3270 1527 decem
3316 1461 3593 1515 invenian-

2008 1552 2128 1606 tur?
2156 1552 2271 1608 Non
2302 1553 2371 1607 ita
2401 1562 2500 1607 est.
2529 1553 2661 1607 Nam
2686 1553 2730 1607 si
2762 1553 2904 1607 solas
2940 1552 3125 1607 decem
3166 1552 3387 1621 intelligi
3429 1550 3594 1604 vellet

2007 1643 2205 1711 bonas,
2238 1660 2343 1698 non
2381 1645 2451 1701 ibi
2495 1645 2803 1701 ostenderet
2839 1646 3072 1715 quinque
3119 1644 3308 1703 fatuas.
3349 1643 3405 1698 Si
3449 1644 3593 1698 enim

2010 1734 2193 1791 multa:
2213 1742 2336 1789 sunt
2356 1734 2586 1805 virgines
2611 1751 2730 1804 qua:
2748 1743 3024 1798 vocantur,
3043 1749 3206 1804 quare
3232 1741 3416 1790 contra
3440 1732 3596 1804 quin-

2010 1840 2114 1895 que
2141 1826 2277 1879 ostia
2302 1825 2494 1881 domus
2522 1842 2727 1896 magna:
2755 1826 3110 1881 clauduntur?

2081 1916 2307 1971 CAPUT
2340 1916 2557 1972 ll.—2.
2614 1917 2844 1988 Virgines
2886 1918 3086 1984 decem,
3132 1917 3315 1972 anima:
3358 1916 3592 1987 quwlibet

2012 2007 2075 2065 de
2085 2008 2311 2071 Ecclesia
2327 2008 2437 2065 Dei.
2452 2009 2806 2079 intelligamus
2819 2023 2963 2078 ergo,
2985 2008 3308 2077 charissimi,
3322 2008 3387 2062 ad
3406 2022 3595 2062 omnes

2013 2116 2132 2168 nos,
2162 2100 2212 2155 id
2240 2109 2339 2166 est,
2366 2101 2431 2155 ad
2457 2101 2756 2156 universam
2783 2099 3303 2156 omninoEcclesiam
3330 2099 3597 2168 pertinere

2014 2192 2169 2247 istam
2184 2193 2506 2263 parabolam,
2527 2209 2631 2248 non
2649 2193 2713 2248 ad
2727 2194 2868 2248 solos
2880 2192 3213 2263 prchositos,
3228 2190 3293 2246 de
3304 2191 3495 2260 quibus
3513 2190 3600 2244 he-

2013 2293 2195 2340 sterno
2205 2285 2291 2340 die
2308 2285 2466 2339 locuti
2486 2299 2690 2351 sumus;
2706 2300 2803 2340 nec
2819 2285 2884 2339 ad
2897 2284 3038 2339 solas
3058 2283 3259 2353 plebes;
3273 2281 3365 2337 sed
3381 2295 3599 2351 prorsus

2014 2374 2079 2430 ad
2096 2391 2301 2432 omnes.
2317 2377 2490 2446 Quare
2503 2392 2630 2447 ergo
2645 2376 2879 2447 quinque
2899 2385 2953 2431 et
2968 2375 3200 2447 quinque
3211 2373 3468 2444 virgines?
3481 2371 3599 2428 Istat

2014 2470 2249 2539 quinque
2298 2478 2352 2523 et
2390 2469 2623 2539 quinque
2662 2469 2892 2539 virgines
2923 2510 2939 2535 ,
2990 2482 3179 2523 omnes
3220 2467 3436 2522 omnino
3478 2472 3603 2519 sunt

2016 2561 2208 2614 anima:
2250 2559 2692 2617 Christianorum.
2738 2560 2843 2616 Sed
2889 2567 2947 2615 ut
2983 2559 3225 2614 dicamus
3262 2557 3432 2617 vobis.
3459 2554 3601 2626 quod

2019 2651 2130 2705 Deo
2155 2651 2446 2723 inspirante
2483 2652 2774 2717 sentimus,
2807 2666 2914 2705 non
2940 2651 3349 2719 qualescumque
3387 2648 3600 2710 animae,

2017 2742 2113 2797 sed
2143 2743 2276 2797 tales
2300 2743 2490 2797 animae
2519 2758 2636 2813 quae
2664 2742 2858 2798 habent
2885 2738 3199 2795 catholicam
3226 2739 3403 2803 ﬁdem,
3430 2747 3484 2792 et
3511 2737 3607 2791 ha-

2017 2836 2146 2891 bere
2175 2835 2421 2890 videntur
2461 2835 2596 2889 bona
2632 2850 2793 2905 opera
2834 2834 2885 2887 iu
2928 2832 3163 2887 Ecclesia
3197 2830 3287 2885 Dei
3311 2847 3324 2882 :
3348 2838 3401 2883 et
3426 2837 3605 2882 tamen

2021 2944 2088 2985 ex
2135 2929 2262 2999 ipsis
2306 2927 2540 2998 quinque
2578 2936 2702 3002 sunt
2732 2925 3041 2996 prudentes,
3065 2932 3119 2979 et
3147 2908 3379 2993 quinque
3424 2919 3602 2974 latum.

2020 3020 2197 3094 Quare
2222 3034 2349 3089 ergo
2368 3018 2645 3089 appellatae
2669 3024 2793 3072 sunt
2819 3017 3071 3086 quinque,
3094 3022 3149 3071 ct
3167 3029 3333 3084 quare
3353 3011 3605 3081 virgines,

2022 3113 2169 3185 prius
2214 3111 2519 3176 videamus;
2578 3119 2633 3168 et
2688 3110 2881 3166 deinde
2941 3119 3134 3164 caetera
3187 3106 3649 3162 consideremus.'

2025 3204 2213 3262 Omnis
2238 3205 2413 3258 anima
2442 3205 2492 3258 in
2520 3218 2745 3273 corpore
2784 3202 2905 3257 ideo
2932 3200 3176 3272 quinario
3212 3212 3434 3252 numero
3479 3209 3611 3250 cen-

2024 3308 2193 3365 setur,
2240 3297 2364 3367 quia
2408 3298 2639 3368 quinque
2692 3296 2935 3351 sensibus
2974 3295 3153 3348 utitur.
3195 3291 3338 3346 Nihil
3362 3299 3443 3345 est
3469 3289 3613 3343 enim

2024 3391 2166 3461 quod
2196 3390 2454 3445 sentimus
2475 3406 2541 3444 ex
2567 3404 2810 3458 corpore,
2842 3387 2942 3442 nisi
2969 3388 3130 3457 janua
3160 3383 3609 3455 quinquepartita,

2026 3489 2118 3540 aut
2147 3480 2397 3548 videndo,
2422 3489 2514 3535 aut
2539 3477 2822 3545 audiendo,
2846 3486 2937 3532 aut
2963 3474 3255 3539 odorando,
3282 3484 3371 3528 aut
3392 3479 3612 3543 gustan-

2025 3574 2118 3640 do,
2142 3583 2231 3628 aut
2260 3573 2543 3644 tangendo.
2572 3572 2671 3639 Qui
2694 3586 2819 3641 ergo
2840 3585 2897 3625 se
2927 3569 3155 3623 abstinet
3178 3568 3244 3621 ab
3272 3566 3450 3621 illicito
3475 3565 3610 3630 visu,

2028 3666 2094 3722 ab
2120 3666 2304 3721 illicito
2328 3665 2531 3726 auditu,
2559 3664 2625 3718 ab
2650 3663 2833 3717 illicito
2854 3661 3099 3725 odoratu,
3131 3659 3197 3713 ab
3225 3658 3408 3712 illicito
3435 3656 3615 3727 gesta-

2030 3768 2107 3824 tu,
2136 3758 2204 3813 ab
2234 3758 2418 3813 illicito
2447 3766 2589 3812 tactu
2610 3798 2624 3821 ,
2655 3765 2874 3827 propter
2900 3753 3067 3825 ipsam
3097 3752 3473 3822 integritatem,
3502 3750 3612 3804 vir—

2028 3850 2166 3922 ginis
2197 3864 2390 3905 nomen
2420 3841 2644 3919 accepit.

2102 3942 2154 3997 3.
2188 3942 2296 3996 Nec
2318 3942 2579 4012 virginitas
2607 3940 2803 4011 suﬁicit,
2835 3955 2922 3992 nec
2951 3953 3103 4009 Opera
3128 3935 3277 3988 bona.
3307 3932 3411 3989 Sed
3443 3933 3484 3987 si
3515 3934 3612 3987 bo-

2031 4049 2157 4088 num
2188 4040 2271 4088 est
2299 4032 2567 4086 abstinere
2608 4031 2676 4086 ab
2716 4029 2913 4084 illicitis
2957 4025 3221 4082 sentiendi
3265 4024 3532 4090 motibus,
3561 4031 3617 4077 et

2031 4124 2152 4183 ideo
2176 4138 2505 4194 unaquzeque
2531 4123 2705 4195 anima
2736 4121 3022 4176 christiana
3055 4118 3275 4188 virginis
3300 4131 3493 4171 nomen
3522 4130 3615 4169 ac-

2032 4219 2206 4289 cepit;
2237 4231 2405 4287 quare
2430 4216 2664 4285 quinque
2691 4212 3060 4274 admittuntur,
3095 4219 3149 4265 et
3181 4209 3414 4279 quinque
3436 4207 3614 4277 repel-

2032 4308 2252 4365 luntur?
2280 4309 2345 4362 Et
2371 4306 2602 4377 virgines
2639 4313 2788 4367 sunt,
2823 4312 2878 4358 et
2913 4301 3261 4373 repelluntur.
3301 4299 3494 4353 Parum
3534 4305 3620 4351 est

2032 4402 2156 4472 quia
2206 4400 2440 4469 virgines
2467 4405 2635 4451 sunt:
2669 4405 2722 4451 et
2767 4393 3039 4463 lampades
3086 4391 3301 4446 habent.
3350 4389 3615 4460 Virgines,

2034 4498 2251 4562 propter
2277 4487 2650 4543 abstinentiam
2695 4485 2762 4539 ab
2802 4484 3000 4547 illicitis
3028 4482 3310 4544 sensibus;
3348 4477 3619 4548 lampades

2034 4580 2266 4645 habent,
2294 4586 2512 4649 propter
2535 4591 2697 4647 opera
2726 4576 2884 4631 bona.
2920 4573 2997 4628 De
3024 4573 3215 4643 quibus
3239 4570 3487 4640 operibus
3514 4567 3620 4621 Do-

2035 4674 2211 4728 minus
2230 4671 2360 4727 dicit
2386 4689 2397 4725 :
2420 4669 2644 4723 Luceant
2670 4684 2823 4738 opera
2852 4675 3014 4721 ucstra
3042 4680 3212 4719 coram
3241 4660 3544 4721 hominibus,
3567 4667 3621 4710 ut

2036 4766 2235 4820 uideant
2260 4763 2389 4817 bona
2420 4766 2555 4834 facta
2581 4770 2761 4820 vestra,
2793 4768 2839 4813 et
2868 4757 3149 4829 gloriﬁcent
3172 4754 3377 4808 Patrem
3404 4758 3621 4803 vestrum

2037 4858 2123 4925 qui
2149 4857 2201 4909 in
2232 4854 2368 4908 ccelis
2395 4861 2466 4908 est
2496 4851 2709 4924 (Matth.
2742 4867 2793 4915 v,
2826 4850 2937 4919 16).
2973 4848 3101 4902 Item
3141 4843 3418 4913 discipulis
3446 4839 3574 4895 dicit
3606 4858 3619 4893 :

2041 4948 2157 5005 Sint
2183 4948 2338 5001 lumbi
2362 4946 2510 5000 vestri
2534 4944 2765 5011 accincti,
2792 4953 2837 4998 et
2864 4942 3080 4996 lucema:
3098 4937 3328 4992 ardentes
3350 4934 3497 5002 (Luc.
3523 4948 3619 4996 xu,

2039 5043 2151 5113 55).
2198 5041 2253 5095 In
2295 5040 2485 5095 lumbis
2528 5038 2779 5094 accinctis
2800 5078 2814 5103 ,
2845 5034 3120 5106 virginitas
3148 5048 3161 5085 :
3191 5031 3244 5085 in
3276 5027 3505 5084 lucernis
3534 5041 3622 5080 ar-

2039 5131 2309 5200 dentibus,
2337 5147 2497 5202 opera
2527 5130 2685 5186 hona.
3108 5140 3111 5143 '

2111 5225 2336 5282 CAPUT
2363 5222 2449 5279 Ill.
2472 5255 2543 5265 —
2566 5223 2618 5278 4.
2661 5222 2812 5294 Virgo
2852 5219 3022 5273 anima
3062 5215 3289 5287 qualibet
3314 5212 3623 5268 Christiana.

2042 5318 2157 5374 Non
2198 5319 2333 5373 solet
2370 5318 2472 5374 dici
2500 5317 2777 5387 virginitas
2802 5315 2985 5382 utique
3006 5311 3057 5364 in
3088 5308 3420 5378 conjugatis:
3446 5316 3625 5361 tamen

2042 5411 2200 5465 etiam
2240 5410 2308 5465 ibi
2338 5419 2419 5466 est
2446 5408 2569 5463 ﬁdei
2594 5406 2863 5478 virginitas
2883 5444 2897 5469 ,
2926 5417 3043 5473 qua:
3069 5399 3284 5455 exhibet
3319 5397 3623 5469 pudicitiam

2042 5504 2397 5576 coniugalem.
2444 5502 2577 5557 Nam
2619 5508 2676 5554 ut
2713 5497 2919 5553 noverit
2960 5494 3225 5551 Sanctitas
3271 5499 3478 5555 vestra,
3519 5505 3625 5545 non

2045 5597 2347 5668 importune
2371 5594 2661 5651 secundum
2694 5592 2925 5647 animam
2949 5596 3003 5645 et
3026 5586 3317 5644 secundum
3348 5584 3625 5655 integrita-

2060 5712 2177 5825 mgp)
2202 5720 2361 5763 Enarr.
2389 5708 2437 5760 In
2463 5708 2580 5759 Psal.
2618 5708 2698 5771 '75,
2734 5722 2781 5756 u.
2812 5705 2868 5756 16
2922 5701 3151 5756 vocabulo
3173 5702 3322 5752 utitur
3343 5733 3359 5762 ,
3402 5695 3627 5748 castimo-

2060 5794 2061 5801 η
2145 5788 2203 5825 is.

2044 5788 2203 5837 mnus.
