4126 6322
557 337 664 399 57.5

557 458 661 504 tem
695 449 848 518 fidei,
876 464 977 520 qua
1022 450 1183 506 etiam
1230 449 1334 506 fide
1378 451 1445 505 ab
1487 451 1686 507 illicitis
1731 453 2053 520 abstinetur,
2080 462 2137 510 et

555 537 693 594 bona
723 555 886 610 Opera
918 542 1080 604 fiunt,
1125 555 1550 612 unumquemque
1591 545 1675 598 vel
1713 559 2137 616 unamquamque

560 630 792 684 animam
826 630 1082 700 virginem
1110 630 1245 696 dici;
1285 641 1391 687 tota
1423 632 1661 688 Ecclesia
1692 651 1810 705 qua;
1838 644 2046 690 constat
2069 651 2133 692 ex

554 718 847 789 virginibus
887 728 942 774 et
981 722 1190 789 pueris,
1220 731 1274 776 et
1305 723 1563 777 maritalis
1591 725 1798 778 fetninis
1821 734 1874 779 et
1903 727 2135 781 uxoratis

553 812 700 872 viris.
729 827 836 865 uno
860 812 1253 884 nominevirgo
1277 822 1360 869 est
1386 816 1672 885 appellata.
1702 815 1854 872 Unde
1874 817 1976 872 hoc
2006 833 2133 887 pro-

552 899 772 956 bamus?
799 902 1118 971 Apostolum
1156 904 1280 958 audi
1303 903 1599 968 dicentem,
1634 921 1736 961 non
1763 907 1896 962 solis
1932 907 2134 962 sancti-

549 986 738 1046 monia]
750 991 867 1046 ibus
886 1033 900 1057 ,
929 992 1021 1047 sed
1052 993 1315 1049 universae
1342 1011 1557 1064 prorsus
1583 996 1833 1052 Ecclesiae
1857 1015 1870 1050 :
1894 997 2132 1067 Despon-

545 1080 653 1134 savi
689 1096 775 1135 uos
812 1082 902 1135 uni
939 1082 1046 1138 vim
1074 1083 1314 1153 uirginem
1341 1095 1534 1139 castam
1568 1087 2034 1144 arhibereChristo.
2063 1087 2134 1142 Et

545 1171 665 1238 quia
697 1170 853 1240 hujus
883 1172 1204 1242 virginitatis
1237 1184 1539 1244 corruptor,
1571 1177 1816 1232 diabolus
1856 1179 2130 1234 cavendus

544 1270 648 1325 est,
672 1262 926 1317 continuo
952 1263 1065 1332 ipse
1091 1265 1379 1333 Apostolus
1407 1283 1526 1326 eum
1552 1269 1792 1335 dixisset,
1813 1270 2130 1342 Desponsavi

549 1366 634 1404 ros
662 1352 750 1405 uni
772 1353 877 1408 uiro
903 1354 1142 1426 virginem
1161 1366 1351 1412 castam
1379 1358 1607 1414 ccc/tibere
1633 1360 1831 1414 Christo
1847 1378 1868 1426 ;
1887 1362 2128 1430 adjunxit

545 1448 598 1494 et
625 1441 720 1508 ait,
756 1441 928 1498 Timeo
953 1454 1118 1503 autem
1138 1487 1152 1512 ,
1181 1462 1244 1500 ne
1264 1447 1393 1501 sicut
1425 1465 1628 1516 serpens
1655 1450 2049 1506 Evamsedua'it
2074 1455 2128 1509 in

543 1533 760 1585 uersutia
779 1549 894 1600 sua,
912 1534 983 1588 sic
1003 1545 1050 1590 et
1075 1537 1223 1590 vestri
1248 1554 1421 1592 sensus
1440 1552 1827 1608 corrumpantur
1847 1559 1878 1596 α
1901 1545 2130 1600 castitate

542 1637 656 1689 φιιε
680 1631 753 1676 est
775 1623 825 1676 in
849 1624 1045 1679 Christo
1076 1626 1142 1698 (ll
1167 1625 1286 1683 Cor.
1319 1645 1402 1696 xt,
1423 1629 1460 1683 2
1478 1673 1492 1696 ,
1521 1631 1598 1703 5).
1622 1630 1678 1686 In
1707 1647 1932 1703 corpore
1964 1636 2127 1706 virgi-

545 1711 769 1767 nitatem
806 1730 989 1784 paucm
1028 1716 1260 1772 habent:
1291 1719 1343 1773 in
1381 1721 1543 1776 corde
1569 1737 1755 1778 omnes
1801 1723 1997 1780 habere
2035 1725 2128 1782 dev

543 1801 687 1857 bent.
734 1803 789 1858 Si
833 1820 960 1874 ergo
987 1807 1054 1861 ab
1079 1808 1276 1863 illicitis
1313 1810 1634 1867 abstinentia
1664 1813 1799 1868 bona
1841 1823 1956 1879 est,
1988 1816 2126 1872 unde

539 1893 812 1963 virginitas
855 1910 1047 1951 nomen
1088 1900 1328 1969 accepit,
1369 1910 1424 1956 et
1463 1917 1626 1971 Opera
1667 1903 1803 1958 bona
1844 1905 2123 1961 laudabilia

542 1992 706 2047 sunt,
735 2000 854 2054 qua:
881 1987 1248 2057 significantur
1290 1991 1663 2062 lampadibus;
1691 2011 1856 2064 quare
1893 1999 2126 2068 quinque

538 2072 910 2143 admittuntur,
941 2087 996 2132 et
1023 2079 1256 2150 quinque
1283 2083 1656 2152 repelluntur?
1680 2086 1736 2141 Si
1760 2096 1812 2142 et
1837 2088 1984 2158 virgo
2004 2098 2119 2158 est,

537 2171 593 2218 et
631 2163 902 2234 lampades
941 2165 1078 2235 fert,
1116 2179 1169 2224 et
1215 2179 1389 2227 tamen
1431 2190 1538 2229 non
1585 2175 1917 2244 admittitur;
1948 2179 2033 2234 ubi
2064 2194 2124 2239 se

538 2255 683 2311 videt
726 2258 816 2326 qui
865 2274 966 2317 nec
1011 2262 1369 2332 virginitatem
1415 2266 1484 2322 ab
1522 2268 1720 2325 illicitis
1761 2280 1973 2340 servat,
2022 2289 2122 2330 nec

537 2363 696 2419 opera
722 2351 857 2410 bona
882 2354 1293 2412 volenshabere
1322 2359 1372 2413 in
1403 2361 1635 2417 tenebris
1661 2363 1929 2419 ambulat?

610 2442 836 2501 CAPUT
873 2445 961 2500 ιν.
1000 2478 1070 2487 —
1113 2450 1168 2504 5.
1217 2449 1416 2506 Praeter
1462 2452 1817 2512 continentiam
1869 2467 1915 2511 et
1967 2475 2121 2529 opera

533 2531 686 2600 bona,
709 2537 1224 2606 requiriturcharitas.
1251 2541 1451 2610 Oleum,
1480 2546 1721 2601 charitas:
1744 2547 1818 2604 De
1835 2547 1949 2603 istis
1969 2565 2116 2619 ergo,

533 2623 724 2683 fratres
752 2629 887 2695 mei,
916 2630 982 2686 de
1012 2632 1126 2687 istis
1154 2635 1326 2703 potius
1353 2635 1705 2706 disputemus.
1747 2639 1980 2706 Quinon
2009 2643 2120 2698 vult

536 2716 716 2773 videre
759 2721 899 2789 quod
945 2723 1140 2780 malum
1169 2734 1287 2792 est,
1331 2727 1420 2797 qui
1464 2744 1568 2786 non
1598 2731 1711 2785 vult
1751 2731 1936 2788 audire
1975 2733 2116 2803 quod

531 2810 729 2866 malum
772 2821 887 2880 est,
935 2815 1025 2885 qui
1067 2817 1135 2872 ab
1182 2818 1388 2879 illicitis.
1415 2820 1795 2878 sacrificiorum
1843 2824 2117 2882 nidoribus

529 2902 727 2957 avertit
753 2904 1054 2973 odoratum,
1077 2909 1144 2964 ab
1171 2911 1370 2967 illicitis
1399 2913 1784 2972 sacrificiorum
1809 2918 1942 2974 cibis
1961 2935 2118 2976 aver-

530 2991 594 3045 tit
613 3003 880 3062 gustatum
901 3037 916 3062 ,
946 2997 1073 3068 fugit
1111 3002 1443 3070 complexum
1471 3004 1679 3071 alienae,
1708 3007 1901 3078 frangit
1925 3006 2113 3080 panem

527 3083 804 3150 esurienti,
836 3086 1097 3156 hospitem
1121 3089 1322 3146 inducit
1347 3093 1399 3148 in
1427 3094 1643 3150 domum
1661 3139 1676 3165 ,
1704 3099 1865 3154 vestit
1890 3104 2109 3171 nudum,

525 3173 819 3230 concordat
861 3177 1146 3247 litigiosum
1165 3221 1178 3246 ,
1207 3183 1386 3238 visitat
1419 3195 1676 3254 mgrotum
1697 3229 1714 3256 ,
1745 3191 1936 3259 sepelit
1964 3209 2110 3248 mor-

527 3271 712 3319 tuum:
742 3281 870 3322 ecce
903 3269 1079 3338 virgo,
1109 3286 1234 3326 ecce
1261 3273 1421 3330 habet
1461 3276 1750 3346 lampades.
1797 3281 1933 3349 Quid
1963 3299 2109 3353 qua:-

523 3352 692 3408 rimus
729 3356 996 3426 amplius?
1033 3359 1222 3417 Adhuc
1253 3379 1456 3432 quaero.
1498 3366 1634 3435 Quid
1671 3369 1844 3426 adhuc
1881 3352 2106 3443 quaeris,

523 3443 734 3514 inquit?
758 3446 944 3503 Adhuc
979 3465 1162 3520 quare
1186 3470 1198 3506 :
1231 3453 1486 3510 intentum
1508 3473 1594 3514 me
1617 3457 1740 3515 fecit
1761 3461 2107 3533 Evangeliutn

522 3542 785 3590 sanctum.
819 3539 987 3594 Etiam
1024 3541 1163 3612 ipsas
1192 3546 1423 3616 virgines
1448 3557 1503 3604 et
1541 3549 1772 3608 ferentes
1800 3554 2103 3626 lampades,

521 3624 654 3679 alias
679 3625 812 3682 dixit
851 3631 1172 3702 prudentes,
1218 3636 1349 3693 alias
1383 3642 1590 3696 stultas.
1623 3643 1777 3700 Unde
1807 3624 2106 3706 intuemur?

520 3715 662 3772 unde
681 3717 1070 3779 discernimus?
1090 3725 1167 3782 De
1188 3727 1326 3784 oleo.
1346 3731 1558 3802 Aliquid
1575 3749 1822 3806 magnum
1844 3740 2106 3810 signiﬁcat

517 3807 717 3874 oleum,
746 3811 900 3867 valde
922 3829 1191 3886 magnum.
1219 3819 1400 3888 Putas,
1423 3839 1528 3879 non
1552 3825 1783 3883 charitas
1805 3832 1920 3886 est?
1942 3833 2101 3900 Quae-

523 3898 692 3954 rendo
717 3900 966 3973 dicimus,
1013 3923 1116 3962 non
1148 3915 1463 3970 sententiam
1504 3917 1918 3989 praecipitamus.
1947 3898 2101 3982 [inde

515 3989 647 4044 mihi
687 3991 928 4050 videatur
965 3997 1086 4053 oleo
1113 4000 1344 4058 charitas
1369 4007 1683 4075 significari,
1728 4012 1899 4068 dicam
1924 4016 2095 4072 vobis.

515 4078 802 4150 Apostolus
830 4085 986 4153 dicit,
1027 4090 1208 4147 Adhuc
1234 4100 1759 4166 superemineutiorem
1793 4107 1929 4162 vobis
1966 4111 2098 4164 uiam

514 4171 820 4230 demonstro.
861 4179 1437 4249 Supereminentiorem
1487 4192 1624 4246 viam
1669 4211 1825 4263 quam
1869 4197 2093 4255 demon-

513 4265 685 4318 strat?
712 4266 773 4321 Si
814 4269 999 4340 linguis
1024 4274 1280 4329 hominum
1318 4278 1496 4349 loquar
1523 4290 1571 4336 et
1597 4284 1903 4355 Angelorum
1919 4329 1933 4354 ,
1966 4286 2092 4345 cha-

511 4353 711 4409 ritatem
739 4367 906 4414 autem
939 4378 1040 4417 non
1065 4364 1291 4434 habeam,
1321 4369 1484 4440 factus
1511 4390 1623 4428 sum
1650 4390 1978 4434 (crumentum
2004 4399 2091 4437 so-

511 4459 671 4512 nans,
703 4457 790 4501 aut
829 4452 1114 4521 cymbalum
1140 4459 1374 4540 tinniens.
1423 4463 1539 4533 Ipsa
1577 4475 1662 4522 est
1687 4473 2090 4540 supereminens

511 4537 592 4592 via
613 4577 629 4600 ,
661 4538 712 4593 id
739 4549 853 4607 est,
893 4545 1151 4615 charitas,
1195 4537 1311 4620 quae
1359 4557 1548 4612 merito
1590 4560 1708 4617 oleo
1737 4564 2086 4633 significatur.

507 4625 766 4686 Omnibus
804 4633 945 4689 enim
977 4635 1286 4696 humoribus
1311 4644 1486 4701 oleum
1525 4625 1905 4720 supereminet.
1943 4658 2086 4714 Mitte

506 4731 718 4788 aquam,
748 4731 802 4778 et
827 4727 1204 4795 superinfunde
1241 4733 1454 4801 oleum,
1496 4740 1670 4796 oleum
1701 4749 2082 4814 supereminet.

507 4810 652 4867 Mitte
674 4814 850 4870 oleum
869 4857 886 4884 ,
916 4821 1298 4889 superiufunde
1326 4842 1516 4897 aquam
1537 4873 1552 4896 ,
1585 4810 2079 4909 oleumvsuperemi-

499 4910 613 4957 net.
639 4903 695 4960 Si
720 4907 959 4964 ordinem
988 4916 1305 4981 servaveris,
1336 4920 1496 4976 vincit
1521 4942 1534 4977 :
1565 4925 1608 4978 si
1637 4927 1878 4985 ordinem
1909 4943 2083 4990 muta-

501 4993 662 5061 veris,
683 4997 862 5053 vincit.
889 4998 1123 5059 Charitas
1149 5023 1403 5078 nunquam
1443 5013 1577 5068 cadit
1608 5015 1665 5088 (Ι
1705 5016 1822 5075 Cor.
1853 5039 1925 5079 xu
1943 5066 1957 5092 ,
1985 5027 2074 5095 3i,

500 5093 547 5138 et
576 5101 687 5151 xm,
720 5089 769 5152 l,
801 5090 881 5158 8).

570 5177 796 5235 CAPUT
835 5181 900 5236 V.
921 5213 992 5225 —
1018 5184 1069 5242 6.
1090 5187 1180 5243 Ire
1203 5190 1400 5246 obviam
1427 5211 1612 5264 sponso
1629 5201 1770 5269 quid.
1812 5202 2076 5275 Virginum

500 5264 757 5324 dormitio.
803 5270 942 5339 Quid
995 5291 1144 5348 ergo,
1195 5281 1420 5338 fratres?
1455 5286 1572 5342 Jam
1611 5264 1966 5360 disceptcmiis
2009 5298 2074 5354 de

496 5356 729 5426 quinque
750 5360 1038 5430 virginibus
1068 5369 1415 5436 prudentibus
1438 5384 1493 5430 et
1513 5356 1946 5448 quinquc‘fatuis.
1971 5385 2074 5442 Vo-

494 5447 704 5505 luerunt
753 5451 832 5507 ire
873 5455 1081 5513 obviam
1122 5477 1340 5531 sponso.
1389 5467 1524 5536 Quid
1571 5479 1688 5538 est,
1736 5473 1814 5529 ire
1859 5476 2070 5535 obviam

483 5721 617 5788 Quid
648 5733 751 5794 est,
782 5732 992 5785 omnes?
1018 5733 1083 5789 Et
1111 5734 1266 5794 fatua:
1289 5750 1342 5796 et
1375 5744 1661 5814 sapientes.
1695 5750 2062 5812 obdormitave-

1787 337 1840 394 S.
1887 336 2253 395 AUGUSTINI
2298 340 2597 400 EPISCOPI

3717 359 3826 416 576

2243 466 2362 509 runt
2405 475 2594 523 omnes,
2627 469 2676 514 et
2713 460 3037 522 dormierunt.
3072 467 3346 536 Pulamtls,
3378 469 3550 527 bonus
3597 484 3681 530 est
3733 491 3832 531 so-

2241 561 2401 602 mnus
2453 549 2585 604 iste?
2613 550 2749 619 Quid
2779 563 2861 610 est
2887 571 3106 614 somnus
3134 560 3266 615 iste?
3295 560 3372 616 Ne
3401 562 3538 619 forte
3584 566 3828 625 tardante
3876 564 3879 566 ’

2240 651 2455 708 Sponsa,
2487 642 2735 712 quoniam
2767 646 2998 704 abundat
3024 651 3291 722 iniquitas,
3322 653 3618 726 refrigescit
3643 658 3826 715 chari-

2239 736 2320 783 tas
2349 732 2654 788 multorum.
2686 735 2893 794 Siccine
2951 739 3269 798 intellecturi
3304 759 3492 802 sumus
3545 749 3706 803 istum
3732 766 3826 806 so-

2237 822 2458 874 mnum?
2485 823 2599 878 Non
2640 827 2770 881 mihi
2800 828 2974 898 placet
3006 849 3019 885 :
3051 832 3170 887 dico
3207 849 3393 905 quare.
3413 837 3546 904 Quia
3596 851 3722 896 sunt
3750 843 3825 898 ibi

2238 910 2568 978 prudentes:
2607 926 2662 971 et
2689 918 3110 991 utiquequando
3153 923 3289 980 dixit
3343 927 3623 994 Dominus,
3676 932 3825 998 Quo-

2235 1000 2387 1068 niam.
2421 1003 2692 1060 abundavit
2739 1009 2999 1079 iniquitas,
3031 1016 3310 1087 refrigescit
3358 1020 3580 1076 charitas
3633 1026 3825 1080 multo-

2234 1105 2385 1154 rum;
2415 1092 2643 1162 subjecit
2663 1105 2716 1152 et
2735 1098 2826 1165 ait,
2859 1100 2961 1166 Qui
2983 1113 3148 1158 autem
3179 1114 3561 1177 perseveraverit
3587 1131 3744 1186 usque
3767 1119 3823 1172 in

2233 1179 2406 1248 linem,
2439 1184 2521 1237 hic
2542 1187 2712 1243 salvus
2737 1191 2831 1244 erit
2859 1192 3073 1262 (Matth.
3105 1213 3255 1264 XXIV,
3288 1201 3506 1274 12,15).
3532 1205 3632 1261 Ubi
3657 1179 3822 1264 vultis

2233 1284 2350 1326 esse
2378 1272 2507 1328 istas
2533 1277 2858 1345 prudentes?
2894 1281 3080 1340 Nonne
3120 1287 3170 1340 in
3209 1288 3292 1343 his
3316 1292 3404 1358 qui
3436 1272 3820 1361 perseverave-
3878 1309 3885 1373 ξ

2232 1370 2357 1415 runt
2385 1379 2550 1435 usque
2588 1366 2641 1421 in
2685 1369 2878 1426 tinem?
2907 1373 3021 1428 Non
3067 1377 3137 1432 ob
3164 1378 3326 1441 aliud,
3360 1381 3570 1452 fratres,
3602 1402 3710 1441 non
3747 1389 3820 1446 ob
3881 1369 3896 1450 ζ

2231 1453 2372 1511 aliud
2404 1471 2620 1525 prorsus
2645 1459 3052 1519 admitterentur
3095 1467 3254 1532 intro,
3285 1472 3384 1526 nisi
3413 1475 3535 1543 quia
3561 1492 3820 1546 perseve-

2233 1554 2485 1599 raverant
2513 1562 2679 1618 usque
2705 1550 2756 1604 iu
2781 1552 2961 1608 tinem.
2988 1554 3106 1611 Non
3136 1573 3264 1630 ergo
3284 1563 3362 1616 eis
3391 1564 3626 1636 obrepsit
3652 1569 3820 1640 frigus

2230 1635 2523 1707 ebaritalis,
2556 1657 2663 1697 non
2709 1644 2763 1699 in
2797 1647 2875 1704 eis
2921 1650 3165 1722 refriguit
3204 1655 3472 1726 charitas;
3647 1635 3821 1723 fervet

2230 1741 2398 1796 usque
2435 1730 2487 1784 in
2535 1732 2714 1788 finem.
2761 1735 2893 1804 Quia
2947 1740 3121 1797 fervet
3171 1761 3343 1816 usque
3375 1749 3426 1804 in
3481 1750 3662 1816 tinem,
3695 1755 3820 1812 ideo

2229 1821 2410 1886 sponsi
2428 1821 2610 1890 janua:
2629 1836 2915 1894 patuerunt
2944 1850 2957 1886 :
2992 1833 3110 1889 ideo
3135 1837 3213 1890 eis
3232 1837 3430 1896 dictum
3458 1853 3541 1898 est
3565 1854 3622 1898 ut
3646 1847 3820 1903 intra-

2229 1920 2368 1980 rent,
2402 1913 2539 1970 sicut
2586 1917 2662 1973 illi
2691 1921 2891 1990 optimo
2917 1939 3094 1991 servo,
3132 1927 3279 1984 Intra
3313 1933 3369 1986 in
3414 1935 3658 2006 gaudium
3698 1937 3818 1993 Do-

2227 2005 2354 2059 mini
2390 2008 2464 2060 tui
2493 2007 2602 2078 (Ιᾶ.
2651 2027 2778 2079 xxv,
2810 2015 3035 2089 εμπ).
3082 2019 3218 2087 Quid
3249 2031 3332 2078 est
3369 2005 3516 2095 ergo,
3549 2026 3817 2084 Dormita-

2227 2110 2402 2152 verunt
2438 2104 2653 2157 omnes?
2681 2105 2784 2160 Est-
2800 2108 2936 2162 alius
2961 2124 3202 2179 somnus,
3228 2130 3388 2184 quem
3420 2134 3578 2174 nemo
3612 2123 3816 2178 evadit.

2227 2189 2342 2245 Non
2371 2195 2721 2251 recordamini
2752 2201 3064 2268 Apostolum
3091 2204 3379 2271 dicentem,
3415 2208 3490 2265 De
3513 2212 3814 2268 dormienti-

2225 2281 2316 2338 bus
2339 2295 2504 2340 autem
2525 2289 3024 2363 nolo-uosignorare,
3043 2300 3226 2366 fratres
3255 2298 3300 2369 (Ι
3327 2299 3500 2356 Thess.
3525 2318 3597 2367 Iv,
3622 2304 3732 2376 12),
3758 2306 3815 2361 id

2227 2381 2330 2438 est,
2361 2375 2427 2429 de
2457 2376 2540 2431 his
2566 2380 2656 2449 qui
2681 2384 2876 2438 mortui
2907 2385 3072 2440 sunt?
3108 2387 3283 2454 Quare
3311 2391 3454 2447 enim
3485 2393 3816 2453 dormientes

2225 2476 2503 2534 vocantur,
2545 2470 2644 2524 nisi
2689 2473 2810 2542 quia
2836 2488 2934 2529 suo
2959 2476 3050 2532 die
3079 2481 3496 2538 resuscitantur?
3523 2485 3662 2555 Ergo
3689 2487 3817 2541 dor-

2223 2559 2439 2612 mierunt
2464 2576 2651 2617 omnes.
2684 2563 2866 2633 Putas,
2897 2569 3019 2639 quia
3049 2572 3280 2641 prudens
3300 2583 3403 2643 est,
3433 2577 3551 2631 ideo
3577 2595 3680 2634 non
3708 2581 3812 2635 ha-

2222 2646 2313 2703 bet
2338 2651 2506 2705 mori?
2531 2653 2691 2709 Fatua
2716 2658 2785 2711 sit
2811 2659 2979 2730 virgo,
3001 2664 3235 2733 prudens
3262 2667 3332 2723 sit
3357 2669 3528 2741 virgo,
3559 2686 3809 2729 somnum
3855 2724 3870 2736 .

2197 2742 2410 2796 'mortis
2437 2759 2624 2802 omnes
2663 2749 2950 2817 patiuntur.

2291 2830 2519 2889 CAPUT
2537 2835 2757 2893 Vl.—-7.
2775 2840 2830 2894 Μ
2833 2844 2984 2909 ortui,
2999 2861 3156 2915 quare
3171 2848 3489 2906 dormientes.
3507 2853 3810 2925 Aliquando

2219 2933 2394 2979 autem
2411 2926 2595 2983 dicunt
2613 2931 2712 2986 sibi
2730 2931 2972 2992 homines
2991 2955 3004 2991 :
3024 2939 3162 2996 Ecce
3173 2942 3284 3012 jam
3302 2944 3420 3000 dies
3435 2945 3618 3015 judicii
3639 2953 3807 3022 venit,

2220 3018 2364 3071 tanta
2387 3019 2524 3080 mala
2543 3020 2694 3091 fiunt,
2714 3033 2869 3082 tanta:
2886 3029 3253 3090 tribulationes
3276 3037 3646 3108 crebrescunt;
3676 3018 3810 3102 ecce

2219 3108 2542 3181 omniaqute
2568 3112 2859 3185 Prophetas-
2887 3120 3156 3190 dixerunt,
3190 3141 3325 3196 pene
3353 3133 3617 3202 completa
3645 3145 3804 3205 sunt;

2213 3197 2322 3267 jam
2357 3200 2472 3256 dies
2490 3203 2675 3273 judicii
2709 3208 2886 3265 instat.
2917 3212 3019 3281 Qui
3043 3209 3143 3272 hoc
3163 3218 3364 3288 dicunt,
3395 3231 3451 3277 et
3475 3197 3699 3282 fideliter
3723 3197 3810 3295 di;

2215 3298 2361 3357 cunt,
2421 3302 2669 3365 tanquam
2723 3299 2932 3358 obviam
2987 3316 3116 3362 eunt
3159 3324 3357 3379 sponso
3393 3315 3806 3386 cogitationibus

2215 3380 2427 3437 talibus.
2456 3384 2564 3440 Sed
2601 3403 2726 3445 ecce
2751 3391 2947 3450 bellum
2975 3411 3136 3468 super
3157 3400 3376 3471 bellum,
3411 3380 3678 3464 tribulatio
3705 3425 3804 3465 su-

2215 3487 2311 3542 per
2339 3477 2752 3551 tribulationem,
2785 3492 2942 3541 terrae
2971 3499 3146 3546 motus
3175 3507 3338 3563 super
3374 3505 3529 3552 terra:
3571 3510 3800 3568 motum,

2213 3564 2381 3622 fames
2406 3583 2566 3654 super
2600 3573 2817 3643 famem,
2847 3592 2977 3648 gens
3005 3595 3167 3652 super
3189 3594 3423 3654 gentem,
3463 3599 3517 3645 et
3557 3564 3798 3650 nondum

2210 3659 2356 3714 venit
2379 3649 2627 3731 sponsus.
2658 3665 2789 3721 Cum
2823 3684 2952 3740 ergo
2989 3649 3326 3742 exspectatur
3352 3649 3418 3733 ut
3438 3681 3631 3747 veniat,
3663 3683 3796 3738 dor-

2210 3749 2381 3805 miunt
2401 3766 2587 3808 omnes
2608 3755 2684 3810 illi
2711 3757 2798 3826 qui
2820 3758 3023 3829 dicunt,
3050 3763 3184 3820 Ecce
3203 3767 3367 3833 venit,
3396 3778 3452 3824 et
3469 3769 3585 3827 dies
3603 3773 3790 3842 judicii

2208 3838 2296 3895 hic
2320 3844 2659 3901 nos'invenit.
2685 3846 2818 3904 Cum
2847 3851 2994 3918 dicit,
3023 3853 3240 3912 dormit.
3270 3859 3414 3931 Ergo
3442 3838 3689 3920 observet
3717 3868 3788 3922 ad

2207 3944 2452 3988 somnum
2495 3950 2671 4004 suum,
2710 3947 2765 3996 et
2787 3954 3092 4011 perseveret
3135 3948 3187 4002 in
3235 3950 3497 4008 charitate
3527 3971 3695 4027 usque
3721 3961 3792 4014 att

2204 4037 2448 4080 somnum
2475 4042 2628 4083 suum
2653 4050 2666 4084 :
2695 4044 3089 4103 exspectantem
3115 4039 3260 4095 illum
3287 4042 3519 4101 inveniat
3545 4061 3788 4105 somnus.

2203 4110 2333 4168 Puta
2359 4115 2500 4170 enim
2532 4119 2653 4188 quia
2703 4121 2972 4180 dormivit.
3023 4127 3288 4202 Numquid
3311 4135 3402 4203 qui
3448 4137 3651 4205 dormit,
3685 4157 3787 4196 non

2200 4203 2404 4274 adjiciet
2454 4216 2510 4261 ut
2554 4223 2785 4283 resurgat
2831 4214 3002 4286 (Psal.
3054 4236 3145 4286 ιι,
3177 4221 3252 4291 9).
3285 4215 3610 4283 Dormierunt
3640 4203 3788 4300 ergo

2199 4311 2369 4351 omnes
2397 4308 2485 4354 :et
2510 4299 2576 4358 de
2601 4303 2703 4358 illis
2727 4306 3094 4380 prudentibus,
3126 4321 3180 4368 et
3208 4313 3273 4369 de
3295 4315 3397 4372 illis
3420 4316 3577 4374 fatuis
3594 4299 3783 4380 omnes

2196 4389 2545 4450 dormierunt.

2266 4484 2490 4542 CAPUT
2513 4488 2695 4544 VII.—
2716 4493 2768 4549 8.
2787 4493 2992 4551 Clamor
3014 4499 3180 4554 media
3199 4511 3436 4557 nocte.—
3459 4506 3590 4560 Ecce
3611 4509 3780 4565 media

2193 4583 2334 4630 nocte
2360 4578 2552 4634 clamor
2571 4585 2733 4651 factus
2757 4595 2846 4639 est.
2879 4587 3014 4656 Quid
3039 4600 3140 4657 est,
3166 4593 3329 4647 media
3351 4607 3493 4650 nocte
3509 4599 3536 4651 ?
3553 4599 3777 4666 Quando

2191 4679 2296 4720 non
2339 4678 2601 4738 speratur,
2631 4674 2842 4743 quando
2876 4681 3095 4735 omnino
3132 4698 3235 4738 non
3266 4687 3520 4745 creditur.
3551 4690 3774 4750 Noctem

2189 4757 2364 4823 posuit
2405 4772 2504 4828 pro
2532 4764 2846 4832 ignorantia.
2893 4771 3098 4841 Aliquis
3127 4777 3276 4844 quasi
3305 4790 3578 4850 computat
3621 4784 3722 4840 sibi
3756 4803 3772 4841 :

2187 4845 2325 4902 Ecce
2353 4849 2604 4909 ab’Adam
2635 4865 2711 4912 tot
2739 4859 2863 4914 anni
2895 4864 3240 4935 transierunt,
3267 4877 3321 4923 et
3341 4845 3466 4928 ecce
3495 4875 3772 4945 complen-

2185 4943 2270 4993 tur
2297 4955 2389 4996 sex
2415 4944 2575 4999 millia
2597 4962 2878 5019 annorum,
2902 4963 2956 5010 et
2976 4957 3245 5026 continuo,
3264 4964 3533 5031 quomodo
3551 4967 3770 5037 quidam

2183 5039 2496 5092 tractatores
2531 5050 2992 5114 computaverunt,
3024 5051 3276 5108 continuo
3322 5055 3505 5111 veniet
3538 5056 3651 5113 dies
3674 5059 3767 5129 ju-

2181 5123 2302 5180 dicii
2353 5144 2367 5181 :
2406 5137 2460 5184 et
2507 5131 2760 5201 veniunt,
2805 5144 2860 5190 et
2897 5144 3172 5196 transeunt
3214 5148 3658 5217 computationes,
3708 5159 3767 5207 et

2179 5217 2350 5274 adhuc
2389 5233 2690 5278 remoratur
2715 5230 2898 5296 sponsi
2931 5229 3212 5302 adventus,
3252 5245 3308 5292 et
3341 5237 3614 5296 dormiunt
3643 5244 3758 5298 vir-

2180 5306 2330 5374 gines
2359 5326 2476 5381 qua:
2497 5314 2707 5371 obviam
2745 5318 2936 5375 ierant.
2961 5320 3029 5377 Et
3057 5338 3184 5381 ecce
3203 5327 3328 5382 dum
3358 5346 3467 5386 non
3492 5345 3759 5404 speratur,

2176 5393 2302 5451 dum
2344 5399 2551 5467 dicitur,
2580 5405 2684 5460 Sex
2724 5410 2887 5464 millia
2913 5427 3174 5470 annorum
3209 5423 3676 5494 exspectabantur,
3706 5438 3764 5484 et

2175 5497 2300 5540 ecce
2329 5491 2673 5564 transierunt,
2705 5501 2846 5554 unde
2891 5502 3090 5558 scimus
3130 5499 3240 5575 jﬁm
3288 5512 3501 5580 quando
3543 5491 3762 5573 veniet?

2172 5574 2344 5630 media
2374 5589 2528 5636 nocte
2569 5586 2765 5642 veniet.
2791 5589 2927 5659 Quid
2969 5603 3078 5660 est,
3124 5574 3496 5658 Mediavnocte
3536 5605 3758 5662 veniet?

2173 5666 2308 5722 Dum
2339 5673 2530 5739 nescis,
2549 5678 2746 5733 veniet.
2769 5682 2946 5749 Quare
2966 5685 3093 5741 dum
3117 5691 3310 5757 noscis,
3337 5696 3510 5752 veniet
3532 5698 3556 5751 τ
3577 5689 3764 5769 lpsunt

2172 5760 2452 5821 Dominum
2499 5769 2618 5825 audi
2663 5789 2676 5827 :
2713 5773 2833 5830 Non
2864 5788 2934 5833 est
2964 5791 3180 5838 uestrum
3209 5787 3337 5843 scire
3361 5799 3606 5862 tempore,
3641 5810 3757 5863 quia
