4126 6322
325 333 430 393 577

328 445 486 500 Pater
513 439 678 514 posuit
703 437 754 491 in
779 447 870 490 sua
899 436 1137 505 potestate
1164 428 1300 497 (Act.
1329 443 1366 493 ι,
1393 421 1506 496 Π).
1545 422 1659 477 Dies
1678 421 1905 514 Domini,

329 539 407 592 ait
428 513 735 604 Apostolus,
768 538 1003 597 tanquam
1032 524 1191 596 furia
1214 529 1374 586 nocte,
1394 520 1464 571 ita
1484 517 1644 570 'eeniet
1665 514 1707 586 (l
1727 513 1905 566 Thess.

328 643 388 692 v,
416 626 496 696 9.).
515 623 655 692 Ergo
683 618 840 688 vigila
870 624 1043 680 nocte,
1071 628 1138 667 ne
1158 611 1335 666 'l'urem
1357 607 1590 679 patiaris.
1612 605 1742 659 Nam
1763 619 1909 659 som-

333 731 435 770 nus
458 711 671 775 mortis,
691 708 831 762 ’velis
855 704 1010 768 nolis,
1042 702 1236 757 veniet.

404 805 458 861 9.
500 796 1109 867 Resurrectio'virginum.
1147 790 1326 846 Oleum
1376 790 1427 844 in
1456 789 1608 843 vasis.
1656 785 1760 842 Sed
1790 799 1910 838 cum

334 895 506 950 factus
554 889 939 947 luerit‘clamOr
967 884 1138 938 media
1169 891 1342 937 nocte.
1373 880 1502 948 Quis
1554 880 1653 932 iste
1675 877 1909 940 'clamor,

335 988 436 1041 nisi
463 983 530 1040 de
557 996 661 1053 quo
688 979 973 1050 Apostolus
995 975 1142 1041 dicit,
1174 972 1240 1026 In
1261 974 1362 1026 ictu
1387 971 1540 1033 oculi,
1570 971 1621 1022 in
1645 967 1915 1022 novissima

337 1078 502 1132 tuba?
531 1076 686 1128 (lauet
706 1072 837 1126 enim
876 1069 1013 1135 tuba,
1045 1077 1091 1120 et
1117 1065 1303 1119 mortui
1329 1059 1914 1132 resurgent‘t'nrorrupti,

337 1181 384 1224 et
415 1185 503 1222 nos
527 1163 903 1220 immutabin'tur
932 1158 973 1228 (l
1004 1157 1122 1212 Cor.
1145 1164 1243 1219 ιν,
1284 1152 1396 1225 52).
1423 1153 1659 1220 Denique
1684 1150 1918 1203 clamore

339 1263 477 1314 tacto
512 1257 685 1312 media
714 1261 887 1316 nocte,
931 1266 1036 1320 quo
1061 1247 1394 1311 clamabitur,
1427 1243 1556 1297 Ecce
1581 1254 1794 1314 sponsus
1832 1258 1917 1296 ve-

338 1353 434 1416 nit,
461 1347 589 1420 quid
613 1343 884 1416 sequitur?
914 1341 1252 1396 Surrexerttut
1281 1349 1468 1390 omnes.
1496 1333 1634 1400 Quid
1647 1343 1760 1397 “est,
1789 1331 1920 1388 Sur-

339 1447 575 1494 rcxerunt
619 1433 830 1490 omnes?
885 1430 1052 1486 Veniet
1101 1430 1260 1496 liora,
1294 1426 1426 1480 dixit
1468 1425 1582 1495 ipse
1641 1424 1917 1488 Dominus,

339 1530 543 1603 quando
569 1538 740 1582 omnes
764 1524 849 1594 qui
878 1520 1070 1576 suntin
1117 1517 1473 1585 monumentis,
1515 1514 1724 1566 audient
1751 1526 1922 1566 uocem

340 1625 470 1693 ejus,
499 1629 544 1674 et
574 1617 836 1690 procedeut
868 1613 1044 1684 (Joan.
1079 1627 1131 1677 v,
1154 1610 1249 1676 ‘28,
1273 1606 1394 1680 '29).
1428 1608 1570 1678 Ergo
1597 1605 1662 1660 ad
1691 1603 1921 1659 novissi-

343 1729 485 1769 mam
511 1711 692 1766 tubam
719 1712 1062 1762 surrexerunt
1092 1710 1297 1756 omnes.
1319 1699 1604 1753 Prudentes
1620 1705 1796 1750 autem
1823 1694 1924 1749 illae

344 1809 565 1861 tulerunt
591 1803 753 1857 oleum
778 1814 942 1854 secum
968 1798 1020 1849 in
1049 1795 1179 1848 uasis
1192 1794 1296 1846 suis
1322 1791 1530 1846 :stultte
1555 1805 1667 1842 vero
1694 1787 1798 1841 illa:
1824 1802 1925 1839 non

342 1899 566 1951 tulerunt
613 1893 778 1947 oleum
815 1905 1002 1944 sectun.
1046 1887 1182 1954 Quid
1228 1892 1329 1948 est,
1376 1898 1476 1936 non
1505 1881 1724 1934 tulerunt
1763 1879 1927 1932 oleum

344 2004 512 2045 secum
538 1988 588 2039 in
610 1985 739 2038 vasis
762 1982 905 2036 suis?
925 1977 1063 2046 Quid
1083 1986 1186 2043 est,
1209 1976 1260 2029 in
1283 1975 1412 2030 uasis
1436 1973 1540 2028 suis
1559 1973 1584 2025 7
1605 1972 1655 2026 in
1675 1971 1927 2025 cordibus

347 2081 477 2135 suis.
533 2075 683 2131 Unde
731 2073 859 2128 dicit
908 2069 1214 2140 Apostolus,
1260 2065 1436 2121 Gloria
1475 2073 1643 2118 nostra
1692 2062 1798 2116 luce
1834 2071 1924 2127 est,

347 2169 686 2225 testimonium
733 2162 1049 2218 conscientite
1095 2169 1282 2213 nostra:
1325 2155 1390 2229 (ll
1421 2155 1552 2210 Cor.
1591 2170 1628 2221 t,
1692 2153 1802 2223 12).
1854 2151 1930 2205 lbi

347 2262 544 2325 oleum,
583 2271 833 2327 magnum
859 2254 1035 2308 oleum
1067 2268 1080 2304 :
1109 2251 1175 2305 de
1205 2250 1344 2304 dono
1373 2248 1466 2302 Dei
1495 2257 1576 2302 est
1595 2249 1697 2300 hoc
1730 2245 1926 2300 oleum.

348 2351 588 2420 Denique
608 2347 850 2403 homines
867 2345 1042 2400 oleum
1069 2343 1279 2422 mittere
1308 2342 1447 2421 intro
1473 2344 1713 2412 possunt,
1737 2338 1931 2392 olivam

348 2457 533 2497 creare
563 2455 667 2495 non
694 2446 936 2508 possunt.
970 2425 1109 2490 Ecce
1148 2435 1317 2488 habeo
1342 2434 1517 2488 oleum
1551 2449 1564 2485 :
1594 2429 1848 2500 numquid
1879 2439 1931 2482 tu

349 2534 541 2590 creasti
558 2531 774 2587 oleum?
792 2530 864 2584 De
883 2529 974 2582 Dei
998 2527 1136 2582 dono
1152 2536 1251 2582 est.
1275 2526 1449 2580 [labes
1462 2525 1660 2588 oleum,
1675 2533 1822 2593 porta
1853 2531 1932 2577 te-

350 2639 495 2681 cum.
521 2623 657 2692 Quid
681 2629 784 2687 est,
809 2627 1173 2691 portatecum.
1197 2616 1343 2671 Intus
1367 2616 1525 2681 habe,
1544 2614 1615 2669 ibi
1632 2615 1777 2684 place
1797 2614 1948 2667 Deo;

423 2714 648 2771 CAPUT
688 2711 822 2767 V’lll.
850 2741 922 2751 -—
957 2710 1043 2764 10.
1073 2707 1252 2762 Oleum
1291 2717 1494 2778 portare
1533 2721 1724 2760 secum.
1755 2702 1936 2758 Oleum

349 2807 594 2863 alienum.
627 2805 836 2860 Etenim
861 2817 984 2857 ecce
1018 2802 1131 2855 ista:
1159 2799 1392 2868 virgines
1432 2797 1628 2862 stultae,
1668 2811 1786 2866 qua:
1825 2806 1934 2849 non

353 2906 702 2971 portaverunt
722 2896 898 2951 oleum
916 2909 1118 2957 secum,
1137 2891 1456 2946 abstinentia
1477 2903 1570 2944 sua
1587 2904 1687 2960 qua
1706 2888 1938 2958 virgines

349 2990 708 3062 appellantur,
748 2996 802 3042 et
829 2986 981 3040 bonis
1020 2983 1269 3053 operibus
1313 2981 1450 3048 suis,
1494 2979 1706 3050 quando
1732 2979 1937 3049 lampa-

351 3084 455 3139 des
500 3082 640 3136 ferre
679 3078 974 3144 videntur",
1027 3075 1330 3131 hominibus
1371 3073 1558 3149 volunt
1602 3072 1832 3144 placere.
1871 3072 1940 3126 Et

350 3177 403 3233 si
455 3174 757 3231 hominibus
815 3172 1000 3227 volunt
1043 3170 1287 3240 placere,
1341 3175 1396 3223 et
1451 3165 1794 3243 ideo‘omnia
1839 3166 1937 3221 ista

356 3267 643 3323 laudabilia
693 3265 913 3328 faciunt,
969 3261 1148 3317 oleum
1201 3273 1380 3315 secum
1417 3273 1550 3313 .non
1585 3265 1820 3327 portant.
1858 3256 1939 3311 Tu

355 3373 485 3428 ergo
528 3366 701 3412 tecum
747 3363 920 3425 porta,
972 3352 1115 3406 intus
1173 3359 1322 3420 porta
1353 3391 1367 3412 ,
1418 3347 1508 3403 ubi
1557 3347 1703 3402 videt
1752 3347 1932 3402 Dens:

356 3450 431 3504 ibi
470 3457 620 3519 porta
669 3444 1028 3502 testimonium
1059 3440 1402 3497 conscientiae
1447 3449 1569 3494 tuan.
1617 3438 1717 3505 Qui
1761 3448 1938 3492 autem

356 3542 594 3598 ambulat
640 3539 709 3596 ad
754 3537 1109 3594 testimonium
1139 3535 1391 3599 alienum,
1433 3533 1607 3588 oleum
1650 3547 1758 3586 non
1816 3547 1940 3602 por-

356 3644 442 3690 tat
497 3648 696 3689 secum.
759 3631 818 3687 Si
875 3628 995 3685 ideo
1033 3627 1266 3683 abstines
1315 3625 1385 3679 ab
1452 3623 1667 3690 illicitis,
1716 3631 1770 3677 et
1813 3621 1942 3677 facis

354 3729 499 3783 bona
523 3742 704 3798 opera,
735 3733 795 3779 ut
829 3723 896 3778 ab
917 3720 1216 3778 hominibus
1256 3715 1520 3782 lauderis;
1554 3729 1658 3769 non
1695 3725 1776 3768 est
1801 3713 1942 3767 intus

361 3822 566 3877 oleum.
603 3817 840 3887 Denique
872 3830 994 3870 cum
1023 3811 1286 3882 cmperint
1311 3802 1552 3863 homines
1577 3822 1684 3861 non
1706 3805 1940 3871 laudare,

359 3913 616 3968 deﬁciunt
643 3907 935 3978 lampades.
973 3901 1215 3958 lntendat
1264 3902 1440 3970 itaque
1473 3898 1718 3952 Charitas
1747 3904 1940 3952 vestra.

360 4008 665 4074 Antequam
711 3999 1010 4055 dormirent
1038 3995 1144 4063 illa:
1182 3993 1435 4064 virgines,
1478 4005 1582 4045 non
1622 3997 1708 4046 est
1743 3989 1943 4044 dictum

360 4099 486 4168 quia
515 4092 984 4163 exstinguebantur
1029 4085 1300 4156 lampades
1339 4084 1567 4138 illarum.
1611 4080 1942 4151 Sapientium

363 4185 640 4256 lampades
672 4181 929 4237 ardebant
953 4178 1021 4234 de
1056 4179 1174 4232 oleo
1205 4176 1469 4239 iuterno‘,
1501 4172 1570 4228 de
1604 4172 1945 4243 conscientia:

364 4275 707 4341 securitate’,
745 4274 812 4329 de
849 4271 1102 4326 interiore
1127 4268 1318 4339 gloria,
1359 4265 1426 4322 de
1452 4265 1636 4320 intima
1663 4263 1943 4319 cbaritate.

367 4369 642 4425 Ardebant
665 4375 840 4420 tamen
877 4372 932 4418 et
952 4362 1161 4416 illarum
1192 4355 1673 4423 fatuarum.Quare
1699 4364 1823 4409 tunc
1861 4370 1948 4409 ar-

365 4461 599 4517 debant?
643 4459 773 4525 Quia
806 4471 911 4510 non
940 4454 1162 4509 deerant
1200 4450 1384 4506 laudes
1420 4449 1715 4502 hominum.
1757 4447 1948 4502 Postea

366 4566 497 4606 vero
538 4563 696 4620 quam
737 4551 1099 4607 surrexerunt,
1151 4541 1202 4595 id
1246 4549 1348 4604 est,
1400 4539 1452 4592 in
1500 4537 1890 4593 resurrectione
1916 4551 1946 4590 a

369 4641 616 4704 mortuis,
637 4642 915 4706 coeperunt
946 4642 1129 4704 aptare
1157 4630 1428 4700 lampades
1455 4644 1600 4694 suas,
1634 4628 1684 4683 id
1711 4637 1796 4683 est
1814 4643 1950 4698 pran-

372 4747 559 4803 parare
582 4731 690 4784 Deo
705 4743 924 4798 Operam
947 4739 1162 4778 suorum
1184 4721 1410 4776 reddere
1440 4719 1719 4774 rationem.
1741 4719 1809 4772 Et
1827 4718 1948 4789 quia

372 4835 497 4878 tunc
539 4837 697 4876 nemo
741 4829 824 4874 est
859 4818 948 4888 qui
994 4815 1188 4881 laudet,
1218 4813 1392 4868 omnis
1435 4812 1595 4866 homo
1622 4827 1796 4866 causa:
1839 4826 1951 4866 suat

373 4921 544 4979 vacat,
576 4926 734 4966 nemo
758 4918 841 4966 est
861 4917 987 4963 tunc
1008 4905 1097 4976 qui
1125 4921 1230 4960 non
1259 4905 1326 4959 de
1347 4919 1408 4958 se
1425 4903 1621 4972 cogitet
1648 4919 1661 4955 :
1695 4918 1799 4956 non
1823 4917 1951 4972 ergo

375 5005 642 5076 erantqui
686 5004 866 5058 oleum
893 5000 1218 5064 venderent;
1250 5005 1526 5067 coeperunt
1554 4995 1786 5051 deﬁcere
1813 4995 1950 5050 lam-

375 5104 559 5174 pades,
612 5111 668 5154 et
716 5105 1098 5154 converterunt
1142 5110 1200 5150 se
1242 5095 1398 5148 fatuae
1437 5093 1503 5148 ad
1551 5093 1786 5163 quinque
1826 5108 1951 5162 pru-

375 5198 564 5252 dentes
587 5211 602 5248 :
639 5193 770 5247 Date
794 5191 936 5245 nobis
965 5190 1027 5243 de
1055 5188 1164 5243 oleo
1202 5193 1391 5251 'vestro,
1420 5187 1538 5256 quia
1569 5184 1829 5254 lampades
1857 5200 1952 5237 no-

376 5299 496 5343 stra
539 5286 943 5355 exstinguuntur.
985 5280 1099 5336 Hoc
1128 5278 1439 5350 quaerebant
1480 5275 1620 5347 quod
1661 5289 1954 5330 consueve-

438 5445 456 5473 ι
473 5439 632 5489 Verba
654 5436 838 5496 istbzec,
876 5443 920 5486 et
943 5434 1074 5485 bonis
1096 5430 1315 5496 operibus
1337 5429 1454 5490 suis,
1486 5428 1676 5494 quando
1707 5426 1955 5491 lampades

375 5500 957 5568 [επεεῖίᾴειειωρλινενηι
1197 5566 1249 5568 ί,
1296 5560 1306 5568 .
1359 5567 1385 5568 η

439 5549 460 5599 ί
482 5549 625 5634 mliti,
639 5549 699 5611 de
713 5549 813 5611 oleo
824 5565 1018 5610 (attento.
1043 5557 1212 5606 Melius
1231 5560 1394 5604 autem
1413 5553 1676 5602 Victorinus
1696 5552 1869 5610 codex,
1893 5549 1956 5602 de

373 5625 477 5718 “cf
486 5631 856 5748 Mss"
880 5680 939 5748 de
961 5693 988 5730 ε
1015 5676 1260 5730 nscimtite
1280 5687 1380 5730 suae
1405 5675 1611 5726 veritate.
1635 5675 1952 5736 Colbertiaus,

378 5750 442 5800 de
463 5744 763 5797 conscientite
785 5744 1016 5796 claritate.

1756 303 1984 366 suane
2022 277 2201 365 sunt.

3494 293 3600 365 3'78

2015 428 2153 483 rant,
2201 417 2251 472 id
2293 425 2396 482 est,
2445 416 2618 473 alieno
2665 417 2786 474 oleo
2829 407 3029 485 luee‘re,
3078 416 3144 472 ad
3176 416 3378 473 alienas
3412 418 3600 474 latntes

2015 507 2306 562 ambulare.
2338 505 2471 562 Date
2524 509 2664 564 nobis
2706 509 2769 564 de
2811 511 2922 566 oleo
2949 518 3131 578 vestro,
3173 512 3290 581 quia
3327 511 3598 583 lampades

2016 607 2205 652 nostra:
2229 598 2633 668 exstinguuntur.
2720 626 2724 629 ι
2937 637 2952 648 .

2089 691 2148 744 l-l
2165 730 2177 743 .
2200 689 2383 745 Fatuae
2415 689 2644 762 Virgines
2669 692 2943 746 irridentur
2963 710 2995 746 a
3013 694 3340 766 sapientibus.
3359 696 3428 751 At
3448 695 3552 752 iilzc
3581 713 3596 750 :

2022 778 2105 833 Ne
2131 779 2280 849 forte,
2305 779 2564 850 inquiunt,
2594 797 2695 836 non
2733 783 2948 853 sufﬁciat
2981 785 3122 840 nobis
3147 795 3193 840 et
3221 785 3376 853 voltis,
3409 788 3476 841 ite
3504 805 3596 857 po-

2021 870 2118 924 tius
2165 870 2232 923 ad
2269 872 2552 937 uendentes,
2582 880 2629 924 et
2657 872 2804 926 emite
2849 872 3002 928 tabis.
3035 875 3150 930 Non
3169 878 3597 945 consulentium,

2021 961 2115 1015 sed
2141 960 2470 1015 irridentium
2497 971 2578 1015 est
2601 962 2697 1016 ista
2711 965 3005 1032 responsio.
3030 965 3204 1034 Quare
3229 968 3598 1023 irridentium?

2017 1050 2154 1120 Quia
2173 1053 2439 1122 sapientes
2459 1061 2632 1117 erant,
2656 1055 2776 1123 quia
2799 1055 3057 1124 sapientia
3087 1067 3201 1112 erat
3239 1058 3291 1112 in
3323 1060 3450 1114 illis.
3473 1059 3597 1115 Non

2022 1142 2164 1196 enim
2193 1143 2462 1212 sapientes
2489 1142 2555 1198 de
2579 1153 2852 1200 suocrant
2886 1163 2900 1198 :
2929 1146 3021 1200 sed
3048 1147 3135 1201 illa
3165 1149 3216 1202 in
3243 1149 3345 1204 illis
3374 1159 3490 1205 erat
3517 1167 3603 1205 sa-

2024 1235 2244 1304 pientia,
2271 1235 2338 1290 de
2359 1251 2460 1305 qua
2483 1237 2738 1306 scriptum
2765 1237 2918 1291 estin
2947 1238 3350 1308 quodam-libro,
3381 1258 3499 1311 qua:
3520 1243 3602 1297 di—

2025 1325 2096 1378 cit
2124 1326 2581 1395 contemptoribus
2610 1326 2742 1392 suis,
2774 1341 2895 1380 cum
2923 1329 3163 1383 venerint
3186 1329 3251 1384 ad
3285 1332 3424 1385 mala
3443 1373 3458 1398 ,
3486 1348 3605 1402 quae

2025 1414 2132 1469 illis
2158 1417 2360 1470 minata
2385 1425 2468 1471 est
2507 1433 2521 1470 :
2555 1415 2622 1470 Et
2647 1433 2738 1489 ego
2765 1427 2938 1472 vestra:
2967 1419 3234 1488 perditioni
3274 1423 3597 1492 superritlebo

2031 1505 2212 1577 (Prov.
2243 1506 2417 1578 μεθ).
2451 1507 2586 1576 Quid
2630 1511 2822 1564 mirum
2863 1519 2966 1578 est,
3017 1512 3140 1582 quia
3184 1513 3452 1584 sapientes
3489 1517 3607 1570 irri-

2027 1597 2154 1653 dent
2184 1599 2390 1653 latuas‘l
2415 1599 2548 1666 Quid
2572 1609 2654 1654 est
2679 1601 2939 1657 irridere?

2099 1688 2324 1744 CAPUT
2341 1689 2507 1744 lX.-—-—
2531 1690 2616 1745 12.
2634 1689 2826 1746 Oleum
2857 1703 3072 1750 ementes
3085 1704 3134 1749 et
3147 1697 3505 1753 vendentes.-—
3526 1687 3606 1756 lie

2029 1779 2096 1832 ad
2123 1781 2407 1848 uendentes,
2445 1791 2491 1835 et
2525 1783 2673 1836 emite
2700 1785 2836 1838 vobis
2864 1801 2885 1839 ς
2910 1801 3028 1856 qua:
3059 1803 3162 1842 non
3195 1791 3448 1848 solebatis
3475 1794 3611 1850 bene

2033 1872 2236 1937 vivere,
2278 1872 2380 1926 nisi
2430 1874 2550 1943 quia
2584 1889 2680 1928 vos
2720 1877 2962 1932 homines
3008 1880 3314 1946 laudabant,
3341 1885 3430 1954 qui
3461 1886 3612 1941 vobis

2030 1965 2204 2019 oleum
2233 1965 2548 2021 vendebant.
2571 1967 2707 2035 Quid
2721 1977 2824 2036 est,
2849 1970 3026 2024 oleum
3044 1972 3383 2030 vendebant?
3404 1976 3614 2032 Laudes

2033 2057 2350 2111 vendebant.
2410 2057 2510 2124 Qui
2565 2060 2802 2115 vendunt
2841 2061 3058 2128 laudes,
3111 2066 3210 2119 nisi
3264 2068 3614 2124 adulatores?

2031 2147 2241 2215 Quanto
2287 2149 2455 2218 magis
2503 2165 2608 2204 non
2669 2151 3076 2222 acquiescerctis
3123 2156 3518 2226 adulatoribus,
3563 2168 3617 2215 et

2033 2239 2177 2294 intus
2214 2240 2389 2294 oleum
2423 2241 2723 2309 portaretis,
2751 2253 2806 2297 et
2840 2254 3063 2314 propter
3104 2246 3302 2302 bonam
3340 2251 3617 2305 conscien-

2036 2330 2163 2384 tiam
2183 2332 2359 2385 omnia
2379 2333 2512 2386 bona
2529 2331 2691 2402 opera
2707 2335 2952 2390 faceretis
2972 2355 2985 2390 :
3007 2345 3129 2393 tunc
3145 2339 3414 2406 diceretis,
3433 2341 3620 2398 Emen-

2037 2420 2174 2474 dabit
2200 2438 2278 2475 me
2297 2423 2468 2491 justus
2485 2423 2536 2477 in
2560 2425 2923 2492 n'tisericordia,
2945 2437 2989 2480 et
3017 2440 3191 2500 arguet
3207 2445 3285 2485 me
3299 2447 3320 2495 ,'
3340 2433 3505 2486 oleum
3525 2451 3618 2488 au-

2038 2520 2133 2566 tem
2151 2515 2422 2581 peccatoris
2439 2528 2538 2568 non
2555 2517 2885 2588 impinguabit
2916 2531 3068 2589 caput
3107 2537 3268 2576 meum
3289 2524 3459 2597 (Psal.
3489 2542 3616 2592 CXL,

2039 2602 2118 2675 5).
2160 2603 2366 2672 Melius,
2398 2606 2583 2676 inquit,
2611 2609 2859 2664 emendet
2885 2625 2972 2666 me
2991 2612 3188 2680 justus,
3219 2627 3404 2686 arguat
3427 2634 3514 2672 me
3533 2619 3622 2689 ju-

2035 2703 2172 2762 stus,
2209 2696 2501 2767 colaphizet
2527 2714 2612 2752 me
2637 2699 2831 2769 justus,
2859 2704 3089 2774 corrigat
3121 2721 3208 2761 me
3230 2708 3425 2776 justus,
3460 2727 3619 2780 quam

2040 2785 2338 2858 impinguet
2373 2799 2533 2859 caput
2575 2806 2750 2846 memn
2789 2793 2962 2848 oleum
2997 2799 3312 2864 peccatoris.
3353 2799 3491 2867 Quid
3539 2812 3624 2857 ess

2039 2877 2217 2931 oleum
2248 2883 2562 2947 peccatoris,
2591 2881 2691 2936 nisi
2721 2881 3084 2940 blandimenta
3114 2886 3447 2945 adulatoris‘l

2113 2971 2200 3024 15.
2244 2969 2575 3030 Prudentium
2626 2974 2874 3044 virginum
2917 2976 3192 3033 humilitas.
3238 2977 3266 3032 Ι
3273 2989 3318 3035 te
3372 2996 3500 3052 ergo
3547 2983 3616 3037 ad

2041 3062 2344 3129 uendentes;
2374 3063 2474 3118 hoc
2527 3063 2705 3122 facere
2748 3068 3104 3124 consuestis‘.
3158 3069 3269 3126 Nos
3305 3081 3481 3128 autem
3513 3087 3620 3132 non

2043 3154 2194 3210 vobis
2240 3154 2444 3230 damus.
2488 3155 2698 3224 Quare?
2728 3157 2811 3213 Ne
2852 3160 2980 3229 forte
3015 3175 3116 3215 non
3157 3163 3372 3234 sufficiat
3402 3166 3544 3220 nobis
3577 3176 3624 3221 et

2042 3249 2198 3314 vobis,
2220 3248 2356 3316 Quid
2378 3258 2493 3317 est,
2517 3267 2616 3305 non
2632 3253 2879 3323 ευθῑσὲαιῖ
2899 3253 3012 3308 Νοη
3031 3254 3401 3325 desperatione
3425 3258 3624 3315 dictum

2043 3348 2146 3408 est,
2169 3341 2263 3396 sed
2288 3341 2465 3396 sobria
2488 3351 2542 3397 et
2565 3343 2647 3413 pia
2673 3343 2991 3401 humilitate.
3012 3346 3264 3412 Quamvis
3283 3349 3424 3404 enim
3451 3349 3624 3405 bonus

2046 3429 2240 3486 habeat
2264 3431 2456 3486 bonam
2497 3433 2912 3500 conscientiam;
2955 3436 3094 3491 unde
3139 3437 3239 3492 scit
3278 3439 3625 3508 quemadmo-

2042 3524 2168 3579 dum
2193 3525 2395 3595 Ῑιιᾱὶοιιῑ
2421 3527 2506 3581 ille
2528 3527 2650 3596 quia
2673 3543 2701 3580 a
2730 3528 2943 3582 nemine
2969 3526 3205 3584 fallitur?
3224 3525 3395 3586 Habet
3424 3532 3619 3588 bonam

2044 3617 2484 3681 conseientiam‘,
2525 3633 2634 3672 non
2680 3619 2828 3673 illum
2861 3619 3075 3674 titillant
3103 3621 3325 3676 crimina
3356 3623 3410 3677 in
3456 3623 3619 3679 corde

2047 3717 2339 3777 concepta;
2387 3706 2482 3762 sed
2514 3719 2732 3778 propter
2759 3709 3064 3779 quotidiana
3091 3712 3331 3781 quaedam
3372 3713 3495 3768 vitae
3521 3716 3624 3768 hu-

2049 3813 2220 3853 mana:
2251 3808 2485 3869 peccata,
2514 3799 2638 3854 licet
2665 3801 2801 3856 bona
2825 3802 3149 3857 conscientia
3171 3804 3261 3867 sit,
3294 3812 3469 3859 tamen
3497 3804 3626 3861 dicit

2051 3891 2180 3959 Deo,
2213 3891 2424 3946 Dimitte
2449 3893 2592 3948 nobis
2619 3893 2783 3947 debita
2813 3903 2982 3948 nostra
3010 3911 3030 3948 :
3058 3896 3180 3966 quia
3210 3896 3332 3952 fecit
3360 3897 3502 3968 quod
3539 3913 3628 3952 se-

2048 3983 2228 4054 quitur
2251 4025 2268 4050 ,
2315 3983 2458 4039 Sicut
2505 3993 2554 4039 et
2601 4001 2692 4039 nos
2745 3985 3042 4040 dimittiinus
3100 3987 3405 4056 debitoribus
3449 3989 3631 4045 nostris

2050 4075 2260 4146 (Matth.
2285 4091 2360 4140 vr,
2391 4075 2504 4146 12).
2538 4075 2713 4146 Fregit
2740 4092 2927 4146 panem
2955 4078 3208 4134 esurienti
3223 4095 3300 4135 ‘ex
3331 4081 3516 4150 corde,
3539 4099 3634 4137 ve-

2049 4167 2193 4222 stivit
2223 4166 2417 4221 nudum
2445 4182 2510 4221 ex
2533 4167 2700 4222 corde
2731 4185 2744 4220 :
2771 4167 2838 4222 de
2865 4169 2987 4224 oleo
3027 4169 3286 4226 interiore
3313 4172 3437 4228 fecit
3467 4188 3630 4244 opera

2051 4259 2209 4325 bona,
2238 4269 2294 4316 et
2315 4268 2493 4314 tamen
2520 4260 2573 4314 in
2595 4259 2686 4314 illo
2705 4259 2907 4330 judicio
2934 4263 3162 4332 trepidat
3187 4264 3298 4335 ipsa
3337 4265 3475 4321 bona
3501 4282 3634 4322 con-

2051 4352 2291 4407 scientia.

2124 4443 2212 4498 M.
2260 4442 2583 4498 Pulsantibus
2611 4445 2794 4498 ostium
2824 4462 2913 4499 cur
2944 4463 3043 4501 non
3070 4448 3314 4518 aperitur.
3348 4449 3478 4506 Vide
3507 4452 3632 4521 quid

2053 4541 2154 4600 est,
2198 4532 2331 4588 Date
2366 4534 2510 4588 nobis
2560 4534 2743 4588 oleum.
2772 4534 3088 4602 Audierant,
3120 4537 3202 4592 Ite
3228 4540 3395 4610 potius
3419 4540 3487 4593 ad
3514 4551 3633 4593 vcn-

2055 4624 2243 4678 dentes.
2279 4623 2411 4692 Quia
2452 4624 2695 4679 laudibus
2727 4625 2974 4681 humanis
3016 4628 3153 4683 bene
3180 4629 3363 4684 vivere
3407 4645 3636 4687 consuc-

2055 4715 2171 4782 stis,
2204 4715 2474 4770 vobiscum
2519 4716 2699 4771 oleum
2730 4733 2833 4771 non
2884 4719 3106 4787 portatis
3139 4737 3152 4772 :
3195 4735 3302 4774 non
3332 4730 3509 4775 autem
3539 4737 3637 4776 nos

2055 4805 2244 4860 damus
2269 4822 2284 4873 ;
2317 4823 2378 4860 ne
2414 4811 2545 4877 forte
2567 4823 2667 4861 non
2697 4809 2911 4879 sumciat
2937 4811 3079 4865 nobis
3103 4820 3150 4864 et
3179 4812 3332 4865 vobis.
3367 4812 3462 4866 \‘ix
3493 4811 3635 4866 enim

2055 4899 2124 4955 de
2150 4900 2306 4955 nobis
2329 4900 2648 4969 iudicamus,
2672 4911 2870 4972 quanto
2893 4905 3066 4958 minus
3096 4917 3377 4973 possumus
3396 4903 3637 4974 judicare

2057 4991 2125 5048 de
2150 4993 2336 5047 vobis?
2363 4993 2500 5061 Quid
2547 5002 2648 5058 est,
2698 4995 2794 5049 Vix
2834 4994 2901 5051 de
2947 4997 3102 5051 nobis
3127 4997 3465 5066 iudicamus?
3503 4997 3636 5065 Quia

2059 5099 2181 5138 cum
2207 5082 2299 5138 rex
2325 5085 2503 5153 justus
2531 5084 2731 5140 sederit
2753 5087 2804 5140 in
2837 5087 3051 5152 throno,
3079 5089 3199 5158 quis
3219 5089 3529 5159 gloriabitur
3548 5105 3638 5144 ca-

2057 5186 2196 5230 stum
2251 5191 2309 5231 se
2339 5176 2534 5231 habere
2575 5193 2668 5233 eor
2708 5177 2885 5247 (Prov.
2918 5194 3017 5244 xx,
3046 5179 3099 5244 8,
3129 5177 3224 5250 9)?
3263 5175 3421 5234 Forte
3448 5189 3501 5234 tu
3532 5196 3637 5237 non

2060 5269 2268 5324 invenis
2296 5269 2493 5338 aliquid
2520 5269 2572 5323 in
2599 5270 2926 5324 conscientia
2953 5279 3042 5324 tua
3070 5286 3083 5334 ;
3108 5279 3163 5325 et
3199 5271 3399 5340 invenit
3427 5271 3516 5326 ille
3549 5272 3636 5342 qui

2059 5362 2247 5417 melius
2263 5361 2427 5426 videt,
2448 5361 2600 5431 cujus
2619 5363 2762 5417 acies
2779 5363 2955 5416 divina
2973 5372 3218 5432 penetrat
3241 5365 3428 5419 altiora
3459 5383 3472 5419 :
3497 5366 3641 5420 videt

2059 5455 2194 5511 forte
2223 5453 2444 5526 aliquid,
2478 5454 2687 5510 invenit
2713 5454 3084 5526 fortealiquid.
3104 5455 3312 5524 Quanto
3355 5457 3544 5512 melius
3565 5458 3638 5511 illi

2126 5615 2141 5645 ί
2165 5619 2214 5663 tn
2235 5611 2509 5662 Colbertino
2532 5611 2671 5670 libro,
2693 5609 2779 5660 ltoc
2802 5617 2889 5672 est,
2914 5611 3074 5672 facere
3097 5613 3370 5666 consuestis.

2124 5677 2144 5705 ε
2165 5684 2292 5733 \tss.,
2336 5673 2419 5737 qui
2465 5674 2699 5730 neminem
2753 5671 2877 5736 fallit
2898 5671 2924 5724 1’
2969 5677 3114 5726 Ilttbt’l
3164 5675 3516 5736 madentium,
3543 5684 3639 5726 etc.

2064 5739 2260 5798 omisso,
2283 5738 2466 5784 bon:.m.
