  <div class='ocr_page' id='page_1' title='image "/cluster/home/n/w/nwhite01/storage/ocr_20150623/38/hvd.32044015706294/295.png"; bbox 0 0 4006 6438; ppageno 0'>
   <div class='ocr_carea' id='block_1_1' title="bbox 533 310 640 384">
    <p class='ocr_par' dir='ltr' id='par_1_1' title="bbox 533 310 640 384">
     <span class='ocr_line' id='line_1_1' title="bbox 533 310 640 384; baseline 0.019 -2"><span class='ocrx_word' id='word_1_1' title='bbox 533 310 640 384; x_wconf 60' lang='grc'><strong>899</strong></span> 
     </span>
    </p>
   </div>
   <div class='ocr_carea' id='block_1_2' title="bbox 533 420 2108 509">
    <p class='ocr_par' dir='ltr' id='par_1_2' title="bbox 533 420 2108 509">
     <span class='ocr_line' id='line_1_2' title="bbox 533 420 2108 509; baseline -0.003 -13"><span class='ocrx_word' id='word_1_2' title='bbox 533 420 688 508; x_wconf 76' lang='lat' dir='ltr'><strong>dicis,</strong></span> <span class='ocrx_word' id='word_1_3' title='bbox 721 440 804 496; x_wconf 87' lang='lat' dir='ltr'><strong>Ne</strong></span> <span class='ocrx_word' id='word_1_4' title='bbox 827 441 980 496; x_wconf 71' lang='lat' dir='ltr'><strong>intres</strong></span> <span class='ocrx_word' id='word_1_5' title='bbox 1001 440 1052 494; x_wconf 90' lang='lat' dir='ltr'><strong>in</strong></span> <span class='ocrx_word' id='word_1_6' title='bbox 1072 438 1325 509; x_wconf 76' lang='lat' dir='ltr'><strong>judicium</strong></span> <span class='ocrx_word' id='word_1_7' title='bbox 1344 455 1458 493; x_wconf 86' lang='lat' dir='ltr'><strong>cum</strong></span> <span class='ocrx_word' id='word_1_8' title='bbox 1477 455 1616 494; x_wconf 82' lang='lat' dir='ltr'><strong>servo</strong></span> <span class='ocrx_word' id='word_1_9' title='bbox 1636 448 1720 493; x_wconf 88' lang='lat' dir='ltr'><strong>tuo</strong></span> <span class='ocrx_word' id='word_1_10' title='bbox 1740 439 1912 506; x_wconf 84' lang='lat' dir='ltr'><strong>(Psal.</strong></span> <span class='ocrx_word' id='word_1_11' title='bbox 1942 443 2108 507; x_wconf 75' lang='lat' dir='ltr'><strong>&#39;chII,</strong></span> 
     </span>
    </p>
   </div>
   <div class='ocr_carea' id='block_1_3' title="bbox 1767 316 2566 385">
    <p class='ocr_par' dir='ltr' id='par_1_3' title="bbox 1767 316 2566 385">
     <span class='ocr_line' id='line_1_3' title="bbox 1767 316 2566 385; baseline 0.005 -4"><span class='ocrx_word' id='word_1_12' title='bbox 1767 325 1825 381; x_wconf 91' lang='lat' dir='ltr'><strong>S.</strong></span> <span class='ocrx_word' id='word_1_13' title='bbox 1866 316 2230 383; x_wconf 71' lang='lat' dir='ltr'><strong>AECUSTINI</strong></span> <span class='ocrx_word' id='word_1_14' title='bbox 2271 326 2566 385; x_wconf 75' lang='lat' dir='ltr'><strong>EPISCOFI</strong></span> 
     </span>
    </p>
   </div>
   <div class='ocr_carea' id='block_1_4' title="bbox 3687 321 3789 399">
    <p class='ocr_par' dir='ltr' id='par_1_4' title="bbox 3687 321 3789 399">
     <span class='ocr_line' id='line_1_4' title="bbox 3687 321 3789 399; baseline 0.02 -2"><span class='ocrx_word' id='word_1_15' title='bbox 3687 321 3789 399; x_wconf 67' lang='grc' dir='ltr'><strong>ὲ»δῦ</strong></span> 
     </span>
    </p>
   </div>
   <div class='ocr_carea' id='block_1_5' title="bbox 2217 442 3786 522">
    <p class='ocr_par' dir='ltr' id='par_1_5' title="bbox 2217 442 3786 522">
     <span class='ocr_line' id='line_1_5' title="bbox 2217 442 3786 522; baseline 0.013 -28"><span class='ocrx_word' id='word_1_16' title='bbox 2217 443 2429 497; x_wconf 79' lang='lat' dir='ltr'><strong>nomine</strong></span> <span class='ocrx_word' id='word_1_17' title='bbox 2450 442 2679 509; x_wconf 76' lang='lat' dir='ltr'><strong>Christi;</strong></span> <span class='ocrx_word' id='word_1_18' title='bbox 2708 447 2810 502; x_wconf 90' lang='lat' dir='ltr'><strong>sint</strong></span> <span class='ocrx_word' id='word_1_19' title='bbox 2835 448 2884 502; x_wconf 92' lang='lat' dir='ltr'><strong>in</strong></span> <span class='ocrx_word' id='word_1_20' title='bbox 2913 448 3062 504; x_wconf 84' lang='lat' dir='ltr'><strong>vobis</strong></span> <span class='ocrx_word' id='word_1_21' title='bbox 3084 449 3316 521; x_wconf 88' lang='lat' dir='ltr'><strong>quinque</strong></span> <span class='ocrx_word' id='word_1_22' title='bbox 3343 451 3630 522; x_wconf 74' lang='lat' dir='ltr'><strong>prudentes</strong></span> <span class='ocrx_word' id='word_1_23' title='bbox 3648 497 3664 522; x_wconf 93' lang='lat'><strong>,</strong></span> <span class='ocrx_word' id='word_1_24' title='bbox 3693 457 3786 514; x_wconf 82' lang='lat' dir='ltr'><strong>sed</strong></span> 
     </span>
    </p>
   </div>
   <div class='ocr_carea' id='block_1_6' title="bbox 531 531 3785 633">
    <p class='ocr_par' dir='ltr' id='par_1_6' title="bbox 531 531 3785 633">
     <span class='ocr_line' id='line_1_6' title="bbox 531 531 3785 633; baseline 0.005 -47"><span class='ocrx_word' id='word_1_25' title='bbox 531 532 631 604; x_wconf 70' lang='lat'><strong>2)?</strong></span> <span class='ocrx_word' id='word_1_26' title='bbox 660 535 831 589; x_wconf 92' lang='lat' dir='ltr'><strong>Etiam</strong></span> <span class='ocrx_word' id='word_1_27' title='bbox 848 544 1048 604; x_wconf 88' lang='lat' dir='ltr'><strong>quanto</strong></span> <span class='ocrx_word' id='word_1_28' title='bbox 1062 534 1248 590; x_wconf 87' lang='lat' dir='ltr'><strong>melius</strong></span> <span class='ocrx_word' id='word_1_29' title='bbox 1273 533 1424 599; x_wconf 85' lang='lat' dir='ltr'><strong>dicis,</strong></span> <span class='ocrx_word' id='word_1_30' title='bbox 1450 531 1657 588; x_wconf 85' lang='lat' dir='ltr'><strong>Dimitte</strong></span> <span class='ocrx_word' id='word_1_31' title='bbox 1671 534 1812 588; x_wconf 86' lang='lat' dir='ltr'><strong>nobis</strong></span> <span class='ocrx_word' id='word_1_32' title='bbox 1827 533 1992 587; x_wconf 80' lang='lat' dir='ltr'><strong>debita</strong></span> <span class='ocrx_word' id='word_1_33' title='bbox 2019 549 2111 587; x_wconf 79' lang='lat' dir='ltr'><strong>no-</strong></span> <span class='ocrx_word' id='word_1_34' title='bbox 2214 533 2381 633; x_wconf 79' lang='lat' dir='ltr'><strong>nolite</strong></span> <span class='ocrx_word' id='word_1_35' title='bbox 2409 536 2638 604; x_wconf 89' lang='lat' dir='ltr'><strong>quinque</strong></span> <span class='ocrx_word' id='word_1_36' title='bbox 2681 537 2940 594; x_wconf 85' lang='lat' dir='ltr'><strong>homines.</strong></span> <span class='ocrx_word' id='word_1_37' title='bbox 2971 538 3088 595; x_wconf 83' lang='lat' dir='ltr'><strong>Sint</strong></span> <span class='ocrx_word' id='word_1_38' title='bbox 3129 542 3180 596; x_wconf 90' lang='lat' dir='ltr'><strong>in</strong></span> <span class='ocrx_word' id='word_1_39' title='bbox 3208 543 3358 599; x_wconf 86' lang='lat' dir='ltr'><strong>vobis</strong></span> <span class='ocrx_word' id='word_1_40' title='bbox 3399 545 3632 616; x_wconf 89' lang='lat' dir='ltr'><strong>quinque</strong></span> <span class='ocrx_word' id='word_1_41' title='bbox 3658 562 3785 633; x_wconf 75' lang='lat' dir='ltr'><strong>prn-</strong></span> 
     </span>
    </p>
   </div>
   <div class='ocr_carea' id='block_1_7' title="bbox 529 623 2109 696">
    <p class='ocr_par' dir='ltr' id='par_1_7' title="bbox 529 623 2109 696">
     <span class='ocr_line' id='line_1_7' title="bbox 529 623 2109 696; baseline 0.001 -19"><span class='ocrx_word' id='word_1_42' title='bbox 529 625 670 678; x_wconf 85' lang='lat' dir='ltr'><strong>stra?</strong></span> <span class='ocrx_word' id='word_1_43' title='bbox 687 625 819 691; x_wconf 85' lang='lat' dir='ltr'><strong>Quia</strong></span> <span class='ocrx_word' id='word_1_44' title='bbox 835 633 887 678; x_wconf 87' lang='lat' dir='ltr'><strong>et</strong></span> <span class='ocrx_word' id='word_1_45' title='bbox 910 623 1102 678; x_wconf 89' lang='lat' dir='ltr'><strong>dicitur</strong></span> <span class='ocrx_word' id='word_1_46' title='bbox 1123 624 1212 681; x_wconf 86' lang='lat' dir='ltr'><strong>tibi</strong></span> <span class='ocrx_word' id='word_1_47' title='bbox 1236 632 1450 695; x_wconf 82' lang='lat' dir='ltr'><strong>pmpter</strong></span> <span class='ocrx_word' id='word_1_48' title='bbox 1465 624 1582 678; x_wconf 88' lang='lat' dir='ltr'><strong>illas</strong></span> <span class='ocrx_word' id='word_1_49' title='bbox 1596 624 1739 680; x_wconf 82' lang='lat' dir='ltr'><strong>faces</strong></span> <span class='ocrx_word' id='word_1_50' title='bbox 1751 625 1790 690; x_wconf 86' lang='grc'><strong>¹,</strong></span> <span class='ocrx_word' id='word_1_51' title='bbox 1815 632 2030 696; x_wconf 83' lang='lat' dir='ltr'><strong>propter</strong></span> <span class='ocrx_word' id='word_1_52' title='bbox 2047 625 2109 679; x_wconf 64' lang='lat' dir='ltr'><strong>il;</strong></span> 
     </span>
    </p>
   </div>
   <div class='ocr_carea' id='block_1_8' title="bbox 533 716 2108 788">
    <p class='ocr_par' dir='ltr' id='par_1_8' title="bbox 533 716 2108 788">
     <span class='ocr_line' id='line_1_8' title="bbox 533 716 2108 788; baseline 0.003 -18"><span class='ocrx_word' id='word_1_53' title='bbox 533 716 612 772; x_wconf 84' lang='lat' dir='ltr'><strong>las</strong></span> <span class='ocrx_word' id='word_1_54' title='bbox 638 717 910 788; x_wconf 82' lang='lat' dir='ltr'><strong>lampades</strong></span> <span class='ocrx_word' id='word_1_55' title='bbox 938 735 950 772; x_wconf 91' lang='lat'>:</span> <span class='ocrx_word' id='word_1_56' title='bbox 982 717 1228 784; x_wconf 86' lang='lat' dir='ltr'><strong>Esurivi,</strong></span> <span class='ocrx_word' id='word_1_57' title='bbox 1275 729 1330 774; x_wconf 91' lang='lat' dir='ltr'><strong>et</strong></span> <span class='ocrx_word' id='word_1_58' title='bbox 1379 719 1570 774; x_wconf 78' lang='lat' dir='ltr'><strong>dedisti</strong></span> <span class='ocrx_word' id='word_1_59' title='bbox 1615 720 1744 774; x_wconf 89' lang='lat' dir='ltr'><strong>mihi</strong></span> <span class='ocrx_word' id='word_1_60' title='bbox 1788 720 2108 776; x_wconf 81' lang='lat' dir='ltr'><strong>manducare</strong></span> 
     </span>
    </p>
   </div>
   <div class='ocr_carea' id='block_1_9' title="bbox 531 809 2107 891">
    <p class='ocr_par' dir='ltr' id='par_1_9' title="bbox 531 809 2107 891">
     <span class='ocr_line' id='line_1_9' title="bbox 531 809 2107 891; baseline 0.002 -27"><span class='ocrx_word' id='word_1_61' title='bbox 531 809 745 880; x_wconf 70' lang='lat' dir='ltr'><strong>(Matth.</strong></span> <span class='ocrx_word' id='word_1_62' title='bbox 789 826 920 878; x_wconf 85' lang='lat' dir='ltr'><strong>xxv,</strong></span> <span class='ocrx_word' id='word_1_63' title='bbox 949 812 1062 883; x_wconf 78' lang='lat'><strong>35&#39;).</strong></span> <span class='ocrx_word' id='word_1_64' title='bbox 1089 812 1226 879; x_wconf 83' lang='lat' dir='ltr'><strong>Quid</strong></span> <span class='ocrx_word' id='word_1_65' title='bbox 1256 811 1416 882; x_wconf 86' lang='lat' dir='ltr'><strong>ergo?</strong></span> <span class='ocrx_word' id='word_1_66' title='bbox 1441 822 1494 869; x_wconf 86' lang='lat' dir='ltr'><strong>et</strong></span> <span class='ocrx_word' id='word_1_67' title='bbox 1524 813 1629 866; x_wconf 81' lang='lat' dir='ltr'><strong>illae</strong></span> <span class='ocrx_word' id='word_1_68' title='bbox 1656 811 1764 867; x_wconf 79' lang='lat' dir='ltr'><strong>non</strong></span> <span class='ocrx_word' id='word_1_69' title='bbox 1791 810 1920 867; x_wconf 91' lang='lat' dir='ltr'><strong>illud</strong></span> <span class='ocrx_word' id='word_1_70' title='bbox 1966 812 2107 891; x_wconf 81' lang='lat' dir='ltr'><strong>fece—_</strong></span> 
     </span>
    </p>
   </div>
   <div class='ocr_carea' id='block_1_10' title="bbox 525 896 2107 974">
    <p class='ocr_par' dir='ltr' id='par_1_10' title="bbox 525 896 2107 974">
     <span class='ocr_line' id='line_1_10' title="bbox 525 896 2107 974; baseline 0.002 -19"><span class='ocrx_word' id='word_1_71' title='bbox 525 903 685 956; x_wconf 87' lang='lat' dir='ltr'><strong>runt?</strong></span> <span class='ocrx_word' id='word_1_72' title='bbox 705 902 820 956; x_wconf 85' lang='lat' dir='ltr'><strong>Non</strong></span> <span class='ocrx_word' id='word_1_73' title='bbox 840 902 1076 958; x_wconf 82' lang='lat' dir='ltr'><strong>fecerunt</strong></span> <span class='ocrx_word' id='word_1_74' title='bbox 1091 913 1213 960; x_wconf 85' lang='lat' dir='ltr'><strong>ante</strong></span> <span class='ocrx_word' id='word_1_75' title='bbox 1231 905 1403 959; x_wconf 90' lang='lat' dir='ltr'><strong>illum.</strong></span> <span class='ocrx_word' id='word_1_76' title='bbox 1424 903 1528 960; x_wconf 81' lang='lat' dir='ltr'><strong>Sed</strong></span> <span class='ocrx_word' id='word_1_77' title='bbox 1545 905 1812 974; x_wconf 88' lang='lat' dir='ltr'><strong>quomodo</strong></span> <span class='ocrx_word' id='word_1_78' title='bbox 1832 896 2107 960; x_wconf 71' lang='lat' dir='ltr'><strong>fecerunt?</strong></span> 
     </span>
    </p>
   </div>
   <div class='ocr_carea' id='block_1_11' title="bbox 527 994 2106 1066">
    <p class='ocr_par' dir='ltr' id='par_1_11' title="bbox 527 994 2106 1066">
     <span class='ocr_line' id='line_1_11' title="bbox 527 994 2106 1066; baseline 0.002 -19"><span class='ocrx_word' id='word_1_79' title='bbox 527 994 805 1060; x_wconf 86' lang='lat' dir='ltr'><strong>Quomodo</strong></span> <span class='ocrx_word' id='word_1_80' title='bbox 831 994 1078 1064; x_wconf 84' lang='lat' dir='ltr'><strong>prohibet</strong></span> <span class='ocrx_word' id='word_1_81' title='bbox 1107 996 1381 1062; x_wconf 80' lang='lat' dir='ltr'><strong>Dominus,</strong></span> <span class='ocrx_word' id='word_1_82' title='bbox 1413 996 1502 1066; x_wconf 92' lang='lat' dir='ltr'><strong>qui</strong></span> <span class='ocrx_word' id='word_1_83' title='bbox 1545 995 1697 1062; x_wconf 74' lang='lat' dir='ltr'><strong>dixit,</strong></span> <span class='ocrx_word' id='word_1_84' title='bbox 1728 994 1905 1051; x_wconf 80' lang='lat' dir='ltr'><strong>Cavete</strong></span> <span class='ocrx_word' id='word_1_85' title='bbox 1940 996 2106 1064; x_wconf 70' lang='lat' dir='ltr'><strong>[atere</strong></span> 
     </span>
    </p>
   </div>
   <div class='ocr_carea' id='block_1_12' title="bbox 513 1085 2104 1154">
    <p class='ocr_par' dir='ltr' id='par_1_12' title="bbox 513 1085 2104 1154">
     <span class='ocr_line' id='line_1_12' title="bbox 513 1085 2104 1154; baseline 0.004 -18"><span class='ocrx_word' id='word_1_86' title='bbox 513 1085 768 1154; x_wconf 77' lang='lat' dir='ltr'><strong>justitiam</strong></span> <span class='ocrx_word' id='word_1_87' title='bbox 800 1093 1013 1140; x_wconf 84' lang='lat' dir='ltr'><strong>vestram</strong></span> <span class='ocrx_word' id='word_1_88' title='bbox 1040 1093 1211 1141; x_wconf 81' lang='lat' dir='ltr'><strong>coram</strong></span> <span class='ocrx_word' id='word_1_89' title='bbox 1238 1087 1542 1153; x_wconf 79' lang='lat' dir='ltr'><strong>hominibus,</strong></span> <span class='ocrx_word' id='word_1_90' title='bbox 1560 1097 1614 1141; x_wconf 81' lang='lat' dir='ltr'><strong>ut</strong></span> <span class='ocrx_word' id='word_1_91' title='bbox 1631 1086 1972 1141; x_wconf 76' lang='lat' dir='ltr'><strong>eideuminiab</strong></span> <span class='ocrx_word' id='word_1_92' title='bbox 1989 1088 2060 1141; x_wconf 85' lang='lat' dir='ltr'><strong>eis</strong></span> <span class='ocrx_word' id='word_1_93' title='bbox 2084 1101 2104 1142; x_wconf 89' lang='lat'><strong><em>:</em></strong></span> 
     </span>
    </p>
   </div>
   <div class='ocr_carea' id='block_1_13' title="bbox 532 1176 2102 1247">
    <p class='ocr_par' dir='ltr' id='par_1_13' title="bbox 532 1176 2102 1247">
     <span class='ocr_line' id='line_1_13' title="bbox 532 1176 2102 1247; baseline 0 -17"><span class='ocrx_word' id='word_1_94' title='bbox 532 1177 758 1246; x_wconf 79' lang='lat' dir='ltr'><strong>alioquin</strong></span> <span class='ocrx_word' id='word_1_95' title='bbox 784 1192 886 1230; x_wconf 87' lang='lat' dir='ltr'><strong>non</strong></span> <span class='ocrx_word' id='word_1_96' title='bbox 913 1177 1155 1232; x_wconf 76' lang='lat' dir='ltr'><strong>habebitis</strong></span> <span class='ocrx_word' id='word_1_97' title='bbox 1179 1178 1454 1232; x_wconf 84' lang='lat' dir='ltr'><strong>mercedem</strong></span> <span class='ocrx_word' id='word_1_98' title='bbox 1481 1177 1618 1247; x_wconf 82' lang='lat' dir='ltr'><strong>apud</strong></span> <span class='ocrx_word' id='word_1_99' title='bbox 1657 1176 1863 1231; x_wconf 84' lang='lat' dir='ltr'><strong>Patrem</strong></span> <span class='ocrx_word' id='word_1_100' title='bbox 1887 1186 2102 1231; x_wconf 79' lang='lat' dir='ltr'><strong>oestrum</strong></span> 
     </span>
    </p>
   </div>
   <div class='ocr_carea' id='block_1_14' title="bbox 529 1267 2102 1338">
    <p class='ocr_par' dir='ltr' id='par_1_14' title="bbox 529 1267 2102 1338">
     <span class='ocr_line' id='line_1_14' title="bbox 529 1267 2102 1338; baseline 0.001 -18"><span class='ocrx_word' id='word_1_101' title='bbox 529 1267 607 1333; x_wconf 67' lang='lat' dir='ltr'><strong>uti</strong></span> <span class='ocrx_word' id='word_1_102' title='bbox 626 1267 676 1320; x_wconf 88' lang='lat' dir='ltr'><strong>in</strong></span> <span class='ocrx_word' id='word_1_103' title='bbox 706 1268 842 1321; x_wconf 80' lang='lat' dir='ltr'><strong>ctrlis</strong></span> <span class='ocrx_word' id='word_1_104' title='bbox 871 1276 966 1322; x_wconf 83' lang='lat' dir='ltr'><strong>est.</strong></span> <span class='ocrx_word' id='word_1_105' title='bbox 989 1267 1055 1321; x_wconf 84' lang='lat' dir='ltr'><strong>Et</strong></span> <span class='ocrx_word' id='word_1_106' title='bbox 1076 1269 1230 1322; x_wconf 82' lang='lat' dir='ltr'><strong>nolite</strong></span> <span class='ocrx_word' id='word_1_107' title='bbox 1251 1268 1441 1322; x_wconf 80' lang='lat' dir='ltr'><strong>similes</strong></span> <span class='ocrx_word' id='word_1_108' title='bbox 1457 1283 1565 1322; x_wconf 83' lang='lat' dir='ltr'><strong>esse</strong></span> <span class='ocrx_word' id='word_1_109' title='bbox 1585 1267 1878 1338; x_wconf 55' lang='lat' dir='ltr'><strong>hypocrita,</strong></span> <span class='ocrx_word' id='word_1_110' title='bbox 1899 1267 2102 1337; x_wconf 71' lang='lat' dir='ltr'><strong>quando</strong></span> 
     </span>
    </p>
   </div>
   <div class='ocr_carea' id='block_1_15' title="bbox 519 1357 2102 1429">
    <p class='ocr_par' dir='ltr' id='par_1_15' title="bbox 519 1357 2102 1429">
     <span class='ocr_line' id='line_1_15' title="bbox 519 1357 2102 1429; baseline -0.001 -18"><span class='ocrx_word' id='word_1_111' title='bbox 519 1358 696 1411; x_wconf 87' lang='lat' dir='ltr'><strong>oratis.</strong></span> <span class='ocrx_word' id='word_1_112' title='bbox 745 1357 929 1411; x_wconf 81' lang='lat' dir='ltr'><strong>Amant</strong></span> <span class='ocrx_word' id='word_1_113' title='bbox 981 1359 1114 1412; x_wconf 89' lang='lat' dir='ltr'><strong>enim</strong></span> <span class='ocrx_word' id='word_1_114' title='bbox 1151 1367 1284 1412; x_wconf 78' lang='lat' dir='ltr'><strong>stare</strong></span> <span class='ocrx_word' id='word_1_115' title='bbox 1328 1360 1379 1412; x_wconf 91' lang='lat' dir='ltr'><strong>in</strong></span> <span class='ocrx_word' id='word_1_116' title='bbox 1410 1358 1590 1429; x_wconf 78' lang='lat' dir='ltr'><strong>plateis</strong></span> <span class='ocrx_word' id='word_1_117' title='bbox 1634 1366 1680 1412; x_wconf 87' lang='lat' dir='ltr'><strong>et</strong></span> <span class='ocrx_word' id='word_1_118' title='bbox 1727 1363 1891 1423; x_wconf 88' lang='lat' dir='ltr'><strong>a&#39;rare,</strong></span> <span class='ocrx_word' id='word_1_119' title='bbox 1939 1366 1996 1411; x_wconf 81' lang='lat' dir='ltr'><strong>ut</strong></span> <span class='ocrx_word' id='word_1_120' title='bbox 2029 1357 2102 1410; x_wconf 81' lang='lat' dir='ltr'><strong>oi-</strong></span> 
     </span>
    </p>
   </div>
   <div class='ocr_carea' id='block_1_16' title="bbox 519 1443 2100 1520">
    <p class='ocr_par' dir='ltr' id='par_1_16' title="bbox 519 1443 2100 1520">
     <span class='ocr_line' id='line_1_16' title="bbox 519 1443 2100 1520; baseline 0.002 -20"><span class='ocrx_word' id='word_1_121' title='bbox 519 1449 733 1504; x_wconf 84' lang='lat' dir='ltr'><strong>deantur</strong></span> <span class='ocrx_word' id='word_1_122' title='bbox 776 1447 838 1502; x_wconf 80' lang='lat' dir='ltr'><strong>ab</strong></span> <span class='ocrx_word' id='word_1_123' title='bbox 871 1443 1174 1504; x_wconf 76' lang='lat' dir='ltr'><strong>hominibus.</strong></span> <span class='ocrx_word' id='word_1_124' title='bbox 1221 1448 1382 1504; x_wconf 80' lang='lat' dir='ltr'><strong>Amen</strong></span> <span class='ocrx_word' id='word_1_125' title='bbox 1409 1451 1522 1504; x_wconf 87' lang='lat' dir='ltr'><strong>dico</strong></span> <span class='ocrx_word' id='word_1_126' title='bbox 1568 1449 1727 1515; x_wconf 72' lang='lat' dir='ltr'><strong>vobis,</strong></span> <span class='ocrx_word' id='word_1_127' title='bbox 1774 1457 2100 1520; x_wconf 84' lang='lat' dir='ltr'><strong>perceperunt</strong></span> 
     </span>
    </p>
   </div>
   <div class='ocr_carea' id='block_1_17' title="bbox 527 1541 2094 1615">
    <p class='ocr_par' dir='ltr' id='par_1_17' title="bbox 527 1541 2094 1615">
     <span class='ocr_line' id='line_1_17' title="bbox 527 1541 2094 1615; baseline 0.003 -23"><span class='ocrx_word' id='word_1_128' title='bbox 527 1541 795 1596; x_wconf 16' lang='lat' dir='ltr'><strong>Aptercedem</strong></span> <span class='ocrx_word' id='word_1_129' title='bbox 840 1553 986 1595; x_wconf 81' lang='lat' dir='ltr'><strong>suam</strong></span> <span class='ocrx_word' id='word_1_130' title='bbox 1023 1541 1235 1613; x_wconf 78' lang='lat' dir='ltr'><strong>(Matth.</strong></span> <span class='ocrx_word' id='word_1_131' title='bbox 1282 1559 1356 1609; x_wconf 71' lang='lat' dir='ltr'><strong>Vl,</strong></span> <span class='ocrx_word' id='word_1_132' title='bbox 1387 1543 1438 1609; x_wconf 69' lang='lat'><strong>1,</strong></span> <span class='ocrx_word' id='word_1_133' title='bbox 1470 1543 1551 1615; x_wconf 86' lang='lat'><strong>5).</strong></span> <span class='ocrx_word' id='word_1_134' title='bbox 1588 1543 1848 1598; x_wconf 84' lang='lat' dir='ltr'><strong>Emerunt</strong></span> <span class='ocrx_word' id='word_1_135' title='bbox 1896 1542 2094 1610; x_wconf 75' lang='lat' dir='ltr'><strong>oleum,</strong></span> 
     </span>
    </p>
   </div>
   <div class='ocr_carea' id='block_1_18' title="bbox 519 1630 2098 1701">
    <p class='ocr_par' dir='ltr' id='par_1_18' title="bbox 519 1630 2098 1701">
     <span class='ocr_line' id='line_1_18' title="bbox 519 1630 2098 1701; baseline 0.001 -15"><span class='ocrx_word' id='word_1_136' title='bbox 519 1634 746 1695; x_wconf 78' lang='lat' dir='ltr'><strong>pretium</strong></span> <span class='ocrx_word' id='word_1_137' title='bbox 776 1631 1039 1688; x_wconf 85' lang='lat' dir='ltr'><strong>dederunt</strong></span> <span class='ocrx_word' id='word_1_138' title='bbox 1085 1631 1099 1689; x_wconf 68' lang='grc' dir='ltr'>ὲ</span> <span class='ocrx_word' id='word_1_139' title='bbox 1131 1636 1397 1701; x_wconf 81' lang='lat' dir='ltr'><strong>cme‘ruiit,</strong></span> <span class='ocrx_word' id='word_1_140' title='bbox 1441 1650 1545 1688; x_wconf 92' lang='lat' dir='ltr'><strong>non</strong></span> <span class='ocrx_word' id='word_1_141' title='bbox 1572 1642 1697 1689; x_wconf 90' lang='lat' dir='ltr'><strong>sunt</strong></span> <span class='ocrx_word' id='word_1_142' title='bbox 1730 1630 1958 1688; x_wconf 77' lang='lat' dir='ltr'><strong>fraudati</strong></span> <span class='ocrx_word' id='word_1_143' title='bbox 1986 1634 2098 1687; x_wconf 83' lang='lat' dir='ltr'><strong>lau-</strong></span> 
     </span>
    </p>
   </div>
   <div class='ocr_carea' id='block_1_19' title="bbox 517 1721 2099 1794">
    <p class='ocr_par' dir='ltr' id='par_1_19' title="bbox 517 1721 2099 1794">
     <span class='ocr_line' id='line_1_19' title="bbox 517 1721 2099 1794; baseline 0.003 -18"><span class='ocrx_word' id='word_1_144' title='bbox 517 1721 676 1778; x_wconf 82' lang='lat' dir='ltr'><strong>dibus</strong></span> <span class='ocrx_word' id='word_1_145' title='bbox 703 1723 976 1789; x_wconf 89' lang='lat' dir='ltr'><strong>humanis;</strong></span> <span class='ocrx_word' id='word_1_146' title='bbox 1007 1723 1333 1794; x_wconf 70' lang='lat' dir='ltr'><strong>qumslerunt</strong></span> <span class='ocrx_word' id='word_1_147' title='bbox 1370 1725 1551 1780; x_wconf 89' lang='lat' dir='ltr'><strong>laudes</strong></span> <span class='ocrx_word' id='word_1_148' title='bbox 1582 1725 1860 1790; x_wconf 87' lang='lat' dir='ltr'><strong>humanas,</strong></span> <span class='ocrx_word' id='word_1_149' title='bbox 1896 1724 2099 1780; x_wconf 84' lang='lat' dir='ltr'><strong>habue-</strong></span> 
     </span>
    </p>
   </div>
   <div class='ocr_carea' id='block_1_20' title="bbox 519 1812 2098 1885">
    <p class='ocr_par' dir='ltr' id='par_1_20' title="bbox 519 1812 2098 1885">
     <span class='ocr_line' id='line_1_20' title="bbox 519 1812 2098 1885; baseline 0.003 -22"><span class='ocrx_word' id='word_1_150' title='bbox 519 1820 662 1868; x_wconf 73' lang='lat' dir='ltr'><strong>runt.</strong></span> <span class='ocrx_word' id='word_1_151' title='bbox 693 1812 812 1868; x_wconf 73' lang='lat' dir='ltr'><strong>Istae</strong></span> <span class='ocrx_word' id='word_1_152' title='bbox 838 1813 1025 1868; x_wconf 87' lang='lat' dir='ltr'><strong>laudes</strong></span> <span class='ocrx_word' id='word_1_153' title='bbox 1053 1813 1304 1870; x_wconf 65' lang='lat' dir='ltr'><strong>humanae</strong></span> <span class='ocrx_word' id='word_1_154' title='bbox 1334 1816 1385 1870; x_wconf 93' lang='lat' dir='ltr'><strong>in</strong></span> <span class='ocrx_word' id='word_1_155' title='bbox 1407 1815 1494 1870; x_wconf 90' lang='lat' dir='ltr'><strong>die</strong></span> <span class='ocrx_word' id='word_1_156' title='bbox 1524 1815 1708 1885; x_wconf 89' lang='lat' dir='ltr'><strong>judicii</strong></span> <span class='ocrx_word' id='word_1_157' title='bbox 1735 1830 1840 1869; x_wconf 93' lang='lat' dir='ltr'><strong>non</strong></span> <span class='ocrx_word' id='word_1_158' title='bbox 1870 1821 1964 1870; x_wconf 79' lang='lat' dir='ltr'><strong>cos</strong></span> <span class='ocrx_word' id='word_1_159' title='bbox 2003 1814 2098 1869; x_wconf 57' lang='lat' dir='ltr'><strong>adi-</strong></span> 
     </span>
    </p>
   </div>
   <div class='ocr_carea' id='block_1_21' title="bbox 511 1901 2097 1975">
    <p class='ocr_par' dir='ltr' id='par_1_21' title="bbox 511 1901 2097 1975">
     <span class='ocr_line' id='line_1_21' title="bbox 511 1901 2097 1975; baseline 0.001 -19"><span class='ocrx_word' id='word_1_160' title='bbox 511 1903 719 1968; x_wconf 79' lang='lat' dir='ltr'><strong>juvant.</strong></span> <span class='ocrx_word' id='word_1_161' title='bbox 752 1903 861 1959; x_wconf 65' lang='lat' dir='ltr'><strong>Illa:</strong></span> <span class='ocrx_word' id='word_1_162' title='bbox 886 1915 1064 1959; x_wconf 84' lang='lat' dir='ltr'><strong>autem</strong></span> <span class='ocrx_word' id='word_1_163' title='bbox 1093 1904 1361 1974; x_wconf 89' lang='lat' dir='ltr'><strong>quomodo</strong></span> <span class='ocrx_word' id='word_1_164' title='bbox 1386 1901 1669 1961; x_wconf 79' lang='lat' dir='ltr'><strong>fecerunt?</strong></span> <span class='ocrx_word' id='word_1_165' title='bbox 1697 1904 1919 1960; x_wconf 89' lang='lat' dir='ltr'><strong>Luceant</strong></span> <span class='ocrx_word' id='word_1_166' title='bbox 1943 1920 2097 1975; x_wconf 81' lang='lat' dir='ltr'><strong>Opera</strong></span> 
     </span>
    </p>
   </div>
   <div class='ocr_carea' id='block_1_22' title="bbox 515 1995 2092 2068">
    <p class='ocr_par' dir='ltr' id='par_1_22' title="bbox 515 1995 2092 2068">
     <span class='ocr_line' id='line_1_22' title="bbox 515 1995 2092 2068; baseline 0.003 -21"><span class='ocrx_word' id='word_1_167' title='bbox 515 2003 678 2048; x_wconf 84' lang='lat' dir='ltr'><strong>uestra</strong></span> <span class='ocrx_word' id='word_1_168' title='bbox 710 2011 881 2049; x_wconf 87' lang='lat' dir='ltr'><strong>coram</strong></span> <span class='ocrx_word' id='word_1_169' title='bbox 909 1995 1214 2061; x_wconf 82' lang='lat' dir='ltr'><strong>hominibus,</strong></span> <span class='ocrx_word' id='word_1_170' title='bbox 1260 2007 1313 2050; x_wconf 91' lang='lat' dir='ltr'><strong>ut</strong></span> <span class='ocrx_word' id='word_1_171' title='bbox 1339 1997 1540 2052; x_wconf 81' lang='lat' dir='ltr'><strong>videant</strong></span> <span class='ocrx_word' id='word_1_172' title='bbox 1578 1997 1709 2052; x_wconf 81' lang='lat' dir='ltr'><strong>bona</strong></span> <span class='ocrx_word' id='word_1_173' title='bbox 1737 1999 1872 2068; x_wconf 80' lang='lat' dir='ltr'><strong>facta</strong></span> <span class='ocrx_word' id='word_1_174' title='bbox 1911 2007 2092 2065; x_wconf 78' lang='lat' dir='ltr'><strong>uestra,</strong></span> 
     </span>
    </p>
   </div>
   <div class='ocr_carea' id='block_1_23' title="bbox 516 2086 2090 2162">
    <p class='ocr_par' dir='ltr' id='par_1_23' title="bbox 516 2086 2090 2162">
     <span class='ocr_line' id='line_1_23' title="bbox 516 2086 2090 2162; baseline 0.002 -21"><span class='ocrx_word' id='word_1_175' title='bbox 516 2096 562 2141; x_wconf 73' lang='lat' dir='ltr'><strong>et</strong></span> <span class='ocrx_word' id='word_1_176' title='bbox 586 2086 864 2156; x_wconf 79' lang='lat' dir='ltr'><strong>gloriﬁcent</strong></span> <span class='ocrx_word' id='word_1_177' title='bbox 904 2087 1110 2142; x_wconf 80' lang='lat' dir='ltr'><strong>Patrem</strong></span> <span class='ocrx_word' id='word_1_178' title='bbox 1161 2093 1378 2142; x_wconf 80' lang='lat' dir='ltr'><strong>uestrum</strong></span> <span class='ocrx_word' id='word_1_179' title='bbox 1419 2090 1505 2161; x_wconf 86' lang='lat' dir='ltr'><strong>qui</strong></span> <span class='ocrx_word' id='word_1_180' title='bbox 1543 2091 1596 2144; x_wconf 89' lang='lat' dir='ltr'><strong>in</strong></span> <span class='ocrx_word' id='word_1_181' title='bbox 1639 2090 1777 2144; x_wconf 69' lang='lat' dir='ltr'><strong>uelis</strong></span> <span class='ocrx_word' id='word_1_182' title='bbox 1801 2098 1871 2144; x_wconf 87' lang='lat' dir='ltr'><strong>est</strong></span> <span class='ocrx_word' id='word_1_183' title='bbox 1899 2088 2008 2162; x_wconf 87' lang='lat' dir='ltr'><strong>(Id.</strong></span> <span class='ocrx_word' id='word_1_184' title='bbox 2035 2100 2090 2157; x_wconf 77' lang='lat' dir='ltr'><strong>v,</strong></span> 
     </span>
    </p>
   </div>
   <div class='ocr_carea' id='block_1_24' title="bbox 516 2177 2092 2249">
    <p class='ocr_par' dir='ltr' id='par_1_24' title="bbox 516 2177 2092 2249">
     <span class='ocr_line' id='line_1_24' title="bbox 516 2177 2092 2249; baseline 0.002 -17"><span class='ocrx_word' id='word_1_185' title='bbox 516 2177 626 2249; x_wconf 81' lang='grc'><strong>16).</strong></span> <span class='ocrx_word' id='word_1_186' title='bbox 680 2178 793 2234; x_wconf 88' lang='lat' dir='ltr'><strong>Non</strong></span> <span class='ocrx_word' id='word_1_187' title='bbox 833 2179 926 2244; x_wconf 88' lang='lat' dir='ltr'><strong>ait,</strong></span> <span class='ocrx_word' id='word_1_188' title='bbox 960 2178 1082 2232; x_wconf 84' lang='lat' dir='ltr'><strong>Vos.</strong></span> <span class='ocrx_word' id='word_1_189' title='bbox 1124 2178 1240 2234; x_wconf 87' lang='lat' dir='ltr'><strong>Non</strong></span> <span class='ocrx_word' id='word_1_190' title='bbox 1284 2181 1426 2236; x_wconf 91' lang='lat' dir='ltr'><strong>enim</strong></span> <span class='ocrx_word' id='word_1_191' title='bbox 1455 2179 1522 2236; x_wconf 93' lang='lat' dir='ltr'><strong>de</strong></span> <span class='ocrx_word' id='word_1_192' title='bbox 1568 2190 1660 2236; x_wconf 91' lang='lat' dir='ltr'><strong>tuo</strong></span> <span class='ocrx_word' id='word_1_193' title='bbox 1684 2179 1852 2235; x_wconf 82' lang='lat' dir='ltr'><strong>babes</strong></span> <span class='ocrx_word' id='word_1_194' title='bbox 1893 2181 2092 2236; x_wconf 88' lang='lat' dir='ltr'><strong>oleum.</strong></span> 
     </span>
    </p>
   </div>
   <div class='ocr_carea' id='block_1_25' title="bbox 514 2270 2090 2341">
    <p class='ocr_par' dir='ltr' id='par_1_25' title="bbox 514 2270 2090 2341">
     <span class='ocr_line' id='line_1_25' title="bbox 514 2270 2090 2341; baseline 0.002 -16"><span class='ocrx_word' id='word_1_195' title='bbox 514 2277 662 2325; x_wconf 70' lang='lat' dir='ltr'><strong>tacta</strong></span> <span class='ocrx_word' id='word_1_196' title='bbox 687 2277 759 2337; x_wconf 92' lang='lat' dir='ltr'><strong>te,</strong></span> <span class='ocrx_word' id='word_1_197' title='bbox 791 2279 844 2324; x_wconf 93' lang='lat' dir='ltr'><strong>et</strong></span> <span class='ocrx_word' id='word_1_198' title='bbox 873 2270 978 2334; x_wconf 88' lang='lat' dir='ltr'><strong>die,</strong></span> <span class='ocrx_word' id='word_1_199' title='bbox 1003 2270 1186 2325; x_wconf 80' lang='lat' dir='ltr'><strong>Habeo</strong></span> <span class='ocrx_word' id='word_1_200' title='bbox 1215 2289 1228 2324; x_wconf 90' lang='lat'><strong>:</strong></span> <span class='ocrx_word' id='word_1_201' title='bbox 1253 2272 1348 2327; x_wconf 88' lang='lat' dir='ltr'><strong>sed</strong></span> <span class='ocrx_word' id='word_1_202' title='bbox 1377 2272 1444 2326; x_wconf 92' lang='lat' dir='ltr'><strong>ab</strong></span> <span class='ocrx_word' id='word_1_203' title='bbox 1470 2287 1557 2328; x_wconf 91' lang='lat' dir='ltr'><strong>eo.</strong></span> <span class='ocrx_word' id='word_1_204' title='bbox 1581 2271 1719 2340; x_wconf 83' lang='lat' dir='ltr'><strong>Quid</strong></span> <span class='ocrx_word' id='word_1_205' title='bbox 1741 2272 1883 2328; x_wconf 91' lang='lat' dir='ltr'><strong>enim</strong></span> <span class='ocrx_word' id='word_1_206' title='bbox 1907 2272 2090 2341; x_wconf 70' lang='lat' dir='ltr'><strong>habes,</strong></span> 
     </span>
    </p>
   </div>
   <div class='ocr_carea' id='block_1_26' title="bbox 514 2354 2092 2435">
    <p class='ocr_par' dir='ltr' id='par_1_26' title="bbox 514 2354 2092 2435">
     <span class='ocr_line' id='line_1_26' title="bbox 514 2354 2092 2435; baseline 0.004 -21"><span class='ocrx_word' id='word_1_207' title='bbox 514 2361 655 2430; x_wconf 90' lang='lat' dir='ltr'><strong>quod</strong></span> <span class='ocrx_word' id='word_1_208' title='bbox 677 2377 782 2418; x_wconf 90' lang='lat' dir='ltr'><strong>non</strong></span> <span class='ocrx_word' id='word_1_209' title='bbox 810 2361 1062 2432; x_wconf 87' lang='lat' dir='ltr'><strong>accepisti</strong></span> <span class='ocrx_word' id='word_1_210' title='bbox 1095 2361 1138 2433; x_wconf 93' lang='lat' dir='ltr'><strong>(l</strong></span> <span class='ocrx_word' id='word_1_211' title='bbox 1165 2354 1284 2417; x_wconf 76' lang='lat' dir='ltr'><strong>Cor.</strong></span> <span class='ocrx_word' id='word_1_212' title='bbox 1317 2379 1393 2430; x_wconf 79' lang='lat' dir='ltr'><strong>iv,</strong></span> <span class='ocrx_word' id='word_1_213' title='bbox 1421 2362 1510 2435; x_wconf 79' lang='lat'><strong>7)?</strong></span> <span class='ocrx_word' id='word_1_214' title='bbox 1534 2363 1676 2434; x_wconf 85' lang='lat' dir='ltr'><strong>Ergo</strong></span> <span class='ocrx_word' id='word_1_215' title='bbox 1712 2363 1818 2420; x_wconf 65' lang='lat' dir='ltr'><strong>illae</strong></span> <span class='ocrx_word' id='word_1_216' title='bbox 1841 2363 1920 2419; x_wconf 89' lang='lat' dir='ltr'><strong>sic</strong></span> <span class='ocrx_word' id='word_1_217' title='bbox 1947 2363 2092 2420; x_wconf 78' lang='lat' dir='ltr'><strong>lece-</strong></span> 
     </span>
    </p>
   </div>
   <div class='ocr_carea' id='block_1_27' title="bbox 513 2451 912 2516">
    <p class='ocr_par' dir='ltr' id='par_1_27' title="bbox 513 2451 912 2516">
     <span class='ocr_line' id='line_1_27' title="bbox 513 2451 912 2516; baseline 0.005 -12"><span class='ocrx_word' id='word_1_218' title='bbox 513 2458 657 2516; x_wconf 86' lang='lat' dir='ltr'><strong>runt,</strong></span> <span class='ocrx_word' id='word_1_219' title='bbox 687 2451 790 2506; x_wconf 72' lang='lat' dir='ltr'><strong>illa:</strong></span> <span class='ocrx_word' id='word_1_220' title='bbox 816 2451 912 2507; x_wconf 86' lang='lat' dir='ltr'><strong>sic.</strong></span> 
     </span>
    </p>
   </div>
   <div class='ocr_carea' id='block_1_28' title="bbox 584 2541 2093 2614">
    <p class='ocr_par' dir='ltr' id='par_1_28' title="bbox 584 2541 2093 2614">
     <span class='ocr_line' id='line_1_28' title="bbox 584 2541 2093 2614; baseline 0.005 -20"><span class='ocrx_word' id='word_1_221' title='bbox 584 2541 671 2596; x_wconf 82' lang='lat' dir='ltr'><strong>l5.</strong></span> <span class='ocrx_word' id='word_1_222' title='bbox 724 2541 870 2596; x_wconf 83' lang='lat' dir='ltr'><strong>Idem</strong></span> <span class='ocrx_word' id='word_1_223' title='bbox 915 2550 1160 2596; x_wconf 83' lang='lat' dir='ltr'><strong>tractatur</strong></span> <span class='ocrx_word' id='word_1_224' title='bbox 1213 2553 1580 2614; x_wconf 76' lang='lat' dir='ltr'><strong>argumentum.</strong></span> <span class='ocrx_word' id='word_1_225' title='bbox 1626 2543 1743 2601; x_wconf 84' lang='lat' dir='ltr'><strong>Non</strong></span> <span class='ocrx_word' id='word_1_226' title='bbox 1785 2552 1870 2600; x_wconf 87' lang='lat' dir='ltr'><strong>est</strong></span> <span class='ocrx_word' id='word_1_227' title='bbox 1915 2552 2093 2601; x_wconf 88' lang='lat' dir='ltr'><strong>autem</strong></span> 
     </span>
    </p>
   </div>
   <div class='ocr_carea' id='block_1_29' title="bbox 511 2633 2094 2707">
    <p class='ocr_par' dir='ltr' id='par_1_29' title="bbox 511 2633 2094 2707">
     <span class='ocr_line' id='line_1_29' title="bbox 511 2633 2094 2707; baseline 0.003 -19"><span class='ocrx_word' id='word_1_228' title='bbox 511 2633 843 2701; x_wconf 81' lang='lat' dir='ltr'><strong>mirandum,</strong></span> <span class='ocrx_word' id='word_1_229' title='bbox 867 2651 985 2688; x_wconf 88' lang='lat' dir='ltr'><strong>cum</strong></span> <span class='ocrx_word' id='word_1_230' title='bbox 1020 2644 1136 2689; x_wconf 83' lang='lat' dir='ltr'><strong>eunt</strong></span> <span class='ocrx_word' id='word_1_231' title='bbox 1175 2651 1336 2690; x_wconf 83' lang='lat' dir='ltr'><strong>emere</strong></span> <span class='ocrx_word' id='word_1_232' title='bbox 1358 2677 1373 2702; x_wconf 92' lang='lat'><strong>,</strong></span> <span class='ocrx_word' id='word_1_233' title='bbox 1403 2651 1524 2691; x_wconf 89' lang='lat' dir='ltr'><strong>cum</strong></span> <span class='ocrx_word' id='word_1_234' title='bbox 1552 2648 1795 2707; x_wconf 75' lang='lat' dir='ltr'><strong>quzerunt</strong></span> <span class='ocrx_word' id='word_1_235' title='bbox 1829 2641 1861 2692; x_wconf 84' lang='lat' dir='ltr'><strong>a&#39;</strong></span> <span class='ocrx_word' id='word_1_236' title='bbox 1901 2637 2094 2707; x_wconf 85' lang='lat' dir='ltr'><strong>quibus</strong></span> 
     </span>
    </p>
   </div>
   <div class='ocr_carea' id='block_1_30' title="bbox 510 2723 2092 2801">
    <p class='ocr_par' dir='ltr' id='par_1_30' title="bbox 510 2723 2092 2801">
     <span class='ocr_line' id='line_1_30' title="bbox 510 2723 2092 2801; baseline 0.006 -23"><span class='ocrx_word' id='word_1_237' title='bbox 510 2723 824 2792; x_wconf 83' lang='lat' dir='ltr'><strong>laudentur,</strong></span> <span class='ocrx_word' id='word_1_238' title='bbox 853 2735 907 2781; x_wconf 88' lang='lat' dir='ltr'><strong>et</strong></span> <span class='ocrx_word' id='word_1_239' title='bbox 951 2741 1056 2781; x_wconf 91' lang='lat' dir='ltr'><strong>non</strong></span> <span class='ocrx_word' id='word_1_240' title='bbox 1085 2727 1389 2795; x_wconf 79' lang='lat' dir='ltr'><strong>inveniunt;</strong></span> <span class='ocrx_word' id='word_1_241' title='bbox 1421 2744 1542 2785; x_wconf 90' lang='lat' dir='ltr'><strong>cum</strong></span> <span class='ocrx_word' id='word_1_242' title='bbox 1574 2739 1818 2800; x_wconf 72' lang='lat' dir='ltr'><strong>quzerunt</strong></span> <span class='ocrx_word' id='word_1_243' title='bbox 1845 2745 1873 2783; x_wconf 89' lang='lat' dir='ltr'><strong>a</strong></span> <span class='ocrx_word' id='word_1_244' title='bbox 1901 2731 2092 2801; x_wconf 86' lang='lat' dir='ltr'><strong>quibus</strong></span> 
     </span>
    </p>
   </div>
   <div class='ocr_carea' id='block_1_31' title="bbox 509 2816 2088 2891">
    <p class='ocr_par' dir='ltr' id='par_1_31' title="bbox 509 2816 2088 2891">
     <span class='ocr_line' id='line_1_31' title="bbox 509 2816 2088 2891; baseline 0.004 -23"><span class='ocrx_word' id='word_1_245' title='bbox 509 2816 882 2880; x_wconf 87' lang='lat' dir='ltr'><strong>consolentur,</strong></span> <span class='ocrx_word' id='word_1_246' title='bbox 931 2826 985 2872; x_wconf 91' lang='lat' dir='ltr'><strong>et</strong></span> <span class='ocrx_word' id='word_1_247' title='bbox 1027 2833 1132 2872; x_wconf 91' lang='lat' dir='ltr'><strong>non</strong></span> <span class='ocrx_word' id='word_1_248' title='bbox 1177 2819 1482 2884; x_wconf 90' lang='lat' dir='ltr'><strong>inveniunt;</strong></span> <span class='ocrx_word' id='word_1_249' title='bbox 1530 2831 1713 2889; x_wconf 88' lang='lat' dir='ltr'><strong>aperta</strong></span> <span class='ocrx_word' id='word_1_250' title='bbox 1757 2828 1840 2874; x_wconf 89' lang='lat' dir='ltr'><strong>est</strong></span> <span class='ocrx_word' id='word_1_251' title='bbox 1887 2819 2088 2891; x_wconf 88' lang='lat' dir='ltr'><strong>janua,</strong></span> 
     </span>
    </p>
   </div>
   <div class='ocr_carea' id='block_1_32' title="bbox 509 2906 2092 2978">
    <p class='ocr_par' dir='ltr' id='par_1_32' title="bbox 509 2906 2092 2978">
     <span class='ocr_line' id='line_1_32' title="bbox 509 2906 2092 2978; baseline 0.006 -22"><span class='ocrx_word' id='word_1_252' title='bbox 509 2906 638 2958; x_wconf 76' lang='lat' dir='ltr'><strong>venit</strong></span> <span class='ocrx_word' id='word_1_253' title='bbox 661 2923 878 2976; x_wconf 83' lang='lat' dir='ltr'><strong>sponsus</strong></span> <span class='ocrx_word' id='word_1_254' title='bbox 921 2916 977 2962; x_wconf 84' lang='lat' dir='ltr'><strong>et</strong></span> <span class='ocrx_word' id='word_1_255' title='bbox 1002 2922 1233 2977; x_wconf 67' lang='lat' dir='ltr'><strong>sponsa,</strong></span> <span class='ocrx_word' id='word_1_256' title='bbox 1257 2918 1383 2964; x_wconf 83' lang='lat' dir='ltr'><strong>tunc</strong></span> <span class='ocrx_word' id='word_1_257' title='bbox 1426 2910 1712 2978; x_wconf 85' lang='lat' dir='ltr'><strong>glorilicala</strong></span> <span class='ocrx_word' id='word_1_258' title='bbox 1735 2924 1856 2964; x_wconf 89' lang='lat' dir='ltr'><strong>cum</strong></span> <span class='ocrx_word' id='word_1_259' title='bbox 1882 2911 2092 2966; x_wconf 86' lang='lat' dir='ltr'><strong>Christo</strong></span> 
     </span>
    </p>
   </div>
   <div class='ocr_carea' id='block_1_33' title="bbox 511 2994 2089 3070">
    <p class='ocr_par' dir='ltr' id='par_1_33' title="bbox 511 2994 2089 3070">
     <span class='ocr_line' id='line_1_33' title="bbox 511 2994 2089 3070; baseline 0.005 -23"><span class='ocrx_word' id='word_1_260' title='bbox 511 2994 746 3049; x_wconf 83' lang='lat' dir='ltr'><strong>Ecclesia</strong></span> <span class='ocrx_word' id='word_1_261' title='bbox 771 3038 784 3060; x_wconf 93' lang='lat'><strong>,</strong></span> <span class='ocrx_word' id='word_1_262' title='bbox 813 3006 872 3050; x_wconf 90' lang='lat' dir='ltr'><strong>ut</strong></span> <span class='ocrx_word' id='word_1_263' title='bbox 909 2996 1114 3067; x_wconf 89' lang='lat' dir='ltr'><strong>singula</strong></span> <span class='ocrx_word' id='word_1_264' title='bbox 1163 2999 1400 3053; x_wconf 86' lang='lat' dir='ltr'><strong>membra</strong></span> <span class='ocrx_word' id='word_1_265' title='bbox 1427 2999 1492 3054; x_wconf 88' lang='lat' dir='ltr'><strong>ad</strong></span> <span class='ocrx_word' id='word_1_266' title='bbox 1526 3006 1690 3053; x_wconf 86' lang='lat' dir='ltr'><strong>totum</strong></span> <span class='ocrx_word' id='word_1_267' title='bbox 1715 3013 1774 3054; x_wconf 90' lang='lat' dir='ltr'><strong>se</strong></span> <span class='ocrx_word' id='word_1_268' title='bbox 1819 2999 2089 3070; x_wconf 79' lang='lat' dir='ltr'><strong>colligant.</strong></span> 
     </span>
    </p>
   </div>
   <div class='ocr_carea' id='block_1_34' title="bbox 508 3082 2087 3157">
    <p class='ocr_par' dir='ltr' id='par_1_34' title="bbox 508 3082 2087 3157">
     <span class='ocr_line' id='line_1_34' title="bbox 508 3082 2087 3157; baseline 0.004 -21"><span class='ocrx_word' id='word_1_269' title='bbox 508 3082 575 3136; x_wconf 81' lang='lat' dir='ltr'><strong>Et</strong></span> <span class='ocrx_word' id='word_1_270' title='bbox 591 3084 901 3138; x_wconf 83' lang='lat' dir='ltr'><strong>intraverunt</strong></span> <span class='ocrx_word' id='word_1_271' title='bbox 920 3101 1035 3138; x_wconf 87' lang='lat' dir='ltr'><strong>cum</strong></span> <span class='ocrx_word' id='word_1_272' title='bbox 1054 3102 1111 3139; x_wconf 88' lang='lat' dir='ltr'><strong>eo</strong></span> <span class='ocrx_word' id='word_1_273' title='bbox 1139 3086 1205 3139; x_wconf 88' lang='lat' dir='ltr'><strong>ad</strong></span> <span class='ocrx_word' id='word_1_274' title='bbox 1229 3087 1461 3157; x_wconf 84' lang='lat' dir='ltr'><strong>nuptias,</strong></span> <span class='ocrx_word' id='word_1_275' title='bbox 1478 3096 1526 3140; x_wconf 90' lang='lat' dir='ltr'><strong>et</strong></span> <span class='ocrx_word' id='word_1_276' title='bbox 1552 3089 1779 3141; x_wconf 86' lang='lat' dir='ltr'><strong>clausum</strong></span> <span class='ocrx_word' id='word_1_277' title='bbox 1797 3097 1866 3141; x_wconf 88' lang='lat' dir='ltr'><strong>est</strong></span> <span class='ocrx_word' id='word_1_278' title='bbox 1883 3090 2087 3144; x_wconf 80' lang='lat' dir='ltr'><strong>ostiutm</strong></span> 
     </span>
    </p>
   </div>
   <div class='ocr_carea' id='block_1_35' title="bbox 508 3174 2088 3248">
    <p class='ocr_par' dir='ltr' id='par_1_35' title="bbox 508 3174 2088 3248">
     <span class='ocr_line' id='line_1_35' title="bbox 508 3174 2088 3248; baseline 0.003 -19"><span class='ocrx_word' id='word_1_279' title='bbox 508 3174 579 3229; x_wconf 89' lang='lat' dir='ltr'><strong>Et</strong></span> <span class='ocrx_word' id='word_1_280' title='bbox 616 3175 720 3231; x_wconf 76' lang='lat' dir='ltr'><strong>illa:</strong></span> <span class='ocrx_word' id='word_1_281' title='bbox 758 3175 914 3230; x_wconf 83' lang='lat' dir='ltr'><strong>fatuae</strong></span> <span class='ocrx_word' id='word_1_282' title='bbox 951 3184 1133 3246; x_wconf 89' lang='lat' dir='ltr'><strong>postea</strong></span> <span class='ocrx_word' id='word_1_283' title='bbox 1168 3185 1426 3231; x_wconf 85' lang='lat' dir='ltr'><strong>venerunt</strong></span> <span class='ocrx_word' id='word_1_284' title='bbox 1456 3195 1470 3230; x_wconf 86' lang='lat'><strong>:</strong></span> <span class='ocrx_word' id='word_1_285' title='bbox 1498 3177 1593 3231; x_wconf 90' lang='lat' dir='ltr'><strong>sed</strong></span> <span class='ocrx_word' id='word_1_286' title='bbox 1633 3178 1886 3248; x_wconf 89' lang='lat' dir='ltr'><strong>numquid</strong></span> <span class='ocrx_word' id='word_1_287' title='bbox 1912 3179 2088 3234; x_wconf 90' lang='lat' dir='ltr'><strong>oleum</strong></span> 
     </span>
    </p>
   </div>
   <div class='ocr_carea' id='block_1_36' title="bbox 507 3267 2089 3338">
    <p class='ocr_par' dir='ltr' id='par_1_36' title="bbox 507 3267 2089 3338">
     <span class='ocr_line' id='line_1_36' title="bbox 507 3267 2089 3338; baseline 0.005 -16"><span class='ocrx_word' id='word_1_288' title='bbox 507 3273 784 3334; x_wconf 86' lang='lat' dir='ltr'><strong>emerunt,</strong></span> <span class='ocrx_word' id='word_1_289' title='bbox 829 3276 920 3321; x_wconf 90' lang='lat' dir='ltr'><strong>aut</strong></span> <span class='ocrx_word' id='word_1_290' title='bbox 964 3282 995 3322; x_wconf 89' lang='lat' dir='ltr'><strong>a</strong></span> <span class='ocrx_word' id='word_1_291' title='bbox 1035 3267 1225 3338; x_wconf 84' lang='lat' dir='ltr'><strong>quibus</strong></span> <span class='ocrx_word' id='word_1_292' title='bbox 1275 3277 1516 3325; x_wconf 88' lang='lat' dir='ltr'><strong>emerent</strong></span> <span class='ocrx_word' id='word_1_293' title='bbox 1563 3269 1914 3326; x_wconf 88' lang='lat' dir='ltr'><strong>invenerunt?</strong></span> <span class='ocrx_word' id='word_1_294' title='bbox 1963 3272 2089 3330; x_wconf 82' lang='lat' dir='ltr'><strong>ideo</strong></span> 
     </span>
    </p>
   </div>
   <div class='ocr_carea' id='block_1_37' title="bbox 500 3357 2088 3432">
    <p class='ocr_par' dir='ltr' id='par_1_37' title="bbox 500 3357 2088 3432">
     <span class='ocr_line' id='line_1_37' title="bbox 500 3357 2088 3432; baseline 0.007 -21"><span class='ocrx_word' id='word_1_295' title='bbox 500 3357 693 3428; x_wconf 87' lang='lat' dir='ltr'><strong>januas</strong></span> <span class='ocrx_word' id='word_1_296' title='bbox 740 3359 948 3413; x_wconf 84' lang='lat' dir='ltr'><strong>clausas</strong></span> <span class='ocrx_word' id='word_1_297' title='bbox 981 3358 1298 3418; x_wconf 87' lang='lat' dir='ltr'><strong>invenerunt</strong></span> <span class='ocrx_word' id='word_1_298' title='bbox 1336 3377 1350 3414; x_wconf 88' lang='lat'><strong>:</strong></span> <span class='ocrx_word' id='word_1_299' title='bbox 1391 3359 1603 3430; x_wconf 86' lang='lat' dir='ltr'><strong>pulsare</strong></span> <span class='ocrx_word' id='word_1_300' title='bbox 1639 3365 1943 3432; x_wconf 70' lang='lat' dir='ltr'><strong>(imperum,</strong></span> <span class='ocrx_word' id='word_1_301' title='bbox 1991 3363 2088 3422; x_wconf 86' lang='lat' dir='ltr'><strong>sed</strong></span> 
     </span>
    </p>
   </div>
   <div class='ocr_carea' id='block_1_38' title="bbox 504 3464 648 3505">
    <p class='ocr_par' dir='ltr' id='par_1_38' title="bbox 504 3464 648 3505">
     <span class='ocr_line' id='line_1_38' title="bbox 504 3464 648 3505; baseline 0.007 -1"><span class='ocrx_word' id='word_1_302' title='bbox 504 3464 648 3505; x_wconf 84' lang='lat' dir='ltr'><strong>sero.</strong></span> 
     </span>
    </p>
   </div>
   <div class='ocr_carea' id='block_1_39' title="bbox 575 3542 2086 3618">
    <p class='ocr_par' dir='ltr' id='par_1_39' title="bbox 575 3542 2086 3618">
     <span class='ocr_line' id='line_1_39' title="bbox 575 3542 2086 3618; baseline 0.004 -21"><span class='ocrx_word' id='word_1_303' title='bbox 575 3542 799 3599; x_wconf 85' lang='lat' dir='ltr'><strong>CAPUT</strong></span> <span class='ocrx_word' id='word_1_304' title='bbox 825 3542 893 3597; x_wconf 59' lang='grc' dir='ltr'><strong>Χ,</strong></span> <span class='ocrx_word' id='word_1_305' title='bbox 914 3573 986 3583; x_wconf 89' lang='grc'><strong>-</strong></span> <span class='ocrx_word' id='word_1_306' title='bbox 1010 3542 1096 3599; x_wconf 86' lang='grc'><strong>16.</strong></span> <span class='ocrx_word' id='word_1_307' title='bbox 1119 3542 1381 3609; x_wconf 85' lang='lat' dir='ltr'><strong>Quomodo</strong></span> <span class='ocrx_word' id='word_1_308' title='bbox 1404 3543 1671 3616; x_wconf 78' lang='lat' dir='ltr'><strong>prudentes</strong></span> <span class='ocrx_word' id='word_1_309' title='bbox 1694 3545 1912 3618; x_wconf 85' lang='lat' dir='ltr'><strong>quinque</strong></span> <span class='ocrx_word' id='word_1_310' title='bbox 1929 3548 2086 3618; x_wconf 82' lang='lat' dir='ltr'><strong>uirgi-</strong></span> 
     </span>
    </p>
   </div>
   <div class='ocr_carea' id='block_1_40' title="bbox 505 3633 2087 3702">
    <p class='ocr_par' dir='ltr' id='par_1_40' title="bbox 505 3633 2087 3702">
     <span class='ocr_line' id='line_1_40' title="bbox 505 3633 2087 3702; baseline 0.005 -15"><span class='ocrx_word' id='word_1_311' title='bbox 505 3650 591 3688; x_wconf 84' lang='lat' dir='ltr'><strong>nes</strong></span> <span class='ocrx_word' id='word_1_312' title='bbox 619 3633 894 3688; x_wconf 66' lang='lat' dir='ltr'><strong>imitanda.</strong></span> <span class='ocrx_word' id='word_1_313' title='bbox 928 3634 1136 3689; x_wconf 89' lang='lat' dir='ltr'><strong>Dictum</strong></span> <span class='ocrx_word' id='word_1_314' title='bbox 1163 3643 1277 3701; x_wconf 89' lang='lat' dir='ltr'><strong>est,</strong></span> <span class='ocrx_word' id='word_1_315' title='bbox 1324 3650 1509 3690; x_wconf 87' lang='lat' dir='ltr'><strong>verum</strong></span> <span class='ocrx_word' id='word_1_316' title='bbox 1540 3644 1655 3702; x_wconf 91' lang='lat' dir='ltr'><strong>est,</strong></span> <span class='ocrx_word' id='word_1_317' title='bbox 1683 3652 1790 3693; x_wconf 94' lang='lat' dir='ltr'><strong>non</strong></span> <span class='ocrx_word' id='word_1_318' title='bbox 1831 3638 2087 3696; x_wconf 81' lang='lat' dir='ltr'><strong>lallaciter</strong></span> 
     </span>
    </p>
   </div>
   <div class='ocr_carea' id='block_1_41' title="bbox 505 3723 2079 3802">
    <p class='ocr_par' dir='ltr' id='par_1_41' title="bbox 505 3723 2079 3802">
     <span class='ocr_line' id='line_1_41' title="bbox 505 3723 2079 3802; baseline 0.003 -24"><span class='ocrx_word' id='word_1_319' title='bbox 505 3723 704 3779; x_wconf 79' lang='lat' dir='ltr'><strong>dictum</strong></span> <span class='ocrx_word' id='word_1_320' title='bbox 730 3733 847 3793; x_wconf 87' lang='lat' dir='ltr'><strong>est,</strong></span> <span class='ocrx_word' id='word_1_321' title='bbox 880 3725 1088 3780; x_wconf 87' lang='lat' dir='ltr'><strong>Pulsate</strong></span> <span class='ocrx_word' id='word_1_322' title='bbox 1119 3735 1165 3781; x_wconf 92' lang='lat' dir='ltr'><strong>et</strong></span> <span class='ocrx_word' id='word_1_323' title='bbox 1191 3726 1442 3795; x_wconf 81' lang='lat' dir='ltr'><strong>aperietur</strong></span> <span class='ocrx_word' id='word_1_324' title='bbox 1464 3725 1599 3780; x_wconf 77' lang='lat' dir='ltr'><strong>vobis</strong></span> <span class='ocrx_word' id='word_1_325' title='bbox 1625 3727 1838 3797; x_wconf 56' lang='lat' dir='ltr'><strong>(Matth;</strong></span> <span class='ocrx_word' id='word_1_326' title='bbox 1862 3746 1956 3798; x_wconf 82' lang='lat' dir='ltr'><strong>vn,</strong></span> <span class='ocrx_word' id='word_1_327' title='bbox 1988 3727 2079 3802; x_wconf 78' lang='lat'><strong>7):</strong></span> 
     </span>
    </p>
   </div>
   <div class='ocr_carea' id='block_1_42' title="bbox 501 3817 2082 3888">
    <p class='ocr_par' dir='ltr' id='par_1_42' title="bbox 501 3817 2082 3888">
     <span class='ocr_line' id='line_1_42' title="bbox 501 3817 2082 3888; baseline 0.003 -16"><span class='ocrx_word' id='word_1_328' title='bbox 501 3819 597 3872; x_wconf 89' lang='lat' dir='ltr'><strong>sed</strong></span> <span class='ocrx_word' id='word_1_329' title='bbox 651 3818 812 3873; x_wconf 89' lang='lat' dir='ltr'><strong>modo</strong></span> <span class='ocrx_word' id='word_1_330' title='bbox 857 3817 1071 3888; x_wconf 84' lang='lat' dir='ltr'><strong>quando</strong></span> <span class='ocrx_word' id='word_1_331' title='bbox 1121 3825 1330 3888; x_wconf 85' lang='lat' dir='ltr'><strong>tempus</strong></span> <span class='ocrx_word' id='word_1_332' title='bbox 1377 3827 1460 3874; x_wconf 91' lang='lat' dir='ltr'><strong>est</strong></span> <span class='ocrx_word' id='word_1_333' title='bbox 1503 3820 1920 3887; x_wconf 65' lang='lat' dir='ltr'><strong>misericordias,</strong></span> <span class='ocrx_word' id='word_1_334' title='bbox 1975 3837 2082 3877; x_wconf 91' lang='lat' dir='ltr'><strong>non</strong></span> 
     </span>
    </p>
   </div>
   <div class='ocr_carea' id='block_1_43' title="bbox 502 3910 2081 3984">
    <p class='ocr_par' dir='ltr' id='par_1_43' title="bbox 502 3910 2081 3984">
     <span class='ocr_line' id='line_1_43' title="bbox 502 3910 2081 3984; baseline 0.003 -20"><span class='ocrx_word' id='word_1_335' title='bbox 502 3910 714 3979; x_wconf 85' lang='lat' dir='ltr'><strong>quando</strong></span> <span class='ocrx_word' id='word_1_336' title='bbox 752 3920 962 3981; x_wconf 88' lang='lat' dir='ltr'><strong>tempus</strong></span> <span class='ocrx_word' id='word_1_337' title='bbox 1007 3919 1092 3966; x_wconf 89' lang='lat' dir='ltr'><strong>est</strong></span> <span class='ocrx_word' id='word_1_338' title='bbox 1132 3910 1336 3981; x_wconf 69' lang='lat' dir='ltr'><strong>judicii.</strong></span> <span class='ocrx_word' id='word_1_339' title='bbox 1374 3910 1491 3966; x_wconf 85' lang='lat' dir='ltr'><strong>Non</strong></span> <span class='ocrx_word' id='word_1_340' title='bbox 1521 3913 1663 3968; x_wconf 90' lang='lat' dir='ltr'><strong>enim</strong></span> <span class='ocrx_word' id='word_1_341' title='bbox 1702 3923 1924 3984; x_wconf 90' lang='lat' dir='ltr'><strong>possunt</strong></span> <span class='ocrx_word' id='word_1_342' title='bbox 1950 3929 2081 3970; x_wconf 85' lang='lat' dir='ltr'><strong>con-</strong></span> 
     </span>
    </p>
   </div>
   <div class='ocr_carea' id='block_1_44' title="bbox 503 4001 2080 4076">
    <p class='ocr_par' dir='ltr' id='par_1_44' title="bbox 503 4001 2080 4076">
     <span class='ocr_line' id='line_1_44' title="bbox 503 4001 2080 4076; baseline 0.004 -20"><span class='ocrx_word' id='word_1_343' title='bbox 503 4001 649 4057; x_wconf 78' lang='lat' dir='ltr'><strong>fundi</strong></span> <span class='ocrx_word' id='word_1_344' title='bbox 687 4003 788 4058; x_wconf 91' lang='lat' dir='ltr'><strong>ista</strong></span> <span class='ocrx_word' id='word_1_345' title='bbox 820 4013 1091 4074; x_wconf 88' lang='lat' dir='ltr'><strong>tempora,</strong></span> <span class='ocrx_word' id='word_1_346' title='bbox 1133 4018 1253 4058; x_wconf 92' lang='lat' dir='ltr'><strong>cum</strong></span> <span class='ocrx_word' id='word_1_347' title='bbox 1296 4004 1712 4060; x_wconf 88' lang='lat' dir='ltr'><strong>misericordiam</strong></span> <span class='ocrx_word' id='word_1_348' title='bbox 1739 4015 1794 4060; x_wconf 92' lang='lat' dir='ltr'><strong>et</strong></span> <span class='ocrx_word' id='word_1_349' title='bbox 1824 4005 2080 4076; x_wconf 82' lang='lat' dir='ltr'><strong>judicium</strong></span> 
     </span>
    </p>
   </div>
   <div class='ocr_carea' id='block_1_45' title="bbox 503 4095 2082 4168">
    <p class='ocr_par' dir='ltr' id='par_1_45' title="bbox 503 4095 2082 4168">
     <span class='ocr_line' id='line_1_45' title="bbox 503 4095 2082 4168; baseline 0.003 -18"><span class='ocrx_word' id='word_1_350' title='bbox 503 4095 728 4150; x_wconf 91' lang='lat' dir='ltr'><strong>Domino</strong></span> <span class='ocrx_word' id='word_1_351' title='bbox 751 4111 849 4150; x_wconf 87' lang='lat' dir='ltr'><strong>suo</strong></span> <span class='ocrx_word' id='word_1_352' title='bbox 876 4105 1056 4152; x_wconf 87' lang='lat' dir='ltr'><strong>cantet</strong></span> <span class='ocrx_word' id='word_1_353' title='bbox 1092 4096 1326 4152; x_wconf 84' lang='lat' dir='ltr'><strong>Ecclesia</strong></span> <span class='ocrx_word' id='word_1_354' title='bbox 1360 4095 1530 4167; x_wconf 88' lang='lat' dir='ltr'><strong>(Psal.</strong></span> <span class='ocrx_word' id='word_1_355' title='bbox 1557 4113 1610 4163; x_wconf 85' lang='lat' dir='ltr'><strong>c,</strong></span> <span class='ocrx_word' id='word_1_356' title='bbox 1641 4099 1714 4168; x_wconf 88' lang='lat' dir='ltr'><strong>l).</strong></span> <span class='ocrx_word' id='word_1_357' title='bbox 1745 4098 1975 4168; x_wconf 89' lang='lat' dir='ltr'><strong>Tempus</strong></span> <span class='ocrx_word' id='word_1_358' title='bbox 1999 4108 2082 4154; x_wconf 83' lang='lat' dir='ltr'><strong>est</strong></span> 
     </span>
    </p>
   </div>
   <div class='ocr_carea' id='block_1_46' title="bbox 502 4186 2082 4257">
    <p class='ocr_par' dir='ltr' id='par_1_46' title="bbox 502 4186 2082 4257">
     <span class='ocr_line' id='line_1_46' title="bbox 502 4186 2082 4257; baseline 0.003 -17"><span class='ocrx_word' id='word_1_359' title='bbox 502 4186 919 4252; x_wconf 83' lang='lat' dir='ltr'><strong>misericordiae;</strong></span> <span class='ocrx_word' id='word_1_360' title='bbox 951 4201 1048 4256; x_wconf 90' lang='lat' dir='ltr'><strong>age</strong></span> <span class='ocrx_word' id='word_1_361' title='bbox 1093 4186 1481 4256; x_wconf 72' lang='lat' dir='ltr'><strong>pmnitentiam.</strong></span> <span class='ocrx_word' id='word_1_362' title='bbox 1509 4187 1772 4257; x_wconf 88' lang='lat' dir='ltr'><strong>Tempore</strong></span> <span class='ocrx_word' id='word_1_363' title='bbox 1810 4188 1992 4257; x_wconf 89' lang='lat' dir='ltr'><strong>judicii</strong></span> <span class='ocrx_word' id='word_1_364' title='bbox 2018 4190 2082 4244; x_wconf 92' lang='lat' dir='ltr'><strong>il-</strong></span> 
     </span>
    </p>
   </div>
   <div class='ocr_carea' id='block_1_47' title="bbox 504 4275 2079 4352">
    <p class='ocr_par' dir='ltr' id='par_1_47' title="bbox 504 4275 2079 4352">
     <span class='ocr_line' id='line_1_47' title="bbox 504 4275 2079 4352; baseline 0.004 -21"><span class='ocrx_word' id='word_1_365' title='bbox 504 4275 610 4331; x_wconf 90' lang='lat' dir='ltr'><strong>lam</strong></span> <span class='ocrx_word' id='word_1_366' title='bbox 633 4275 797 4331; x_wconf 81' lang='lat' dir='ltr'><strong>liabes</strong></span> <span class='ocrx_word' id='word_1_367' title='bbox 815 4277 1008 4347; x_wconf 86' lang='lat' dir='ltr'><strong>agere?</strong></span> <span class='ocrx_word' id='word_1_368' title='bbox 1036 4276 1155 4330; x_wconf 89' lang='lat' dir='ltr'><strong>Eris</strong></span> <span class='ocrx_word' id='word_1_369' title='bbox 1178 4277 1231 4332; x_wconf 90' lang='lat' dir='ltr'><strong>in</strong></span> <span class='ocrx_word' id='word_1_370' title='bbox 1258 4277 1546 4348; x_wconf 76' lang='lat' dir='ltr'><strong>virginibus</strong></span> <span class='ocrx_word' id='word_1_371' title='bbox 1572 4279 1678 4334; x_wconf 91' lang='lat' dir='ltr'><strong>illis</strong></span> <span class='ocrx_word' id='word_1_372' title='bbox 1696 4315 1713 4347; x_wconf 84' lang='lat'><strong>,</strong></span> <span class='ocrx_word' id='word_1_373' title='bbox 1743 4290 1927 4335; x_wconf 88' lang='lat' dir='ltr'><strong>contra</strong></span> <span class='ocrx_word' id='word_1_374' title='bbox 1949 4296 2079 4352; x_wconf 87' lang='lat' dir='ltr'><strong>quas</strong></span> 
     </span>
    </p>
   </div>
   <div class='ocr_carea' id='block_1_48' title="bbox 501 4368 2077 4444">
    <p class='ocr_par' dir='ltr' id='par_1_48' title="bbox 501 4368 2077 4444">
     <span class='ocr_line' id='line_1_48' title="bbox 501 4368 2077 4444; baseline 0.004 -22"><span class='ocrx_word' id='word_1_375' title='bbox 501 4369 739 4423; x_wconf 89' lang='lat' dir='ltr'><strong>clausum</strong></span> <span class='ocrx_word' id='word_1_376' title='bbox 777 4369 1100 4424; x_wconf 67' lang='lat' dir='ltr'><strong>est”ostium.</strong></span> <span class='ocrx_word' id='word_1_377' title='bbox 1146 4368 1396 4438; x_wconf 84' lang='lat' dir='ltr'><strong>Domine,</strong></span> <span class='ocrx_word' id='word_1_378' title='bbox 1437 4369 1681 4440; x_wconf 86' lang='lat' dir='ltr'><strong>Domine,</strong></span> <span class='ocrx_word' id='word_1_379' title='bbox 1727 4375 1869 4444; x_wconf 87' lang='lat' dir='ltr'><strong>aperi</strong></span> <span class='ocrx_word' id='word_1_380' title='bbox 1915 4373 2077 4430; x_wconf 79' lang='lat' dir='ltr'><strong>nobis.</strong></span> 
     </span>
    </p>
   </div>
   <div class='ocr_carea' id='block_1_49' title="bbox 500 4458 2077 4534">
    <p class='ocr_par' dir='ltr' id='par_1_49' title="bbox 500 4458 2077 4534">
     <span class='ocr_line' id='line_1_49' title="bbox 500 4458 2077 4534; baseline 0.004 -20"><span class='ocrx_word' id='word_1_381' title='bbox 500 4458 767 4530; x_wconf 82' lang='lat' dir='ltr'><strong>Numquid</strong></span> <span class='ocrx_word' id='word_1_382' title='bbox 826 4475 932 4515; x_wconf 90' lang='lat' dir='ltr'><strong>non</strong></span> <span class='ocrx_word' id='word_1_383' title='bbox 996 4458 1363 4530; x_wconf 76' lang='lat' dir='ltr'><strong>ptenitentiam</strong></span> <span class='ocrx_word' id='word_1_384' title='bbox 1411 4471 1670 4532; x_wconf 87' lang='lat' dir='ltr'><strong>egerunt,</strong></span> <span class='ocrx_word' id='word_1_385' title='bbox 1720 4464 1842 4534; x_wconf 89' lang='lat' dir='ltr'><strong>quia</strong></span> <span class='ocrx_word' id='word_1_386' title='bbox 1897 4479 2077 4520; x_wconf 85' lang='lat' dir='ltr'><strong>secum</strong></span> 
     </span>
    </p>
   </div>
   <div class='ocr_carea' id='block_1_50' title="bbox 500 4551 2075 4623">
    <p class='ocr_par' dir='ltr' id='par_1_50' title="bbox 500 4551 2075 4623">
     <span class='ocr_line' id='line_1_50' title="bbox 500 4551 2075 4623; baseline 0.003 -17"><span class='ocrx_word' id='word_1_387' title='bbox 500 4551 676 4606; x_wconf 90' lang='lat' dir='ltr'><strong>oleum</strong></span> <span class='ocrx_word' id='word_1_388' title='bbox 721 4563 828 4606; x_wconf 92' lang='lat' dir='ltr'><strong>non</strong></span> <span class='ocrx_word' id='word_1_389' title='bbox 878 4551 1252 4622; x_wconf 82' lang='lat' dir='ltr'><strong>portaverunt?</strong></span> <span class='ocrx_word' id='word_1_390' title='bbox 1304 4552 1372 4607; x_wconf 86' lang='lat' dir='ltr'><strong>Et</strong></span> <span class='ocrx_word' id='word_1_391' title='bbox 1417 4551 1542 4622; x_wconf 91' lang='lat' dir='ltr'><strong>quid</strong></span> <span class='ocrx_word' id='word_1_392' title='bbox 1570 4553 1673 4608; x_wconf 89' lang='lat' dir='ltr'><strong>illis</strong></span> <span class='ocrx_word' id='word_1_393' title='bbox 1718 4552 1912 4623; x_wconf 79' lang='lat' dir='ltr'><strong>profuit</strong></span> <span class='ocrx_word' id='word_1_394' title='bbox 1957 4569 2075 4610; x_wconf 88' lang='lat' dir='ltr'><strong>sera</strong></span> 
     </span>
    </p>
   </div>
   <div class='ocr_carea' id='block_1_51' title="bbox 500 4642 2077 4716">
    <p class='ocr_par' dir='ltr' id='par_1_51' title="bbox 500 4642 2077 4716">
     <span class='ocr_line' id='line_1_51' title="bbox 500 4642 2077 4716; baseline 0.003 -18"><span class='ocrx_word' id='word_1_395' title='bbox 500 4642 854 4712; x_wconf 72' lang='lat' dir='ltr'><strong>pmnitentia,</strong></span> <span class='ocrx_word' id='word_1_396' title='bbox 903 4642 1114 4713; x_wconf 88' lang='lat' dir='ltr'><strong>quando</strong></span> <span class='ocrx_word' id='word_1_397' title='bbox 1167 4658 1259 4698; x_wconf 88' lang='lat' dir='ltr'><strong>eas</strong></span> <span class='ocrx_word' id='word_1_398' title='bbox 1307 4644 1560 4700; x_wconf 86' lang='lat' dir='ltr'><strong>irridebat</strong></span> <span class='ocrx_word' id='word_1_399' title='bbox 1605 4656 1730 4702; x_wconf 85' lang='lat' dir='ltr'><strong>vera</strong></span> <span class='ocrx_word' id='word_1_400' title='bbox 1778 4646 2077 4716; x_wconf 85' lang='lat' dir='ltr'><strong>sapientia?</strong></span> 
     </span>
    </p>
   </div>
   <div class='ocr_carea' id='block_1_52' title="bbox 498 4732 2077 4806">
    <p class='ocr_par' dir='ltr' id='par_1_52' title="bbox 498 4732 2077 4806">
     <span class='ocr_line' id='line_1_52' title="bbox 498 4732 2077 4806; baseline 0.004 -18"><span class='ocrx_word' id='word_1_401' title='bbox 498 4732 740 4788; x_wconf 85' lang='lat' dir='ltr'><strong>Clausum</strong></span> <span class='ocrx_word' id='word_1_402' title='bbox 779 4743 850 4788; x_wconf 86' lang='lat' dir='ltr'><strong>est</strong></span> <span class='ocrx_word' id='word_1_403' title='bbox 895 4749 1022 4804; x_wconf 84' lang='lat' dir='ltr'><strong>ergo</strong></span> <span class='ocrx_word' id='word_1_404' title='bbox 1067 4734 1266 4788; x_wconf 81' lang='lat' dir='ltr'><strong>ostium.</strong></span> <span class='ocrx_word' id='word_1_405' title='bbox 1300 4736 1366 4790; x_wconf 91' lang='lat' dir='ltr'><strong>Et</strong></span> <span class='ocrx_word' id='word_1_406' title='bbox 1409 4736 1536 4806; x_wconf 91' lang='lat' dir='ltr'><strong>quid</strong></span> <span class='ocrx_word' id='word_1_407' title='bbox 1573 4737 1677 4792; x_wconf 90' lang='lat' dir='ltr'><strong>illis</strong></span> <span class='ocrx_word' id='word_1_408' title='bbox 1725 4736 1920 4794; x_wconf 88' lang='lat' dir='ltr'><strong>dictum</strong></span> <span class='ocrx_word' id='word_1_409' title='bbox 1958 4741 2077 4795; x_wconf 86' lang='lat' dir='ltr'><strong>est?</strong></span> 
     </span>
    </p>
   </div>
   <div class='ocr_carea' id='block_1_53' title="bbox 500 4823 2075 4899">
    <p class='ocr_par' dir='ltr' id='par_1_53' title="bbox 500 4823 2075 4899">
     <span class='ocr_line' id='line_1_53' title="bbox 500 4823 2075 4899; baseline 0.005 -20"><span class='ocrx_word' id='word_1_410' title='bbox 500 4823 624 4879; x_wconf 83' lang='lat' dir='ltr'><strong>Non</strong></span> <span class='ocrx_word' id='word_1_411' title='bbox 645 4826 757 4880; x_wconf 82' lang='lat' dir='ltr'><strong>noui</strong></span> <span class='ocrx_word' id='word_1_412' title='bbox 779 4842 882 4880; x_wconf 82' lang='lat' dir='ltr'><strong>vos.</strong></span> <span class='ocrx_word' id='word_1_413' title='bbox 913 4824 1029 4880; x_wconf 82' lang='lat' dir='ltr'><strong>Non</strong></span> <span class='ocrx_word' id='word_1_414' title='bbox 1055 4826 1173 4881; x_wconf 86' lang='lat' dir='ltr'><strong>illas</strong></span> <span class='ocrx_word' id='word_1_415' title='bbox 1202 4826 1378 4893; x_wconf 86' lang='lat' dir='ltr'><strong>novit,</strong></span> <span class='ocrx_word' id='word_1_416' title='bbox 1407 4828 1494 4898; x_wconf 91' lang='lat' dir='ltr'><strong>qui</strong></span> <span class='ocrx_word' id='word_1_417' title='bbox 1525 4829 1700 4884; x_wconf 88' lang='lat' dir='ltr'><strong>omnia</strong></span> <span class='ocrx_word' id='word_1_418' title='bbox 1728 4830 1915 4883; x_wconf 80' lang='lat' dir='ltr'><strong>novit?</strong></span> <span class='ocrx_word' id='word_1_419' title='bbox 1939 4830 2075 4899; x_wconf 88' lang='lat' dir='ltr'><strong>Quid</strong></span> 
     </span>
    </p>
   </div>
   <div class='ocr_carea' id='block_1_54' title="bbox 498 4914 2072 4990">
    <p class='ocr_par' dir='ltr' id='par_1_54' title="bbox 498 4914 2072 4990">
     <span class='ocr_line' id='line_1_54' title="bbox 498 4914 2072 4990; baseline 0.004 -20"><span class='ocrx_word' id='word_1_420' title='bbox 498 4929 626 4985; x_wconf 89' lang='lat' dir='ltr'><strong>ergo</strong></span> <span class='ocrx_word' id='word_1_421' title='bbox 665 4923 748 4970; x_wconf 89' lang='lat' dir='ltr'><strong>est</strong></span> <span class='ocrx_word' id='word_1_422' title='bbox 768 4955 785 4983; x_wconf 96' lang='lat'><strong>,</strong></span> <span class='ocrx_word' id='word_1_423' title='bbox 815 4914 937 4970; x_wconf 85' lang='lat' dir='ltr'><strong>Non</strong></span> <span class='ocrx_word' id='word_1_424' title='bbox 963 4916 1077 4970; x_wconf 79' lang='lat' dir='ltr'><strong>noui</strong></span> <span class='ocrx_word' id='word_1_425' title='bbox 1102 4916 1228 4971; x_wconf 85' lang='lat' dir='ltr'><strong>vos?</strong></span> <span class='ocrx_word' id='word_1_426' title='bbox 1262 4917 1508 4987; x_wconf 86' lang='lat' dir='ltr'><strong>improbo</strong></span> <span class='ocrx_word' id='word_1_427' title='bbox 1531 4933 1626 4973; x_wconf 88' lang='lat' dir='ltr'><strong>vos</strong></span> <span class='ocrx_word' id='word_1_428' title='bbox 1648 4959 1664 4985; x_wconf 94' lang='lat'><strong>,</strong></span> <span class='ocrx_word' id='word_1_429' title='bbox 1703 4920 1931 4990; x_wconf 74' lang='lat' dir='ltr'><strong>reprobo</strong></span> <span class='ocrx_word' id='word_1_430' title='bbox 1958 4937 2072 4976; x_wconf 88' lang='lat' dir='ltr'><strong>vos.</strong></span> 
     </span>
    </p>
   </div>
   <div class='ocr_carea' id='block_1_55' title="bbox 496 5008 2070 5079">
    <p class='ocr_par' dir='ltr' id='par_1_55' title="bbox 496 5008 2070 5079">
     <span class='ocr_line' id='line_1_55' title="bbox 496 5008 2070 5079; baseline 0.003 -15"><span class='ocrx_word' id='word_1_431' title='bbox 496 5008 555 5064; x_wconf 91' lang='lat' dir='ltr'><strong>ln</strong></span> <span class='ocrx_word' id='word_1_432' title='bbox 581 5017 695 5063; x_wconf 89' lang='lat' dir='ltr'><strong>arte</strong></span> <span class='ocrx_word' id='word_1_433' title='bbox 733 5023 852 5064; x_wconf 89' lang='lat' dir='ltr'><strong>mea</strong></span> <span class='ocrx_word' id='word_1_434' title='bbox 880 5024 985 5064; x_wconf 93' lang='lat' dir='ltr'><strong>non</strong></span> <span class='ocrx_word' id='word_1_435' title='bbox 1012 5023 1110 5064; x_wconf 87' lang='lat' dir='ltr'><strong>vos</strong></span> <span class='ocrx_word' id='word_1_436' title='bbox 1134 5023 1398 5079; x_wconf 89' lang='lat' dir='ltr'><strong>agnosco;</strong></span> <span class='ocrx_word' id='word_1_437' title='bbox 1425 5024 1512 5063; x_wconf 85' lang='lat' dir='ltr'><strong>ars</strong></span> <span class='ocrx_word' id='word_1_438' title='bbox 1549 5025 1664 5065; x_wconf 86' lang='lat' dir='ltr'><strong>mea</strong></span> <span class='ocrx_word' id='word_1_439' title='bbox 1695 5011 1864 5066; x_wconf 89' lang='lat' dir='ltr'><strong>nescit</strong></span> <span class='ocrx_word' id='word_1_440' title='bbox 1901 5011 2023 5066; x_wconf 82' lang='lat' dir='ltr'><strong>vitia</strong></span> <span class='ocrx_word' id='word_1_441' title='bbox 2056 5030 2070 5069; x_wconf 88' lang='lat'><strong>:</strong></span> 
     </span>
    </p>
   </div>
   <div class='ocr_carea' id='block_1_56' title="bbox 497 5099 2075 5171">
    <p class='ocr_par' dir='ltr' id='par_1_56' title="bbox 497 5099 2075 5171">
     <span class='ocr_line' id='line_1_56' title="bbox 497 5099 2075 5171; baseline 0.003 -18"><span class='ocrx_word' id='word_1_442' title='bbox 497 5099 601 5153; x_wconf 89' lang='lat' dir='ltr'><strong>hoc</strong></span> <span class='ocrx_word' id='word_1_443' title='bbox 631 5106 715 5153; x_wconf 89' lang='lat' dir='ltr'><strong>est</strong></span> <span class='ocrx_word' id='word_1_444' title='bbox 747 5108 922 5154; x_wconf 87' lang='lat' dir='ltr'><strong>autem</strong></span> <span class='ocrx_word' id='word_1_445' title='bbox 950 5113 1221 5170; x_wconf 87' lang='lat' dir='ltr'><strong>magnum,</strong></span> <span class='ocrx_word' id='word_1_446' title='bbox 1248 5107 1302 5154; x_wconf 88' lang='lat' dir='ltr'><strong>et</strong></span> <span class='ocrx_word' id='word_1_447' title='bbox 1329 5099 1498 5154; x_wconf 84' lang='lat' dir='ltr'><strong>nescit</strong></span> <span class='ocrx_word' id='word_1_448' title='bbox 1524 5099 1666 5166; x_wconf 89' lang='lat' dir='ltr'><strong>vitia,</strong></span> <span class='ocrx_word' id='word_1_449' title='bbox 1693 5109 1750 5156; x_wconf 85' lang='lat' dir='ltr'><strong>et</strong></span> <span class='ocrx_word' id='word_1_450' title='bbox 1768 5101 1966 5171; x_wconf 74' lang='lat' dir='ltr'><strong>iudicat</strong></span> <span class='ocrx_word' id='word_1_451' title='bbox 1993 5104 2075 5158; x_wconf 86' lang='lat' dir='ltr'><strong>vi-</strong></span> 
     </span>
    </p>
   </div>
   <div class='ocr_carea' id='block_1_57' title="bbox 498 5186 2074 5262">
    <p class='ocr_par' dir='ltr' id='par_1_57' title="bbox 498 5186 2074 5262">
     <span class='ocr_line' id='line_1_57' title="bbox 498 5186 2074 5262; baseline 0.006 -22"><span class='ocrx_word' id='word_1_452' title='bbox 498 5187 569 5241; x_wconf 90' lang='lat' dir='ltr'><strong>tia</strong></span> <span class='ocrx_word' id='word_1_453' title='bbox 590 5189 632 5240; x_wconf 79' lang='grc'><strong>⁸.</strong></span> <span class='ocrx_word' id='word_1_454' title='bbox 663 5186 844 5244; x_wconf 79' lang='lat' dir='ltr'><strong>Nescit</strong></span> <span class='ocrx_word' id='word_1_455' title='bbox 869 5187 1129 5256; x_wconf 81' lang='lat' dir='ltr'><strong>faciendo,</strong></span> <span class='ocrx_word' id='word_1_456' title='bbox 1158 5187 1365 5259; x_wconf 76' lang='lat' dir='ltr'><strong>judicat</strong></span> <span class='ocrx_word' id='word_1_457' title='bbox 1386 5189 1675 5260; x_wconf 79' lang='lat' dir='ltr'><strong>arguendo.</strong></span> <span class='ocrx_word' id='word_1_458' title='bbox 1704 5191 1793 5248; x_wconf 91' lang='lat' dir='ltr'><strong>Sic</strong></span> <span class='ocrx_word' id='word_1_459' title='bbox 1817 5207 1945 5262; x_wconf 86' lang='lat' dir='ltr'><strong>ergo</strong></span> <span class='ocrx_word' id='word_1_460' title='bbox 1973 5210 2074 5249; x_wconf 89' lang='lat' dir='ltr'><strong>non</strong></span> 
     </span>
    </p>
   </div>
   <div class='ocr_carea' id='block_1_58' title="bbox 498 5279 741 5332">
    <p class='ocr_par' dir='ltr' id='par_1_58' title="bbox 498 5279 741 5332">
     <span class='ocr_line' id='line_1_58' title="bbox 498 5279 741 5332; baseline 0.004 -1"><span class='ocrx_word' id='word_1_461' title='bbox 498 5279 612 5332; x_wconf 84' lang='lat' dir='ltr'><strong>novi</strong></span> <span class='ocrx_word' id='word_1_462' title='bbox 637 5294 741 5332; x_wconf 81' lang='lat' dir='ltr'><strong>uos.</strong></span> 
     </span>
    </p>
   </div>
   <div class='ocr_carea' id='block_1_59' title="bbox 570 5369 2071 5443">
    <p class='ocr_par' dir='ltr' id='par_1_59' title="bbox 570 5369 2071 5443">
     <span class='ocr_line' id='line_1_59' title="bbox 570 5369 2071 5443; baseline 0.007 -20"><span class='ocrx_word' id='word_1_463' title='bbox 570 5370 654 5423; x_wconf 84' lang='grc'><strong>17.</strong></span> <span class='ocrx_word' id='word_1_464' title='bbox 679 5369 824 5423; x_wconf 80' lang='lat' dir='ltr'><strong>Idem</strong></span> <span class='ocrx_word' id='word_1_465' title='bbox 845 5379 1087 5424; x_wconf 84' lang='lat' dir='ltr'><strong>tractatur</strong></span> <span class='ocrx_word' id='word_1_466' title='bbox 1131 5383 1498 5443; x_wconf 88' lang='lat' dir='ltr'><strong>argumentum.</strong></span> <span class='ocrx_word' id='word_1_467' title='bbox 1521 5373 1717 5441; x_wconf 88' lang='lat' dir='ltr'><strong>lerunt,</strong></span> <span class='ocrx_word' id='word_1_468' title='bbox 1743 5375 2071 5434; x_wconf 86' lang='lat' dir='ltr'><strong>intraverunt</strong></span> 
     </span>
    </p>
   </div>
   <div class='ocr_carea' id='block_1_60' title="bbox 496 5459 2069 5536">
    <p class='ocr_par' dir='ltr' id='par_1_60' title="bbox 496 5459 2069 5536">
     <span class='ocr_line' id='line_1_60' title="bbox 496 5459 2069 5536; baseline 0.006 -23"><span class='ocrx_word' id='word_1_469' title='bbox 496 5459 726 5532; x_wconf 88' lang='lat' dir='ltr'><strong>quinque</strong></span> <span class='ocrx_word' id='word_1_470' title='bbox 754 5461 1060 5531; x_wconf 88' lang='lat' dir='ltr'><strong>prudentes.</strong></span> <span class='ocrx_word' id='word_1_471' title='bbox 1083 5463 1251 5531; x_wconf 91' lang='lat' dir='ltr'><strong>Quam</strong></span> <span class='ocrx_word' id='word_1_472' title='bbox 1277 5465 1426 5520; x_wconf 92' lang='lat' dir='ltr'><strong>multi</strong></span> <span class='ocrx_word' id='word_1_473' title='bbox 1457 5467 1626 5536; x_wconf 71' lang='lat' dir='ltr'><strong>estis,</strong></span> <span class='ocrx_word' id='word_1_474' title='bbox 1646 5465 1832 5523; x_wconf 78' lang='lat' dir='ltr'><strong>fratres</strong></span> <span class='ocrx_word' id='word_1_475' title='bbox 1855 5470 1988 5535; x_wconf 86' lang='lat' dir='ltr'><strong>mei,</strong></span> <span class='ocrx_word' id='word_1_476' title='bbox 2018 5471 2069 5526; x_wconf 91' lang='lat' dir='ltr'><strong>in</strong></span> 
     </span>
    </p>
   </div>
   <div class='ocr_carea' id='block_1_61' title="bbox 561 5614 1523 5686">
    <p class='ocr_par' dir='ltr' id='par_1_61' title="bbox 561 5614 1523 5686">
     <span class='ocr_line' id='line_1_61' title="bbox 561 5614 1523 5686; baseline 0.011 -25"><span class='ocrx_word' id='word_1_477' title='bbox 561 5617 577 5686; x_wconf 65' lang='grc' dir='ltr'><strong>ξ</strong></span> <span class='ocrx_word' id='word_1_478' title='bbox 605 5614 827 5686; x_wconf 64' lang='lat' dir='ltr'><strong>l’lerique</strong></span> <span class='ocrx_word' id='word_1_479' title='bbox 852 5623 1193 5686; x_wconf 54' lang='lat' dir='ltr'><strong>uss.._propter</strong></span> <span class='ocrx_word' id='word_1_480' title='bbox 1219 5617 1523 5686; x_wconf 75' lang='lat' dir='ltr'><strong>illasfatuas.</strong></span> 
     </span>
    </p>
   </div>
   <div class='ocr_carea' id='block_1_62' title="bbox 558 5678 2072 5748">
    <p class='ocr_par' dir='ltr' id='par_1_62' title="bbox 558 5678 2072 5748">
     <span class='ocr_line' id='line_1_62' title="bbox 558 5678 2072 5748; baseline 0.009 -23"><span class='ocrx_word' id='word_1_481' title='bbox 558 5679 582 5748; x_wconf 63' lang='grc' dir='ltr'>ξ</span> <span class='ocrx_word' id='word_1_482' title='bbox 604 5683 782 5748; x_wconf 63' lang='lat' dir='ltr'><strong>unuse</strong></span> <span class='ocrx_word' id='word_1_483' title='bbox 797 5678 1237 5748; x_wconf 66' lang='lat' dir='ltr'><strong>Collier_tinis&#39;Mss.,</strong></span> <span class='ocrx_word' id='word_1_484' title='bbox 1261 5689 1305 5748; x_wconf 81' lang='lat' dir='ltr'><strong>et</strong></span> <span class='ocrx_word' id='word_1_485' title='bbox 1327 5678 1508 5734; x_wconf 74' lang='lat' dir='ltr'><strong>indicat</strong></span> <span class='ocrx_word' id='word_1_486' title='bbox 1530 5683 1673 5748; x_wconf 71' lang='lat' dir='ltr'><strong>vitia;</strong></span> <span class='ocrx_word' id='word_1_487' title='bbox 1696 5684 1783 5736; x_wconf 86' lang='lat' dir='ltr'><strong>sed</strong></span> <span class='ocrx_word' id='word_1_488' title='bbox 1808 5698 1916 5735; x_wconf 83' lang='lat' dir='ltr'><strong>mox</strong></span> <span class='ocrx_word' id='word_1_489' title='bbox 1942 5687 2072 5739; x_wconf 81' lang='lat' dir='ltr'><strong>idem</strong></span> 
     </span>
    </p>
   </div>
   <div class='ocr_carea' id='block_1_63' title="bbox 495 5737 1327 5804">
    <p class='ocr_par' dir='ltr' id='par_1_63' title="bbox 495 5737 1327 5804">
     <span class='ocr_line' id='line_1_63' title="bbox 495 5737 1327 5804; baseline 0.006 -16"><span class='ocrx_word' id='word_1_490' title='bbox 495 5737 650 5788; x_wconf 66' lang='lat' dir='ltr'><strong>eodm</strong></span> <span class='ocrx_word' id='word_1_491' title='bbox 676 5739 840 5800; x_wconf 80' lang='lat' dir='ltr'><strong>habet,</strong></span> <span class='ocrx_word' id='word_1_492' title='bbox 853 5738 1045 5801; x_wconf 80' lang='lat' dir='ltr'><strong>jutlt&#39;cat</strong></span> <span class='ocrx_word' id='word_1_493' title='bbox 1069 5737 1327 5804; x_wconf 78' lang='lat' dir='ltr'><strong>arguendo.</strong></span> 
     </span>
    </p>
   </div>
   <div class='ocr_carea' id='block_1_64' title="bbox 2212 620 3787 708">
    <p class='ocr_par' dir='ltr' id='par_1_64' title="bbox 2212 620 3787 708">
     <span class='ocr_line' id='line_1_64' title="bbox 2212 620 3787 708; baseline 0.013 -32"><span class='ocrx_word' id='word_1_494' title='bbox 2212 620 2432 693; x_wconf 78' lang='lat' dir='ltr'><strong>dentes,</strong></span> <span class='ocrx_word' id='word_1_495' title='bbox 2477 624 2545 679; x_wconf 88' lang='lat' dir='ltr'><strong>ad</strong></span> <span class='ocrx_word' id='word_1_496' title='bbox 2581 626 2732 682; x_wconf 88' lang='lat' dir='ltr'><strong>istam</strong></span> <span class='ocrx_word' id='word_1_497' title='bbox 2760 630 3088 698; x_wconf 87' lang='lat' dir='ltr'><strong>prudentiam</strong></span> <span class='ocrx_word' id='word_1_498' title='bbox 3112 633 3336 702; x_wconf 86' lang='lat' dir='ltr'><strong>quinarii</strong></span> <span class='ocrx_word' id='word_1_499' title='bbox 3365 637 3572 692; x_wconf 87' lang='lat' dir='ltr'><strong>numeri</strong></span> <span class='ocrx_word' id='word_1_500' title='bbox 3617 625 3787 708; x_wconf 52' lang='lat' dir='ltr'><strong>peril;</strong></span> 
     </span>
    </p>
   </div>
   <div class='ocr_carea' id='block_1_65' title="bbox 2213 715 3788 800">
    <p class='ocr_par' dir='ltr' id='par_1_65' title="bbox 2213 715 3788 800">
     <span class='ocr_line' id='line_1_65' title="bbox 2213 715 3788 800; baseline 0.015 -36"><span class='ocrx_word' id='word_1_501' title='bbox 2213 723 2420 768; x_wconf 86' lang='lat' dir='ltr'><strong>nentes.</strong></span> <span class='ocrx_word' id='word_1_502' title='bbox 2453 715 2636 771; x_wconf 85' lang='lat' dir='ltr'><strong>Veniet</strong></span> <span class='ocrx_word' id='word_1_503' title='bbox 2663 719 2803 773; x_wconf 90' lang='lat' dir='ltr'><strong>enim</strong></span> <span class='ocrx_word' id='word_1_504' title='bbox 2835 716 2998 786; x_wconf 82' lang='lat' dir='ltr'><strong>hora,</strong></span> <span class='ocrx_word' id='word_1_505' title='bbox 3027 730 3081 777; x_wconf 90' lang='lat' dir='ltr'><strong>ct</strong></span> <span class='ocrx_word' id='word_1_506' title='bbox 3116 724 3326 794; x_wconf 81' lang='lat' dir='ltr'><strong>quando</strong></span> <span class='ocrx_word' id='word_1_507' title='bbox 3361 727 3664 800; x_wconf 87' lang='lat' dir='ltr'><strong>nescimus,</strong></span> <span class='ocrx_word' id='word_1_508' title='bbox 3695 747 3788 788; x_wconf 84' lang='lat' dir='ltr'><strong>ve-</strong></span> 
     </span>
    </p>
   </div>
   <div class='ocr_carea' id='block_1_66' title="bbox 2211 803 3786 896">
    <p class='ocr_par' dir='ltr' id='par_1_66' title="bbox 2211 803 3786 896">
     <span class='ocr_line' id='line_1_66' title="bbox 2211 803 3786 896; baseline 0.015 -39"><span class='ocrx_word' id='word_1_509' title='bbox 2211 803 2338 859; x_wconf 89' lang='lat' dir='ltr'><strong>niet.</strong></span> <span class='ocrx_word' id='word_1_510' title='bbox 2371 806 2540 863; x_wconf 83' lang='lat' dir='ltr'><strong>Media</strong></span> <span class='ocrx_word' id='word_1_511' title='bbox 2569 819 2722 867; x_wconf 92' lang='lat' dir='ltr'><strong>nocte</strong></span> <span class='ocrx_word' id='word_1_512' title='bbox 2742 814 2936 882; x_wconf 86' lang='lat' dir='ltr'><strong>veniet,</strong></span> <span class='ocrx_word' id='word_1_513' title='bbox 2961 815 3189 896; x_wconf 76' lang='lat' dir='ltr'><strong>vigilate.</strong></span> <span class='ocrx_word' id='word_1_514' title='bbox 3218 817 3308 873; x_wconf 88' lang='lat' dir='ltr'><strong>Sic</strong></span> <span class='ocrx_word' id='word_1_515' title='bbox 3325 818 3518 876; x_wconf 87' lang='lat' dir='ltr'><strong>clausit</strong></span> <span class='ocrx_word' id='word_1_516' title='bbox 3541 823 3786 896; x_wconf 80' lang='lat' dir='ltr'><strong>Evange-</strong></span> 
     </span>
    </p>
   </div>
   <div class='ocr_carea' id='block_1_67' title="bbox 2210 893 3788 981">
    <p class='ocr_par' dir='ltr' id='par_1_67' title="bbox 2210 893 3788 981">
     <span class='ocr_line' id='line_1_67' title="bbox 2210 893 3788 981; baseline 0.015 -32"><span class='ocrx_word' id='word_1_517' title='bbox 2210 894 2338 952; x_wconf 90' lang='lat' dir='ltr'><strong>lium</strong></span> <span class='ocrx_word' id='word_1_518' title='bbox 2371 907 2383 952; x_wconf 73' lang='grc' dir='ltr'><strong><em>ἑ</em></strong></span> <span class='ocrx_word' id='word_1_519' title='bbox 2428 898 2669 972; x_wconf 81' lang='lat' dir='ltr'><strong>Vigilate,</strong></span> <span class='ocrx_word' id='word_1_520' title='bbox 2699 905 2817 975; x_wconf 83' lang='lat' dir='ltr'><strong>quia</strong></span> <span class='ocrx_word' id='word_1_521' title='bbox 2858 907 3055 962; x_wconf 73' lang='lat' dir='ltr'><strong>nescitis</strong></span> <span class='ocrx_word' id='word_1_522' title='bbox 3104 893 3236 963; x_wconf 74' lang='lat' dir='ltr'><strong>diem</strong></span> <span class='ocrx_word' id='word_1_523' title='bbox 3285 922 3441 981; x_wconf 81' lang='lat' dir='ltr'><strong>neque</strong></span> <span class='ocrx_word' id='word_1_524' title='bbox 3486 893 3788 974; x_wconf 25' lang='lat' dir='ltr'><strong>IwromdSl</strong></span> 
     </span>
    </p>
   </div>
   <div class='ocr_carea' id='block_1_68' title="bbox 2208 990 3788 1073">
    <p class='ocr_par' dir='ltr' id='par_1_68' title="bbox 2208 990 3788 1073">
     <span class='ocr_line' id='line_1_68' title="bbox 2208 990 3788 1073; baseline 0.013 -30"><span class='ocrx_word' id='word_1_525' title='bbox 2208 993 2337 1059; x_wconf 84' lang='lat' dir='ltr'><strong>ergo</strong></span> <span class='ocrx_word' id='word_1_526' title='bbox 2371 990 2650 1049; x_wconf 89' lang='lat' dir='ltr'><strong>dormituri</strong></span> <span class='ocrx_word' id='word_1_527' title='bbox 2691 995 2904 1062; x_wconf 85' lang='lat' dir='ltr'><strong>sumus,</strong></span> <span class='ocrx_word' id='word_1_528' title='bbox 2950 1000 3216 1068; x_wconf 92' lang='lat' dir='ltr'><strong>quomodo</strong></span> <span class='ocrx_word' id='word_1_529' title='bbox 3255 1002 3568 1073; x_wconf 75' lang='lat' dir='ltr'><strong>vigilamus?</strong></span> <span class='ocrx_word' id='word_1_530' title='bbox 3609 1006 3788 1065; x_wconf 89' lang='lat' dir='ltr'><strong>Corde</strong></span> 
     </span>
    </p>
   </div>
   <div class='ocr_carea' id='block_1_69' title="bbox 2207 1079 3788 1167">
    <p class='ocr_par' dir='ltr' id='par_1_69' title="bbox 2207 1079 3788 1167">
     <span class='ocr_line' id='line_1_69' title="bbox 2207 1079 3788 1167; baseline 0.012 -34"><span class='ocrx_word' id='word_1_531' title='bbox 2207 1079 2392 1151; x_wconf 87' lang='lat' dir='ltr'><strong>vigila,</strong></span> <span class='ocrx_word' id='word_1_532' title='bbox 2417 1081 2520 1138; x_wconf 87' lang='lat' dir='ltr'><strong>lide</strong></span> <span class='ocrx_word' id='word_1_533' title='bbox 2548 1085 2702 1155; x_wconf 89' lang='lat' dir='ltr'><strong>vigila</strong></span> <span class='ocrx_word' id='word_1_534' title='bbox 2721 1127 2738 1153; x_wconf 92' lang='lat'><strong>,</strong></span> <span class='ocrx_word' id='word_1_535' title='bbox 2765 1102 2860 1157; x_wconf 88' lang='lat' dir='ltr'><strong>spe</strong></span> <span class='ocrx_word' id='word_1_536' title='bbox 2887 1089 3040 1159; x_wconf 88' lang='lat' dir='ltr'><strong>vigila</strong></span> <span class='ocrx_word' id='word_1_537' title='bbox 3064 1130 3080 1158; x_wconf 95' lang='lat'><strong>,</strong></span> <span class='ocrx_word' id='word_1_538' title='bbox 3110 1090 3368 1149; x_wconf 89' lang='lat' dir='ltr'><strong>charitate</strong></span> <span class='ocrx_word' id='word_1_539' title='bbox 3391 1094 3545 1164; x_wconf 88' lang='lat' dir='ltr'><strong>vigila</strong></span> <span class='ocrx_word' id='word_1_540' title='bbox 3566 1136 3583 1164; x_wconf 95' lang='lat'><strong>,</strong></span> <span class='ocrx_word' id='word_1_541' title='bbox 3606 1097 3788 1167; x_wconf 61' lang='lat' dir='ltr'><strong>operi-</strong></span> 
     </span>
    </p>
   </div>
   <div class='ocr_carea' id='block_1_70' title="bbox 2204 1167 3790 1251">
    <p class='ocr_par' dir='ltr' id='par_1_70' title="bbox 2204 1167 3790 1251">
     <span class='ocr_line' id='line_1_70' title="bbox 2204 1167 3790 1251; baseline 0.013 -28"><span class='ocrx_word' id='word_1_542' title='bbox 2204 1167 2306 1225; x_wconf 85' lang='lat' dir='ltr'><strong>bus</strong></span> <span class='ocrx_word' id='word_1_543' title='bbox 2345 1171 2499 1243; x_wconf 87' lang='lat' dir='ltr'><strong>vigila</strong></span> <span class='ocrx_word' id='word_1_544' title='bbox 2542 1185 2642 1231; x_wconf 89' lang='lat' dir='ltr'><strong>:et</strong></span> <span class='ocrx_word' id='word_1_545' title='bbox 2676 1177 2888 1246; x_wconf 82' lang='lat' dir='ltr'><strong>quando</strong></span> <span class='ocrx_word' id='word_1_546' title='bbox 2933 1195 3158 1250; x_wconf 88' lang='lat' dir='ltr'><strong>corpore</strong></span> <span class='ocrx_word' id='word_1_547' title='bbox 3207 1182 3559 1251; x_wconf 75' lang='lat' dir='ltr'><strong>darmirerls,</strong></span> <span class='ocrx_word' id='word_1_548' title='bbox 3607 1188 3790 1243; x_wconf 83' lang='lat' dir='ltr'><strong>veniet</strong></span> 
     </span>
    </p>
   </div>
   <div class='ocr_carea' id='block_1_71' title="bbox 2208 1263 3788 1348">
    <p class='ocr_par' dir='ltr' id='par_1_71' title="bbox 2208 1263 3788 1348">
     <span class='ocr_line' id='line_1_71' title="bbox 2208 1263 3788 1348; baseline 0.011 -34"><span class='ocrx_word' id='word_1_549' title='bbox 2208 1263 2414 1332; x_wconf 72' lang='lat' dir='ltr'><strong>tempus</strong></span> <span class='ocrx_word' id='word_1_550' title='bbox 2457 1271 2514 1318; x_wconf 90' lang='lat' dir='ltr'><strong>ut</strong></span> <span class='ocrx_word' id='word_1_551' title='bbox 2541 1279 2748 1336; x_wconf 78' lang='lat' dir='ltr'><strong>surgas.</strong></span> <span class='ocrx_word' id='word_1_552' title='bbox 2791 1267 2924 1324; x_wconf 85' lang='lat' dir='ltr'><strong>Cum</strong></span> <span class='ocrx_word' id='word_1_553' title='bbox 2962 1270 3138 1325; x_wconf 81' lang='lat' dir='ltr'><strong>autem</strong></span> <span class='ocrx_word' id='word_1_554' title='bbox 3169 1273 3500 1343; x_wconf 69' lang='lat' dir='ltr'><strong>Surrexeri’s’,</strong></span> <span class='ocrx_word' id='word_1_555' title='bbox 3544 1291 3788 1348; x_wconf 67' lang='lat' dir='ltr'><strong>praapara</strong></span> 
     </span>
    </p>
   </div>
   <div class='ocr_carea' id='block_1_72' title="bbox 2201 1351 3790 1434">
    <p class='ocr_par' dir='ltr' id='par_1_72' title="bbox 2201 1351 3790 1434">
     <span class='ocr_line' id='line_1_72' title="bbox 2201 1351 3790 1434; baseline 0.012 -28"><span class='ocrx_word' id='word_1_556' title='bbox 2201 1351 2494 1423; x_wconf 86' lang='lat' dir='ltr'><strong>lampades.</strong></span> <span class='ocrx_word' id='word_1_557' title='bbox 2535 1356 2683 1414; x_wconf 90' lang='lat' dir='ltr'><strong>Tunc</strong></span> <span class='ocrx_word' id='word_1_558' title='bbox 2726 1369 2832 1416; x_wconf 83' lang='lat' dir='ltr'><strong>no‘n</strong></span> <span class='ocrx_word' id='word_1_559' title='bbox 2879 1362 3315 1434; x_wconf 84' lang='lat' dir='ltr'><strong>exstinguantur,</strong></span> <span class='ocrx_word' id='word_1_560' title='bbox 3365 1374 3491 1422; x_wconf 87' lang='lat' dir='ltr'><strong>tunc</strong></span> <span class='ocrx_word' id='word_1_561' title='bbox 3531 1368 3790 1426; x_wconf 75' lang='lat' dir='ltr'><strong>interiore</strong></span> 
     </span>
    </p>
   </div>
   <div class='ocr_carea' id='block_1_73' title="bbox 2203 1445 3790 1527">
    <p class='ocr_par' dir='ltr' id='par_1_73' title="bbox 2203 1445 3790 1527">
     <span class='ocr_line' id='line_1_73' title="bbox 2203 1445 3790 1527; baseline 0.011 -29"><span class='ocrx_word' id='word_1_562' title='bbox 2203 1445 2542 1502; x_wconf 79' lang='lat' dir='ltr'><strong>conscientia:</strong></span> <span class='ocrx_word' id='word_1_563' title='bbox 2570 1448 2690 1505; x_wconf 88' lang='lat' dir='ltr'><strong>oleo</strong></span> <span class='ocrx_word' id='word_1_564' title='bbox 2712 1453 3020 1522; x_wconf 83' lang='lat' dir='ltr'><strong>vegetentur</strong></span> <span class='ocrx_word' id='word_1_565' title='bbox 3044 1473 3057 1509; x_wconf 91' lang='lat'><strong>:</strong></span> <span class='ocrx_word' id='word_1_566' title='bbox 3089 1465 3216 1511; x_wconf 90' lang='lat' dir='ltr'><strong>tunc</strong></span> <span class='ocrx_word' id='word_1_567' title='bbox 3238 1471 3463 1527; x_wconf 88' lang='lat' dir='ltr'><strong>sponsus</strong></span> <span class='ocrx_word' id='word_1_568' title='bbox 3489 1459 3580 1516; x_wconf 90' lang='lat' dir='ltr'><strong>ille</strong></span> <span class='ocrx_word' id='word_1_569' title='bbox 3608 1460 3790 1515; x_wconf 84' lang='lat' dir='ltr'><strong>incor-</strong></span> 
     </span>
    </p>
   </div>
   <div class='ocr_carea' id='block_1_74' title="bbox 2203 1530 3790 1613">
    <p class='ocr_par' dir='ltr' id='par_1_74' title="bbox 2203 1530 3790 1613">
     <span class='ocr_line' id='line_1_74' title="bbox 2203 1530 3790 1613; baseline 0.011 -24"><span class='ocrx_word' id='word_1_570' title='bbox 2203 1536 2379 1605; x_wconf 83' lang='lat' dir='ltr'><strong>porcis</strong></span> <span class='ocrx_word' id='word_1_571' title='bbox 2399 1539 2624 1595; x_wconf 82' lang='lat' dir='ltr'><strong>nexibus</strong></span> <span class='ocrx_word' id='word_1_572' title='bbox 2643 1530 2990 1613; x_wconf 86' lang='lat' dir='ltr'><strong>amplectatur</strong></span> <span class='ocrx_word' id='word_1_573' title='bbox 3010 1562 3024 1612; x_wconf 64' lang='grc' dir='ltr'>δ</span> <span class='ocrx_word' id='word_1_574' title='bbox 3058 1555 3183 1602; x_wconf 87' lang='lat' dir='ltr'><strong>tunc</strong></span> <span class='ocrx_word' id='word_1_575' title='bbox 3204 1556 3256 1603; x_wconf 90' lang='lat' dir='ltr'><strong>te</strong></span> <span class='ocrx_word' id='word_1_576' title='bbox 3283 1549 3584 1606; x_wconf 70' lang='lat' dir='ltr'><strong>introduCat</strong></span> <span class='ocrx_word' id='word_1_577' title='bbox 3602 1551 3656 1606; x_wconf 93' lang='lat' dir='ltr'><strong>in</strong></span> <span class='ocrx_word' id='word_1_578' title='bbox 3685 1552 3790 1606; x_wconf 42' lang='lat' dir='ltr'><strong>do;</strong></span> 
     </span>
    </p>
   </div>
   <div class='ocr_carea' id='block_1_75' title="bbox 2200 1623 3791 1718">
    <p class='ocr_par' dir='ltr' id='par_1_75' title="bbox 2200 1623 3791 1718">
     <span class='ocr_line' id='line_1_75' title="bbox 2200 1623 3791 1718; baseline 0.011 -38"><span class='ocrx_word' id='word_1_579' title='bbox 2200 1623 2345 1681; x_wconf 85' lang='lat' dir='ltr'><strong>mum</strong></span> <span class='ocrx_word' id='word_1_580' title='bbox 2371 1669 2387 1695; x_wconf 93' lang='lat'><strong>,</strong></span> <span class='ocrx_word' id='word_1_581' title='bbox 2415 1625 2506 1684; x_wconf 82' lang='lat' dir='ltr'><strong>tibi</strong></span> <span class='ocrx_word' id='word_1_582' title='bbox 2537 1624 2806 1702; x_wconf 82' lang='lat' dir='ltr'><strong>nunquam</strong></span> <span class='ocrx_word' id='word_1_583' title='bbox 2832 1634 3066 1691; x_wconf 80' lang='lat' dir='ltr'><strong>dormias</strong></span> <span class='ocrx_word' id='word_1_584' title='bbox 3085 1679 3100 1704; x_wconf 93' lang='lat'><strong>,</strong></span> <span class='ocrx_word' id='word_1_585' title='bbox 3129 1639 3218 1694; x_wconf 89' lang='lat' dir='ltr'><strong>ubi</strong></span> <span class='ocrx_word' id='word_1_586' title='bbox 3245 1635 3511 1711; x_wconf 72' lang='lat' dir='ltr'><strong>nunquam</strong></span> <span class='ocrx_word' id='word_1_587' title='bbox 3540 1651 3625 1718; x_wconf 83' lang='lat' dir='ltr'><strong>tua</strong></span> <span class='ocrx_word' id='word_1_588' title='bbox 3649 1642 3791 1698; x_wconf 79' lang='lat' dir='ltr'><strong>lant-</strong></span> 
     </span>
    </p>
   </div>
   <div class='ocr_carea' id='block_1_76' title="bbox 2202 1719 3792 1810">
    <p class='ocr_par' dir='ltr' id='par_1_76' title="bbox 2202 1719 3792 1810">
     <span class='ocr_line' id='line_1_76' title="bbox 2202 1719 3792 1810; baseline 0.013 -40"><span class='ocrx_word' id='word_1_589' title='bbox 2202 1731 2296 1810; x_wconf 84' lang='lat' dir='ltr'><strong>pas</strong></span> <span class='ocrx_word' id='word_1_590' title='bbox 2321 1719 2488 1787; x_wconf 88' lang='lat' dir='ltr'><strong>possit</strong></span> <span class='ocrx_word' id='word_1_591' title='bbox 2503 1721 2786 1794; x_wconf 75' lang='lat' dir='ltr'><strong>exstingui.</strong></span> <span class='ocrx_word' id='word_1_592' title='bbox 2816 1725 2985 1782; x_wconf 84' lang='lat' dir='ltr'><strong>Hodie</strong></span> <span class='ocrx_word' id='word_1_593' title='bbox 3003 1743 3131 1784; x_wconf 87' lang='lat' dir='ltr'><strong>vero</strong></span> <span class='ocrx_word' id='word_1_594' title='bbox 3151 1729 3474 1800; x_wconf 88' lang='lat' dir='ltr'><strong>laboramus,</strong></span> <span class='ocrx_word' id='word_1_595' title='bbox 3501 1741 3557 1788; x_wconf 89' lang='lat' dir='ltr'><strong>et</strong></span> <span class='ocrx_word' id='word_1_596' title='bbox 3573 1734 3792 1810; x_wconf 55' lang='lat' dir='ltr'><strong>lampg;</strong></span> 
     </span>
    </p>
   </div>
   <div class='ocr_carea' id='block_1_77' title="bbox 2199 1808 3789 1898">
    <p class='ocr_par' dir='ltr' id='par_1_77' title="bbox 2199 1808 3789 1898">
     <span class='ocr_line' id='line_1_77' title="bbox 2199 1808 3789 1898; baseline 0.013 -35"><span class='ocrx_word' id='word_1_597' title='bbox 2199 1808 2296 1865; x_wconf 85' lang='lat' dir='ltr'><strong>des</strong></span> <span class='ocrx_word' id='word_1_598' title='bbox 2326 1822 2520 1869; x_wconf 77' lang='lat' dir='ltr'><strong>nostra:</strong></span> <span class='ocrx_word' id='word_1_599' title='bbox 2547 1813 2685 1871; x_wconf 89' lang='lat' dir='ltr'><strong>inter</strong></span> <span class='ocrx_word' id='word_1_600' title='bbox 2721 1827 2907 1874; x_wconf 89' lang='lat' dir='ltr'><strong>ventos</strong></span> <span class='ocrx_word' id='word_1_601' title='bbox 2949 1817 3128 1877; x_wconf 59' lang='lat' dir='ltr'><strong>saeculi</strong></span> <span class='ocrx_word' id='word_1_602' title='bbox 3170 1823 3324 1894; x_wconf 88' lang='lat' dir='ltr'><strong>hujus</strong></span> <span class='ocrx_word' id='word_1_603' title='bbox 3361 1808 3789 1898; x_wconf 83' lang='lat' dir='ltr'><strong>tentationesque</strong></span> 
     </span>
    </p>
   </div>
   <div class='ocr_carea' id='block_1_78' title="bbox 2199 1897 3824 1985">
    <p class='ocr_par' dir='ltr' id='par_1_78' title="bbox 2199 1897 3824 1985">
     <span class='ocr_line' id='line_1_78' title="bbox 2199 1897 3824 1985; baseline 0.013 -29"><span class='ocrx_word' id='word_1_604' title='bbox 2199 1901 2455 1960; x_wconf 83' lang='lat' dir='ltr'><strong>ﬂuctuant</strong></span> <span class='ocrx_word' id='word_1_605' title='bbox 2485 1923 2498 1956; x_wconf 93' lang='lat'><strong>:</strong></span> <span class='ocrx_word' id='word_1_606' title='bbox 2527 1907 2620 1962; x_wconf 88' lang='lat' dir='ltr'><strong>sed</strong></span> <span class='ocrx_word' id='word_1_607' title='bbox 2646 1897 2832 1966; x_wconf 77' lang='lat' dir='ltr'><strong>ardeat</strong></span> <span class='ocrx_word' id='word_1_608' title='bbox 2863 1909 2916 1966; x_wconf 92' lang='lat' dir='ltr'><strong>in</strong></span> <span class='ocrx_word' id='word_1_609' title='bbox 2944 1910 3135 1971; x_wconf 84' lang='lat' dir='ltr'><strong>robore</strong></span> <span class='ocrx_word' id='word_1_610' title='bbox 3161 1902 3177 1948; x_wconf 71' lang='grc' dir='ltr'>ί</span> <span class='ocrx_word' id='word_1_611' title='bbox 3219 1904 3430 1974; x_wconf 76' lang='lat' dir='ltr'><strong>ﬂamma</strong></span> <span class='ocrx_word' id='word_1_612' title='bbox 3459 1928 3639 1974; x_wconf 86' lang='lat' dir='ltr'><strong>nostra</strong></span> <span class='ocrx_word' id='word_1_613' title='bbox 3660 1962 3674 1985; x_wconf 92' lang='lat'><strong>,</strong></span> <span class='ocrx_word' id='word_1_614' title='bbox 3697 1897 3710 1898; x_wconf 18' lang='grc' dir='ltr'>ί</span> <span class='ocrx_word' id='word_1_615' title='bbox 3729 1928 3790 1977; x_wconf 83' lang='grc' dir='ltr'>ιιι</span> <span class='ocrx_word' id='word_1_616' title='bbox 3819 1973 3824 1976; x_wconf 86' lang='grc'><strong>.</strong></span> 
     </span>
    </p>
   </div>
   <div class='ocr_carea' id='block_1_79' title="bbox 2197 1998 3788 2082">
    <p class='ocr_par' dir='ltr' id='par_1_79' title="bbox 2197 1998 3788 2082">
     <span class='ocr_line' id='line_1_79' title="bbox 2197 1998 3788 2082; baseline 0.014 -36"><span class='ocrx_word' id='word_1_617' title='bbox 2197 2005 2387 2051; x_wconf 82' lang='lat' dir='ltr'><strong>ventus</strong></span> <span class='ocrx_word' id='word_1_618' title='bbox 2414 1998 2716 2057; x_wconf 87' lang='lat' dir='ltr'><strong>tentationis</strong></span> <span class='ocrx_word' id='word_1_619' title='bbox 2737 2012 2925 2074; x_wconf 86' lang='lat' dir='ltr'><strong>augeat</strong></span> <span class='ocrx_word' id='word_1_620' title='bbox 2945 2005 3118 2076; x_wconf 80' lang='lat' dir='ltr'><strong>ignem</strong></span> <span class='ocrx_word' id='word_1_621' title='bbox 3147 2009 3320 2078; x_wconf 87' lang='lat' dir='ltr'><strong>potius</strong></span> <span class='ocrx_word' id='word_1_622' title='bbox 3342 2050 3358 2076; x_wconf 91' lang='lat'><strong>,</strong></span> <span class='ocrx_word' id='word_1_623' title='bbox 3387 2025 3547 2082; x_wconf 89' lang='lat' dir='ltr'><strong>quam</strong></span> <span class='ocrx_word' id='word_1_624' title='bbox 3571 2008 3788 2069; x_wconf 56' lang='lat' dir='ltr'><strong>e‘x‘stiuo</strong></span> 
     </span>
    </p>
   </div>
   <div class='ocr_carea' id='block_1_80' title="bbox 2197 2097 2342 2157">
    <p class='ocr_par' dir='ltr' id='par_1_80' title="bbox 2197 2097 2342 2157">
     <span class='ocr_line' id='line_1_80' title="bbox 2197 2097 2342 2157; baseline 0.014 -17"><span class='ocrx_word' id='word_1_625' title='bbox 2197 2097 2342 2157; x_wconf 84' lang='lat' dir='ltr'><strong>gnat.</strong></span> 
     </span>
    </p>
   </div>
   <div class='ocr_carea' id='block_1_81' title="bbox 2645 2164 3281 2266">
    <p class='ocr_par' dir='ltr' id='par_1_81' title="bbox 2645 2164 3281 2266">
     <span class='ocr_line' id='line_1_81' title="bbox 2645 2164 3281 2266; baseline 0.014 -25"><span class='ocrx_word' id='word_1_626' title='bbox 2645 2225 2649 2229; x_wconf 83' lang='lat'><strong>.</strong></span> <span class='ocrx_word' id='word_1_627' title='bbox 2682 2164 2912 2244; x_wconf 70' lang='lat' dir='ltr'><strong>sentio</strong></span> <span class='ocrx_word' id='word_1_628' title='bbox 2945 2172 3108 2249; x_wconf 71' lang='lat' dir='ltr'><strong>xm</strong></span> <span class='ocrx_word' id='word_1_629' title='bbox 3137 2196 3154 2216; x_wconf 74' lang='grc' dir='ltr'><strong>ο</strong></span> <span class='ocrx_word' id='word_1_630' title='bbox 3181 2189 3281 2266; x_wconf 87' lang='grc' dir='ltr'><strong>(α).</strong></span> 
     </span>
    </p>
   </div>
   <div class='ocr_carea' id='block_1_82' title="bbox 2195 2311 3787 2401">
    <p class='ocr_par' dir='ltr' id='par_1_82' title="bbox 2195 2311 3787 2401">
     <span class='ocr_line' id='line_1_82' title="bbox 2195 2311 3787 2401; baseline 0.013 -36"><span class='ocrx_word' id='word_1_631' title='bbox 2195 2311 2282 2392; x_wconf 11' lang='lat' dir='ltr'><strong>De.</strong></span> <span class='ocrx_word' id='word_1_632' title='bbox 2297 2313 2452 2370; x_wconf 84' lang='lat' dir='ltr'><strong>verbis</strong></span> <span class='ocrx_word' id='word_1_633' title='bbox 2472 2315 2736 2389; x_wconf 82' lang='lat' dir='ltr'><strong>Evangelii</strong></span> <span class='ocrx_word' id='word_1_634' title='bbox 2765 2320 2998 2379; x_wconf 72' lang='lat' dir='ltr'><strong>Hattluei</strong></span> <span class='ocrx_word' id='word_1_635' title='bbox 3019 2365 3034 2390; x_wconf 95' lang='lat'><strong>,</strong></span> <span class='ocrx_word' id='word_1_636' title='bbox 3064 2325 3150 2379; x_wconf 82' lang='lat' dir='ltr'><strong>ubi</strong></span> <span class='ocrx_word' id='word_1_637' title='bbox 3185 2343 3355 2382; x_wconf 80' lang='lat' dir='ltr'><strong>servus</strong></span> <span class='ocrx_word' id='word_1_638' title='bbox 3385 2328 3554 2400; x_wconf 85' lang='lat' dir='ltr'><strong>piger,</strong></span> <span class='ocrx_word' id='word_1_639' title='bbox 3585 2332 3674 2401; x_wconf 84' lang='lat' dir='ltr'><strong>qui</strong></span> <span class='ocrx_word' id='word_1_640' title='bbox 3703 2340 3787 2386; x_wconf 74' lang='lat' dir='ltr'><strong>td-</strong></span> 
     </span>
    </p>
   </div>
   <div class='ocr_carea' id='block_1_83' title="bbox 2266 2406 3785 2495">
    <p class='ocr_par' dir='ltr' id='par_1_83' title="bbox 2266 2406 3785 2495">
     <span class='ocr_line' id='line_1_83' title="bbox 2266 2406 3785 2495; baseline 0.014 -38"><span class='ocrx_word' id='word_1_641' title='bbox 2266 2406 2454 2461; x_wconf 87' lang='lat' dir='ltr'><strong>lentum</strong></span> <span class='ocrx_word' id='word_1_642' title='bbox 2499 2421 2760 2479; x_wconf 85' lang='lat' dir='ltr'><strong>acceptum</strong></span> <span class='ocrx_word' id='word_1_643' title='bbox 2801 2415 2964 2470; x_wconf 86' lang='lat' dir='ltr'><strong>noluit</strong></span> <span class='ocrx_word' id='word_1_644' title='bbox 3009 2432 3248 2488; x_wconf 84' lang='lat' dir='ltr'><strong>erogare,</strong></span> <span class='ocrx_word' id='word_1_645' title='bbox 3304 2419 3592 2477; x_wconf 85' lang='lat' dir='ltr'><strong>damnatur.</strong></span> <span class='ocrx_word' id='word_1_646' title='bbox 3645 2422 3785 2495; x_wconf 80' lang='lat' dir='ltr'><strong>Cap.</strong></span> 
     </span>
    </p>
   </div>
   <div class='ocr_carea' id='block_1_84' title="bbox 2265 2498 3147 2569">
    <p class='ocr_par' dir='ltr' id='par_1_84' title="bbox 2265 2498 3147 2569">
     <span class='ocr_line' id='line_1_84' title="bbox 2265 2498 3147 2569; baseline 0.014 -19"><span class='ocrx_word' id='word_1_647' title='bbox 2265 2511 2396 2564; x_wconf 77' lang='lat' dir='ltr'><strong>xxv,</strong></span> <span class='ocrx_word' id='word_1_648' title='bbox 2443 2499 2477 2569; x_wconf 61' lang='grc' dir='ltr'><em>ᾗ</em></span> <span class='ocrx_word' id='word_1_649' title='bbox 2500 2538 2514 2553; x_wconf 95' lang='grc'><strong>.</strong></span> <span class='ocrx_word' id='word_1_650' title='bbox 2540 2498 2728 2559; x_wconf 65' lang='grc' dir='ltr'><strong>Ωιι-30.</strong></span> <span class='ocrx_word' id='word_1_651' title='bbox 3142 2527 3147 2532; x_wconf 54' lang='grc' dir='ltr'><strong>θ</strong></span> 
     </span>
    </p>
   </div>
   <div class='ocr_carea' id='block_1_85' title="bbox 2195 2626 3789 2724">
    <p class='ocr_par' dir='ltr' id='par_1_85' title="bbox 2195 2626 3789 2724">
     <span class='ocr_line' id='line_1_85' title="bbox 2195 2626 3789 2724; baseline 0.013 -36"><span class='ocrx_word' id='word_1_652' title='bbox 2195 2626 2480 2708; x_wconf 74' lang='lat' dir='ltr'><strong>Episcopus</strong></span> <span class='ocrx_word' id='word_1_653' title='bbox 2508 2627 2642 2693; x_wconf 84' lang='lat' dir='ltr'><strong>unde</strong></span> <span class='ocrx_word' id='word_1_654' title='bbox 2675 2631 2854 2698; x_wconf 85' lang='lat' dir='ltr'><strong>dictus.</strong></span> <span class='ocrx_word' id='word_1_655' title='bbox 2886 2641 3219 2717; x_wconf 72' lang='lat' dir='ltr'><strong>Episcopatus</strong></span> <span class='ocrx_word' id='word_1_656' title='bbox 3242 2632 3457 2719; x_wconf 66' lang='lat' dir='ltr'><strong>oﬁicium</strong></span> <span class='ocrx_word' id='word_1_657' title='bbox 3485 2651 3664 2722; x_wconf 80' lang='lat' dir='ltr'><strong>cuique</strong></span> <span class='ocrx_word' id='word_1_658' title='bbox 3682 2660 3789 2724; x_wconf 80' lang='lat' dir='ltr'><strong>pd-</strong></span> 
     </span>
    </p>
   </div>
   <div class='ocr_carea' id='block_1_86' title="bbox 2679 2733 3297 2807">
    <p class='ocr_par' dir='ltr' id='par_1_86' title="bbox 2679 2733 3297 2807">
     <span class='ocr_line' id='line_1_86' title="bbox 2679 2733 3297 2807; baseline 0.011 -21"><span class='ocrx_word' id='word_1_659' title='bbox 2679 2733 2966 2803; x_wconf 74' lang='lat' dir='ltr'><strong>trifamilios</strong></span> <span class='ocrx_word' id='word_1_660' title='bbox 2993 2737 3297 2807; x_wconf 86' lang='lat' dir='ltr'><strong>impositum.</strong></span> 
     </span>
    </p>
   </div>
   <div class='ocr_carea' id='block_1_87' title="bbox 2268 2842 3785 2927">
    <p class='ocr_par' dir='ltr' id='par_1_87' title="bbox 2268 2842 3785 2927">
     <span class='ocr_line' id='line_1_87' title="bbox 2268 2842 3785 2927; baseline 0.011 -30"><span class='ocrx_word' id='word_1_661' title='bbox 2268 2842 2479 2898; x_wconf 89' lang='lat' dir='ltr'><strong>Domini</strong></span> <span class='ocrx_word' id='word_1_662' title='bbox 2510 2843 2698 2902; x_wconf 78' lang='lat' dir='ltr'><strong>fratres</strong></span> <span class='ocrx_word' id='word_1_663' title='bbox 2725 2855 2780 2903; x_wconf 91' lang='lat' dir='ltr'><strong>et</strong></span> <span class='ocrx_word' id='word_1_664' title='bbox 2797 2850 3096 2922; x_wconf 89' lang='lat' dir='ltr'><strong>coepiscopi</strong></span> <span class='ocrx_word' id='word_1_665' title='bbox 3121 2853 3226 2908; x_wconf 86' lang='lat' dir='ltr'><strong>mei</strong></span> <span class='ocrx_word' id='word_1_666' title='bbox 3255 2855 3534 2924; x_wconf 74' lang='lat' dir='ltr'><strong>przesentia</strong></span> <span class='ocrx_word' id='word_1_667' title='bbox 3555 2857 3785 2927; x_wconf 78' lang='lat' dir='ltr'><strong>quidem</strong></span> 
     </span>
    </p>
   </div>
   <div class='ocr_carea' id='block_1_88' title="bbox 2194 2936 3789 3012">
    <p class='ocr_par' dir='ltr' id='par_1_88' title="bbox 2194 2936 3789 3012">
     <span class='ocr_line' id='line_1_88' title="bbox 2194 2936 3789 3012; baseline 0.01 -25"><span class='ocrx_word' id='word_1_668' title='bbox 2194 2947 2290 2987; x_wconf 87' lang='lat' dir='ltr'><strong>sua</strong></span> <span class='ocrx_word' id='word_1_669' title='bbox 2310 2949 2408 2989; x_wconf 90' lang='lat' dir='ltr'><strong>nos</strong></span> <span class='ocrx_word' id='word_1_670' title='bbox 2438 2936 2648 2992; x_wconf 87' lang='lat' dir='ltr'><strong>visitare</strong></span> <span class='ocrx_word' id='word_1_671' title='bbox 2666 2945 2720 2992; x_wconf 89' lang='lat' dir='ltr'><strong>et</strong></span> <span class='ocrx_word' id='word_1_672' title='bbox 2743 2937 3038 2996; x_wconf 85' lang='lat' dir='ltr'><strong>exhilarare</strong></span> <span class='ocrx_word' id='word_1_673' title='bbox 3063 2941 3259 3012; x_wconf 86' lang='lat' dir='ltr'><strong>dignati</strong></span> <span class='ocrx_word' id='word_1_674' title='bbox 3281 2952 3404 2998; x_wconf 89' lang='lat' dir='ltr'><strong>sunt</strong></span> <span class='ocrx_word' id='word_1_675' title='bbox 3426 2948 3440 2996; x_wconf 78' lang='lat'><strong>:‘</strong></span> <span class='ocrx_word' id='word_1_676' title='bbox 3472 2938 3565 3001; x_wconf 87' lang='lat' dir='ltr'><strong>sed</strong></span> <span class='ocrx_word' id='word_1_677' title='bbox 3590 2950 3789 3004; x_wconf 67' lang='lat' dir='ltr'><strong>uestio</strong></span> 
     </span>
    </p>
   </div>
   <div class='ocr_carea' id='block_1_89' title="bbox 2193 3021 3786 3104">
    <p class='ocr_par' dir='ltr' id='par_1_89' title="bbox 2193 3021 3786 3104">
     <span class='ocr_line' id='line_1_89' title="bbox 2193 3021 3786 3104; baseline 0.011 -25"><span class='ocrx_word' id='word_1_678' title='bbox 2193 3041 2358 3096; x_wconf 89' lang='lat' dir='ltr'><strong>quare</strong></span> <span class='ocrx_word' id='word_1_679' title='bbox 2395 3027 2579 3083; x_wconf 86' lang='lat' dir='ltr'><strong>nolunt</strong></span> <span class='ocrx_word' id='word_1_680' title='bbox 2607 3044 2694 3085; x_wconf 91' lang='lat' dir='ltr'><strong>me</strong></span> <span class='ocrx_word' id='word_1_681' title='bbox 2718 3030 2913 3087; x_wconf 77' lang='lat' dir='ltr'><strong>fessum</strong></span> <span class='ocrx_word' id='word_1_682' title='bbox 2942 3030 3210 3104; x_wconf 77' lang='lat' dir='ltr'><strong>adjuvare.</strong></span> <span class='ocrx_word' id='word_1_683' title='bbox 3235 3035 3346 3090; x_wconf 77' lang='lat' dir='ltr'><strong>Hec</strong></span> <span class='ocrx_word' id='word_1_684' title='bbox 3373 3036 3490 3092; x_wconf 90' lang='lat' dir='ltr'><strong>ideo</strong></span> <span class='ocrx_word' id='word_1_685' title='bbox 3515 3021 3786 3096; x_wconf 79' lang='lat' dir='ltr'><strong>Charitati</strong></span> 
     </span>
    </p>
   </div>
   <div class='ocr_carea' id='block_1_90' title="bbox 2194 3120 3785 3198">
    <p class='ocr_par' dir='ltr' id='par_1_90' title="bbox 2194 3120 3785 3198">
     <span class='ocr_line' id='line_1_90' title="bbox 2194 3120 3785 3198; baseline 0.01 -26"><span class='ocrx_word' id='word_1_686' title='bbox 2194 3123 2386 3175; x_wconf 63' lang='lat' dir='ltr'><strong>vestrae</strong></span> <span class='ocrx_word' id='word_1_687' title='bbox 2427 3120 2535 3176; x_wconf 85' lang='lat' dir='ltr'><strong>dixi</strong></span> <span class='ocrx_word' id='word_1_688' title='bbox 2573 3121 2701 3193; x_wconf 90' lang='lat' dir='ltr'><strong>ipsis</strong></span> <span class='ocrx_word' id='word_1_689' title='bbox 2725 3123 3060 3181; x_wconf 87' lang='lat' dir='ltr'><strong>audientibus</strong></span> <span class='ocrx_word' id='word_1_690' title='bbox 3081 3167 3097 3193; x_wconf 94' lang='lat'><strong>,</strong></span> <span class='ocrx_word' id='word_1_691' title='bbox 3137 3134 3211 3189; x_wconf 25' lang='lat' dir='ltr'><strong>ut.</strong></span> <span class='ocrx_word' id='word_1_692' title='bbox 3231 3126 3459 3198; x_wconf 89' lang='lat' dir='ltr'><strong>quodam</strong></span> <span class='ocrx_word' id='word_1_693' title='bbox 3488 3129 3650 3186; x_wconf 88' lang='lat' dir='ltr'><strong>modo</strong></span> <span class='ocrx_word' id='word_1_694' title='bbox 3671 3146 3785 3188; x_wconf 66' lang='lat' dir='ltr'><strong>uua</strong></span> 
     </span>
    </p>
   </div>
   <div class='ocr_carea' id='block_1_91' title="bbox 2191 3209 3785 3292">
    <p class='ocr_par' dir='ltr' id='par_1_91' title="bbox 2191 3209 3785 3292">
     <span class='ocr_line' id='line_1_91' title="bbox 2191 3209 3785 3292; baseline 0.009 -27"><span class='ocrx_word' id='word_1_695' title='bbox 2191 3209 2389 3266; x_wconf 89' lang='lat' dir='ltr'><strong>dientia</strong></span> <span class='ocrx_word' id='word_1_696' title='bbox 2416 3221 2592 3269; x_wconf 89' lang='lat' dir='ltr'><strong>vestra</strong></span> <span class='ocrx_word' id='word_1_697' title='bbox 2611 3213 2903 3272; x_wconf 87' lang='lat' dir='ltr'><strong>intercedat</strong></span> <span class='ocrx_word' id='word_1_698' title='bbox 2925 3231 3025 3287; x_wconf 91' lang='lat' dir='ltr'><strong>pro</strong></span> <span class='ocrx_word' id='word_1_699' title='bbox 3046 3233 3132 3273; x_wconf 90' lang='lat' dir='ltr'><strong>me</strong></span> <span class='ocrx_word' id='word_1_700' title='bbox 3156 3219 3294 3289; x_wconf 87' lang='lat' dir='ltr'><strong>apud</strong></span> <span class='ocrx_word' id='word_1_701' title='bbox 3315 3221 3455 3287; x_wconf 88' lang='lat' dir='ltr'><strong>illos,</strong></span> <span class='ocrx_word' id='word_1_702' title='bbox 3483 3231 3541 3277; x_wconf 90' lang='lat' dir='ltr'><strong>ut</strong></span> <span class='ocrx_word' id='word_1_703' title='bbox 3559 3226 3785 3292; x_wconf 83' lang='lat' dir='ltr'><strong>quando</strong></span> 
     </span>
    </p>
   </div>
   <div class='ocr_carea' id='block_1_92' title="bbox 2191 3302 3788 3384">
    <p class='ocr_par' dir='ltr' id='par_1_92' title="bbox 2191 3302 3788 3384">
     <span class='ocr_line' id='line_1_92' title="bbox 2191 3302 3788 3384; baseline 0.01 -28"><span class='ocrx_word' id='word_1_704' title='bbox 2191 3316 2286 3358; x_wconf 87' lang='lat' dir='ltr'><strong>eos</strong></span> <span class='ocrx_word' id='word_1_705' title='bbox 2319 3316 2448 3373; x_wconf 87' lang='lat' dir='ltr'><strong>rogo</strong></span> <span class='ocrx_word' id='word_1_706' title='bbox 2480 3302 2676 3360; x_wconf 80' lang='lat' dir='ltr'><strong>iaciant</strong></span> <span class='ocrx_word' id='word_1_707' title='bbox 2711 3315 2766 3360; x_wconf 90' lang='lat' dir='ltr'><strong>et</strong></span> <span class='ocrx_word' id='word_1_708' title='bbox 2790 3307 2892 3384; x_wconf 82' lang='lat' dir='ltr'><strong>ipsi</strong></span> <span class='ocrx_word' id='word_1_709' title='bbox 2916 3319 3237 3365; x_wconf 79' lang='lat' dir='ltr'><strong>sermonem.</strong></span> <span class='ocrx_word' id='word_1_710' title='bbox 3265 3311 3496 3383; x_wconf 80' lang='lat' dir='ltr'><strong>Erogent</strong></span> <span class='ocrx_word' id='word_1_711' title='bbox 3515 3313 3660 3384; x_wconf 85' lang='lat' dir='ltr'><strong>quod</strong></span> <span class='ocrx_word' id='word_1_712' title='bbox 3683 3331 3788 3372; x_wconf 54' lang='lat' dir='ltr'><strong>aes</strong></span> 
     </span>
    </p>
   </div>
   <div class='ocr_carea' id='block_1_93' title="bbox 2191 3380 3783 3476">
    <p class='ocr_par' dir='ltr' id='par_1_93' title="bbox 2191 3380 3783 3476">
     <span class='ocr_line' id='line_1_93' title="bbox 2191 3380 3783 3476; baseline 0.011 -28"><span class='ocrx_word' id='word_1_713' title='bbox 2191 3403 2483 3464; x_wconf 87' lang='lat' dir='ltr'><strong>ceperunt,</strong></span> <span class='ocrx_word' id='word_1_714' title='bbox 2512 3399 2720 3467; x_wconf 90' lang='lat' dir='ltr'><strong>operari</strong></span> <span class='ocrx_word' id='word_1_715' title='bbox 2743 3380 2909 3470; x_wconf 82' lang='lat' dir='ltr'><strong>magis</strong></span> <span class='ocrx_word' id='word_1_716' title='bbox 2926 3417 3084 3472; x_wconf 88' lang='lat' dir='ltr'><strong>quam</strong></span> <span class='ocrx_word' id='word_1_717' title='bbox 3109 3380 3711 3476; x_wconf 27' lang='lat' dir='ltr'><strong>exciisafevdignentur.</strong></span> <span class='ocrx_word' id='word_1_718' title='bbox 3737 3410 3783 3466; x_wconf 82' lang='lat' dir='ltr'><strong>A</strong></span> 
     </span>
    </p>
   </div>
   <div class='ocr_carea' id='block_1_94' title="bbox 2189 3485 3785 3565">
    <p class='ocr_par' dir='ltr' id='par_1_94' title="bbox 2189 3485 3785 3565">
     <span class='ocr_line' id='line_1_94' title="bbox 2189 3485 3785 3565; baseline 0.011 -26"><span class='ocrx_word' id='word_1_719' title='bbox 2189 3499 2278 3539; x_wconf 90' lang='lat' dir='ltr'><strong>me</strong></span> <span class='ocrx_word' id='word_1_720' title='bbox 2302 3494 2479 3542; x_wconf 82' lang='lat' dir='ltr'><strong>autem</strong></span> <span class='ocrx_word' id='word_1_721' title='bbox 2500 3485 2717 3559; x_wconf 75' lang='lat' dir='ltr'><strong>fatigato</strong></span> <span class='ocrx_word' id='word_1_722' title='bbox 2744 3497 2799 3544; x_wconf 88' lang='lat' dir='ltr'><strong>et</strong></span> <span class='ocrx_word' id='word_1_723' title='bbox 2813 3491 2899 3546; x_wconf 85' lang='lat' dir='ltr'><strong>vix</strong></span> <span class='ocrx_word' id='word_1_724' title='bbox 2936 3491 3216 3563; x_wconf 86' lang='lat' dir='ltr'><strong>loquente,</strong></span> <span class='ocrx_word' id='word_1_725' title='bbox 3247 3503 3411 3565; x_wconf 85' lang='lat' dir='ltr'><strong>pauca</strong></span> <span class='ocrx_word' id='word_1_726' title='bbox 3437 3497 3666 3554; x_wconf 84' lang='lat' dir='ltr'><strong>libenter</strong></span> <span class='ocrx_word' id='word_1_727' title='bbox 3681 3515 3785 3556; x_wconf 80' lang='lat' dir='ltr'><strong>ac-</strong></span> 
     </span>
    </p>
   </div>
   <div class='ocr_carea' id='block_1_95' title="bbox 2190 3576 3784 3648">
    <p class='ocr_par' dir='ltr' id='par_1_95' title="bbox 2190 3576 3784 3648">
     <span class='ocr_line' id='line_1_95' title="bbox 2190 3576 3784 3648; baseline 0.011 -18"><span class='ocrx_word' id='word_1_728' title='bbox 2190 3576 2368 3644; x_wconf 87' lang='lat' dir='ltr'><strong>cipite.</strong></span> <span class='ocrx_word' id='word_1_729' title='bbox 2397 3577 2666 3633; x_wconf 82' lang='lat' dir='ltr'><strong>Habemus</strong></span> <span class='ocrx_word' id='word_1_730' title='bbox 2700 3581 2841 3636; x_wconf 89' lang='lat' dir='ltr'><strong>enim</strong></span> <span class='ocrx_word' id='word_1_731' title='bbox 2867 3590 2922 3636; x_wconf 90' lang='lat' dir='ltr'><strong>et</strong></span> <span class='ocrx_word' id='word_1_732' title='bbox 2965 3581 3200 3639; x_wconf 88' lang='lat' dir='ltr'><strong>libellum</strong></span> <span class='ocrx_word' id='word_1_733' title='bbox 3248 3584 3316 3640; x_wconf 91' lang='lat' dir='ltr'><strong>de</strong></span> <span class='ocrx_word' id='word_1_734' title='bbox 3361 3586 3635 3644; x_wconf 77' lang='lat' dir='ltr'><strong>beneﬂciis</strong></span> <span class='ocrx_word' id='word_1_735' title='bbox 3675 3585 3784 3648; x_wconf 84' lang='lat' dir='ltr'><strong>Dei</strong></span> 
     </span>
    </p>
   </div>
   <div class='ocr_carea' id='block_1_96' title="bbox 2189 3669 3783 3746">
    <p class='ocr_par' dir='ltr' id='par_1_96' title="bbox 2189 3669 3783 3746">
     <span class='ocr_line' id='line_1_96' title="bbox 2189 3669 3783 3746; baseline 0.01 -26"><span class='ocrx_word' id='word_1_736' title='bbox 2189 3680 2287 3736; x_wconf 87' lang='lat' dir='ltr'><strong>per</strong></span> <span class='ocrx_word' id='word_1_737' title='bbox 2309 3677 2547 3723; x_wconf 84' lang='lat' dir='ltr'><strong>sanctum</strong></span> <span class='ocrx_word' id='word_1_738' title='bbox 2578 3669 2860 3743; x_wconf 75' lang='lat' dir='ltr'><strong>Martyrem</strong></span> <span class='ocrx_word' id='word_1_739' title='bbox 2889 3672 3025 3729; x_wconf 87' lang='lat' dir='ltr'><strong>datis</strong></span> <span class='ocrx_word' id='word_1_740' title='bbox 3066 3674 3162 3746; x_wconf 73' lang='grc' dir='ltr'><strong>(ὁ),</strong></span> <span class='ocrx_word' id='word_1_741' title='bbox 3184 3676 3382 3746; x_wconf 87' lang='lat' dir='ltr'><strong>pariter</strong></span> <span class='ocrx_word' id='word_1_742' title='bbox 3402 3677 3651 3734; x_wconf 85' lang='lat' dir='ltr'><strong>libentius</strong></span> <span class='ocrx_word' id='word_1_743' title='bbox 3677 3693 3783 3736; x_wconf 80' lang='lat' dir='ltr'><strong>au-</strong></span> 
     </span>
    </p>
   </div>
   <div class='ocr_carea' id='block_1_97' title="bbox 2187 3756 3781 3834">
    <p class='ocr_par' dir='ltr' id='par_1_97' title="bbox 2187 3756 3781 3834">
     <span class='ocr_line' id='line_1_97' title="bbox 2187 3756 3781 3834; baseline 0.01 -22"><span class='ocrx_word' id='word_1_744' title='bbox 2187 3756 2412 3814; x_wconf 83' lang='lat' dir='ltr'><strong>diamus.</strong></span> <span class='ocrx_word' id='word_1_745' title='bbox 2443 3759 2579 3826; x_wconf 88' lang='lat' dir='ltr'><strong>Quid</strong></span> <span class='ocrx_word' id='word_1_746' title='bbox 2603 3776 2730 3833; x_wconf 82' lang='lat' dir='ltr'><strong>ergo</strong></span> <span class='ocrx_word' id='word_1_747' title='bbox 2749 3762 2864 3817; x_wconf 82' lang='lat' dir='ltr'><strong>est?</strong></span> <span class='ocrx_word' id='word_1_748' title='bbox 2891 3764 3016 3834; x_wconf 91' lang='lat' dir='ltr'><strong>quid</strong></span> <span class='ocrx_word' id='word_1_749' title='bbox 3043 3764 3214 3820; x_wconf 88' lang='lat' dir='ltr'><strong>dicam</strong></span> <span class='ocrx_word' id='word_1_750' title='bbox 3240 3766 3430 3823; x_wconf 78' lang='lat' dir='ltr'><strong>vobis?</strong></span> <span class='ocrx_word' id='word_1_751' title='bbox 3449 3769 3690 3826; x_wconf 78' lang='lat' dir='ltr'><strong>Audistis</strong></span> <span class='ocrx_word' id='word_1_752' title='bbox 3724 3773 3781 3828; x_wconf 81' lang='lat' dir='ltr'><strong>in</strong></span> 
     </span>
    </p>
   </div>
   <div class='ocr_carea' id='block_1_98' title="bbox 2185 3842 3780 3932">
    <p class='ocr_par' dir='ltr' id='par_1_98' title="bbox 2185 3842 3780 3932">
     <span class='ocr_line' id='line_1_98' title="bbox 2185 3842 3780 3932; baseline 0.011 -28"><span class='ocrx_word' id='word_1_753' title='bbox 2185 3842 2474 3921; x_wconf 85' lang='lat' dir='ltr'><strong>Evangelio</strong></span> <span class='ocrx_word' id='word_1_754' title='bbox 2495 3855 2550 3906; x_wconf 86' lang='lat' dir='ltr'><strong>et</strong></span> <span class='ocrx_word' id='word_1_755' title='bbox 2576 3852 2834 3908; x_wconf 85' lang='lat' dir='ltr'><strong>bonorum</strong></span> <span class='ocrx_word' id='word_1_756' title='bbox 2865 3864 3137 3912; x_wconf 80' lang='lat' dir='ltr'><strong>servorum</strong></span> <span class='ocrx_word' id='word_1_757' title='bbox 3165 3861 3443 3926; x_wconf 77' lang='lat' dir='ltr'><strong>meritum,</strong></span> <span class='ocrx_word' id='word_1_758' title='bbox 3473 3869 3526 3916; x_wconf 88' lang='lat' dir='ltr'><strong>et</strong></span> <span class='ocrx_word' id='word_1_759' title='bbox 3554 3875 3780 3932; x_wconf 67' lang='lat' dir='ltr'><strong>pinnam</strong></span> 
     </span>
    </p>
   </div>
   <div class='ocr_carea' id='block_1_99' title="bbox 2186 3941 3783 4026">
    <p class='ocr_par' dir='ltr' id='par_1_99' title="bbox 2186 3941 3783 4026">
     <span class='ocr_line' id='line_1_99' title="bbox 2186 3941 3783 4026; baseline 0.012 -31"><span class='ocrx_word' id='word_1_760' title='bbox 2186 3941 2470 3999; x_wconf 86' lang='lat' dir='ltr'><strong>malorum.</strong></span> <span class='ocrx_word' id='word_1_761' title='bbox 2499 3944 2566 3999; x_wconf 89' lang='lat' dir='ltr'><strong>Et</strong></span> <span class='ocrx_word' id='word_1_762' title='bbox 2593 3945 2792 4001; x_wconf 84' lang='lat' dir='ltr'><strong>malitia</strong></span> <span class='ocrx_word' id='word_1_763' title='bbox 2819 3952 2926 4002; x_wconf 83' lang='lat' dir='ltr'><strong>tota</strong></span> <span class='ocrx_word' id='word_1_764' title='bbox 2957 3950 3100 4004; x_wconf 87' lang='lat' dir='ltr'><strong>servi</strong></span> <span class='ocrx_word' id='word_1_765' title='bbox 3129 3950 3272 4007; x_wconf 89' lang='lat' dir='ltr'><strong>illius</strong></span> <span class='ocrx_word' id='word_1_766' title='bbox 3298 3952 3566 4022; x_wconf 85' lang='lat' dir='ltr'><strong>reprobati</strong></span> <span class='ocrx_word' id='word_1_767' title='bbox 3594 3957 3783 4026; x_wconf 65' lang='lat' dir='ltr'><strong>gravis</strong></span> 
     </span>
    </p>
   </div>
   <div class='ocr_carea' id='block_1_100' title="bbox 2186 4033 3781 4114">
    <p class='ocr_par' dir='ltr' id='par_1_100' title="bbox 2186 4033 3781 4114">
     <span class='ocr_line' id='line_1_100' title="bbox 2186 4033 3781 4114; baseline 0.012 -28"><span class='ocrx_word' id='word_1_768' title='bbox 2186 4040 2370 4102; x_wconf 87' lang='lat' dir='ltr'><strong>terque</strong></span> <span class='ocrx_word' id='word_1_769' title='bbox 2394 4033 2624 4090; x_wconf 87' lang='lat' dir='ltr'><strong>damnati</strong></span> <span class='ocrx_word' id='word_1_770' title='bbox 2655 4036 2750 4091; x_wconf 88' lang='lat' dir='ltr'><strong>ista</strong></span> <span class='ocrx_word' id='word_1_771' title='bbox 2778 4037 2900 4105; x_wconf 80' lang='lat' dir='ltr'><strong>fuit,</strong></span> <span class='ocrx_word' id='word_1_772' title='bbox 2915 4039 3037 4109; x_wconf 88' lang='lat' dir='ltr'><strong>quia</strong></span> <span class='ocrx_word' id='word_1_773' title='bbox 3066 4041 3236 4096; x_wconf 85' lang='lat' dir='ltr'><strong>noluit</strong></span> <span class='ocrx_word' id='word_1_774' title='bbox 3257 4057 3495 4114; x_wconf 82' lang='lat' dir='ltr'><strong>erogare.</strong></span> <span class='ocrx_word' id='word_1_775' title='bbox 3525 4045 3781 4106; x_wconf 81' lang='lat' dir='ltr'><strong>Servavit</strong></span> 
     </span>
    </p>
   </div>
   <div class='ocr_carea' id='block_1_101' title="bbox 2184 4123 3778 4210">
    <p class='ocr_par' dir='ltr' id='par_1_101' title="bbox 2184 4123 3778 4210">
     <span class='ocr_line' id='line_1_101' title="bbox 2184 4123 3778 4210; baseline 0.01 -31"><span class='ocrx_word' id='word_1_776' title='bbox 2184 4123 2448 4195; x_wconf 88' lang='lat' dir='ltr'><strong>integrum</strong></span> <span class='ocrx_word' id='word_1_777' title='bbox 2477 4127 2617 4197; x_wconf 88' lang='lat' dir='ltr'><strong>quod</strong></span> <span class='ocrx_word' id='word_1_778' title='bbox 2638 4131 2846 4199; x_wconf 88' lang='lat' dir='ltr'><strong>accepit</strong></span> <span class='ocrx_word' id='word_1_779' title='bbox 2876 4147 2888 4184; x_wconf 89' lang='lat'><strong>:</strong></span> <span class='ocrx_word' id='word_1_780' title='bbox 2916 4131 3010 4187; x_wconf 88' lang='lat' dir='ltr'><strong>sed</strong></span> <span class='ocrx_word' id='word_1_781' title='bbox 3040 4133 3296 4190; x_wconf 90' lang='lat' dir='ltr'><strong>Dominus</strong></span> <span class='ocrx_word' id='word_1_782' title='bbox 3310 4135 3425 4205; x_wconf 90' lang='lat' dir='ltr'><strong>ejus</strong></span> <span class='ocrx_word' id='word_1_783' title='bbox 3444 4137 3594 4194; x_wconf 80' lang='lat' dir='ltr'><strong>lucra</strong></span> <span class='ocrx_word' id='word_1_784' title='bbox 3617 4156 3778 4210; x_wconf 77' lang='lat' dir='ltr'><strong>qua:-</strong></span> 
     </span>
    </p>
   </div>
   <div class='ocr_carea' id='block_1_102' title="bbox 2182 4215 3778 4288">
    <p class='ocr_par' dir='ltr' id='par_1_102' title="bbox 2182 4215 3778 4288">
     <span class='ocr_line' id='line_1_102' title="bbox 2182 4215 3778 4288; baseline 0.011 -18"><span class='ocrx_word' id='word_1_785' title='bbox 2182 4215 2354 4270; x_wconf 87' lang='lat' dir='ltr'><strong>rebat.</strong></span> <span class='ocrx_word' id='word_1_786' title='bbox 2403 4218 2608 4273; x_wconf 84' lang='lat' dir='ltr'><strong>Avarus</strong></span> <span class='ocrx_word' id='word_1_787' title='bbox 2634 4229 2718 4274; x_wconf 84' lang='lat' dir='ltr'><strong>est</strong></span> <span class='ocrx_word' id='word_1_788' title='bbox 2747 4221 2885 4278; x_wconf 90' lang='lat' dir='ltr'><strong>Deus</strong></span> <span class='ocrx_word' id='word_1_789' title='bbox 2912 4224 2980 4279; x_wconf 92' lang='lat' dir='ltr'><strong>ad</strong></span> <span class='ocrx_word' id='word_1_790' title='bbox 3025 4226 3250 4281; x_wconf 87' lang='lat' dir='ltr'><strong>salutem</strong></span> <span class='ocrx_word' id='word_1_791' title='bbox 3294 4235 3551 4284; x_wconf 80' lang='lat' dir='ltr'><strong>uestram.</strong></span> <span class='ocrx_word' id='word_1_792' title='bbox 3595 4231 3653 4287; x_wconf 89' lang='lat' dir='ltr'><strong>Si</strong></span> <span class='ocrx_word' id='word_1_793' title='bbox 3691 4232 3778 4288; x_wconf 84' lang='lat' dir='ltr'><strong>sic</strong></span> 
     </span>
    </p>
   </div>
   <div class='ocr_carea' id='block_1_103' title="bbox 2183 4303 3779 4390">
    <p class='ocr_par' dir='ltr' id='par_1_103' title="bbox 2183 4303 3779 4390">
     <span class='ocr_line' id='line_1_103' title="bbox 2183 4303 3779 4390; baseline 0.013 -33"><span class='ocrx_word' id='word_1_794' title='bbox 2183 4303 2463 4360; x_wconf 89' lang='lat' dir='ltr'><strong>damnatur</strong></span> <span class='ocrx_word' id='word_1_795' title='bbox 2499 4309 2590 4378; x_wconf 88' lang='lat' dir='ltr'><strong>qni</strong></span> <span class='ocrx_word' id='word_1_796' title='bbox 2636 4323 2740 4365; x_wconf 91' lang='lat' dir='ltr'><strong>non</strong></span> <span class='ocrx_word' id='word_1_797' title='bbox 2783 4315 3054 4383; x_wconf 82' lang='lat' dir='ltr'><strong>erogavit,</strong></span> <span class='ocrx_word' id='word_1_798' title='bbox 3085 4310 3210 4386; x_wconf 90' lang='lat' dir='ltr'><strong>quid</strong></span> <span class='ocrx_word' id='word_1_799' title='bbox 3233 4315 3433 4373; x_wconf 90' lang='lat' dir='ltr'><strong>debent</strong></span> <span class='ocrx_word' id='word_1_800' title='bbox 3455 4331 3779 4390; x_wconf 81' lang='lat' dir='ltr'><strong>exspectare</strong></span> 
     </span>
    </p>
   </div>
   <div class='ocr_carea' id='block_1_104' title="bbox 2182 4398 3780 4479">
    <p class='ocr_par' dir='ltr' id='par_1_104' title="bbox 2182 4398 3780 4479">
     <span class='ocr_line' id='line_1_104' title="bbox 2182 4398 3780 4479; baseline 0.014 -30"><span class='ocrx_word' id='word_1_801' title='bbox 2182 4398 2270 4466; x_wconf 88' lang='lat' dir='ltr'><strong>qui</strong></span> <span class='ocrx_word' id='word_1_802' title='bbox 2293 4399 2520 4468; x_wconf 89' lang='lat' dir='ltr'><strong>perdunt</strong></span> <span class='ocrx_word' id='word_1_803' title='bbox 2535 4401 2560 4453; x_wconf 63' lang='grc' dir='ltr'>ἲ</span> <span class='ocrx_word' id='word_1_804' title='bbox 2585 4401 2691 4457; x_wconf 87' lang='lat' dir='ltr'><strong>Nos</strong></span> <span class='ocrx_word' id='word_1_805' title='bbox 2716 4419 2844 4476; x_wconf 88' lang='lat' dir='ltr'><strong>ergo</strong></span> <span class='ocrx_word' id='word_1_806' title='bbox 2869 4406 3261 4477; x_wconf 88' lang='lat' dir='ltr'><strong>dispensatores</strong></span> <span class='ocrx_word' id='word_1_807' title='bbox 3287 4425 3491 4479; x_wconf 87' lang='lat' dir='ltr'><strong>sumus,</strong></span> <span class='ocrx_word' id='word_1_808' title='bbox 3523 4428 3626 4469; x_wconf 84' lang='lat' dir='ltr'><strong>nos</strong></span> <span class='ocrx_word' id='word_1_809' title='bbox 3645 4430 3780 4471; x_wconf 83' lang='lat' dir='ltr'><strong>ero-</strong></span> 
     </span>
    </p>
   </div>
   <div class='ocr_carea' id='block_1_105' title="bbox 2181 4494 3776 4569">
    <p class='ocr_par' dir='ltr' id='par_1_105' title="bbox 2181 4494 3776 4569">
     <span class='ocr_line' id='line_1_105' title="bbox 2181 4494 3776 4569; baseline 0.013 -28"><span class='ocrx_word' id='word_1_810' title='bbox 2181 4503 2370 4558; x_wconf 85' lang='lat' dir='ltr'><strong>gamus</strong></span> <span class='ocrx_word' id='word_1_811' title='bbox 2393 4531 2408 4557; x_wconf 88' lang='lat'><strong>,</strong></span> <span class='ocrx_word' id='word_1_812' title='bbox 2439 4507 2534 4547; x_wconf 90' lang='lat' dir='ltr'><strong>vos</strong></span> <span class='ocrx_word' id='word_1_813' title='bbox 2560 4494 2815 4564; x_wconf 90' lang='lat' dir='ltr'><strong>accipitis.</strong></span> <span class='ocrx_word' id='word_1_814' title='bbox 2853 4496 3024 4552; x_wconf 83' lang='lat' dir='ltr'><strong>Lucra</strong></span> <span class='ocrx_word' id='word_1_815' title='bbox 3057 4500 3344 4569; x_wconf 67' lang='lat' dir='ltr'><strong>quaarimus</strong></span> <span class='ocrx_word' id='word_1_816' title='bbox 3374 4502 3548 4558; x_wconf 75' lang='lat' dir='ltr'><strong>:‘bene</strong></span> <span class='ocrx_word' id='word_1_817' title='bbox 3575 4505 3776 4564; x_wconf 74' lang='lat' dir='ltr'><strong>vivite.</strong></span> 
     </span>
    </p>
   </div>
   <div class='ocr_carea' id='block_1_106' title="bbox 2183 4581 3778 4657">
    <p class='ocr_par' dir='ltr' id='par_1_106' title="bbox 2183 4581 3778 4657">
     <span class='ocr_line' id='line_1_106' title="bbox 2183 4581 3778 4657; baseline 0.011 -21"><span class='ocrx_word' id='word_1_818' title='bbox 2183 4581 2351 4638; x_wconf 84' lang='lat' dir='ltr'><strong>Lucra</strong></span> <span class='ocrx_word' id='word_1_819' title='bbox 2377 4586 2518 4639; x_wconf 89' lang='lat' dir='ltr'><strong>enim</strong></span> <span class='ocrx_word' id='word_1_820' title='bbox 2547 4589 2867 4657; x_wconf 83' lang='lat' dir='ltr'><strong>erogationis</strong></span> <span class='ocrx_word' id='word_1_821' title='bbox 2909 4599 3104 4646; x_wconf 62' lang='lat' dir='ltr'><strong>nostra:</strong></span> <span class='ocrx_word' id='word_1_822' title='bbox 3147 4591 3243 4646; x_wconf 88' lang='lat' dir='ltr'><strong>ista</strong></span> <span class='ocrx_word' id='word_1_823' title='bbox 3271 4602 3415 4648; x_wconf 88' lang='lat' dir='ltr'><strong>sunt.</strong></span> <span class='ocrx_word' id='word_1_824' title='bbox 3455 4595 3561 4650; x_wconf 87' lang='lat' dir='ltr'><strong>Sed</strong></span> <span class='ocrx_word' id='word_1_825' title='bbox 3601 4598 3778 4654; x_wconf 78' lang='lat' dir='ltr'><strong>etiam</strong></span> 
     </span>
    </p>
   </div>
   <div class='ocr_carea' id='block_1_107' title="bbox 2180 4674 3775 4757">
    <p class='ocr_par' dir='ltr' id='par_1_107' title="bbox 2180 4674 3775 4757">
     <span class='ocr_line' id='line_1_107' title="bbox 2180 4674 3775 4757; baseline 0.011 -29"><span class='ocrx_word' id='word_1_826' title='bbox 2180 4674 2246 4728; x_wconf 88' lang='lat' dir='ltr'><strong>ad</strong></span> <span class='ocrx_word' id='word_1_827' title='bbox 2281 4690 2377 4730; x_wconf 91' lang='lat' dir='ltr'><strong>vos</strong></span> <span class='ocrx_word' id='word_1_828' title='bbox 2404 4676 2568 4733; x_wconf 89' lang='lat' dir='ltr'><strong>nolite</strong></span> <span class='ocrx_word' id='word_1_829' title='bbox 2609 4680 2910 4736; x_wconf 86' lang='lat' dir='ltr'><strong>existimare</strong></span> <span class='ocrx_word' id='word_1_830' title='bbox 2945 4697 3049 4737; x_wconf 92' lang='lat' dir='ltr'><strong>non</strong></span> <span class='ocrx_word' id='word_1_831' title='bbox 3079 4684 3342 4753; x_wconf 88' lang='lat' dir='ltr'><strong>pertinere</strong></span> <span class='ocrx_word' id='word_1_832' title='bbox 3373 4688 3775 4757; x_wconf 84' lang='lat' dir='ltr'><strong>erogationem.</strong></span> 
     </span>
    </p>
   </div>
   <div class='ocr_carea' id='block_1_108' title="bbox 2179 4765 3780 4850">
    <p class='ocr_par' dir='ltr' id='par_1_108' title="bbox 2179 4765 3780 4850">
     <span class='ocr_line' id='line_1_108' title="bbox 2179 4765 3780 4850; baseline 0.009 -29"><span class='ocrx_word' id='word_1_833' title='bbox 2179 4765 2296 4822; x_wconf 88' lang='lat' dir='ltr'><strong>Non</strong></span> <span class='ocrx_word' id='word_1_834' title='bbox 2325 4770 2546 4837; x_wconf 90' lang='lat' dir='ltr'><strong>potestis</strong></span> <span class='ocrx_word' id='word_1_835' title='bbox 2571 4785 2791 4840; x_wconf 80' lang='lat' dir='ltr'><strong>erogare</strong></span> <span class='ocrx_word' id='word_1_836' title='bbox 2825 4772 2894 4827; x_wconf 89' lang='lat' dir='ltr'><strong>de</strong></span> <span class='ocrx_word' id='word_1_837' title='bbox 2923 4773 3024 4827; x_wconf 90' lang='lat' dir='ltr'><strong>isto</strong></span> <span class='ocrx_word' id='word_1_838' title='bbox 3041 4775 3164 4850; x_wconf 83' lang='lat' dir='ltr'><strong>loco</strong></span> <span class='ocrx_word' id='word_1_839' title='bbox 3201 4776 3511 4845; x_wconf 88' lang='lat' dir='ltr'><strong>superiore,</strong></span> <span class='ocrx_word' id='word_1_840' title='bbox 3540 4778 3638 4834; x_wconf 88' lang='lat' dir='ltr'><strong>sed</strong></span> <span class='ocrx_word' id='word_1_841' title='bbox 3670 4795 3780 4850; x_wconf 81' lang='lat' dir='ltr'><strong>po-</strong></span> 
     </span>
    </p>
   </div>
   <div class='ocr_carea' id='block_1_109' title="bbox 2179 4858 3777 4938">
    <p class='ocr_par' dir='ltr' id='par_1_109' title="bbox 2179 4858 3777 4938">
     <span class='ocr_line' id='line_1_109' title="bbox 2179 4858 3777 4938; baseline 0.01 -28"><span class='ocrx_word' id='word_1_842' title='bbox 2179 4858 2331 4912; x_wconf 88' lang='lat' dir='ltr'><strong>testis</strong></span> <span class='ocrx_word' id='word_1_843' title='bbox 2368 4859 2685 4930; x_wconf 89' lang='lat' dir='ltr'><strong>ubicumque</strong></span> <span class='ocrx_word' id='word_1_844' title='bbox 2711 4861 2859 4916; x_wconf 87' lang='lat' dir='ltr'><strong>estis.</strong></span> <span class='ocrx_word' id='word_1_845' title='bbox 2909 4861 3004 4918; x_wconf 91' lang='lat' dir='ltr'><strong>Ubi</strong></span> <span class='ocrx_word' id='word_1_846' title='bbox 3033 4864 3439 4934; x_wconf 86' lang='lat' dir='ltr'><strong>reprehenditur</strong></span> <span class='ocrx_word' id='word_1_847' title='bbox 3475 4867 3777 4938; x_wconf 79' lang='lat' dir='ltr'><strong>Chrisurs,</strong></span> 
     </span>
    </p>
   </div>
   <div class='ocr_carea' id='block_1_110' title="bbox 2179 4945 3780 5027">
    <p class='ocr_par' dir='ltr' id='par_1_110' title="bbox 2179 4945 3780 5027">
     <span class='ocr_line' id='line_1_110' title="bbox 2179 4945 3780 5027; baseline 0.007 -24"><span class='ocrx_word' id='word_1_848' title='bbox 2179 4945 2448 5006; x_wconf 74' lang='lat' dir='ltr'><strong>defendite</strong></span> <span class='ocrx_word' id='word_1_849' title='bbox 2479 4968 2491 5004; x_wconf 93' lang='lat'><strong>:</strong></span> <span class='ocrx_word' id='word_1_850' title='bbox 2521 4952 2996 5007; x_wconf 80' lang='lat' dir='ltr'><strong>murmuratoribtts</strong></span> <span class='ocrx_word' id='word_1_851' title='bbox 3025 4955 3378 5024; x_wconf 81' lang='lat' dir='ltr'><strong>respondete,</strong></span> <span class='ocrx_word' id='word_1_852' title='bbox 3416 4957 3780 5027; x_wconf 81' lang='lat' dir='ltr'><strong>blasphema-</strong></span> 
     </span>
    </p>
   </div>
   <div class='ocr_carea' id='block_1_111' title="bbox 2181 5039 3783 5110">
    <p class='ocr_par' dir='ltr' id='par_1_111' title="bbox 2181 5039 3783 5110">
     <span class='ocr_line' id='line_1_111' title="bbox 2181 5039 3783 5110; baseline 0.008 -18"><span class='ocrx_word' id='word_1_853' title='bbox 2181 5046 2322 5094; x_wconf 86' lang='lat' dir='ltr'><strong>tores</strong></span> <span class='ocrx_word' id='word_1_854' title='bbox 2349 5039 2599 5110; x_wconf 76' lang='lat' dir='ltr'><strong>corripite</strong></span> <span class='ocrx_word' id='word_1_855' title='bbox 2621 5081 2637 5108; x_wconf 97' lang='lat'><strong>,</strong></span> <span class='ocrx_word' id='word_1_856' title='bbox 2679 5042 2746 5096; x_wconf 84' lang='lat' dir='ltr'><strong>ab</strong></span> <span class='ocrx_word' id='word_1_857' title='bbox 2773 5057 2956 5098; x_wconf 88' lang='lat' dir='ltr'><strong>eorum</strong></span> <span class='ocrx_word' id='word_1_858' title='bbox 2989 5057 3082 5098; x_wconf 87' lang='lat' dir='ltr'><strong>vos</strong></span> <span class='ocrx_word' id='word_1_859' title='bbox 3105 5043 3359 5100; x_wconf 82' lang='lat' dir='ltr'><strong>societate</strong></span> <span class='ocrx_word' id='word_1_860' title='bbox 3381 5043 3632 5102; x_wconf 87' lang='lat' dir='ltr'><strong>alienate.</strong></span> <span class='ocrx_word' id='word_1_861' title='bbox 3675 5047 3783 5105; x_wconf 81' lang='lat' dir='ltr'><strong>Sic</strong></span> 
     </span>
    </p>
   </div>
   <div class='ocr_carea' id='block_1_112' title="bbox 2179 5130 3780 5206">
    <p class='ocr_par' dir='ltr' id='par_1_112' title="bbox 2179 5130 3780 5206">
     <span class='ocr_line' id='line_1_112' title="bbox 2179 5130 3780 5206; baseline 0.009 -23"><span class='ocrx_word' id='word_1_862' title='bbox 2179 5131 2428 5200; x_wconf 85' lang='lat' dir='ltr'><strong>erogatis,</strong></span> <span class='ocrx_word' id='word_1_863' title='bbox 2448 5130 2493 5187; x_wconf 83' lang='lat' dir='ltr'><strong>si</strong></span> <span class='ocrx_word' id='word_1_864' title='bbox 2519 5131 2724 5202; x_wconf 86' lang='lat' dir='ltr'><strong>aliquos</strong></span> <span class='ocrx_word' id='word_1_865' title='bbox 2749 5133 3042 5189; x_wconf 88' lang='lat' dir='ltr'><strong>lucramini.</strong></span> <span class='ocrx_word' id='word_1_866' title='bbox 3069 5134 3222 5206; x_wconf 83' lang='lat' dir='ltr'><strong>Agite</strong></span> <span class='ocrx_word' id='word_1_867' title='bbox 3247 5137 3414 5192; x_wconf 85' lang='lat' dir='ltr'><strong>vicem</strong></span> <span class='ocrx_word' id='word_1_868' title='bbox 3441 5148 3684 5196; x_wconf 87' lang='lat' dir='ltr'><strong>nostram</strong></span> <span class='ocrx_word' id='word_1_869' title='bbox 3717 5142 3780 5197; x_wconf 86' lang='lat' dir='ltr'><strong>in</strong></span> 
     </span>
    </p>
   </div>
   <div class='ocr_carea' id='block_1_113' title="bbox 2178 5218 3780 5308">
    <p class='ocr_par' dir='ltr' id='par_1_113' title="bbox 2178 5218 3780 5308">
     <span class='ocr_line' id='line_1_113' title="bbox 2178 5218 3780 5308; baseline 0.008 -34"><span class='ocrx_word' id='word_1_870' title='bbox 2178 5218 2424 5276; x_wconf 87' lang='lat' dir='ltr'><strong>domibus</strong></span> <span class='ocrx_word' id='word_1_871' title='bbox 2450 5222 2662 5278; x_wconf 87' lang='lat' dir='ltr'><strong>vestris.</strong></span> <span class='ocrx_word' id='word_1_872' title='bbox 2695 5223 2988 5296; x_wconf 84' lang='lat' dir='ltr'><strong>Episcopus</strong></span> <span class='ocrx_word' id='word_1_873' title='bbox 3012 5225 3136 5283; x_wconf 89' lang='lat' dir='ltr'><strong>inde</strong></span> <span class='ocrx_word' id='word_1_874' title='bbox 3161 5228 3455 5308; x_wconf 79' lang='lat' dir='ltr'><strong>appellatus</strong></span> <span class='ocrx_word' id='word_1_875' title='bbox 3477 5239 3602 5297; x_wconf 90' lang='lat' dir='ltr'><strong>est,</strong></span> <span class='ocrx_word' id='word_1_876' title='bbox 3634 5232 3780 5302; x_wconf 82' lang='lat' dir='ltr'><strong>quia</strong></span> 
     </span>
    </p>
   </div>
   <div class='ocr_carea' id='block_1_114' title="bbox 2177 5312 3779 5393">
    <p class='ocr_par' dir='ltr' id='par_1_114' title="bbox 2177 5312 3779 5393">
     <span class='ocr_line' id='line_1_114' title="bbox 2177 5312 3779 5393; baseline 0.01 -28"><span class='ocrx_word' id='word_1_877' title='bbox 2177 5312 2596 5382; x_wconf 86' lang='lat' dir='ltr'><strong>superintendit,</strong></span> <span class='ocrx_word' id='word_1_878' title='bbox 2641 5315 2763 5384; x_wconf 88' lang='lat' dir='ltr'><strong>quia</strong></span> <span class='ocrx_word' id='word_1_879' title='bbox 2803 5315 3122 5372; x_wconf 90' lang='lat' dir='ltr'><strong>intendendo</strong></span> <span class='ocrx_word' id='word_1_880' title='bbox 3165 5326 3335 5374; x_wconf 82' lang='lat' dir='ltr'><strong>curat.</strong></span> <span class='ocrx_word' id='word_1_881' title='bbox 3380 5318 3779 5393; x_wconf 82' lang='lat' dir='ltr'><strong>Unusquisque</strong></span> 
     </span>
    </p>
   </div>
   <div class='ocr_carea' id='block_1_115' title="bbox 2244 5482 3317 5548">
    <p class='ocr_par' dir='ltr' id='par_1_115' title="bbox 2244 5482 3317 5548">
     <span class='ocr_line' id='line_1_115' title="bbox 2244 5482 3317 5548; baseline 0.001 -14"><span class='ocrx_word' id='word_1_882' title='bbox 2244 5485 2259 5516; x_wconf 84' lang='grc'>¹</span> <span class='ocrx_word' id='word_1_883' title='bbox 2286 5482 2420 5544; x_wconf 68' lang='lat' dir='ltr'><strong>aditi,</strong></span> <span class='ocrx_word' id='word_1_884' title='bbox 2445 5483 2496 5534; x_wconf 79' lang='lat' dir='ltr'><strong>in</strong></span> <span class='ocrx_word' id='word_1_885' title='bbox 2517 5483 2706 5535; x_wconf 81' lang='lat' dir='ltr'><strong>rubore.</strong></span> <span class='ocrx_word' id='word_1_886' title='bbox 2725 5485 2894 5535; x_wconf 79' lang='lat' dir='ltr'><strong>Verius</strong></span> <span class='ocrx_word' id='word_1_887' title='bbox 2915 5493 3040 5548; x_wconf 78' lang='lat' dir='ltr'><strong>Mss.,</strong></span> <span class='ocrx_word' id='word_1_888' title='bbox 3067 5484 3118 5536; x_wconf 87' lang='lat' dir='ltr'><strong>in</strong></span> <span class='ocrx_word' id='word_1_889' title='bbox 3136 5485 3317 5538; x_wconf 75' lang='lat' dir='ltr'><strong>robore.</strong></span> 
     </span>
    </p>
   </div>
   <div class='ocr_carea' id='block_1_116' title="bbox 2242 5565 3254 5622">
    <p class='ocr_par' dir='ltr' id='par_1_116' title="bbox 2242 5565 3254 5622">
     <span class='ocr_line' id='line_1_116' title="bbox 2242 5565 3254 5622; baseline 0.004 -7"><span class='ocrx_word' id='word_1_890' title='bbox 2242 5569 2260 5584; x_wconf 91' lang='lat'><strong>&#39;</strong></span> <span class='ocrx_word' id='word_1_891' title='bbox 2284 5573 2536 5617; x_wconf 88' lang='lat' dir='ltr'><strong>Correctus</strong></span> <span class='ocrx_word' id='word_1_892' title='bbox 2570 5565 2628 5616; x_wconf 88' lang='lat' dir='ltr'><strong>ad</strong></span> <span class='ocrx_word' id='word_1_893' title='bbox 2657 5565 2721 5617; x_wconf 94' lang='lat' dir='ltr'><strong>cl.</strong></span> <span class='ocrx_word' id='word_1_894' title='bbox 2746 5567 2824 5617; x_wconf 84' lang='lat' dir='ltr'><strong>ch.</strong></span> <span class='ocrx_word' id='word_1_895' title='bbox 2853 5573 2904 5617; x_wconf 87' lang='lat' dir='ltr'><strong>et</strong></span> <span class='ocrx_word' id='word_1_896' title='bbox 2923 5575 2997 5618; x_wconf 84' lang='lat' dir='ltr'><strong>Er.</strong></span> <span class='ocrx_word' id='word_1_897' title='bbox 3018 5575 3118 5618; x_wconf 83' lang='lat' dir='ltr'><strong>Par.</strong></span> <span class='ocrx_word' id='word_1_898' title='bbox 3145 5576 3254 5622; x_wconf 84' lang='lat' dir='ltr'><strong>ch.</strong></span> 
     </span>
    </p>
   </div>
   <div class='ocr_carea' id='block_1_117' title="bbox 2241 5627 3102 5745">
    <p class='ocr_par' dir='ltr' id='par_1_117' title="bbox 2241 5627 3102 5745">
     <span class='ocr_line' id='line_1_117' title="bbox 2241 5627 3102 5745; baseline 0.002 -68"><span class='ocrx_word' id='word_1_899' title='bbox 2241 5627 2310 5745; x_wconf 54' lang='grc' dir='ltr'><strong>(αξ</strong></span> <span class='ocrx_word' id='word_1_900' title='bbox 2335 5628 2473 5705; x_wconf 69' lang='lat' dir='ltr'><strong>Alias,</strong></span> <span class='ocrx_word' id='word_1_901' title='bbox 2496 5629 2560 5678; x_wconf 91' lang='lat' dir='ltr'><strong>de</strong></span> <span class='ocrx_word' id='word_1_902' title='bbox 2581 5629 2761 5680; x_wconf 86' lang='lat' dir='ltr'><strong>Sanctis</strong></span> <span class='ocrx_word' id='word_1_903' title='bbox 2780 5630 2857 5679; x_wconf 79' lang='grc'><strong>51.</strong></span> <span class='ocrx_word' id='word_1_904' title='bbox 2926 5693 2954 5708; x_wconf 80' lang='lat'><em>_</em></span> <span class='ocrx_word' id='word_1_905' title='bbox 3092 5693 3102 5704; x_wconf 38' lang='lat'><em>.</em></span> 
     </span>
     <span class='ocr_line' id='line_1_118' title="bbox 2241 5690 3102 5745; baseline 0.003 -7"><span class='ocrx_word' id='word_1_906' title='bbox 2241 5690 2288 5745; x_wconf 77' lang='grc' dir='ltr'><strong>(ὸ</strong></span> <span class='ocrx_word' id='word_1_907' title='bbox 2334 5691 2446 5742; x_wconf 75' lang='lat' dir='ltr'><strong>nde</strong></span> <span class='ocrx_word' id='word_1_908' title='bbox 2466 5703 2612 5745; x_wconf 77' lang='lat' dir='ltr'><strong>supra</strong></span> <span class='ocrx_word' id='word_1_909' title='bbox 2630 5703 2908 5742; x_wconf 85' lang='lat' dir='ltr'><strong>sermonem</strong></span> <span class='ocrx_word' id='word_1_910' title='bbox 2933 5691 3006 5745; x_wconf 69' lang='lat' dir='ltr'><strong>r9.</strong></span> <span class='ocrx_word' id='word_1_911' title='bbox 3019 5699 3070 5742; x_wconf 89' lang='lat' dir='ltr'><strong>et</strong></span> <span class='ocrx_word' id='word_1_912' title='bbox 3092 5707 3102 5741; x_wconf 95' lang='lat' dir='ltr'><strong>l</strong></span> 
     </span>
    </p>
   </div>
   <div class='ocr_carea' id='block_1_118' title="bbox 2179 5690 3783 5812">
    <p class='ocr_par' dir='ltr' id='par_1_118' title="bbox 2179 5690 3783 5812">
     <span class='ocr_line' id='line_1_119' title="bbox 2179 5690 3783 5812; baseline 0.004 -74"><span class='ocrx_word' id='word_1_913' title='bbox 2179 5690 2446 5812; x_wconf 62' lang='lat' dir='ltr'><strong>lh(tnovide</strong></span> <span class='ocrx_word' id='word_1_914' title='bbox 2466 5703 2612 5754; x_wconf 80' lang='lat' dir='ltr'><strong>supra</strong></span> <span class='ocrx_word' id='word_1_915' title='bbox 2630 5703 2908 5742; x_wconf 84' lang='lat' dir='ltr'><strong>sermonem</strong></span> <span class='ocrx_word' id='word_1_916' title='bbox 2926 5691 3006 5754; x_wconf 87' lang='lat'><strong>79,</strong></span> <span class='ocrx_word' id='word_1_917' title='bbox 3019 5699 3070 5742; x_wconf 90' lang='lat' dir='ltr'><strong>et</strong></span> <span class='ocrx_word' id='word_1_918' title='bbox 3092 5690 3211 5744; x_wconf 81' lang='lat' dir='ltr'><strong>infra</strong></span> <span class='ocrx_word' id='word_1_919' title='bbox 3232 5706 3482 5744; x_wconf 86' lang='lat' dir='ltr'><strong>sermones</strong></span> <span class='ocrx_word' id='word_1_920' title='bbox 3502 5692 3569 5744; x_wconf 86' lang='lat' dir='ltr'><strong>de</strong></span> <span class='ocrx_word' id='word_1_921' title='bbox 3584 5701 3628 5743; x_wconf 93' lang='lat' dir='ltr'><strong>s.</strong></span> <span class='ocrx_word' id='word_1_922' title='bbox 3645 5699 3783 5745; x_wconf 78' lang='lat' dir='ltr'><strong>Ste-</strong></span> 
     </span>
     <span class='ocr_line' id='line_1_120' title="bbox 2202 5765 2350 5798; baseline 0.007 -2"><span class='ocrx_word' id='word_1_923' title='bbox 2202 5773 2207 5790; x_wconf 66' lang='lat' dir='ltr'><strong>t</strong></span> <span class='ocrx_word' id='word_1_924' title='bbox 2243 5765 2302 5798; x_wconf 83' lang='lat' dir='ltr'><strong>an</strong></span> <span class='ocrx_word' id='word_1_925' title='bbox 2340 5785 2350 5797; x_wconf 88' lang='lat'><strong>.</strong></span> 
     </span>
    </p>
   </div>
  </div>
