4126 6322
314 324 409 381 531

315 451 443 508 ergo
472 435 523 489 in
568 433 731 488 domo
760 444 874 491 sua.
906 427 951 482 si
971 434 1127 496 caput
1152 431 1232 477 est
1251 420 1429 477 domui
1464 433 1604 482 sum,
1643 416 1801 472 debet
1837 414 1904 471 ad

319 544 437 583 eum
464 526 734 596 pertinere
762 528 1095 591 episcopatus
1121 515 1375 578 ofﬁcium,
1399 510 1663 582 quomodo
1682 509 1764 563 sui
1790 524 1905 561 crc-

320 622 483 682 dant,
532 630 601 671 ne
643 612 806 683 aliqui
849 611 1083 680 ipsorum
1127 607 1179 661 in
1227 605 1472 659 haeresim
1502 602 1812 666 incurrant,
1842 613 1908 653 ne

320 725 473 772 uxor,
506 723 576 761 ne
607 705 745 760 ﬁlius
767 745 782 770 ,
806 717 874 757 ne
897 701 1023 767 ﬁlia,
1053 714 1121 753 nc
1147 698 1261 767 ipse
1284 711 1468 751 servus
1487 735 1501 761 ,
1525 693 1647 763 quia
1677 691 1806 745 tanti
1828 696 1909 743 cst

322 810 552 871 emptus.
608 794 893 865 Disciplina
960 791 1246 862 apostolica
1302 786 1592 858 praeposuit
1635 784 1909 840 dominum

324 870 511 958 servo,
554 898 608 945 et
651 902 863 944 servum
891 883 1125 939 subdidit
1149 882 1366 937 domino
1396 878 1613 951 (Ephes.
1638 886 1722 943 vt,
1764 870 1831 941 5,
1868 881 1912 926 et

327 983 427 1039 Tit.
472 998 542 1048 ιι,
573 980 627 1049 9)
661 977 941 1033 :Christus
974 985 1149 1030 tamen
1191 987 1285 1044 pro
1310 970 1570 1025 ambobus
1596 982 1757 1022 unum
1796 981 1915 1035 pre-

326 1077 453 1130 tinm
481 1072 647 1128 dedit.
685 1069 931 1124 Minimos
963 1076 1169 1121 vestros
1205 1064 1366 1118 nolite
1394 1070 1772 1122 co.:temnere,
1816 1057 1915 1112 do-

327 1165 667 1221 mesticorum
697 1170 996 1216 Vestrorum
1027 1157 1248 1211 salutem
1293 1154 1437 1209 omni
1482 1151 1748 1222 vigilantia
1794 1158 1917 1219 pro:-

327 1266 527 1312 curate.
561 1254 682 1309 llmc
712 1252 758 1308 si
796 1251 999 1315 facilis,
1028 1247 1257 1318 erogatis
1288 1264 1299 1299 :
1337 1244 1466 1317 pigri
1496 1243 1637 1298 servi
1674 1256 1777 1296 non
1810 1240 1917 1295 eri-

330 1351 397 1402 tis
416 1391 430 1416 ,
454 1346 849 1401 damnationem
874 1351 979 1396 tam
1002 1338 1369 1395 detestandam
1398 1350 1503 1390 non
1533 1330 1808 1389 timebitis.

848 1464 1075 1534 SERMD
1112 1472 1250 1528 xcv
1298 1470 1401 1543 (α).

330 1595 408 1651 De
443 1594 602 1650 verbis
640 1589 901 1661 Evangelii
930 1587 1127 1652 Marci,
1159 1582 1243 1639 ubi
1267 1581 1569 1637 miraculum
1604 1588 1791 1651 septem
1832 1590 1924 1648 pa-

656 1700 778 1739 num
809 1686 1046 1753 refertur.
1075 1695 1191 1750 cap.
1220 1692 1314 1731 vni
1334 1716 1348 1741 ,
1391 1675 1426 1745 ᾗ
1451 1713 1467 1728 .
1499 1674 1612 1729 1-9.

403 1843 456 1899 ι.
511 1835 691 1912 Εριιιω
748 1839 801 1892 in
854 1824 1132 1907 Scripturis
1189 1830 1397 1888 sanctis.
1445 1830 1744 1899 Scripturas
1796 1838 1924 1881 san-

332 1944 447 1990 ctas
499 1939 825 2002 exponentes
874 1929 1057 1992 vobis,
1102 1926 1253 1997 quasi
1300 1939 1462 1995 panes
1510 1921 1799 1998 frangimus
1830 1933 1925 1972 vo-

333 2026 449 2080 bis.
479 2024 589 2079 Vos
612 2023 911 2078 esurientes
937 2018 1159 2087 accipite
1178 2059 1194 2083 ,
1226 2024 1279 2071 et
1304 2015 1541 2084 saginam
1571 2008 1740 2066 laudis
1767 2009 1927 2065 corde

336 2121 611 2170 eructuate
641 2130 654 2166 :
685 2122 738 2167 et
765 2111 852 2181 qui
879 2111 1007 2165 estis
1042 2109 1231 2163 divites
1258 2107 1309 2160 in
1333 2105 1503 2174 epulis
1526 2145 1541 2169 ,
1572 2103 1736 2157 nolite
1762 2100 1927 2155 macri

337 2220 457 2261 esse
484 2205 535 2259 in
567 2204 818 2273 operibus
843 2210 897 2255 et
936 2200 1086 2253 factis
1126 2198 1299 2253 bouis.
1328 2195 1480 2263 Quod
1511 2208 1609 2264 ego
1636 2206 1799 2262 crogo
1832 2205 1929 2245 vo-

339 2293 455 2361 bis,
501 2309 607 2348 non
643 2300 725 2347 est
755 2306 955 2346 meum.
995 2289 1146 2357 Quod
1194 2286 1558 2352 manducatis,
1607 2283 1869 2338 manduco
1911 2299 1926 2336 :

340 2384 480 2439 unde
508 2383 685 2438 vivitis
708 2424 724 2450 ,
751 2384 891 2436 vivo.
921 2380 1216 2436 Commune
1247 2377 1503 2432 habemus
1543 2376 1598 2431 in
1640 2375 1779 2431 casio
1816 2374 1930 2429 cel-

338 2475 529 2529 larium
566 2492 578 2527 :
611 2473 734 2528 inde
763 2473 907 2528 enim
940 2470 1323 2525 vcnitverbum
1356 2467 1466 2521 Dei.
1746 2479 1750 2484 '

410 2567 465 2621 2.
494 2564 802 2620 Miraculum
830 2573 1016 2634 septem
1053 2577 1244 2632 panum
1280 2558 1567 2629 allegorice.
1597 2558 1814 2627 Septem
1840 2568 1933 2625 pa:-

340 2672 437 2713 nes
496 2656 795 2726 significant
851 2652 1215 2723 septiformem
1277 2649 1640 2720 operationem
1703 2647 1932 2718 Spiritus

340 2746 510 2801 sancti
536 2763 548 2799 :
580 2753 809 2816 quatuor
826 2744 985 2798 millia
1013 2740 1289 2796 hominum
1308 2782 1323 2807 ,
1351 2739 1645 2795 Ecclesiam
1671 2740 1771 2793 sub
1794 2754 1929 2808 qua-

342 2845 464 2891 tuor
513 2836 815 2906 Evangeliis
865 2834 1206 2890 constitutam
1259 2850 1271 2886 :
1330 2838 1533 2901 septem
1576 2839 1771 2899 sporta:
1820 2826 1931 2884 fra-

345 2935 717 2998 gmentorum,
765 2925 1139 2995 perfectionem
1185 2922 1456 2978 Ecclesiae.
1503 2920 1615 2975 lio’c
1655 2921 1797 2975 enim
1842 2936 1934 2976 nu-

342 3034 495 3073 mero
524 3018 815 3088 smpissimc
849 3016 1103 3087 perfectio
1149 3015 1427 3085 ﬁguratur.
1474 3013 1625 3070 Unde
1667 3022 1749 3067 est
1789 3013 1931 3067 enim

342 3110 487 3179 quod
540 3110 740 3164 dictum
792 3117 904 3175 est,
937 3108 1133 3177 Septies
1179 3107 1232 3160 in
1279 3106 1360 3160 die
1406 3104 1624 3159 laudabo
1669 3113 1715 3157 te
1752 3101 1929 3172 (Psal.

343 3209 543 3263 cxvtn,
576 3197 745 3269 lsi)?
782 3188 1047 3266 Numquid
1071 3205 1213 3251 errat
1243 3194 1423 3258 homo,
1455 3194 1543 3263 qui
1575 3193 1731 3248 toties
1753 3191 1937 3246 lauda-

343 3294 481 3348 verit
505 3292 580 3365 (b)
610 3291 934 3347 Dominum?
963 3289 1097 3357 Quid
1123 3296 1205 3344 est
1239 3303 1366 3358 ergo
1389 3328 1404 3353 ,
1439 3287 1635 3356 Septies
1674 3284 1934 3348 laudabo;

346 3385 483 3451 nisi,
514 3383 793 3454 Nunquam
834 3397 864 3436 a
905 3381 1058 3435 laude
1087 3378 1347 3434 cessabo?
1379 3377 1569 3432 Totum
1609 3376 1752 3432 enim
1802 3385 1936 3430 tem-

347 3490 447 3547 pus
470 3475 732 3546 signiﬁcat
755 3473 843 3544 qui
870 3472 1029 3537 dicit,
1074 3471 1271 3541 septies.
1304 3469 1455 3525 Unde
1482 3478 1686 3538 septem
1727 3466 1932 3522 dierum

347 3566 621 3622 volumine
650 3566 843 3623 saecula
875 3562 1254 3634 provolvuntur
1280 3562 1319 3615 ί.
1346 3560 1480 3628 Quid
1509 3568 1590 3614 est
1628 3574 1754 3629 ergo
1777 3599 1791 3622 ,
1840 3558 1935 3612 Se-

348 3659 480 3727 pties
516 3658 569 3711 in
610 3657 693 3711 die
720 3652 937 3709 laudabo
968 3664 1048 3717 te,
1082 3651 1182 3707 nisi
1211 3651 1352 3721 quod
1392 3651 1497 3705 alio
1544 3650 1663 3704 loco
1704 3648 1894 3703 dicitur
1916 3690 1932 3713 ,

346 3747 566 3819 Semper
584 3748 696 3801 laus
720 3746 829 3816 ejus
853 3744 905 3798 in
926 3760 1014 3797 ore
1034 3758 1142 3796 mea
1176 3741 1343 3815 (Psal.
1376 3755 1567 3806 χχχιιι,
1589 3738 1687 3809 2)?
1714 3739 1936 3807 Propter

347 3836 519 3907 ipsam
542 3836 919 3907 perfectionem
949 3833 1013 3888 ad
1046 3840 1248 3902 septem
1271 3830 1538 3886 Ecclesias
1567 3829 1747 3884 scribit
1770 3828 1934 3883 Joan-

347 3940 467 3983 nes.
492 3926 839 3999 Apocalypsis
861 3926 991 3980 liber
1010 3934 1092 3980 est
1112 3923 1279 3979 sancti
1300 3922 1520 3978 Joannis
1544 3920 1883 3991 evangelista:
1916 3934 1930 3975 :

348 4019 537 4074 scribit
556 4019 620 4074 ad
641 4027 843 4089 septem
867 4017 1132 4073 Ect-lesias
1155 4016 1336 4087 (Apoc.
1365 4031 1415 4079 ι,
1443 4014 1521 4087 4).
1544 4012 1774 4068 Veraces
1794 4022 1938 4068 esto-

349 4120 407 4166 te
449 4112 554 4182 (c),
601 4120 812 4181 Sportas
856 4107 1143 4179 agnoscite.
1178 4106 1294 4162 Non
1337 4107 1479 4161 enim
1521 4103 1813 4175 fragmenta
1848 4103 1935 4159 illa

351 4203 623 4272 perierunt
651 4218 663 4253 :
689 4201 781 4255 sed
809 4200 930 4269 quia
957 4207 1011 4254 et
1044 4213 1139 4253 vos
1177 4197 1243 4252 ad
1287 4196 1579 4252 Ecclesiam
1624 4196 1932 4265 pertinetis,

348 4294 505 4349 vobis
533 4293 715 4364 utique
752 4291 1110 4363 profecerunt.
1153 4289 1306 4357 Quod
1348 4288 1497 4344 vobis
1542 4288 1639 4342 ista
1687 4302 1933 4359 expono,

350 4383 567 4439 Christo
591 4383 835 4438 ministro
859 4398 873 4435 :
893 4396 987 4436 vos
1007 4396 1127 4436 cum
1156 4379 1438 4451 tranquille
1463 4378 1676 4446 auditis,
1699 4377 1936 4433 discum-

352 4475 497 4530 bitis.
525 4475 639 4545 Ego
666 4488 890 4545 corpore
916 4472 1078 4529 sedeo
1094 4515 1107 4536 ,
1138 4472 1301 4527 corde
1320 4472 1577 4539 consisto,
1600 4478 1654 4525 et
1681 4470 1937 4525 sollicitus

351 4566 600 4621 ministro
621 4565 793 4631 vobis;
825 4580 893 4620 ne
917 4564 1053 4619 forte
1078 4564 1313 4633 aliquem
1333 4572 1565 4617 vestrum
1592 4560 1823 4616 ofl'endat
1847 4576 1940 4614 va-

352 4658 584 4722 sculum,
606 4673 711 4713 non
734 4658 905 4713 cibus.
946 4657 1138 4727 Epulas
1164 4656 1257 4711 Dei
1280 4656 1445 4711 nostis
1468 4695 1484 4721 ,
1518 4669 1659 4725 smpe
1683 4654 1934 4724 audistis,

354 4760 564 4804 mentes
590 4758 864 4820 quierunt,
896 4763 999 4802 non
1033 4756 1267 4802 ventres.

428 4842 482 4896 3.
512 4840 759 4912 Mysteria
786 4841 839 4894 iu
880 4840 943 4894 iis
981 4839 1067 4909 qui
1102 4838 1312 4892 saturati
1339 4846 1453 4891 sunt
1484 4835 1545 4889 de
1570 4845 1757 4907 septem
1796 4836 1942 4904 peni-

357 4931 467 4985 bus.
499 4929 661 4986 Certe
697 4930 934 5000 saginata
969 4936 1093 4984 sunt
1121 4938 1343 4998 quatuor
1373 4925 1531 4980 millia
1570 4924 1844 4979 hominum
1874 4925 1941 4981 de

422 5150 438 5180 ι
463 5148 537 5197 Sic
556 5146 1076 5210 legendumputamus.
1096 5143 1211 5210 vide
1226 5154 1503 5210 sermonem
1521 5140 1628 5210 ll},
1646 5153 1695 5189 n.
1716 5140 1758 5189 1.
1780 5137 1942 5201 [L‘nde

356 5218 538 5273 septem
553 5202 743 5259 dierum
765 5202 1001 5258 volumina
1016 5203 1194 5256 swculo
1210 5202 1584 5269 provolvuntun]

421 5311 494 5373 (a)
516 5318 648 5359 Nunc
668 5310 883 5373 primum
896 5307 1053 5373 prodit
1076 5319 1145 5373 ex_
1164 5306 1325 5373 veteri
1356 5303 1533 5373 codice
1555 5302 1843 5373 Colbertinae
1867 5302 1939 5373 hi:

421 5322 648 5421 marine
668 5322 874 5373 primum
892 5322 1053 5418 proca
1076 5322 1141 5356 ex
1164 5322 1323 5355 veteri
1356 5322 1520 5353 COUICC
1555 5322 1843 5351 wlucruua:
1867 5322 1939 5351 ιιι-

357 5370 426 5420 bli
517 5384 619 5421 eoae
641 5378 804 5420 notato
826 5369 887 5418 82
921 5370 999 5429 ,in
1022 5367 1427 5431 quoiuscribitur,
1461 5372 1752 5431 «tractatus
1789 5365 1943 5431 sancti

366 5450 390 5479 ι
413 5433 663 5497 Augustini
684 5425 948 5482 secundum
961 5425 1178 5497 Amicum
1188 5430 1263 5497 _de_
1285 5434 1475 5497 septem
1499 5425 1767 5497 panibus.)
1797 5426 1945 5485 ttujus

359 5485 601 5556 sermonis
621 5493 941 5556 fragmentum
954 5492 1149 5556 insigne
1170 5485 1374 5538 dederat
1396 5485 1630 5537 Florusad
1661 5493 1676 5534 ι
1720 5492 1823 5535 Oor.
1838 5500 1940 5535 xm.

444 5555 496 5614 ὁ)
518 5563 675 5614 Forte,
695 5551 808 5604 'non
846 5551 1130 5604 laudaverit.

445 5609 493 5675 ε)
517 5624 583 5665 Ita
604 5609 926 5666 (lolhertinum
950 5612 1218 5675 exemplar,
1242 5610 1328 5660 sed
1351 5622 1380 5658 a
1400 5609 1612 5675 secunda
1631 5620 1805 5675 manu:
1833 5621 1942 5657 nam

360 5670 733 5789 διὲἱὶῗιέιῦξεῖξεὴοι,
779 5688 971 5728 voraces
991 5670 1151 5727 estote.
1177 5670 1323 5724 Locus
1356 5670 1571 5735 profecto
1600 5670 1725 5720 baud
1748 5671 1944 5733 integer

364 5753 394 5789 e
538 5752 565 5788 a
650 5773 661 5786 .

364 5748 417 5789 et
438 5741 661 5789 illibatus.

1760 266 1985 360 sannio
2024 295 2180 357 xcv.

3475 289 3583 361 asa

2012 421 2216 483 septem
2245 410 2467 481 panibus
2496 427 2509 465 :
2541 411 2668 482 quid
2704 410 2997 467 mirabilius
3026 412 3049 468 ?
3085 405 3153 469 Et
3201 416 3377 471 tamen
3402 433 3585 487 parum

2014 512 2150 569 erat,
2182 503 2281 557 nisi
2305 502 2464 557 etiam
2488 512 2681 574 sporta:
2706 512 2907 574 septem
2937 504 3005 561 de
3030 506 3337 576 fragmentis
3363 510 3593 567 residuis

2015 596 2379 666 lmplcrentur.
2426 595 2470 651 Ο
2509 612 2696 666 magna
2745 598 3040 668 mysteria!
3094 600 3484 670 operabantur,
3540 613 3596 661 et

2015 704 2175 760 opera
2199 687 2567 758 loquebantur.
2596 688 2756 743 Facta
2780 689 2865 743 illa
2893 690 2935 744 si
2959 691 3239 762 intelligas,
3264 694 3424 750 verba
3450 706 3595 751 sunt.

2017 781 2084 836 Et
2112 790 2206 836 vos
2231 781 2297 836 ad
2318 791 2543 851 quatuor
2567 781 2730 836 millia
2758 783 3051 851 pertinctis,
3084 786 3203 855 quia
3229 787 3326 841 sub
3352 787 3598 858 Evange-

2021 876 2096 931 li‘o
2119 875 2458 945 quaternario
2479 874 2671 929 vivitis.
2700 876 2777 929 Ad
2802 892 3079 931 numerum
3102 890 3206 933 non
3231 879 3600 949 pertinuerunt

2019 967 2169 1039 pueri
2200 975 2254 1021 et
2278 966 2550 1021 mulieres.
2581 965 2671 1022 Sic
2714 966 2854 1021 enim
2905 967 3100 1023 dictum
3138 978 3219 1025 est
3254 990 3269 1027 :
3309 971 3472 1027 Erant
3500 992 3600 1029 au-

2021 1058 2116 1110 tem
2132 1057 2219 1127 qui
2238 1056 2661 1111 manducaverunt
2685 1067 2900 1128 quatuor
2926 1060 3086 1113 millia
3112 1062 3390 1131 hominum,
3416 1081 3599 1139 excep-

2021 1149 2084 1205 tis
2116 1151 2283 1220 pueris
2312 1159 2356 1204 et
2382 1148 2672 1204 mulieribus
2694 1150 2904 1222 (Matth.
2937 1169 3023 1220 xv,
3048 1149 3159 1226 '58).
3183 1155 3342 1223 Quasi
3368 1159 3483 1215 sine
3508 1178 3605 1216 nn-

2021 1255 2172 1295 mero
2213 1250 2391 1295 essent
2419 1241 2671 1296 insensati
2703 1252 2757 1298 ct
2799 1243 3109 1302 effeminati.
3140 1247 3338 1304 Tamen
3376 1253 3601 1309 mandu-

2023 1339 2147 1384 cent
2171 1338 2225 1385 et
2255 1331 2374 1401 ipsi.
2406 1331 2752 1387 Manducent:
2785 1332 2920 1389 forte
2944 1336 3090 1405 pueri
3120 1349 3383 1407 crescunt,
3417 1352 3468 1397 et
3496 1359 3603 1399 non

2023 1430 2181 1477 erunt
2205 1422 2389 1493 pueri;
2423 1423 2558 1480 ferte
2587 1420 2871 1481 eﬁ‘eminali
2914 1428 3252 1500 corriguntur
3274 1471 3290 1497 ,
3323 1442 3377 1487 et
3404 1436 3606 1490 castiﬁ-

2023 1522 2232 1568 cantur.
2282 1513 2597 1570 Mandueent
2654 1532 2668 1570 :
2720 1529 3037 1587 crogamus,
3086 1520 3459 1591 impendimus.
3507 1527 3608 1595 Qui

2026 1604 2131 1660 sint
2156 1613 2333 1660 autem
2364 1606 2484 1672 isti,
2518 1606 2657 1662 Deus
2695 1608 2906 1678 inspicit
2930 1612 3228 1676 convivium
3265 1630 3416 1669 suum
3438 1659 3453 1684 ,
3486 1627 3540 1672 ct
3563 1619 3609 1675 si

2026 1699 2087 1752 Se
2108 1712 2214 1751 non
2241 1699 2602 1766 correxerint,
2631 1701 2718 1769 qui
2746 1700 2891 1756 no'vit
2919 1701 3143 1759 invitare
3162 1744 3177 1770 ,
3210 1706 3355 1762 novit
3375 1716 3429 1764 et
3452 1724 3608 1779 sepa-

2028 1802 2167 1842 rare.

2100 1878 2154 1933 4.
2208 1877 2384 1943 Qualis
2412 1880 2498 1952 qui
2539 1880 2607 1933 ad
2644 1881 2917 1936 convivium
2968 1883 3213 1940 invitavit.
3258 1886 3455 1957 Nostis,
3479 1891 3609 1949 cha-

2030 1968 2229 2023 rissimi
2273 1987 2286 2023 :
2330 1971 2550 2026 recolite
2599 1974 2956 2042 evangelicam
3001 1977 3336 2046 parabolam;
3379 1982 3500 2052 quia
3528 1985 3609 2039 in-

2040 2062 2199 2116 travit
2244 2062 2502 2118 Dominus
2548 2063 2823 2134 inspicere
2861 2069 3232 2126 recumbentes
3275 2073 3326 2127 in
3381 2077 3609 2145 quodam

2032 2155 2275 2211 convivio
2303 2171 2419 2211 suo.
2443 2156 2828 2215 Paterfamilias
2855 2161 2945 2231 qui
2968 2162 3296 2231 invitaverat,
3320 2168 3457 2224 sicut
3481 2172 3615 2227 scri-

2032 2256 2180 2317 ptum
2207 2255 2308 2315 est,
2337 2248 2521 2302 invenit
2549 2249 2616 2303 ibi
2650 2250 2900 2306 hominem
2926 2268 3025 2307 non
3050 2257 3273 2311 vestitum
3313 2268 3493 2315 vestem
3516 2280 3615 2317 nu-

2034 2340 2238 2409 ptialem
2280 2339 2391 2411 (1d.
2425 2357 2563 2409 χχιι,
2599 2340 2708 2415 ll).
2752 2344 2833 2398 Ad
2872 2346 3078 2415 nuptias
3120 2348 3263 2404 enim
3304 2350 3618 2411 invitaverat

2034 2446 2261 2502 Sponsus
2306 2433 2392 2488 ille
2442 2434 2715 2502 speciosus
2764 2433 2935 2491 forma
2985 2452 3094 2506 prae
3145 2439 3267 2496 filiis
3314 2438 3612 2501 hominum.

2035 2524 2274 2595 Sponsus
2302 2527 2388 2580 ille
2413 2525 2589 2581 fmdns
2617 2527 2781 2581 faetus
2804 2536 3019 2598 propter
3043 2545 3290 2599 Sponsam
3316 2532 3533 2605 fmdam,
3558 2548 3620 2593 ut

2035 2632 2150 2672 eam
2181 2617 2375 2672 faceret
2396 2619 2688 2687 pulchram.
2711 2618 2863 2675 Unde
2882 2621 3054 2677 foedus
3076 2622 3242 2679 factus
3263 2635 3344 2681 est
3366 2629 3619 2696 pulcher?

2034 2708 2090 2764 Si
2133 2724 2236 2763 non
2280 2709 2477 2778 probo,
2506 2710 2841 2779 blaspheme.
2886 2712 2989 2767 Dat
3035 2714 3164 2769 mihi
3211 2717 3617 2786 pulchritudinis

2035 2800 2152 2869 ejhs
2178 2800 2535 2854 testimonium
2581 2802 2836 2872 propheta
2858 2845 2873 2871 ,
2895 2804 3080 2861 dicens
3111 2822 3124 2859 :
3159 2798 3427 2879 Speciesus
3454 2815 3621 2882 forma

2037 2896 2144 2961 prie
2170 2890 2293 2958 ﬁliis
2318 2890 2573 2944 hominum
2603 2890 2774 2963 (Psal.
2804 2909 2943 2959 xuv,
2973 2896 3049 2966 5).
3079 2896 3177 2951 Dat
3203 2899 3330 2953 mihi
3354 2899 3621 2956 deformi-

2040 2983 2160 3036 tatis
2189 2982 2303 3052 ejus
2330 2984 2689 3037 testimouium
2720 2985 2855 3039 alius
2882 2987 3160 3058 propheta,
3192 2989 3378 3047 dicens
3413 3010 3426 3046 :
3466 2988 3618 3047 Vidi-

2040 3089 2150 3127 mus
2174 3089 2306 3140 eum,
2333 3084 2380 3127 et
2408 3091 2506 3128 non
2548 3074 2755 3129 habebat
2796 3079 3008 3147 speciem
3050 3096 3208 3150 neque
3243 3083 3508 3151 decorem;
3535 3085 3624 3140 sed

2037 3166 2203 3220 vultus
2228 3166 2337 3236 ejus
2357 3166 2596 3237 abjectus,
2621 3167 2859 3238 deformis
2884 3171 3063 3241 positio
3090 3173 3198 3244 ejus
3221 3171 3370 3248 (Isai.
3403 3190 3513 3243 Lm,
3540 3177 3621 3249 2).

2037 3258 2083 3313 Ο
2103 3257 2358 3327 propheta
2379 3258 2471 3328 qui
2500 3257 2713 3327 dixisti,
2748 3259 3016 3331 Speciosas
3049 3264 3215 3334 {anna
3250 3282 3355 3336 pra:
3373 3268 3494 3336 ﬁliis
3530 3269 3624 3322 ho-

2038 3351 2230 3403 minum
2254 3391 2268 3416 ,
2298 3348 2683 3405 contradicitur
2729 3351 2820 3406 tibi
2851 3371 2865 3405 :
2899 3354 3035 3408 alius
3083 3356 3338 3425 propheta
3390 3360 3627 3428 procedit

2038 3448 2222 3494 contra
2264 3447 2348 3505 te,
2375 3447 2430 3493 et
2446 3439 2603 3506 dicit,
2631 3439 2903 3496 Mentiris:
2936 3441 3165 3499 Vidimus
3195 3461 3328 3500 eum.
3367 3446 3502 3514 Quid
3542 3456 3626 3505 est

2038 3531 2178 3602 quod
2208 3531 2356 3597 dicit,
2385 3531 2657 3601 Speciosus
2688 3535 2851 3604 forma
2878 3550 2985 3603 prce
3011 3535 3131 3604 ﬁliis
3151 3534 3454 3593 hominum?
3483 3539 3627 3595 Vidi-

2038 3641 2149 3678 mus
2168 3640 2280 3677 eum
2311 3640 2413 3677 non
2445 3623 2705 3678 habentem
2750 3628 2963 3696 speciem
3001 3643 3159 3697 neque
3198 3628 3443 3683 decorem.
3487 3632 3627 3701 Ergo

2038 3712 2127 3769 isti
2174 3713 2447 3784 propheta:
2498 3714 2606 3769 duo
2645 3712 2698 3769 in
2735 3715 2929 3786 angulo
2968 3716 3113 3785 pacis
3155 3717 3500 3773 discordant?
3544 3720 3625 3777 De

2037 3805 2252 3861 Christo
2271 3806 2430 3860 ambo
2452 3804 2727 3872 dixerunt,
2750 3806 2817 3861 de
2842 3807 3018 3877 lapide
3040 3808 3275 3878 angulari
3297 3809 3454 3865 ambo
3475 3810 3626 3868 dixe-

2041 3907 2184 3954 runt.
2220 3897 2274 3952 In
2305 3898 2495 3967 angulo
2524 3897 2848 3953 concordant
2889 3899 3137 3967 parietes.
3184 3899 3241 3954 Si
3273 3915 3379 3955 non
3401 3912 3627 3957 concor-

2041 3990 2302 4045 daverunt
2320 4029 2333 4053 ,
2359 4003 2463 4043 non
2489 3996 2574 4043 est
2615 3988 2894 4043 mdiﬁcium
2916 4026 2931 4056 ,
2964 3988 3055 4043 sed
3097 3989 3268 4043 ruina.
3291 3989 3629 4046 Concordant

2041 4081 2343 4152 Prophetze,
2369 4096 2472 4135 non
2500 4095 2593 4135 eos
2618 4079 2946 4134 dimittamus
2972 4081 3025 4134 in
3047 4080 3180 4135 rita.
3200 4081 3312 4136 lmo
3330 4096 3427 4137 nos
3442 4098 3627 4138 eorum

2040 4189 2225 4245 pacem
2252 4186 2632 4247 cognoscamus
2667 4182 2680 4227 ι
2713 4189 2833 4227 nam
2862 4173 2935 4227 illi
2968 4173 3173 4243 litigare
3200 4190 3305 4228 non
3344 4184 3557 4230 norunt.
3583 4176 3628 4231 0

2044 4263 2305 4335 Propheta
2334 4264 2423 4334 qui
2443 4264 2622 4318 dixisti
2644 4300 2661 4330 ,
2693 4264 2963 4333 Speciosus
2989 4263 3155 4333 forma
3178 4280 3285 4335 prce
3318 4266 3439 4334 ﬁliis
3463 4267 3626 4321 homi-

2042 4372 2183 4421 num,
2206 4355 2295 4410 ubi
2343 4355 2558 4409 vidisti?
2595 4354 2880 4425 Responde
2903 4396 2919 4422 ,
2952 4355 3248 4425 responde,
3280 4356 3373 4411 ubi
3415 4358 3628 4412 vidisti?

2042 4445 2168 4501 Cant
2188 4446 2239 4499 in
2267 4449 2433 4517 forma
2459 4443 2555 4498 Dei
2580 4453 2706 4499 esset
2744 4461 2844 4499 non
2874 4446 3107 4516 rapinam
3140 4446 3410 4501 arbitratus
3431 4456 3503 4502 est
3526 4464 3631 4502 esse

2042 4537 2252 4609 sitqualis
2281 4537 2407 4592 Deo.
2436 4537 2509 4592 ibi
2541 4537 2667 4591 vidi.
2698 4538 2778 4592 An
2818 4547 2873 4592 tu
2896 4538 3108 4593 dubitas
3135 4553 3257 4593 eum
3292 4540 3380 4609 qui
3410 4541 3630 4609 aequalis

2043 4638 2125 4684 est
2151 4630 2279 4696 Deo,
2308 4628 2607 4699 speciosum
2626 4642 2746 4683 esse
2770 4642 2877 4698 prie
2906 4628 3025 4682 ﬁliis
3050 4629 3365 4683 hominum?
3384 4629 3629 4699 Respon-

2044 4721 2168 4777 disti
2194 4740 2206 4775 :
2237 4721 2559 4791 reSpondeat
2588 4722 2679 4776 ille
2704 4720 2794 4791 qui
2830 4719 2991 4784 dixit,
3024 4719 3253 4775 Vidimus
3281 4736 3425 4785 auiti,
3458 4730 3503 4773 et
3529 4737 3630 4775 non

2045 4812 2257 4867 habebat
2281 4813 2494 4882 speciem
2522 4828 2681 4883 neque
2719 4812 2966 4865 decorem.
2994 4810 3178 4865 Dixisti
3204 4825 3217 4863 :
3248 4809 3334 4864 dic
3374 4809 3462 4863 ubi
3497 4810 3603 4863 vidi

2046 4905 2134 4960 sti.
2171 4905 2211 4958 A
2238 4904 2415 4959 verbis
2452 4903 2618 4974 ipsius
2650 4904 2807 4957 sumit
2845 4902 3120 4957 exordium
3155 4920 3168 4956 :
3202 4902 3290 4957 ubi
3313 4902 3399 4957 ille
3426 4902 3627 4969 ﬁnivit,

2046 4996 2117 5052 ibi
2146 4996 2247 5050 iste
2281 4995 2482 5065 incipit.
2512 4995 2611 5050 Ubi
2641 4995 2729 5049 ille
2756 4994 2963 5048 ﬁnivit?
2986 4993 3085 5060 Qui
3118 5009 3231 5047 cum
3271 4995 3324 5047 in
3344 4993 3509 5062 [arma
3534 4993 3630 5047 Dei

2047 5096 2190 5152 esset,
2216 5102 2316 5139 non
2336 5086 2567 5156 rapinam
2590 5086 2860 5139 arbitratus
2883 5094 2956 5139 est
2980 5100 3088 5139 esse
3107 5084 3315 5156 (aqualis
3336 5082 3464 5137 Deo.
3490 5085 3629 5141 Ecce

2045 5178 2137 5232 ubi
2176 5176 2308 5232 vidit
2334 5176 2631 5246 speciosum
2675 5174 2841 5230 forma
2891 5189 3000 5245 prae
3043 5174 3169 5229 filiis
3196 5173 3468 5229 hominum
3502 5175 3630 5231 :dic

2048 5278 2125 5337 tu,
2155 5269 2242 5324 ubi
2264 5268 2440 5323 vidisti
2469 5266 2593 5339 quia
2618 5283 2726 5322 non
2752 5267 2978 5322 habebat
3008 5267 3239 5337 speciem
3267 5282 3439 5336 neque
3466 5268 3629 5323 deco-

2046 5378 2178 5418 rem.
2208 5361 2313 5417 Sed
2326 5362 2643 5430 semetipsum
2660 5361 2948 5426 exinanivit,
2970 5365 3185 5429 formam
3206 5359 3333 5413 servi
3358 5360 3630 5431 accipiens;

2048 5453 2099 5507 in
2126 5452 2505 5507 similitudinem
2534 5452 2792 5504 hominum
2829 5455 3025 5521 factus,
3057 5458 3103 5503 et
3132 5448 3304 5502 habitu
3331 5449 3556 5505 inventus
3576 5459 3631 5503 ut

2050 5544 2217 5597 homo.
2250 5542 2327 5597 De
2364 5542 2697 5597 deformitate
2733 5540 2897 5610 ipsius
2928 5538 3099 5593 adhuc
3134 5539 3303 5593 dicit:
3334 5537 3632 5593 Humilmvit

2048 5651 2101 5687 se
2126 5636 2311 5704 ipsum,
2339 5635 2502 5704 factus
2527 5631 2759 5685 obediens
2784 5646 2938 5700 usque
2960 5630 3026 5683 ad
3055 5638 3278 5694 mortem,
3307 5640 3514 5682 mortem
3543 5646 3633 5681 au-

2052 5734 2149 5777 tem
2177 5724 2338 5777 cruris
2375 5720 2633 5793 (Philipp.
2658 5738 2728 5789 ιι,
2758 5721 2902 5791 6-8).
2935 5722 3068 5777 Ecce
3113 5720 3199 5775 ubi
3237 5718 3362 5775 vidi.
3402 5718 3632 5774 Concor-
