4006 6458
531 297 640 368 ss;

528 431 657 488 dant
701 444 828 502 ergo
865 429 1022 485 ambo
1051 427 1274 498 paciﬁci,
1303 434 1357 482 ct
1400 424 1570 496 pacati
1612 433 1734 479 sunt
1774 425 1950 478 ambo.
1974 422 2110 492 Quid

528 535 610 581 est
636 525 925 596 speciosius
951 523 1097 577 Dco?
1117 521 1253 588 Quid
1276 518 1568 574 deformius
1591 515 1898 572 Crucilixo?

601 617 655 673 εἰ.
683 615 1009 671 Discumbens
1045 613 1153 668 sine
1198 622 1325 667 veste
1384 610 1596 682 nuptiali
1641 607 1952 679 reprobatus.
2006 597 2110 660 lstc

526 723 655 778 ergo
681 723 908 778 sponsus
946 705 1221 776 Speciosus
1260 703 1429 758 forma
1476 717 1586 772 prce
1624 701 1744 754 [iliis
1797 698 2104 763 hominum,

526 794 779 855 deformis
805 798 972 853 laetus
1004 807 1059 852 ut
1077 795 1352 868 pulchram
1383 793 1580 849 faceret
1611 807 1894 863 sponsam,
1923 791 2008 845 cui
2030 789 2115 845 di-

526 892 682 956 citur,
715 889 759 944 0
779 891 962 944 decora
982 891 1110 943 inter
1137 889 1366 942 mulieres
1394 885 1564 958 (Cant.
1595 903 1632 948 ι,
1661 887 1718 955 7)
1743 886 1756 939 Ξ
1787 884 1853 938 de
1893 899 1993 953 qua
2022 882 2107 937 (Ιίν-

524 983 680 1048 citur,
711 981 834 1049 Qum
859 983 932 1036 est
970 982 1066 1035 ista
1097 995 1210 1050 qua:
1236 981 1456 1033 ascendit
1483 976 1716 1032 dealbata
1765 967 1874 1046 (Id.
1919 989 1996 1041 ttt,

525 1076 838 1142 illuminata,
869 1090 973 1129 non
994 1075 1174 1128 colore
1203 1072 1461 1127 mendacii
1485 1069 1725 1124 fuscata?
1747 1054 1950 1122 invenit
1978 1081 2107 1136 ergo

523 1168 624 1222 iste
656 1155 745 1238 qui
770 1162 978 1221 vocavit
1002 1164 1070 1219 ad
1099 1163 1306 1234 nuptias
1327 1206 1341 1228 ,
1371 1147 1642 1216 hominem
1687 1175 1792 1238 non
1822 1158 2103 1238 habentem

525 1234 727 1314 vestem
757 1257 1068 1326 nuptialem,
1092 1263 1145 1309 et
1172 1255 1244 1308 ait
1271 1237 1366 1316 illi,
1397 1252 1569 1305 Amice
1587 1292 1602 1317 ,
1643 1234 1762 1321 quid
1783 1241 1878 1303 huc
1906 1235 2108 1305 intratsi

522 1367 623 1404 non
657 1337 841 1402 habens
883 1357 1060 1402 vestem
1097 1331 1415 1415 nuptialem?
1454 1343 1532 1423 At
1568 1343 1654 1396 ille
1681 1341 1941 1396 obmutuit.
1985 1340 2104 1423 Non

521 1443 662 1497 enim
702 1441 902 1496 invenit
935 1439 1077 1511 quod
1113 1436 1480 1507 responderet.
1525 1419 1690 1491 Etait
1730 1419 2106 1511 paterfamilias

521 1535 609 1605 qui
633 1534 920 1587 intraverat
945 1509 966 1586 εὴ
990 1517 1166 1601 Ligate
1191 1514 1268 1584 illi
1306 1546 1485 1584 manus
1510 1538 1554 1582 et
1594 1527 1743 1598 pedes
1764 1569 1779 1592 ,
1800 1536 1847 1602 et
1877 1509 2106 1605 projicite

520 1602 666 1679 illum
711 1625 765 1678 in
798 1625 1022 1678 tenebras
1049 1622 1317 1677 exteriores
1359 1637 1377 1674 :
1407 1605 1475 1674 ibi
1517 1620 1608 1674 erit
1639 1607 1786 1690 ﬂetus
1829 1627 1874 1672 et
1917 1602 2105 1672 stridor

523 1718 763 1771 dentiant.
791 1705 866 1771 De
883 1725 986 1770 tam
1014 1730 1172 1784 parva
1201 1714 1354 1784 culpa
1373 1724 1478 1768 tam
1501 1729 1688 1784 magna
1710 1695 1896 1783 pmna?
1918 1711 2102 1781 Magna

521 1806 684 1864 enim.
715 1807 882 1862 Parva
909 1795 1102 1861 dicitur
1121 1790 1276 1874 culpa
1301 1820 1408 1859 non
1433 1802 1631 1860 habere
1657 1815 1856 1858 vestem
1894 1803 2105 1872 nuptia-

525 1901 627 1955 lem
660 1918 673 1954 :
706 1913 888 1968 parva,
921 1897 1014 1954 sed
1055 1913 1160 1952 non
1203 1895 1639 1966 intelligentibus.
1663 1893 1884 1962 Quando
1911 1893 1999 1948 ille
2028 1894 2105 1948 sic

523 1999 889 2056 succenseret,
920 1974 1132 2060 quando
1159 1988 1249 2044 ille
1281 1989 1358 2044 sic
1371 1987 1656 2058 judicaret,
1683 1985 1743 2042 'ut
1772 1995 1986 2057 propter
2011 2001 2104 2041 ve-

521 2089 657 2140 stem
688 2077 976 2153 nuptialem
1007 2097 1164 2152 quam
1207 2095 1310 2134 non
1341 2078 1605 2144 habebat,
1628 2078 1864 2133 mitteret
1899 2092 2020 2132 eum
2042 2077 2106 2130 li-

520 2178 657 2249 gatis
681 2176 924 2231 manibus
950 2183 1004 2229 et
1032 2172 1254 2244 pedibus
1284 2171 1336 2226 in
1370 2171 1614 2227 tenebras
1657 2170 1980 2236 exteriores,
2015 2168 2104 2223 ubi

521 2279 666 2325 esset
695 2267 855 2323 ﬂetus
883 2275 938 2323 et
960 2266 1157 2320 stridor
1180 2265 1417 2321 dentium
1439 2305 1455 2333 ,
1481 2264 1581 2318 nisi
1606 2264 1760 2332 culpa
1783 2270 1926 2318 esset
1951 2261 2104 2316 valde

521 2364 697 2434 gravis
725 2371 928 2416 vestem
954 2349 1057 2414 non
1081 2359 1278 2414 habere
1302 2355 1633 2426 nuptialem?
1670 2355 1798 2410 Dico
1826 2371 1840 2408 :
1867 2354 1987 2425 quia
2009 2368 2106 2422 per

523 2470 610 2510 me
633 2453 838 2508 invitati
859 2452 987 2507 estis
1007 2491 1022 2516 ,
1055 2459 1110 2506 et
1133 2447 1177 2504 si
1208 2463 1304 2504 vos
1333 2448 1424 2504 ille
1464 2434 1740 2512 invitavit,
1772 2460 1867 2515 per
1896 2459 1993 2500 nos
2023 2444 2100 2498 in.

522 2545 726 2600 vitavit.
759 2545 815 2599 In
841 2542 1084 2598 convivio
1109 2538 1238 2597 estis
1263 2554 1450 2594 omnes
1467 2579 1483 2604 ,
1513 2537 1760 2592 habetote
1780 2545 1983 2590 vestem
2005 2550 2104 2588 nu-

521 2633 759 2709 ptialem.
788 2637 1010 2705 Expono
1047 2649 1166 2704 quae
1209 2640 1292 2688 est
1314 2674 1330 2699 ,
1354 2641 1414 2687 ut
1446 2644 1635 2686 omnes
1673 2628 1911 2684 habeatis
1931 2667 1946 2695 ,
1978 2625 2103 2682 etsi

522 2727 712 2800 aliquis
759 2741 972 2782 menon
1013 2723 1090 2798 (α)
1135 2723 1282 2778 audit
1323 2721 1414 2794 qui
1457 2736 1561 2776 non
1606 2712 1787 2784 habet,
1820 2723 2104 2788 antequam

522 2820 702 2874 veniat
729 2815 1108 2889 paterfamilias
1133 2823 1186 2870 et
1205 2813 1457 2869 convivas
1482 2827 1606 2866 suos
1635 2809 1900 2879 inspiciat,
1934 2816 2105 2862 mulc-

525 2923 610 2968 tur
631 2914 682 2967 in
708 2912 919 2978 melius,
943 2909 1168 2980 accipiat
1193 2917 1391 2966 vestem
1415 2906 1725 2977 nuptialem,
1752 2919 1973 2960 securus
1993 2902 2105 2958 dis-

522 3005 756 3060 cumbat.

595 3098 648 3152 6.
697 3095 838 3151 Unus
869 3096 1118 3167 projectus
1166 3094 1350 3149 multos
1389 3093 1595 3163 ﬁgurat.
1646 3088 1763 3145 Non
1783 3081 1928 3144 enim
1953 3101 2098 3152 vere,

522 3193 843 3258 charissimi,
869 3193 956 3246 ille
977 3191 1064 3261 qui
1097 3189 1218 3244 inde
1249 3187 1514 3258 projectus
1539 3193 1620 3240 est
1649 3199 1808 3238 unum
1831 3182 2102 3236 hominem

523 3286 786 3359 signiﬁcat
813 3303 825 3339 :
857 3284 1014 3339 absit.
1052 3281 1199 3337 Multi
1233 3289 1354 3334 sunt
1385 3278 1480 3352 (ὑ).
1512 3278 1581 3334 Ει
1607 3279 1720 3347 ipse
1743 3275 1999 3330 Dominus
2013 3275 2104 3344 qui

523 3378 662 3433 hanc
715 3375 1020 3447 parabolam
1082 3372 1392 3444 preposuit,
1431 3370 1669 3441 Sponsus
1704 3368 1818 3439 ipse
1875 3365 2104 3422 convivii

522 3478 845 3528 convocator
869 3477 924 3523 et
948 3467 1291 3522 convivarum
1329 3463 1626 3519 viviﬁcator
1643 3501 1659 3528 ,
1690 3461 1803 3531 ipse
1827 3459 1981 3514 nobis
2004 3473 2101 3514 cx-

522 3562 717 3632 posuit,
748 3560 870 3630 quia
899 3559 1058 3612 homo
1085 3557 1174 3612 ille
1200 3571 1308 3610 non
1334 3570 1497 3610 unum
1523 3553 1794 3608 hominem
1817 3552 2099 3622 signiﬁcat,

519 3655 614 3711 sed
636 3653 849 3715 multos,
879 3651 972 3713 ibi.
1001 3651 1053 3705 in
1083 3649 1201 3720 ipso
1229 3649 1375 3713 loco,
1407 3647 1461 3702 in
1485 3645 1668 3702 eadem
1688 3643 1958 3714 parabola.
1985 3642 2101 3698 Non

518 3763 584 3804 eo
605 3749 779 3818 longe,
809 3745 877 3799 ibi
905 3757 1133 3812 expono,
1165 3742 1235 3796 ibi
1261 3741 1444 3810 frango
1472 3747 1528 3794 et
1551 3735 1976 3792 manducandum
2004 3750 2103 3805 ap-

518 3854 678 3908 pono.
708 3836 798 3891 Ait
821 3835 981 3898 enim,
1014 3848 1134 3888 cum
1166 3831 1289 3887 inde
1331 3831 1526 3886 missus
1569 3837 1717 3884 esset
1745 3827 1836 3884 ille
1865 3841 1970 3882 non
2003 3826 2100 3881 ha-

516 3930 650 3986 bens
690 3936 893 3983 vestem
940 3924 1227 3994 nuptialem
1270 3923 1322 3978 in
1364 3922 1608 3978 tenebras
1645 3921 1936 3976 exteriores
1971 3939 1984 3975 :
2028 3920 2104 3975 ait

516 4038 664 4093 ergo,
695 4031 746 4077 et
774 4030 986 4076 secutus
1011 4019 1270 4089 adjunxit,
1301 4016 1452 4071 Multi
1473 4016 1606 4071 enim
1633 4024 1751 4069 sunt
1771 4014 1952 4079 vocati,
1973 4029 2102 4082 pau-

517 4119 563 4170 ci
586 4131 699 4170 vero
718 4114 859 4169 electi
899 4110 1111 4181 (Matth.
1135 4126 1249 4166 xxu
1270 4151 1286 4176 ,
1315 4108 1524 4179 H-M).
1560 4107 1731 4163 Unum
1769 4105 1894 4161 hinc
1921 4104 2098 4176 proje-

517 4207 656 4270 cisti,
683 4214 738 4260 et
759 4204 910 4269 dicis,
948 4201 1100 4256 Multi
1129 4201 1260 4256 enim
1286 4209 1401 4254 sunt
1431 4199 1609 4261 vocati,
1635 4199 1782 4267 pauci
1795 4198 1956 4252 electi.
1972 4197 2101 4252 Siue

517 4296 681 4352 dubio
705 4295 862 4350 electi
888 4308 991 4348 non
1021 4303 1146 4347 sunt
1172 4288 1392 4360 projeeti
1426 4307 1440 4343 :
1467 4299 1521 4344 et
1541 4288 1639 4357 ipsi
1665 4296 1816 4343 erant
1835 4287 1986 4357 pauci
2008 4287 2099 4358 qui

517 4386 912 4444 discumbentes
939 4390 1337 4446 remanserant;
1359 4389 1414 4436 et
1430 4380 1578 4436 multi
1599 4389 1752 4436 erant
1777 4379 1828 4434 in
1855 4379 1944 4434 illo
1967 4394 2094 4447 uno,

516 4477 639 4549 quia
665 4475 755 4530 ille
774 4490 909 4530 unus
934 4489 1093 4529 unum
1118 4487 1310 4542 corpus
1338 4471 1600 4527 malorum
1621 4478 1725 4539 est,
1752 4470 1842 4541 qui
1866 4485 1972 4526 non
2003 4469 2098 4525 ba-

516 4568 610 4624 bet
629 4577 830 4622 vestem
857 4566 1168 4636 nuptialem.

589 4661 638 4714 7.
680 4658 841 4713 Vestis
865 4659 1126 4728 nuptialis,
1153 4657 1394 4712 charitas.
1421 4657 1557 4726 Quid
1583 4666 1666 4714 est
1696 4659 1858 4714 vestis
1886 4657 2095 4728 nuptia-

515 4755 583 4809 lis
611 4752 719 4824 (c)?
747 4753 1058 4821 Quaaramns
1089 4752 1230 4806 illam
1257 4753 1308 4806 in
1335 4751 1550 4807 Litteris
1574 4753 1772 4808 sanctis
1795 4753 1834 4808 ¹.
1857 4751 1992 4821 Quid
2014 4759 2097 4808 est

513 4846 678 4900 vestis
699 4843 987 4915 nuptialis?
1016 4842 1143 4900 Sine
1166 4842 1328 4899 dubio
1371 4843 1568 4914 aliquid
1609 4850 1693 4898 est
1724 4842 1862 4914 quod
1889 4843 2010 4897 mali
2043 4851 2098 4897 et

515 4935 639 4993 boni
667 4951 950 4992 commune
969 4951 1077 4992 non
1100 4934 1294 4992 habent
1321 4953 1334 4990 :
1368 4935 1469 4990 hoc
1495 4935 1841 4999 inveniamus,
1865 4943 1920 4991 et
1938 4933 1990 4989 in
2001 4950 2095 4989 ve-

514 5029 691 5085 nimus
721 5037 921 5083 vestem
952 5027 1262 5098 nuptialem.
1310 5026 1365 5082 In
1393 5026 1548 5082 donis
1579 5027 1670 5082 Dei
1696 5027 1821 5099 quid
1847 5035 1930 5082 est
1951 5026 2091 5096 quod

512 5133 795 5174 conunune
832 5134 937 5173 non
982 5118 1192 5174 habent
1232 5119 1354 5173 boni
1389 5127 1444 5174 et
1477 5119 1639 5174 mali?
1665 5118 1817 5188 Quod
1852 5118 2094 5173 homines

513 5224 699 5265 sumus
737 5220 793 5265 et
827 5225 1022 5280 pecora
1065 5225 1170 5265 non
1208 5225 1425 5277 sumus,
1467 5211 1559 5267 Dei
1601 5211 1798 5266 donum
1839 5220 1962 5267 est:
1998 5209 2092 5267 scd

513 5317 796 5358 commune
820 5303 922 5360 hoc
957 5317 1078 5359 cum
1104 5303 1256 5359 bonis
1274 5314 1329 5360 et
1354 5304 1525 5359 malis.
1553 5304 1703 5372 Quod
1731 5304 1886 5360 nobis
1910 5304 1999 5358 lux
2025 5303 2094 5360 de

517 5464 600 5573 bu;
620 5461 896 5575 igglmi
918 5463 1226 5516 collectione.
1249 5471 1302 5515 At
1324 5466 1373 5514 in
1392 5464 1665 5518 Colbertino
1681 5466 1865 5528 codice,
1891 5466 1940 5517 in
1959 5464 2096 5518 vesti-

595 5613 648 5667 α)
671 5613 827 5667 Forte,
851 5620 992 5657 nunc.

595 5621 627 5656 α
671 5613 827 5667 Forte,
851 5620 992 5657 nunc.

574 5607 648 5795 Ξὺξ
671 5669 787 5719 Vide
807 5683 953 5732 supra
975 5682 1250 5721 sermonem
1267 5672 1346 5730 90,
1371 5674 1492 5723 11.4.

597 5745 623 5780 c
668 5729 783 5782 vide
805 5743 949 5795 supra
969 5745 1247 5785 sermonem
1269 5733 1348 5795 90,
1374 5751 1421 5786 η.
1447 5737 1492 5795 5,

531 5801 535 5809 _
574 5729 646 5795 (c)
668 5729 783 5782 vide
805 5729 949 5796 supra
969 5745 1247 5785 sermonem
1269 5729 1348 5799 90,
1374 5751 1421 5786 η.
1447 5737 1493 5796 5,
1522 5749 1627 5798 sqq.

1766 304 1822 361 S.
1863 302 2226 364 AUGUSTlNl
2266 305 2566 365 EPISCOPI

3698 324 3800 383 εει

2217 426 2352 478 cmlo
2382 428 2569 492 oritur,
2597 426 2662 482 de
2691 426 2831 485 nube
2873 428 3060 500 pluvia:
3082 417 3442 501 descendunt,
3474 433 3646 492 fontes
3689 455 3799 494 ma-

2217 524 2364 578 nant,
2388 517 2500 586 agri
2526 511 2863 585 fruetilicant,
2887 513 3025 576 dona
3056 527 3175 577 s‘unt
3194 565 3209 588 ,
3243 525 3336 578 sed
3363 512 3512 580 bonis
3539 528 3798 600 malisque

2215 609 2538 663 communia.
2565 609 2828 667 lntrcmus
2852 612 2918 666 ad
2946 615 3188 682 nuptias;
3223 613 3352 670 foris
3375 617 3505 672 alios
3529 619 3798 691 relinqua-

2215 713 2355 786 mus,
2384 701 2472 769 qui
2502 717 2604 755 non
2633 712 2890 758 venerunt
2916 698 3106 786 vocati.
3131 696 3278 776 lpsos
3305 704 3574 779 convivas,
3608 706 3658 766 id
3689 718 3794 782 est,

2213 782 2544 876 Christianos
2570 795 2985 850 consideremus.
3014 782 3315 866 Baptismus
3336 799 3531 856 donum
3569 801 3662 859 Dei
3692 815 3796 873 est,

2215 875 2410 937 habent
2431 875 2579 939 illum
2609 886 2732 941 boni
2762 897 2813 942 ct
2852 889 2994 943 mali.
3027 889 3225 945 Altaris
3267 888 3609 950 Sacramenta
3640 889 3798 953 simul

2213 974 2478 1044 accipiunt
2503 975 2626 1032 boni
2668 986 2722 1034 et
2757 979 2902 1034 mali.
2943 973 3424 1053 PrtiplietavitSat'il
3473 971 3717 1059 iniquus,
3744 1001 3800 1048 et

2211 1065 2328 1121 viro
2369 1076 2554 1124 sancto
2576 1079 2734 1141 atque
2757 1072 3050 1150 justissimo
3092 1076 3345 1144 infestus;
3374 1063 3500 1134 dum
3522 1097 3642 1136 eum
3675 1099 3799 1152 per-

2211 1168 2524 1227 sequeretur
2554 1163 2888 1232 prophetavit
2915 1165 2959 1235 (l
2993 1166 3118 1237 Reg.
3151 1167 3286 1240 xix).
3314 1168 3579 1240 Numquid
3608 1156 3798 1229 dicun-

2211 1257 2298 1338 tu‘r
2317 1251 2537 1309 credere
2565 1256 2665 1341 soli
2694 1241 2861 1311 boni?
2886 1243 2951 1310 Et
2969 1248 3220 1314 (laniones
3252 1248 3494 1328 credunt,
3517 1272 3564 1317 et
3595 1268 3798 1319 contre-

2211 1336 2425 1398 miwunt
2447 1336 2647 1424 (Jacobi
2675 1364 2730 1417 ιι,
2759 1351 2874 1420 t9).
2907 1338 3042 1419 Quid
3071 1351 3244 1407 facio?
3272 1336 3490 1409 Excussi
3519 1357 3720 1422 omnia,
3745 1361 3800 1413 et

2209 1437 2275 1490 ad
2309 1446 2506 1492 vestem
2538 1439 2682 1493 illam
2717 1441 2951 1496 nondum
2982 1443 3219 1512 perveni.
3247 1429 3580 1500 lnvolucrum
3612 1463 3796 1504 meum

2209 1525 2485 1596 explicavi,
2505 1531 2680 1584 omnia
2695 1531 2780 1586 vel
2801 1537 2934 1601 pcn‘e
2947 1533 3125 1588 omnia
3141 1534 3492 1604 considerari,
3510 1537 3575 1591 ad
3591 1549 3798 1594 vestem

2209 1617 2354 1673 illam
2382 1620 2616 1676 nondum
2648 1623 2884 1692 perveni.
2903 1623 3140 1692 Quodam
3157 1626 3277 1682 loco
3296 1626 3492 1682 Paulus
3517 1631 3799 1700 apostolus

2207 1711 2382 1767 attulit
2408 1713 2538 1768 mihi
2561 1729 2808 1786 magnum
2845 1717 3175 1772 involucrum
3217 1733 3526 1789 magnarum
3567 1735 3795 1786 rerum;

2207 1805 2452 1873 exposuit
2494 1815 2617 1861 ante
2655 1822 2775 1874 me,
2805 1815 2859 1863 et
2892 1808 2998 1862 dixi
3029 1809 3099 1876 ei,
3131 1809 3364 1866 Ostende
3409 1811 3537 1865 mihi
3569 1812 3612 1866 si
3657 1815 3798 1869 forte

2209 1891 2297 1949 hic
2322 1895 2465 1951 illam
2495 1906 2695 1952 vestem
2727 1901 3014 1968 nuptialem
3040 1902 3306 1971 repetisti.
3341 1901 3516 1973 Cmpit
3543 1913 3800 1962 excutere

2209 1988 2436 2060 singula,
2461 1999 2515 2046 et
2541 1984 2720 2047 dicere
2745 2010 2757 2044 :
2789 1991 2850 2048 Si
2877 1992 3063 2065 linguis
3084 1995 3339 2048 hominum
3361 1991 3536 2066 loquar
3555 2005 3601 2050 et
3627 1998 3802 2066 Anges

2209 2079 2373 2134 lorum
2393 2123 2408 2148 ,
2431 2082 2477 2136 si
2507 2081 2715 2136 habeam
2756 2101 2951 2139 onmem
2987 2086 3276 2152 scientiam,
3303 2095 3349 2140 et
3383 2087 3727 2158 prophetiam,
3756 2099 3803 2142 et

2209 2187 2406 2225 omnem
2425 2173 2577 2242 [idem
2601 2216 2616 2240 ,
2641 2175 2713 2228 ita
2748 2184 2801 2228 ut
2829 2185 3020 2230 montes
3044 2181 3384 2249 transferam;
3405 2179 3450 2232 si
3495 2177 3802 2234 distribuere

2208 2260 2378 2316 omnia
2402 2273 2514 2317 mea
2537 2261 2837 2334 pauperibus
2857 2307 2873 2333 ,
2906 2275 2950 2320 et
2983 2265 3178 2320 tradam
3209 2283 3391 2337 corpus
3423 2283 3587 2322 meum
3623 2273 3678 2322 ul
3705 2288 3798 2323 ar-

2209 2354 2374 2409 deant.
2397 2349 2597 2427 Magnte
2619 2366 2797 2413 vestes
2832 2376 2845 2412 :
2874 2357 3106 2413 nondum
3136 2368 3309 2414 tamen
3347 2365 3428 2414 est
3468 2360 3555 2415 illa
3583 2363 3804 2431 nuptia-

2208 2442 2291 2501 lls.
2319 2446 2434 2529 Jant
2473 2448 2652 2519 proter
2696 2448 2848 2504 nobis
2891 2449 3180 2519 nuptialem
3226 2460 3448 2506 vestem.
3485 2447 3620 2518 Quid
3661 2467 3794 2519 nos,

2209 2539 2478 2618 Apostogle,
2504 2539 2822 2609 suspendis?
2845 2540 3127 2610 PrOpbctia
3149 2535 3282 2595 forte
3313 2541 3408 2596 Dei
3445 2541 3643 2596 donum
3684 2553 3798 2608 est,

2210 2629 2351 2701 quod
2380 2642 2486 2686 non
2506 2631 2703 2688 habent
2722 2633 2844 2688 boni
2887 2641 2940 2687 et
2973 2633 3120 2688 mali.
3144 2632 3206 2688 Si
3233 2634 3557 2700 charitatem,
3582 2635 3798 2706 inquit,

2209 2739 2309 2777 non
2339 2723 2568 2790 habeam,
2591 2724 2718 2778 nihil
2741 2741 2851 2778 sum
2871 2765 2886 2792 ,
2917 2724 3046 2778 nihil
3072 2725 3194 2778 mihi
3218 2725 3418 2795 prodest
3445 2726 3490 2795 (ι
3512 2725 3627 2781 Cor.
3657 2735 3764 2781 xm
3783 2769 3798 2793 ,

2211 2815 2340 2884 1-5).
2383 2816 2520 2871 Ecce
2552 2816 2712 2870 vestis
2752 2815 3033 2885 nuptialis:
3065 2814 3263 2872 induite
3295 2833 3391 2872 vos
3411 2859 3424 2882 ,
3453 2833 3485 2871 o
3507 2818 3796 2886 convivm,

2209 2914 2267 2960 ut
2291 2905 2839 2962 securidiscumbatis.
2862 2906 3036 2962 Nolite
3055 2905 3232 2962 dicere
3264 2925 3277 2962 :
3308 2907 3386 2962 Ad
3408 2908 3561 2963 istam
3579 2919 3799 2964 vestem

2210 2996 2506 3053 habendam
2565 3011 2820 3068 pauperes
2872 3011 3073 3052 sumus.
3144 2997 3364 3064 Vestite,
3393 3007 3447 3052 et
3496 2999 3804 3054 vcstimini.

2212 3089 2394 3145 lliems
2434 3098 2517 3144 est
2546 3107 2559 3143 :
2590 3093 2778 3144 vestite
2815 3089 2984 3143 nudos
3023 3105 3035 3141 :
3084 3087 3256 3144 nudus
3297 3094 3377 3144 est
3422 3087 3668 3144 ChriStus
3697 3107 3720 3154 ;
3751 3099 3807 3144 et

2209 3183 2526 3254 quicumque
2563 3197 2667 3235 non
2708 3177 2911 3236 habetis
2949 3191 3149 3236 vestem
3191 3181 3476 3251 nuptialem
3498 3223 3511 3244 ,
3544 3179 3700 3235 dabit
3736 3183 3806 3235 il-

2210 3272 2336 3328 lam.
2364 3273 2445 3328 Ad
2476 3273 2619 3327 illum
2649 3272 2880 3339 currite,
2909 3273 3080 3341 ipsum
3126 3279 3306 3342 rogate
3337 3289 3348 3325 :
3379 3272 3528 3326 novit
3549 3272 3802 3326 sanctifi-

2209 3382 2332 3423 care
2358 3366 2544 3421 ﬁdeles
2571 3381 2715 3433 suos,
2745 3365 2886 3420 novit
2908 3366 3104 3421 vestire
3141 3365 3312 3420 nudos
3337 3379 3480 3438 suos.
3532 3364 3597 3420 Ut
3624 3367 3807 3434 possi-

2212 3458 2281 3515 tis
2303 3463 2505 3515 vestem
2552 3457 2807 3514 habentes
2843 3456 3130 3528 nuptialem
3171 3472 3275 3512 non
3322 3457 3510 3512 timere
3539 3458 3803 3512 tenebras

2208 3551 2518 3614 exteriores,
2541 3547 2746 3603 vincula
2767 3546 3123 3604 membrorum
3145 3554 3199 3603 et
3219 3562 3469 3603 manuum
3490 3555 3542 3602 et
3567 3549 3802 3618 pedum;

2209 3661 2314 3701 non
2345 3638 2594 3700 deﬁciant
2612 3658 2792 3713 opera.
2818 3642 2873 3697 Si
2900 3641 3170 3708 deﬁciunt,
3198 3641 3368 3712 ligatis
3392 3637 3644 3696 manibus
3668 3641 3801 3711 quid

2207 3736 2440 3792 facturus
2469 3735 2582 3790 est?
2609 3734 2781 3803 ligatis
2812 3734 3033 3804 pedibus
3060 3749 3164 3804 qno
3190 3733 3454 3804 fugiturus
3484 3741 3566 3787 est
3585 3731 3613 3784 ?
3643 3733 3802 3788 Illam

2209 3827 2431 3883 teneatis
2458 3831 2659 3881 vestem
2679 3825 2984 3895 nuptialem,
3005 3825 3277 3880 induimini
3306 3825 3492 3894 ipsam,
3525 3832 3580 3879 et
3609 3825 3804 3879 securi

2206 3913 2540 3985 discumbite,
2563 3917 2773 3989 quando
2801 3917 2943 3972 venit
2986 3911 3265 3986 inspicere.
3305 3915 3428 3971 Dies
3449 3913 3639 3985 judicii
3668 3917 3805 3971 ade-

2204 4004 2309 4059 rit:
2339 4018 2587 4073 magnum
2624 4002 2850 4072 Spatium
2890 3999 3049 4057 modo
3078 3996 3327 4073 largitur,
3347 4001 3435 4072 qui
3469 4000 3649 4056 nudus
3677 4008 3804 4057 erat

2205 4095 2485 4169 aliquando
2509 4096 2781 4151 vestiatur.

2703 4185 2932 4243 SERMO
2953 4178 3110 4241 xcvi
3137 4189 3152 4208 ·
3185 4181 3282 4257 (α).

2205 4283 2282 4338 De
2306 4281 2462 4337 verbis
2483 4279 2742 4352 Evangelii
2765 4277 2946 4343 Marci,
2973 4295 3087 4348 cap.
3118 4293 3211 4332 vm
3234 4320 3246 4341 ,
3275 4277 3370 4344 54,
3405 4276 3458 4332 Si
3503 4277 3626 4346 quis
3679 4274 3805 4332 vult

2275 4386 2361 4430 me
2389 4368 2560 4445 sequi,
2584 4370 2806 4442 abneget
2825 4371 3164 4440 semetipsum
3183 4411 3196 4432 ,
3220 4379 3317 4423 etc.
3335 4410 3349 4432 ,
3385 4369 3542 4437 deque
3569 4368 3745 4421 verbis
3781 4367 3799 4419 1

2273 4466 2428 4521 Joan.
2466 4482 2521 4530 ll,
2552 4462 2636 4531 15,
2665 4463 2764 4533 Qui
2797 4461 2970 4533 diligit
3003 4459 3289 4526 mundum,
3317 4473 3424 4513 non
3454 4467 3536 4513 est
3567 4458 3806 4514 dilectio

2273 4560 2444 4619 Patris
2469 4555 2522 4616 in
2551 4577 2635 4616 eo.

2272 4649 2498 4710 CAPUT
2562 4645 2846 4707 PRIMUM.
2899 4679 2970 4690 —
3040 4648 3092 4704 1.
3141 4639 3398 4703 Charitate
3448 4639 3580 4713 ﬁunt
3658 4654 3810 4714 praf-

2202 4757 2346 4818 cepta
2373 4746 2518 4800 levia.
2564 4738 2765 4798 Durum
2807 4741 3020 4796 videtur
3057 4749 3111 4795 et
3143 4753 3303 4810 grave
3345 4735 3486 4807 quod
3523 4736 3807 4790 Dominus

2202 4839 2497 4908 imperavit,
2529 4835 2647 4891 utsi
2689 4833 2806 4905 quis
2832 4845 2951 4888 eum
2981 4831 3094 4886 vult
3132 4829 3310 4899 sequi,
3345 4827 3569 4898 abneget
3609 4840 3678 4882 se
3713 4827 3810 4896 ip-

2200 4945 2339 4985 sum.
2373 4924 2477 4983 Sed
2499 4942 2604 4982 non
2624 4935 2704 4980 est
2730 4920 2920 4980 durum
2949 4937 3045 4978 nec
3064 4931 3223 4992 grave
3248 4913 3389 4990 quod
3419 4917 3505 4972 ille
3531 4917 3811 4988 imperat,

2201 5022 2289 5094 qui
2310 5017 2522 5092 adjuvat
2547 5029 2605 5074 ut
2626 5017 2716 5072 liat
2741 5015 2878 5087 quod
2911 5015 3151 5085 imperat.
3180 5008 3311 5067 Nam
3338 5019 3392 5066 et
3433 5010 3562 5064 illud
3598 5021 3813 5064 verum

2200 5123 2282 5170 est
2305 5111 2445 5184 quod
2461 5111 2509 5168 ci
2539 5109 2731 5166 dicitur
2759 5110 2808 5164 in
2836 5107 3048 5163 PSalmo
3077 5123 3091 5160 :
3120 5102 3341 5172 Propter
3360 5101 3506 5157 verba
3532 5100 3818 5156 labiorum

2201 5216 2401 5263 tuorum
2427 5221 2516 5277 ego
2545 5203 2786 5258 custodivi
2814 5201 2918 5254 vias
2944 5205 3098 5252 duras
3124 5195 3293 5269 (Psal.
3319 5210 3432 5261 XVI,
3455 5192 3535 5256 4).
3563 5192 3638 5246 Ει
3664 5194 3816 5248 illud

2199 5315 2385 5356 verum
2411 5306 2496 5354 est
2519 5290 2658 5368 quod
2690 5295 2801 5364 ipse
2827 5292 2960 5347 dixit
2988 5285 3215 5362 :Jugum
3249 5304 3410 5341 meum
3451 5287 3561 5340 lene
3596 5295 3686 5339 est
3707 5328 3725 5351 ,
3765 5296 3819 5340 et

2199 5410 2325 5450 onus
2352 5408 2512 5447 nicum
2535 5391 2636 5446 leve
2657 5397 2730 5445 est
2755 5382 2967 5460 (Matth.
2990 5401 3066 5451 ιι,
3095 5379 3205 5456 30).
3228 5379 3491 5451 Quidquid
3519 5377 3676 5433 enim
3705 5379 3821 5434 du-

2197 5503 2316 5543 rum
2337 5494 2420 5541 est
2448 5485 2498 5539 in
2521 5483 2819 5555 prmccptis,
2845 5489 2904 5537 ut
2929 5481 2999 5535 sit
3022 5480 3160 5544 lene,
3187 5476 3418 5533 charitas
3446 5473 3590 5528 facit.
3621 5471 3822 5529 Novi-

2262 5619 2281 5637 ‘
2306 5622 2534 5666 Inventus
2571 5622 2648 5666 est
2685 5615 2733 5663 in
2776 5621 2858 5663 tus.
2898 5612 3041 5662 unico
3078 5623 3153 5676 gr.
3181 5610 3302 5663 etin
3327 5607 3468 5659 editis
3498 5604 3642 5656 litim.
3693 5614 3819 5658 rat.

2201 5689 2337 5803 mhi)
2361 5739 2481 5790 Alias
2501 5738 2564 5789 de
2587 5737 2796 5788 Diversis
2818 5737 2888 5788 47.
