4126 6322
332 308 440 367 585

336 432 455 477 mus
480 422 677 488 quanta
704 414 818 484 ipse
847 424 997 467 amor
1035 406 1211 465 faciat.
1251 404 1572 473 Plerumque
1599 401 1757 457 etiam
1804 399 1917 469 ipse

336 527 488 567 amor
522 508 784 582 reprobus
822 514 982 575 atque
1016 503 1244 560 lascivus
1280 508 1364 557 est
1393 516 1405 553 :
1444 504 1639 569 quanta
1680 493 1923 549 homines

337 603 466 659 dura
502 598 743 671 perpessi
790 606 948 663 sunt,
978 602 1175 666 quanta
1218 592 1434 664 indigna
1474 598 1529 645 et
1570 584 1923 644 intolerabilia

338 695 707 767 pertulerunt,
737 699 797 747 ut
823 688 1168 761 pervenirent
1194 684 1263 742 ad
1301 684 1355 741 id
1391 681 1534 755 quod
1576 686 1921 741 amaverunt;

338 790 449 845 sive
471 788 540 843 sit
566 794 773 841 amator
800 779 1061 854 pecuniae,
1092 780 1185 850 qui
1220 786 1436 834 vocatur
1463 789 1656 831 avarus
1680 790 1695 839 ;
1723 772 1834 827 sive
1858 769 1928 825 sit

338 877 559 935 honoris
584 884 812 943 amator,
843 873 930 944 qui
961 879 1182 928 vocatur
1210 868 1557 931 ambitiosus;
1585 863 1698 920 sive
1717 862 1786 917 sit
1808 874 1929 916 cor-

340 984 528 1042 porum
553 967 901 1040 pulchrorum
922 972 1128 1020 amator
1152 1004 1168 1029 ,
1198 961 1290 1033 qui
1323 968 1544 1016 vocatur
1569 955 1835 1013 lascivus?
1861 953 1931 1008 Et

339 1061 459 1132 quis
498 1067 681 1131 posset
718 1069 1036 1114 enumerare
1074 1066 1262 1110 omnes
1301 1048 1553 1106 amores?
1585 1045 1930 1104 Considerate

343 1162 543 1217 tamen,
572 1158 829 1223 quantum
863 1147 1109 1204 laborent
1131 1159 1319 1202 omnes
1348 1150 1616 1197 amatores
1636 1180 1653 1208 ,
1687 1153 1787 1194 nec
1809 1152 1930 1194 sen-

342 1242 480 1298 tiunt
515 1240 661 1313 quod
691 1239 972 1295 laborant:
1001 1246 1057 1293 et
1101 1246 1227 1291 tunc
1265 1233 1332 1290 ab
1373 1233 1452 1289 eis
1480 1232 1602 1302 plus
1637 1229 1929 1295 laboratur,

343 1332 559 1405 quando
577 1347 607 1387 a
637 1331 821 1388 labore
858 1330 1084 1401 quisque
1118 1327 1451 1400 prohibetur.
1483 1323 1615 1381 Cum
1642 1338 1773 1394 ergo
1801 1321 1935 1377 tales

342 1425 447 1481 sint
475 1424 722 1480 homines
756 1420 1175 1493 plures,quales
1220 1427 1344 1475 sunt
1392 1432 1637 1484 amores,
1691 1414 1935 1485 nihilque

347 1516 492 1573 aliud
539 1530 682 1572 cura:
725 1529 846 1571 esse
889 1513 1083 1569 debeat
1125 1512 1390 1582 quomodo
1439 1510 1668 1574 vivatur,
1725 1507 1828 1562 nisi
1878 1516 1938 1598 ut

346 1608 489 1680 quod
518 1606 807 1664 amandum
831 1614 915 1662 est
938 1606 1197 1677 eligatur;
1228 1603 1355 1676 quid
1382 1602 1591 1658 miraris
1611 1643 1626 1670 ,
1653 1601 1698 1657 si
1726 1600 1818 1655 ille
1845 1602 1936 1668 qul

348 1700 519 1771 diligit
546 1698 839 1763 Christum,
862 1705 916 1753 et
943 1697 1031 1767 qui
1057 1696 1171 1752 vult
1199 1694 1350 1766 sequi
1377 1693 1646 1749 Christum
1665 1732 1679 1757 ,
1711 1689 1940 1746 amando

348 1800 508 1863 negat
529 1807 590 1847 se
619 1791 834 1861 ipsum?
864 1791 921 1847 Si
949 1790 1092 1845 enim
1115 1789 1252 1860 perit
1277 1788 1439 1844 homo
1466 1786 1694 1842 amando
1713 1801 1794 1854 se,
1819 1800 1942 1855 pro-

348 1882 488 1939 fecto
515 1882 790 1937 invenitur
814 1880 1058 1952 negando
1085 1896 1164 1937 se.

420 1974 646 2032 CAPUT
675 1973 739 2029 ll.
767 2003 840 2016 —
865 1974 920 2028 2.
948 1973 1104 2029 Amor
1127 1974 1238 2039 sui,
1271 1973 1434 2044 prima
1461 1971 1676 2026 hominis
1706 1970 1938 2041 perditio.

351 2066 529 2123 Prima
581 2065 812 2122 hominis
840 2064 1069 2136 perditio
1091 2106 1108 2133 ,
1139 2063 1235 2119 fuit
1282 2078 1433 2117 amor
1456 2062 1560 2119 sui.
1591 2062 1647 2118 Si
1695 2062 1837 2117 enim
1886 2076 1945 2117 se

352 2171 461 2212 non
484 2163 706 2222 amaret,
733 2164 789 2211 et
812 2156 978 2211 Deum
1007 2155 1107 2210 sibi
1135 2163 1487 2225 praeponeret,
1519 2154 1629 2209 Deo
1655 2167 1775 2210 esse
1799 2168 1945 2208 scm-

353 2267 451 2323 per
478 2251 721 2307 subditus
746 2252 905 2309 vellet
937 2268 951 2306 :
984 2266 1091 2307 non
1120 2258 1295 2305 autem
1322 2258 1720 2306 converteretur
1744 2248 1811 2304 ad
1846 2264 1946 2304 ne-

353 2344 654 2416 gligendam
680 2344 1009 2401 voluntatem
1038 2343 1198 2412 illius,
1225 2351 1282 2399 et
1303 2342 1595 2398 faciendam
1621 2342 1947 2398 voluntatem

357 2452 528 2492 suam.
561 2437 676 2493 Hoc
694 2444 777 2493 est
798 2437 941 2493 enim
959 2452 1139 2491 amare
1159 2451 1239 2504 se,
1259 2435 1398 2492 velle
1425 2436 1599 2491 facere
1624 2437 1948 2492 voluntatem

357 2544 529 2584 suam.
559 2529 817 2598 Prmpone
846 2529 928 2584 his
955 2529 1283 2585 voluntatem
1312 2527 1407 2583 Dei
1442 2545 1455 2582 :
1488 2527 1637 2584 disce
1665 2543 1844 2583 amare
1872 2537 1947 2596 te,

360 2636 467 2675 non
497 2619 725 2675 amando
748 2629 821 2676 te.
844 2619 976 2675 Nam
1007 2628 1063 2674 ut
1090 2619 1272 2675 sciatis
1300 2619 1487 2674 vitium
1510 2633 1631 2674 esse
1659 2633 1720 2675 se
1746 2634 1948 2688 amare,

361 2712 441 2767 sic
461 2711 747 2781 Apostolus
766 2711 894 2768 dicit
915 2727 928 2765 :
960 2710 1127 2767 Erunt
1146 2712 1279 2766 enim
1300 2712 1524 2768 homines
1543 2729 1598 2768 se
1620 2712 1757 2785 ipsos
1776 2730 1953 2768 aman-

365 2818 457 2861 tes.
492 2805 561 2860 Et
602 2806 857 2876 numquid
899 2805 990 2877 qui
1029 2814 1172 2860 amat
1200 2820 1297 2873 se,
1340 2804 1456 2861 fidit
1487 2807 1504 2838 ¹
1538 2805 1592 2860 in
1629 2806 1726 2861 se?
1766 2805 1955 2877 Incipit

364 2897 509 2952 enim
536 2896 749 2954 deserto
777 2898 888 2954 Deo
925 2912 1106 2954 amare
1142 2912 1202 2953 se
1225 2939 1239 2963 ,
1271 2905 1326 2954 et
1349 2897 1417 2953 ad
1445 2912 1507 2953 ea
1545 2897 1811 2969 diligenda
1836 2914 1955 2969 quae

365 2996 491 3043 sunt
527 2997 679 3044 extra
716 3003 795 3058 se,
836 2989 1051 3059 pellitur
1088 3004 1119 3045 a
1166 3004 1225 3045 se
1276 3008 1290 3044 :
1336 3005 1504 3061 usque
1543 2990 1678 3047 adeo
1724 3001 1783 3047 ut
1834 3006 1955 3048 cum

365 3079 587 3135 dixisset
612 3079 752 3135 idem
776 3080 1082 3150 Apostolus,
1119 3080 1286 3136 Erunt
1311 3083 1537 3139 homines
1561 3084 1751 3152 seipsos
1779 3102 1959 3140 aman-

368 3178 462 3235 tes,
474 3169 726 3225 continuo
738 3170 1044 3239 subjiceret,
1058 3180 1309 3227 amatores
1321 3174 1547 3243 pecunia:
1559 3172 1624 3243 (Il
1640 3173 1770 3229 Tim.
1784 3191 1859 3240 ut,
1873 3175 1931 3249 2)
1942 3220 1955 3233 .

367 3258 487 3314 Jam
501 3259 651 3315 vides
665 3261 788 3331 quia
813 3259 940 3316 foris
967 3275 1045 3318 es.
1076 3263 1273 3318 Amare
1296 3271 1347 3319 te
1375 3264 1582 3334 coepisti
1602 3283 1616 3321 :
1634 3275 1713 3320 sta
1740 3266 1791 3321 in
1811 3277 1881 3335 te,
1913 3269 1961 3325 si

370 3361 541 3421 potes.
570 3350 705 3420 Quid
722 3352 767 3408 is
791 3351 975 3408 foras?
994 3353 1257 3425 Numquid
1278 3356 1498 3425 pecunia
1514 3357 1665 3413 dives
1684 3357 1855 3415 factus
1880 3376 1959 3429 es,

370 3454 577 3497 amator
602 3444 878 3513 pecuniae?
906 3442 1127 3515 Coepisti
1154 3445 1373 3517 diligere
1414 3448 1557 3518 quod
1595 3459 1677 3505 est
1714 3460 1863 3506 extra
1889 3461 1960 3519 te,

370 3536 646 3605 perdidisti
675 3545 745 3593 te.
775 3535 907 3593 Cum
941 3553 1072 3609 ergo
1106 3539 1281 3610 pergit
1311 3554 1462 3596 amor
1490 3541 1722 3597 hominis
1747 3543 1906 3599 etiam
1932 3560 1963 3600 a

370 3641 437 3683 se
464 3627 579 3698 ipso
607 3627 674 3683 ad
701 3643 764 3684 ea
789 3644 908 3700 quae
934 3628 1064 3686 foris
1100 3640 1260 3698 sunt,
1292 3630 1480 3701 incipit
1512 3647 1634 3688 cum
1661 3635 1813 3691 vanis
1841 3651 1966 3692 eva-

373 3733 616 3785 nescere,
636 3728 690 3775 et
708 3722 849 3776 vires
870 3735 994 3777 suas
1012 3721 1243 3792 quodam
1265 3722 1426 3778 modo
1448 3723 1699 3795 prodigus
1720 3742 1961 3797 erogare.

372 3809 711 3879 Exinanitur,
738 3811 1044 3880 eﬂ'unditur,
1072 3812 1225 3883 inops
1254 3813 1515 3881 redditur,
1541 3831 1733 3886 porcos
1752 3820 1922 3888 pascit
1948 3836 1962 3873 :

374 3910 433 3957 et
466 3901 716 3957 laborans
753 3905 807 3958 in
846 3904 1086 3976 pastione
1128 3920 1447 3975 porcorum,
1474 3907 1759 3979 aliquando
1788 3926 1968 3967 recor-

373 3991 533 4047 datur
572 4001 629 4048 ct
673 3993 821 4060 dicit,
868 3993 1059 4060 Quanti
1107 3997 1401 4051 mercenarii
1446 4001 1604 4068 patris
1646 4000 1744 4055 mei
1785 4019 1967 4072 panem

373 4084 707 4153 manducant,
730 4094 776 4140 et
797 4103 888 4158 ego
914 4091 1047 4158 fame
1070 4088 1154 4143 hic
1181 4090 1370 4160 pereo?
1398 4089 1503 4147 Sed
1530 4091 1631 4148 hoc
1655 4094 1869 4164 quando
1890 4095 1970 4151 di-

376 4176 472 4244 cit,
498 4176 626 4246 quid
646 4188 919 4233 narratum
945 4179 1119 4235 estde
1148 4179 1264 4251 ipso
1288 4181 1417 4247 tilio,
1453 4183 1545 4254 qui
1581 4184 1760 4240 omnia
1783 4185 1969 4242 eli‘udit

376 4266 435 4321 in
461 4267 833 4325 meretricibus
855 4310 871 4337 ,
905 4271 996 4340 qui
1023 4269 1221 4327 habere
1259 4271 1429 4328 voluit
1460 4272 1515 4328 in
1559 4283 1821 4344 potestate
1850 4293 1968 4347 qua:

375 4361 516 4417 bene
540 4360 618 4415 illi
642 4361 782 4432 apud
809 4371 1013 4433 patrem
1040 4364 1420 4432 servabantur;
1452 4365 1651 4423 habere
1683 4368 1774 4423 illa
1800 4368 1969 4426 voluit

374 4451 437 4508 in
450 4452 670 4509 arbitrio
687 4468 807 4522 suo,
819 4453 1002 4510 eﬁ‘udit
1023 4470 1107 4522 ea,
1129 4455 1299 4513 factus
1321 4466 1404 4513 est
1425 4458 1615 4529 inops?
1632 4460 1757 4530 quid
1783 4461 1851 4518 de
1876 4462 1969 4519 illo

375 4545 613 4603 dicitur?
638 4545 705 4601 Et
731 4563 954 4603 reuersus
981 4548 1050 4603 ad
1073 4549 1409 4621 semetipsum.
1438 4550 1494 4608 Si
1523 4567 1770 4609 reversus
1793 4564 1873 4611 est
1902 4555 1969 4611 ad

377 4652 461 4703 se,
491 4639 695 4694 exierat
721 4654 753 4695 a
781 4654 858 4695 se.
888 4641 1020 4710 Quia
1046 4642 1311 4699 ceciderat
1333 4659 1364 4699 a
1390 4658 1483 4712 se,
1512 4654 1566 4701 et
1592 4645 1803 4703 exierat
1827 4663 1857 4703 a
1886 4664 1967 4719 se,

377 4729 518 4785 redit
537 4731 685 4801 prius
704 4730 771 4786 ad
792 4746 873 4798 se,
900 4742 957 4787 ut
982 4732 1165 4789 redeat
1189 4735 1241 4789 in
1269 4735 1359 4791 illo
1380 4736 1520 4792 unde
1539 4738 1806 4795 ceciderat
1832 4756 1862 4794 a
1888 4755 1965 4798 se.

379 4820 529 4877 Sicut
556 4823 701 4877 enim
743 4822 984 4879 cadendo
1020 4840 1051 4878 a
1081 4841 1174 4891 se,
1210 4826 1464 4883 remansit
1492 4828 1545 4883 in
1583 4844 1642 4885 se
1675 4848 1687 4884 :
1732 4831 1811 4886 sic
1845 4831 1970 4888 red-

365 4912 557 4969 eundo
599 4911 669 4967 ad
706 4927 786 4977 se,
830 4927 937 4968 non
966 4914 1125 4970 debet
1164 4931 1441 4973 remanere
1478 4918 1532 4973 in
1559 4933 1638 4987 se,
1673 4936 1739 4976 ne
1777 4921 1969 4978 iterum

379 5015 536 5061 exeat
572 5020 603 5057 a
632 5020 710 5061 se.
738 5005 1005 5062 Reversus
1033 5006 1100 5062 ad
1134 5008 1476 5079 semetipsum
1503 5053 1517 5078 ,
1556 5021 1613 5067 ut
1654 5029 1759 5067 non
1798 5030 1970 5070 rema-

382 5102 535 5151 neret
559 5096 613 5150 in
640 5098 945 5167 semetipso,
978 5099 1103 5167 quid
1137 5099 1301 5155 dixit?
1333 5102 1574 5174 Surgam,
1602 5114 1648 5159 et
1672 5105 1753 5159 ibo
1778 5107 1847 5160 ad
1873 5124 1969 5177 pa-

384 5195 507 5240 trem
532 5203 697 5240 meum
727 5187 878 5261 (Luc.
914 5205 983 5244 xv
1007 5232 1021 5258 ,
1058 5191 1267 5264 12-18).
1302 5193 1438 5248 Ecce
1464 5196 1606 5252 unde
1642 5198 1903 5254 ceciderat
1940 5216 1971 5255 a

380 5294 471 5345 se,
500 5279 767 5334 ceciderat
790 5296 822 5334 a
849 5291 1000 5350 patre
1030 5298 1127 5337 suo
1160 5302 1172 5336 :
1205 5285 1470 5340 ceciderat
1494 5302 1523 5341 a
1552 5303 1639 5353 se,
1672 5289 1737 5344 ad
1766 5305 1826 5344 ea
1855 5306 1971 5360 quae

382 5371 511 5425 foris
535 5380 661 5426 sunt
681 5374 811 5427 exiit
836 5388 867 5428 a
892 5388 971 5429 se.
997 5374 1154 5430 Redit
1179 5376 1246 5431 ad
1271 5392 1349 5445 se,
1380 5388 1433 5432 et
1459 5380 1627 5450 pergit
1651 5380 1719 5435 ad
1746 5393 1967 5450 patrem,

383 5461 476 5516 ubi
501 5463 768 5517 tutissime
800 5472 975 5519 servet
1002 5480 1080 5521 se.
1108 5465 1165 5522 Si
1193 5482 1321 5537 ergo
1347 5470 1549 5525 exierat
1573 5486 1601 5526 a
1628 5487 1707 5537 se,
1738 5482 1791 5528 et
1811 5489 1839 5527 a
1865 5489 1970 5545 quo

378 5554 620 5621 exierat;
650 5553 923 5610 redeundo
947 5556 1015 5611 ad
1039 5572 1117 5624 se,
1147 5567 1205 5613 ut
1228 5568 1314 5614 eat
1339 5560 1407 5617 ad
1439 5572 1663 5631 patrem,
1708 5575 1866 5637 neget
1889 5582 1967 5624 se.

446 5688 831 5770 fGermanensis
876 5697 1018 5742 vetus
1056 5692 1211 5743 codex
1234 5730 1249 5757 ,
1286 5692 1463 5760 ﬁditat.
1510 5705 1650 5754 Forte
1693 5716 1811 5767 pro,
1863 5704 1971 5770 ﬁgi-

378 5754 478 5801 m.
620 5831 846 5902 Sacr.
883 5836 1163 5903 Auens-1'.
1212 5840 1289 5907 V.

1770 283 1996 344 SERMO
2032 282 2213 344 XCVI.

3510 286 3614 344 586

2025 394 2163 463 Quid
2192 403 2301 463 est,
2335 406 2492 469 neget
2514 396 2612 454 se?
2642 395 2760 453 Non
2789 407 3074 469 praesumat
3109 393 3178 456 de
3202 413 3262 456 se
3284 439 3301 468 ,
3331 400 3525 457 sentiat
3554 417 3615 459 se

2027 485 2319 558 hominem,
2343 498 2397 544 et
2416 490 2660 559 respiciat
2678 490 2879 546 dictum
2897 490 3293 562 propheticum:
3313 491 3614 548 Maledictus

2028 579 2191 635 omnis
2212 582 2294 652 qui
2318 597 2457 651 spem
2482 598 2626 635 suam
2656 583 2795 652 ponit
2818 584 2870 636 in
2898 583 3097 639 homine
3124 583 3338 655 (Jerem.
3366 601 3476 640 xvn
3493 628 3509 653 ,
3536 585 3614 657 5).

2030 671 2300 729 Subducat
2327 688 2385 729 sc
2413 673 2534 740 sibi,
2567 673 2660 729 sed
2690 690 2794 730 non
2822 674 3072 731 deorsum
3100 691 3308 732 versus.
3340 676 3615 733 Subducat

2030 777 2089 819 se
2114 762 2235 829 sibi,
2258 772 2317 817 ut
2342 762 2541 819 hmreat
2578 765 2708 821 Deo.
2747 766 3011 837 Quidquid
3039 767 3162 822 boni
3191 767 3387 834 habet,
3416 769 3490 824 illi
3522 771 3618 825 tri-

2030 854 2160 911 buat
2185 870 2215 910 a
2239 871 2344 926 quo
2370 856 2537 911 factus
2562 866 2643 912 est
2678 874 2692 911 :
2724 857 2976 928 quidquid
3002 859 3127 914 mali
3157 859 3315 916 habet
3338 902 3353 927 ,
3376 860 3491 932 ipse
3516 861 3620 918 sibi

2031 946 2175 1004 fecit.
2205 949 2346 1004 Deus
2368 948 2511 1020 quod
2539 948 2593 1003 in
2618 949 2709 1004 illo
2738 950 2935 1005 malum
2961 960 3075 1018 est,
3106 966 3213 1006 non
3236 952 3361 1008 fecit
3390 970 3403 1007 :
3433 955 3621 1023 perdat

2034 1040 2175 1112 quod
2201 1040 2345 1108 fecit,
2359 1042 2447 1113 qui
2468 1041 2591 1097 inde
2610 1040 2824 1097 defecit.
2849 1043 3089 1115 Abneget,
3108 1045 3294 1116 inquit,
3316 1062 3389 1113 se,
3404 1056 3451 1100 et
3476 1046 3623 1101 tollat

2035 1148 2234 1187 crucem
2257 1150 2421 1199 suam,
2451 1142 2497 1188 et
2522 1143 2758 1202 sequatur
2783 1151 2882 1190 me.

2108 1224 2331 1281 CAPUT
2361 1224 2450 1279 Ill.
2475 1256 2547 1266 —
2573 1228 2625 1283 5.
2653 1227 2765 1295 Quo
2784 1228 3059 1298 sequendus
3082 1229 3310 1287 Christus
3328 1240 3375 1288 et
3398 1249 3498 1303 qua
3519 1235 3620 1289 via.

2038 1317 2154 1387 Quo
2203 1319 2503 1390 sequendus
2553 1331 2636 1377 est
2673 1321 2962 1376 Dominus?
3021 1322 3138 1392 Quo
3191 1325 3286 1392 iit,
3332 1326 3621 1382 novimus:

2039 1410 2280 1466 eamdem
2308 1410 2700 1468 solemnitatem
2726 1422 2849 1468 ante
2874 1413 2987 1469 dies
3013 1416 3363 1485 paucissimos
3387 1418 3627 1475 celebra-

2040 1505 2234 1560 vimus.
2267 1504 2578 1561 itesurrexit
2604 1507 2777 1573 enim,
2826 1515 2881 1562 et
2908 1508 3146 1564 ascendit
3178 1509 3230 1564 in
3269 1510 3503 1566 caelum:
3536 1512 3629 1567 illo

2043 1599 2341 1670 sequendus
2368 1608 2468 1656 est.
2498 1599 2661 1655 Plane
2687 1599 3078 1671 deSperandum
3101 1618 3208 1659 non
3238 1613 3339 1673 est,
3366 1604 3487 1675 quia
3515 1604 3629 1675 ipse

2044 1693 2305 1763 promisit,
2329 1709 2434 1748 non
2456 1694 2577 1764 quia
2604 1693 2764 1749 homo
2784 1695 2981 1766 aliquid
3000 1705 3192 1765 potest.
3219 1695 3399 1767 Longe
3419 1712 3449 1750 a
3473 1696 3630 1752 nobis

2044 1796 2159 1840 erat
2183 1785 2377 1842 coelum
2403 1794 2685 1857 antequam
2714 1797 2872 1858 caput
2897 1798 3140 1844 nostrum
3166 1789 3316 1846 iisset
3335 1791 3391 1845 in
3409 1790 3629 1847 cmlum.

2044 1876 2160 1933 Jam
2187 1893 2351 1947 quare
2375 1877 2721 1947 deSperemus
2746 1920 2760 1945 ,
2791 1879 2837 1934 si
2866 1881 3107 1936 membra
3149 1880 3291 1937 illius
3313 1882 3502 1952 capitis
3538 1898 3632 1937 su-

2046 1970 2198 2025 mus?
2228 1969 2322 2023 Illo
2346 1985 2475 2039 ergo
2501 1970 2803 2041 sequendus
2823 1980 2923 2026 est.
2947 1972 3015 2027 Et
3033 1972 3152 2041 quis
3176 1973 3310 2029 nolit
3334 1989 3455 2030 eum
3481 1974 3633 2044 sequi

2046 2059 2114 2115 ad
2153 2060 2312 2116 talem
2343 2060 2563 2116 sedem?
2591 2061 2818 2119 Maxime
2856 2063 2978 2134 quia
3017 2064 3240 2119 multum
3269 2064 3545 2121 timoribus
3581 2075 3636 2120 ct

2048 2152 2321 2210 doloribus
2341 2153 2607 2210 laboratur
2631 2157 2684 2210 in
2719 2165 2880 2211 terra.
2920 2156 3049 2224 Quis
3065 2158 3194 2213 nolit
3211 2157 3301 2214 illo
3315 2158 3463 2230 sequi
3484 2158 3640 2215 Chri-

2049 2254 2213 2313 stum,
2241 2247 2329 2302 ubi
2358 2263 2566 2303 summa
2603 2256 2687 2305 est
2710 2249 2953 2319 felicitas,
2985 2266 3191 2308 summa
3226 2269 3352 2325 pax,
3386 2263 3637 2324 perpetua

2050 2339 2341 2395 securitas?
2363 2340 2567 2395 Bonum
2581 2349 2664 2396 est
2684 2340 2776 2396 illo
2796 2356 2915 2397 eum
2930 2342 3078 2414 sequi
3101 2361 3113 2396 :
3138 2343 3234 2399 sed
3258 2344 3541 2400 videndum
3559 2355 3641 2400 est

2051 2444 2176 2500 qua.
2206 2430 2417 2485 Etenim
2446 2431 2607 2487 verba
2632 2432 2731 2487 ista
2754 2433 3008 2488 Dominus
3027 2432 3181 2490 Jesus
3207 2450 3315 2490 non
3344 2446 3467 2491 tunc
3492 2437 3639 2492 dice—

2051 2520 2162 2588 bat,
2191 2520 2400 2590 quando
2424 2536 2455 2576 a
2482 2523 2705 2577 mortuis
2721 2523 2830 2593 jam
2853 2534 3231 2580 resurrexerat.
3257 2525 3503 2582 Nondum
3526 2535 3643 2582 erat

2054 2627 2263 2684 passus,
2286 2622 2539 2670 venturus
2564 2615 2758 2671 eratad
2775 2632 3008 2683 crucem,
3037 2626 3291 2693 venturus
3318 2618 3385 2674 ad
3404 2619 3644 2675 exhono-

2055 2706 2338 2773 rationem,
2360 2706 2429 2762 ad
2456 2708 2833 2778 contumelias,
2866 2710 2931 2765 ad
2962 2710 3165 2782 ﬂagella
3185 2753 3202 2781 ,
3240 2712 3306 2768 ad
3332 2714 3511 2784 Spinas
3533 2756 3549 2782 ,
3577 2714 3644 2770 ad

2056 2797 2273 2853 vulnera
2299 2838 2313 2864 ,
2336 2797 2404 2853 ad
2433 2798 2799 2855 insultationes
2822 2841 2837 2867 ,
2862 2802 3145 2872 cpprobria
3168 2842 3185 2870 ,
3212 2811 3461 2860 mortem.
3483 2805 3644 2874 Quasi

2058 2898 2367 2959 exasperata
2387 2898 2469 2945 est
2487 2890 2569 2946 via
2599 2909 2611 2945 :
2637 2892 2843 2962 pigrum
2867 2900 2921 2948 te
2950 2892 3108 2950 facit:
3135 2910 3241 2951 non
3262 2896 3341 2952 vis
3352 2897 3523 2967 sequi.
3546 2897 3646 2954 Sc-

2060 2996 2245 3052 qnere.
2270 2984 2586 3053 Asperatum
2615 2994 2697 3041 est
2715 2986 2854 3056 quod
2883 2986 2983 3043 sibi
3019 2986 3180 3044 homo
3206 2988 3333 3045 fecit
3354 3031 3371 3058 ,
3396 2990 3491 3047 sed
3516 3007 3646 3047 con-

2062 3074 2242 3130 tritum
2268 3084 2351 3131 est
2377 3076 2518 3146 quod
2541 3076 2782 3134 Christus
2806 3078 3077 3136 redeundo
3104 3081 3348 3137 calcavit.
3370 3082 3501 3138 Nam
3528 3086 3649 3154 quis

2062 3180 2168 3221 non
2200 3166 2328 3222 velit
2364 3168 2443 3224 ire
2474 3167 2543 3223 ad
2571 3168 2986 3247 exultationem?
3010 3171 3210 3229 Omnes
3235 3174 3466 3231 delectat
3488 3177 3649 3233 celsi-

2063 3258 2234 3314 tudo:
2266 3259 2360 3314 sed
2404 3258 2671 3317 humilitas
2710 3262 2906 3334 gradus
2944 3273 3043 3320 est.
3089 3265 3225 3335 Quid
3262 3267 3434 3323 tendis
3463 3270 3650 3339 pedem

2066 3349 2202 3405 ultra
2228 3351 2312 3405 te?
2332 3349 2537 3408 Cadere
2554 3352 2657 3419 vis,
2675 3368 2783 3410 non
2821 3355 3131 3412 ascendere.
3144 3357 3189 3411 A
3203 3357 3370 3429 gradu
3390 3360 3581 3432 incipe,
3599 3371 3654 3418 et

2017 3493 2024 3502 .
2065 3443 2370 3499 ascendisti.
2411 3445 2574 3502 istum
2601 3447 2822 3517 gradum
2851 3447 3164 3505 humilitatis
3201 3452 3451 3510 nolebant
3481 3465 3653 3512 atten-

2067 3533 2195 3589 dere
2216 3534 2321 3589 duo
2349 3535 2424 3589 illi
2455 3535 2720 3606 discipuli,
2747 3538 2836 3609 qui
2864 3539 3111 3597 dicebant
3142 3558 3155 3596 :
3195 3541 3430 3611 Domine,
3449 3547 3576 3617 jube
3598 3556 3655 3603 ut

2067 3640 2197 3678 unus
2222 3634 2448 3679 nostrum
2473 3626 2528 3680 in
2553 3642 2706 3699 regna
2731 3637 2816 3683 tuo
2843 3630 3009 3684 sedeat
3037 3631 3104 3685 ad
3127 3632 3383 3688 dexteram
3408 3644 3575 3702 tuam,
3607 3647 3654 3692 et

2068 3717 2199 3772 alius
2226 3717 2295 3771 ad
2316 3718 2571 3773 sinistram
2591 3730 2745 3775 tuam.
2772 3721 3161 3781 Sublimitatem
3184 3726 3510 3796 quaerebant,
3533 3744 3654 3799 gra-

2068 3814 2195 3869 dum
2224 3830 2328 3870 non
2358 3815 2626 3871 videbant.
2662 3817 2915 3873 Dominus
2950 3828 3126 3876 autem
3154 3820 3384 3877 ostendit
3410 3822 3651 3893 gradum.

2070 3907 2207 3975 Quid
2230 3909 2373 3965 enim
2399 3909 2714 3979 respondit?
2740 3909 2959 3967 Potestis
2982 3912 3146 3968 bibere
3165 3914 3370 3970 calicem
3394 3931 3541 3986 quem
3565 3933 3652 3988 ego

2072 4000 2313 4057 bibiturus
2338 4018 2452 4057 sum
2471 4001 2662 4073 (Marc.
2691 4018 2726 4056 x
2748 4044 2765 4071 ,
2796 4003 3022 4076 57-38)?
3058 4004 3158 4073 Qui
3193 4006 3429 4077 quaeritis
3451 4006 3655 4077 apicem

2071 4097 2429 4164 sublimitatis,
2456 4099 2678 4169 potestis
2706 4098 2889 4155 bibere
2914 4099 3135 4156 calicem
3155 4100 3509 4157 humilitatis?
3533 4101 3659 4159 ideo

2072 4207 2179 4248 non
2207 4202 2495 4263 utcumque
2532 4192 2643 4261 ait,
2672 4192 2891 4264 Abneget
2917 4193 3135 4265 seipsum
3152 4235 3167 4260 ,
3210 4204 3257 4249 et
3282 4203 3519 4266 sequatur
3546 4211 3624 4249 me
3640 4212 3659 4260 ;

2072 4283 2167 4340 sed
2191 4282 2410 4349 addidit,
2434 4283 2605 4339 Tollat
2630 4301 2826 4339 crucem
2847 4302 3014 4353 suam,
3039 4296 3089 4341 et
3109 4297 3345 4357 sequatur
3362 4304 3461 4343 me.

2143 4375 2368 4434 CAPUT
2412 4375 2500 4433 ιγ.
2547 4407 2618 4418 -
2655 4389 2708 4433 4.
2751 4377 2987 4435 Ferenda
3010 4395 3139 4435 crux
3180 4390 3227 4435 et
3270 4382 3661 4437 contemnendus

2075 4470 2312 4525 mundus.
2357 4470 2493 4538 Quid
2538 4479 2638 4534 est,
2666 4469 2834 4525 Tollat
2876 4488 3076 4527 crucem
3118 4475 3305 4529 suam?
3329 4473 3661 4544 Feratquid-

2074 4563 2199 4634 quid
2225 4563 2505 4620 molestum
2547 4572 2663 4620 est:
2693 4564 2770 4620 sic
2806 4580 2893 4620 me
2918 4574 3190 4637 sequatur.
3221 4565 3353 4623 Cum
3381 4566 3522 4622 enim
3545 4581 3658 4623 ca:-

2074 4656 2213 4725 perit
2235 4669 2323 4711 me
2349 4654 2586 4711 moribus
2609 4664 2664 4711 et
2684 4655 2961 4726 praeceptis
2980 4657 3116 4713 meis
3144 4658 3314 4728 sequi,
3345 4657 3540 4713 multos
3560 4656 3659 4711 ha-

2074 4747 2221 4804 bebit
2271 4748 2686 4804 contradictores
2709 4789 2725 4815 ,
2776 4748 2971 4806 multos
3008 4749 3223 4807 habebit
3263 4749 3618 4821 prohibitores
3641 4792 3656 4817 ,

2075 4840 2271 4895 multos
2302 4838 2516 4895 habebit
2544 4838 2876 4896 dissuasores
2900 4882 2915 4908 ,
2943 4850 2996 4896 et
3022 4841 3122 4897 hoc
3145 4841 3213 4897 de
3238 4841 3369 4911 ipsis
3391 4841 3541 4912 quasi
3570 4856 3662 4897 co-

2076 4930 2291 4985 mitibus
2311 4929 2527 4987 Christi.
2561 4929 2692 4986 Cum
2721 4930 2932 4988 Christo
2968 4932 3340 4997 ambulabant,
3374 4933 3462 5002 qui
3490 4947 3664 4988 czecos

2075 5025 2308 5079 clamare
2336 5023 2705 5095 prohibebant.
2754 5024 2878 5080 Sive
2920 5040 3046 5094 ergo
3088 5024 3279 5089 minas,
3311 5024 3423 5078 sive
3456 5023 3662 5079 blandi-

2077 5126 2251 5170 menta
2276 5155 2291 5181 ,
2339 5115 2450 5170 sive
2479 5114 2742 5185 quaslibet
2766 5115 3147 5185 prohibitiones
3169 5155 3186 5182 ,
3231 5115 3276 5170 si
3302 5114 3451 5185 sequi
3477 5114 3576 5182 vis,
3608 5114 3662 5169 in

2076 5222 2286 5263 crucem
2329 5216 2510 5272 verte;
2553 5208 2751 5273 tolera,
2786 5218 2935 5279 porta
2962 5249 2976 5272 ,
3009 5207 3115 5262 noli
3161 5206 3528 5275 succumbere.
3567 5206 3661 5261 Vi-

2076 5299 2268 5353 dentur
2305 5297 2386 5354 his
2406 5299 2583 5353 verbis
2610 5298 2820 5353 Domini
2849 5298 3126 5353 exhortata
3161 5298 3431 5369 martyria.
3460 5297 3514 5354 Si
3544 5312 3665 5368 per-

2077 5394 2278 5447 secutio
2321 5400 2442 5461 est,
2478 5407 2654 5448 nonne
2690 5408 2787 5462 pro
2825 5390 3035 5448 Christo
3078 5392 3273 5449 debent
3308 5403 3495 5447 cuncta
3528 5406 3663 5446 conv

2079 5485 2240 5539 tcmni
2260 5485 2283 5538 ?
2307 5484 2530 5541 Amatur
2549 5484 2777 5541 mundus
2800 5503 2813 5540 :
2839 5483 2933 5540 sed
2958 5491 3292 5554 praeponatur
3310 5497 3341 5536 a
3365 5496 3471 5552 quo
3494 5482 3667 5537 factus

2077 5587 2169 5633 est
2197 5578 2448 5635 mundus.
2492 5579 2707 5648 Magnus
2740 5568 2823 5633 est
2858 5576 3085 5657 mundus
3128 5593 3142 5631 :
3184 5574 3278 5634 sed
3315 5573 3486 5645 major
3514 5582 3597 5629 est
3631 5588 3663 5629 a

2077 5688 2184 5743 quo
2225 5672 2392 5727 iactus
2438 5681 2521 5728 est
2561 5671 2809 5727 mundus.
2853 5668 3080 5726 Pulcher
3120 5678 3202 5724 est
3238 5666 3466 5723 mundus
3506 5682 3521 5721 :
3565 5666 3661 5727 se(

2080 5765 2349 5840 pulchrior
2380 5772 2465 5824 est
2501 5780 2532 5822 a
2569 5779 2675 5837 quo
2715 5763 2885 5821 factus
2916 5770 2999 5817 est
3025 5761 3271 5816 mundus.
3307 5760 3541 5819 Blandus
3577 5764 3664 5817 est

2871 5853 3270 5947 (mw-mu
