  <div class='ocr_page' id='page_1' title='image "/cluster/home/n/w/nwhite01/storage/ocr_20150623/38/hvd.32044015706294/299.png"; bbox 0 0 4006 6444; ppageno 0'>
   <div class='ocr_carea' id='block_1_1' title="bbox 484 322 590 387">
    <p class='ocr_par' dir='ltr' id='par_1_1' title="bbox 484 322 590 387">
     <span class='ocr_line' id='line_1_1' title="bbox 484 322 590 387; baseline -0.019 0"><span class='ocrx_word' id='word_1_1' title='bbox 484 322 590 387; x_wconf 80' lang='grc'><strong>58⁸1</strong></span> 
     </span>
    </p>
   </div>
   <div class='ocr_carea' id='block_1_2' title="bbox 477 428 2056 507">
    <p class='ocr_par' dir='ltr' id='par_1_2' title="bbox 477 428 2056 507">
     <span class='ocr_line' id='line_1_2' title="bbox 477 428 2056 507; baseline -0.008 -11"><span class='ocrx_word' id='word_1_2' title='bbox 477 440 708 497; x_wconf 87' lang='lat' dir='ltr'><strong>mundus</strong></span> <span class='ocrx_word' id='word_1_3' title='bbox 727 457 741 494; x_wconf 92' lang='lat'><strong>:</strong></span> <span class='ocrx_word' id='word_1_4' title='bbox 772 439 864 494; x_wconf 87' lang='lat' dir='ltr'><strong>sed</strong></span> <span class='ocrx_word' id='word_1_5' title='bbox 885 437 1097 494; x_wconf 79' lang='lat' dir='ltr'><strong>suavior</strong></span> <span class='ocrx_word' id='word_1_6' title='bbox 1110 444 1190 493; x_wconf 89' lang='lat' dir='ltr'><strong>est</strong></span> <span class='ocrx_word' id='word_1_7' title='bbox 1210 451 1240 493; x_wconf 89' lang='lat' dir='ltr'><strong>a</strong></span> <span class='ocrx_word' id='word_1_8' title='bbox 1256 450 1359 507; x_wconf 87' lang='lat' dir='ltr'><strong>quo</strong></span> <span class='ocrx_word' id='word_1_9' title='bbox 1376 434 1546 493; x_wconf 83' lang='lat' dir='ltr'><strong>factus</strong></span> <span class='ocrx_word' id='word_1_10' title='bbox 1562 440 1644 495; x_wconf 87' lang='lat' dir='ltr'><strong>est</strong></span> <span class='ocrx_word' id='word_1_11' title='bbox 1667 429 1920 487; x_wconf 86' lang='lat' dir='ltr'><strong>mundus.</strong></span> <span class='ocrx_word' id='word_1_12' title='bbox 1945 428 2056 485; x_wconf 86' lang='lat' dir='ltr'><strong>Ma-</strong></span> 
     </span>
    </p>
   </div>
   <div class='ocr_carea' id='block_1_3' title="bbox 479 520 2053 598">
    <p class='ocr_par' dir='ltr' id='par_1_3' title="bbox 479 520 2053 598">
     <span class='ocr_line' id='line_1_3' title="bbox 479 520 2053 598; baseline -0.007 -11"><span class='ocrx_word' id='word_1_13' title='bbox 479 533 561 587; x_wconf 91' lang='lat' dir='ltr'><strong>lus</strong></span> <span class='ocrx_word' id='word_1_14' title='bbox 576 541 660 589; x_wconf 86' lang='lat' dir='ltr'><strong>est</strong></span> <span class='ocrx_word' id='word_1_15' title='bbox 678 531 904 588; x_wconf 88' lang='lat' dir='ltr'><strong>mundus</strong></span> <span class='ocrx_word' id='word_1_16' title='bbox 927 548 940 584; x_wconf 93' lang='lat'><strong>:</strong></span> <span class='ocrx_word' id='word_1_17' title='bbox 964 538 1019 585; x_wconf 91' lang='lat' dir='ltr'><strong>et</strong></span> <span class='ocrx_word' id='word_1_18' title='bbox 1038 528 1209 585; x_wconf 88' lang='lat' dir='ltr'><strong>bonus</strong></span> <span class='ocrx_word' id='word_1_19' title='bbox 1235 536 1316 582; x_wconf 88' lang='lat' dir='ltr'><strong>est</strong></span> <span class='ocrx_word' id='word_1_20' title='bbox 1341 543 1369 581; x_wconf 87' lang='lat' dir='ltr'><strong>a</strong></span> <span class='ocrx_word' id='word_1_21' title='bbox 1397 541 1501 598; x_wconf 92' lang='lat' dir='ltr'><strong>quo</strong></span> <span class='ocrx_word' id='word_1_22' title='bbox 1521 524 1685 580; x_wconf 84' lang='lat' dir='ltr'><strong>factus</strong></span> <span class='ocrx_word' id='word_1_23' title='bbox 1706 531 1788 581; x_wconf 91' lang='lat' dir='ltr'><strong>est</strong></span> <span class='ocrx_word' id='word_1_24' title='bbox 1808 520 2053 577; x_wconf 89' lang='lat' dir='ltr'><strong>mundus.</strong></span> 
     </span>
    </p>
   </div>
   <div class='ocr_carea' id='block_1_4' title="bbox 476 610 2058 697">
    <p class='ocr_par' dir='ltr' id='par_1_4' title="bbox 476 610 2058 697">
     <span class='ocr_line' id='line_1_4' title="bbox 476 610 2058 697; baseline -0.012 -14"><span class='ocrx_word' id='word_1_25' title='bbox 476 624 752 695; x_wconf 84' lang='lat' dir='ltr'><strong>Quomodo</strong></span> <span class='ocrx_word' id='word_1_26' title='bbox 792 634 974 697; x_wconf 87' lang='lat' dir='ltr'><strong>potero</strong></span> <span class='ocrx_word' id='word_1_27' title='bbox 1017 621 1292 678; x_wconf 72' lang='lat' dir='ltr'><strong>absolvere</strong></span> <span class='ocrx_word' id='word_1_28' title='bbox 1331 628 1385 674; x_wconf 84' lang='lat' dir='ltr'><strong>et</strong></span> <span class='ocrx_word' id='word_1_29' title='bbox 1428 618 1696 688; x_wconf 84' lang='lat' dir='ltr'><strong>explicare</strong></span> <span class='ocrx_word' id='word_1_30' title='bbox 1733 613 1876 686; x_wconf 90' lang='lat' dir='ltr'><strong>quod</strong></span> <span class='ocrx_word' id='word_1_31' title='bbox 1915 610 2058 667; x_wconf 79' lang='lat' dir='ltr'><strong>dixi?</strong></span> 
     </span>
    </p>
   </div>
   <div class='ocr_carea' id='block_1_5' title="bbox 476 704 2058 787">
    <p class='ocr_par' dir='ltr' id='par_1_5' title="bbox 476 704 2058 787">
     <span class='ocr_line' id='line_1_5' title="bbox 476 704 2058 787; baseline -0.007 -15"><span class='ocrx_word' id='word_1_32' title='bbox 476 716 891 787; x_wconf 70' lang='lat' dir='ltr'><strong>Adjuvet‘Deus.</strong></span> <span class='ocrx_word' id='word_1_33' title='bbox 924 712 1057 785; x_wconf 86' lang='lat' dir='ltr'><strong>Quid</strong></span> <span class='ocrx_word' id='word_1_34' title='bbox 1084 713 1225 767; x_wconf 90' lang='lat' dir='ltr'><strong>enim</strong></span> <span class='ocrx_word' id='word_1_35' title='bbox 1263 709 1406 766; x_wconf 81' lang='lat' dir='ltr'><strong>dixi?</strong></span> <span class='ocrx_word' id='word_1_36' title='bbox 1432 709 1557 782; x_wconf 92' lang='lat' dir='ltr'><strong>quid</strong></span> <span class='ocrx_word' id='word_1_37' title='bbox 1597 704 1892 762; x_wconf 79' lang='lat' dir='ltr'><strong>laudastis?</strong></span> <span class='ocrx_word' id='word_1_38' title='bbox 1918 705 2058 761; x_wconf 86' lang='lat' dir='ltr'><strong>Ecce</strong></span> 
     </span>
    </p>
   </div>
   <div class='ocr_carea' id='block_1_6' title="bbox 475 797 2056 880">
    <p class='ocr_par' dir='ltr' id='par_1_6' title="bbox 475 797 2056 880">
     <span class='ocr_line' id='line_1_6' title="bbox 475 797 2056 880; baseline -0.009 -15"><span class='ocrx_word' id='word_1_39' title='bbox 475 809 697 880; x_wconf 61' lang='lat' dir='ltr'><strong>quaestio</strong></span> <span class='ocrx_word' id='word_1_40' title='bbox 724 816 839 873; x_wconf 87' lang='lat' dir='ltr'><strong>est,</strong></span> <span class='ocrx_word' id='word_1_41' title='bbox 871 814 924 861; x_wconf 93' lang='lat' dir='ltr'><strong>et</strong></span> <span class='ocrx_word' id='word_1_42' title='bbox 954 814 1130 861; x_wconf 84' lang='lat' dir='ltr'><strong>tamen</strong></span> <span class='ocrx_word' id='word_1_43' title='bbox 1152 805 1262 876; x_wconf 83' lang='lat' dir='ltr'><strong>jam</strong></span> <span class='ocrx_word' id='word_1_44' title='bbox 1287 802 1557 877; x_wconf 84' lang='lat' dir='ltr'><strong>laudastis.</strong></span> <span class='ocrx_word' id='word_1_45' title='bbox 1587 797 1863 871; x_wconf 81' lang='lat' dir='ltr'><strong>Quomodo</strong></span> <span class='ocrx_word' id='word_1_46' title='bbox 1888 797 2056 852; x_wconf 84' lang='lat' dir='ltr'><strong>malus</strong></span> 
     </span>
    </p>
   </div>
   <div class='ocr_carea' id='block_1_7' title="bbox 475 888 2056 969">
    <p class='ocr_par' dir='ltr' id='par_1_7' title="bbox 475 888 2056 969">
     <span class='ocr_line' id='line_1_7' title="bbox 475 888 2056 969; baseline -0.01 -11"><span class='ocrx_word' id='word_1_47' title='bbox 475 910 557 969; x_wconf 79' lang='lat' dir='ltr'><strong>est</strong></span> <span class='ocrx_word' id='word_1_48' title='bbox 580 898 808 956; x_wconf 90' lang='lat' dir='ltr'><strong>mundus</strong></span> <span class='ocrx_word' id='word_1_49' title='bbox 830 941 846 967; x_wconf 95' lang='lat'><strong>,</strong></span> <span class='ocrx_word' id='word_1_50' title='bbox 877 898 919 952; x_wconf 88' lang='lat' dir='ltr'><strong>si</strong></span> <span class='ocrx_word' id='word_1_51' title='bbox 946 897 1117 952; x_wconf 90' lang='lat' dir='ltr'><strong>bonus</strong></span> <span class='ocrx_word' id='word_1_52' title='bbox 1142 906 1224 951; x_wconf 89' lang='lat' dir='ltr'><strong>est</strong></span> <span class='ocrx_word' id='word_1_53' title='bbox 1262 911 1291 950; x_wconf 88' lang='lat' dir='ltr'><strong>a</strong></span> <span class='ocrx_word' id='word_1_54' title='bbox 1330 910 1435 967; x_wconf 91' lang='lat' dir='ltr'><strong>quo</strong></span> <span class='ocrx_word' id='word_1_55' title='bbox 1469 892 1645 949; x_wconf 78' lang='lat' dir='ltr'><strong>factus</strong></span> <span class='ocrx_word' id='word_1_56' title='bbox 1666 899 1748 953; x_wconf 81' lang='lat' dir='ltr'><strong>est</strong></span> <span class='ocrx_word' id='word_1_57' title='bbox 1789 888 2056 955; x_wconf 85' lang='lat' dir='ltr'><strong>mundus?</strong></span> 
     </span>
    </p>
   </div>
   <div class='ocr_carea' id='block_1_8' title="bbox 473 978 2065 1053">
    <p class='ocr_par' dir='ltr' id='par_1_8' title="bbox 473 978 2065 1053">
     <span class='ocr_line' id='line_1_8' title="bbox 473 978 2065 1053; baseline -0.008 -7"><span class='ocrx_word' id='word_1_58' title='bbox 473 988 659 1046; x_wconf 87' lang='lat' dir='ltr'><strong>Nonne</strong></span> <span class='ocrx_word' id='word_1_59' title='bbox 690 989 830 1045; x_wconf 87' lang='lat' dir='ltr'><strong>Deus</strong></span> <span class='ocrx_word' id='word_1_60' title='bbox 860 987 981 1044; x_wconf 80' lang='lat' dir='ltr'><strong>fecit</strong></span> <span class='ocrx_word' id='word_1_61' title='bbox 1008 987 1186 1042; x_wconf 88' lang='lat' dir='ltr'><strong>omnia</strong></span> <span class='ocrx_word' id='word_1_62' title='bbox 1214 1027 1227 1053; x_wconf 92' lang='lat'><strong>,</strong></span> <span class='ocrx_word' id='word_1_63' title='bbox 1258 993 1312 1045; x_wconf 89' lang='lat' dir='ltr'><strong>et</strong></span> <span class='ocrx_word' id='word_1_64' title='bbox 1338 999 1464 1041; x_wconf 88' lang='lat' dir='ltr'><strong>ecce</strong></span> <span class='ocrx_word' id='word_1_65' title='bbox 1490 983 1627 1039; x_wconf 88' lang='lat' dir='ltr'><strong>bona</strong></span> <span class='ocrx_word' id='word_1_66' title='bbox 1655 979 1844 1036; x_wconf 82' lang='lat' dir='ltr'><strong>valde?</strong></span> <span class='ocrx_word' id='word_1_67' title='bbox 1866 978 2065 1036; x_wconf 78' lang='lat' dir='ltr'><strong>Nomie</strong></span> 
     </span>
    </p>
   </div>
   <div class='ocr_carea' id='block_1_9' title="bbox 474 1073 2055 1165">
    <p class='ocr_par' dir='ltr' id='par_1_9' title="bbox 474 1073 2055 1165">
     <span class='ocr_line' id='line_1_9' title="bbox 474 1073 2055 1165; baseline -0.008 -28"><span class='ocrx_word' id='word_1_68' title='bbox 474 1096 569 1153; x_wconf 90' lang='lat' dir='ltr'><strong>per</strong></span> <span class='ocrx_word' id='word_1_69' title='bbox 593 1081 794 1165; x_wconf 70' lang='lat' dir='ltr'><strong>singula</strong></span> <span class='ocrx_word' id='word_1_70' title='bbox 820 1087 1042 1136; x_wconf 77' lang='lat' dir='ltr'><strong>testatur</strong></span> <span class='ocrx_word' id='word_1_71' title='bbox 1065 1078 1335 1149; x_wconf 82' lang='lat' dir='ltr'><strong>Scriptura</strong></span> <span class='ocrx_word' id='word_1_72' title='bbox 1358 1075 1495 1148; x_wconf 89' lang='lat' dir='ltr'><strong>quod</strong></span> <span class='ocrx_word' id='word_1_73' title='bbox 1523 1075 1656 1133; x_wconf 89' lang='lat' dir='ltr'><strong>bona</strong></span> <span class='ocrx_word' id='word_1_74' title='bbox 1686 1073 1871 1129; x_wconf 82' lang='lat' dir='ltr'><strong>fecerit</strong></span> <span class='ocrx_word' id='word_1_75' title='bbox 1890 1073 2055 1141; x_wconf 73' lang='lat' dir='ltr'><strong>Deus,</strong></span> 
     </span>
    </p>
   </div>
   <div class='ocr_carea' id='block_1_10' title="bbox 442 1165 2052 1241">
    <p class='ocr_par' dir='ltr' id='par_1_10' title="bbox 442 1165 2052 1241">
     <span class='ocr_line' id='line_1_10' title="bbox 442 1165 2052 1241; baseline -0.007 -12"><span class='ocrx_word' id='word_1_76' title='bbox 442 1187 448 1199; x_wconf 93' lang='lat'><em>&#39;</em></span> <span class='ocrx_word' id='word_1_77' title='bbox 474 1174 714 1239; x_wconf 87' lang='lat' dir='ltr'><strong>dicendo,</strong></span> <span class='ocrx_word' id='word_1_78' title='bbox 748 1170 817 1227; x_wconf 78' lang='lat' dir='ltr'><strong>Et</strong></span> <span class='ocrx_word' id='word_1_79' title='bbox 844 1171 964 1226; x_wconf 85' lang='lat' dir='ltr'><strong>vidit</strong></span> <span class='ocrx_word' id='word_1_80' title='bbox 988 1171 1127 1226; x_wconf 88' lang='lat' dir='ltr'><strong>Deus</strong></span> <span class='ocrx_word' id='word_1_81' title='bbox 1148 1171 1265 1241; x_wconf 89' lang='lat' dir='ltr'><strong>quia</strong></span> <span class='ocrx_word' id='word_1_82' title='bbox 1291 1168 1473 1223; x_wconf 87' lang='lat' dir='ltr'><strong>bonum</strong></span> <span class='ocrx_word' id='word_1_83' title='bbox 1495 1178 1564 1221; x_wconf 87' lang='lat' dir='ltr'><strong>est</strong></span> <span class='ocrx_word' id='word_1_84' title='bbox 1586 1167 1612 1222; x_wconf 86' lang='lat'><strong><em>?</em></strong></span> <span class='ocrx_word' id='word_1_85' title='bbox 1631 1167 1699 1221; x_wconf 89' lang='lat' dir='ltr'><strong>Et</strong></span> <span class='ocrx_word' id='word_1_86' title='bbox 1722 1167 1966 1231; x_wconf 82' lang='lat' dir='ltr'><strong>universa</strong></span> <span class='ocrx_word' id='word_1_87' title='bbox 1998 1165 2052 1231; x_wconf 78' lang='lat' dir='ltr'><strong>in</strong></span> 
     </span>
    </p>
   </div>
   <div class='ocr_carea' id='block_1_11' title="bbox 472 1258 2054 1337">
    <p class='ocr_par' dir='ltr' id='par_1_11' title="bbox 472 1258 2054 1337">
     <span class='ocr_line' id='line_1_11' title="bbox 472 1258 2054 1337; baseline -0.006 -17"><span class='ocrx_word' id='word_1_88' title='bbox 472 1267 577 1322; x_wconf 81' lang='lat' dir='ltr'><strong>(ine</strong></span> <span class='ocrx_word' id='word_1_89' title='bbox 604 1267 676 1321; x_wconf 87' lang='lat' dir='ltr'><strong>ita</strong></span> <span class='ocrx_word' id='word_1_90' title='bbox 701 1266 960 1321; x_wconf 90' lang='lat' dir='ltr'><strong>conclusit</strong></span> <span class='ocrx_word' id='word_1_91' title='bbox 986 1262 1437 1337; x_wconf 83' lang='lat' dir='ltr'><strong>quemadmodum</strong></span> <span class='ocrx_word' id='word_1_92' title='bbox 1458 1260 1583 1318; x_wconf 82' lang='lat' dir='ltr'><strong>fecit</strong></span> <span class='ocrx_word' id='word_1_93' title='bbox 1608 1259 1747 1325; x_wconf 77' lang='lat' dir='ltr'><strong>Deus</strong></span> <span class='ocrx_word' id='word_1_94' title='bbox 1774 1258 1974 1326; x_wconf 79' lang='lat' dir='ltr'><strong>omnia,</strong></span> <span class='ocrx_word' id='word_1_95' title='bbox 2005 1265 2054 1313; x_wconf 87' lang='lat' dir='ltr'><strong>et</strong></span> 
     </span>
    </p>
   </div>
   <div class='ocr_carea' id='block_1_12' title="bbox 471 1351 1177 1428">
    <p class='ocr_par' dir='ltr' id='par_1_12' title="bbox 471 1351 1177 1428">
     <span class='ocr_line' id='line_1_12' title="bbox 471 1351 1177 1428; baseline -0.013 -11"><span class='ocrx_word' id='word_1_96' title='bbox 471 1376 581 1417; x_wconf 67' lang='lat' dir='ltr'><strong>ecce</strong></span> <span class='ocrx_word' id='word_1_97' title='bbox 608 1358 736 1413; x_wconf 87' lang='lat' dir='ltr'><strong>bona</strong></span> <span class='ocrx_word' id='word_1_98' title='bbox 764 1358 909 1415; x_wconf 81' lang='lat' dir='ltr'><strong>valde</strong></span> <span class='ocrx_word' id='word_1_99' title='bbox 941 1354 1087 1428; x_wconf 83' lang='lat' dir='ltr'><strong>(Gen.</strong></span> <span class='ocrx_word' id='word_1_100' title='bbox 1118 1351 1177 1426; x_wconf 85' lang='lat'><strong>1).</strong></span> 
     </span>
    </p>
   </div>
   <div class='ocr_carea' id='block_1_13' title="bbox 538 1438 2051 1517">
    <p class='ocr_par' dir='ltr' id='par_1_13' title="bbox 538 1438 2051 1517">
     <span class='ocr_line' id='line_1_13' title="bbox 538 1438 2051 1517; baseline -0.008 -11"><span class='ocrx_word' id='word_1_101' title='bbox 538 1449 765 1513; x_wconf 78' lang='lat' dir='ltr'><strong>CAPUT</strong></span> <span class='ocrx_word' id='word_1_102' title='bbox 793 1449 856 1503; x_wconf 74' lang='grc' dir='ltr'>ν.</span> <span class='ocrx_word' id='word_1_103' title='bbox 881 1477 954 1488; x_wconf 94' lang='grc'><strong><em>-</em></strong></span> <span class='ocrx_word' id='word_1_104' title='bbox 974 1447 1029 1504; x_wconf 84' lang='lat'><strong>5.</strong></span> <span class='ocrx_word' id='word_1_105' title='bbox 1061 1446 1282 1500; x_wconf 84' lang='lat' dir='ltr'><strong>Mundus</strong></span> <span class='ocrx_word' id='word_1_106' title='bbox 1309 1443 1557 1517; x_wconf 85' lang='lat' dir='ltr'><strong>quomodo</strong></span> <span class='ocrx_word' id='word_1_107' title='bbox 1586 1440 1748 1503; x_wconf 88' lang='lat' dir='ltr'><strong>malus</strong></span> <span class='ocrx_word' id='word_1_108' title='bbox 1768 1483 1781 1508; x_wconf 92' lang='lat'><strong>,</strong></span> <span class='ocrx_word' id='word_1_109' title='bbox 1813 1449 1858 1496; x_wconf 86' lang='lat' dir='ltr'><strong>et</strong></span> <span class='ocrx_word' id='word_1_110' title='bbox 1886 1457 1918 1494; x_wconf 92' lang='lat' dir='ltr'><strong>a</strong></span> <span class='ocrx_word' id='word_1_111' title='bbox 1944 1438 2051 1494; x_wconf 86' lang='lat' dir='ltr'><strong>Dea</strong></span> 
     </span>
    </p>
   </div>
   <div class='ocr_carea' id='block_1_14' title="bbox 469 1531 2051 1610">
    <p class='ocr_par' dir='ltr' id='par_1_14' title="bbox 469 1531 2051 1610">
     <span class='ocr_line' id='line_1_14' title="bbox 469 1531 2051 1610; baseline -0.007 -14"><span class='ocrx_word' id='word_1_112' title='bbox 469 1542 598 1596; x_wconf 83' lang='lat' dir='ltr'><strong>bono</strong></span> <span class='ocrx_word' id='word_1_113' title='bbox 650 1541 833 1610; x_wconf 78' lang='lat' dir='ltr'><strong>factus.</strong></span> <span class='ocrx_word' id='word_1_114' title='bbox 886 1537 1165 1606; x_wconf 86' lang='lat' dir='ltr'><strong>Quomodo</strong></span> <span class='ocrx_word' id='word_1_115' title='bbox 1212 1552 1339 1608; x_wconf 79' lang='lat' dir='ltr'><strong>ergo</strong></span> <span class='ocrx_word' id='word_1_116' title='bbox 1392 1535 1562 1591; x_wconf 89' lang='lat' dir='ltr'><strong>malus</strong></span> <span class='ocrx_word' id='word_1_117' title='bbox 1594 1542 1676 1589; x_wconf 92' lang='lat' dir='ltr'><strong>est</strong></span> <span class='ocrx_word' id='word_1_118' title='bbox 1703 1531 2051 1599; x_wconf 88' lang='lat' dir='ltr'><strong>mundus,et</strong></span> 
     </span>
    </p>
   </div>
   <div class='ocr_carea' id='block_1_15' title="bbox 467 1623 2051 1702">
    <p class='ocr_par' dir='ltr' id='par_1_15' title="bbox 467 1623 2051 1702">
     <span class='ocr_line' id='line_1_15' title="bbox 467 1623 2051 1702; baseline -0.008 -13"><span class='ocrx_word' id='word_1_119' title='bbox 467 1633 638 1689; x_wconf 88' lang='lat' dir='ltr'><strong>bonus</strong></span> <span class='ocrx_word' id='word_1_120' title='bbox 664 1641 746 1688; x_wconf 89' lang='lat' dir='ltr'><strong>est</strong></span> <span class='ocrx_word' id='word_1_121' title='bbox 782 1646 813 1686; x_wconf 88' lang='lat' dir='ltr'><strong>a</strong></span> <span class='ocrx_word' id='word_1_122' title='bbox 839 1646 944 1702; x_wconf 90' lang='lat' dir='ltr'><strong>quo</strong></span> <span class='ocrx_word' id='word_1_123' title='bbox 970 1630 1138 1686; x_wconf 78' lang='lat' dir='ltr'><strong>lactus</strong></span> <span class='ocrx_word' id='word_1_124' title='bbox 1167 1637 1247 1684; x_wconf 89' lang='lat' dir='ltr'><strong>est</strong></span> <span class='ocrx_word' id='word_1_125' title='bbox 1288 1625 1555 1689; x_wconf 81' lang='lat' dir='ltr'><strong>mundus?</strong></span> <span class='ocrx_word' id='word_1_126' title='bbox 1583 1624 1883 1701; x_wconf 87' lang='lat' dir='ltr'><strong>quomodo?</strong></span> <span class='ocrx_word' id='word_1_127' title='bbox 1910 1623 2051 1691; x_wconf 86' lang='lat' dir='ltr'><strong>Quo-</strong></span> 
     </span>
    </p>
   </div>
   <div class='ocr_carea' id='block_1_16' title="bbox 468 1717 2047 1797">
    <p class='ocr_par' dir='ltr' id='par_1_16' title="bbox 468 1717 2047 1797">
     <span class='ocr_line' id='line_1_16' title="bbox 468 1717 2047 1797; baseline -0.005 -19"><span class='ocrx_word' id='word_1_128' title='bbox 468 1725 607 1779; x_wconf 83' lang='lat' dir='ltr'><strong>niam</strong></span> <span class='ocrx_word' id='word_1_129' title='bbox 631 1723 855 1779; x_wconf 90' lang='lat' dir='ltr'><strong>mundus</strong></span> <span class='ocrx_word' id='word_1_130' title='bbox 881 1737 976 1797; x_wconf 90' lang='lat' dir='ltr'><strong>per</strong></span> <span class='ocrx_word' id='word_1_131' title='bbox 1003 1737 1123 1777; x_wconf 89' lang='lat' dir='ltr'><strong>eum</strong></span> <span class='ocrx_word' id='word_1_132' title='bbox 1150 1719 1318 1777; x_wconf 85' lang='lat' dir='ltr'><strong>factus</strong></span> <span class='ocrx_word' id='word_1_133' title='bbox 1341 1727 1442 1785; x_wconf 89' lang='lat' dir='ltr'><strong>est,</strong></span> <span class='ocrx_word' id='word_1_134' title='bbox 1470 1729 1523 1774; x_wconf 90' lang='lat' dir='ltr'><strong>et</strong></span> <span class='ocrx_word' id='word_1_135' title='bbox 1544 1717 1773 1772; x_wconf 89' lang='lat' dir='ltr'><strong>mundus</strong></span> <span class='ocrx_word' id='word_1_136' title='bbox 1797 1733 1917 1771; x_wconf 84' lang='lat' dir='ltr'><strong>cum</strong></span> <span class='ocrx_word' id='word_1_137' title='bbox 1941 1731 2047 1771; x_wconf 91' lang='lat' dir='ltr'><strong>non</strong></span> 
     </span>
    </p>
   </div>
   <div class='ocr_carea' id='block_1_17' title="bbox 466 1808 2045 1887">
    <p class='ocr_par' dir='ltr' id='par_1_17' title="bbox 466 1808 2045 1887">
     <span class='ocr_line' id='line_1_17' title="bbox 466 1808 2045 1887; baseline -0.006 -15"><span class='ocrx_word' id='word_1_138' title='bbox 466 1816 711 1886; x_wconf 81' lang='lat' dir='ltr'><strong>cognovit</strong></span> <span class='ocrx_word' id='word_1_139' title='bbox 752 1813 929 1887; x_wconf 82' lang='lat' dir='ltr'><strong>(Joan.</strong></span> <span class='ocrx_word' id='word_1_140' title='bbox 964 1830 1013 1882; x_wconf 84' lang='grc' dir='ltr'>ι,</span> <span class='ocrx_word' id='word_1_141' title='bbox 1047 1813 1157 1883; x_wconf 80' lang='grc'><strong>10).</strong></span> <span class='ocrx_word' id='word_1_142' title='bbox 1188 1813 1410 1868; x_wconf 78' lang='lat' dir='ltr'><strong>Mundus</strong></span> <span class='ocrx_word' id='word_1_143' title='bbox 1445 1825 1542 1884; x_wconf 90' lang='lat' dir='ltr'><strong>per</strong></span> <span class='ocrx_word' id='word_1_144' title='bbox 1577 1825 1698 1865; x_wconf 90' lang='lat' dir='ltr'><strong>eum</strong></span> <span class='ocrx_word' id='word_1_145' title='bbox 1732 1808 1898 1864; x_wconf 80' lang='lat' dir='ltr'><strong>factus</strong></span> <span class='ocrx_word' id='word_1_146' title='bbox 1926 1816 2045 1878; x_wconf 91' lang='lat' dir='ltr'><strong>est,</strong></span> 
     </span>
    </p>
   </div>
   <div class='ocr_carea' id='block_1_18' title="bbox 464 1901 2048 1975">
    <p class='ocr_par' dir='ltr' id='par_1_18' title="bbox 464 1901 2048 1975">
     <span class='ocr_line' id='line_1_18' title="bbox 464 1901 2048 1975; baseline -0.004 -11"><span class='ocrx_word' id='word_1_147' title='bbox 464 1908 660 1964; x_wconf 73' lang='lat' dir='ltr'><strong>omium</strong></span> <span class='ocrx_word' id='word_1_148' title='bbox 698 1915 754 1962; x_wconf 90' lang='lat' dir='ltr'><strong>et</strong></span> <span class='ocrx_word' id='word_1_149' title='bbox 791 1914 952 1974; x_wconf 89' lang='lat' dir='ltr'><strong>terra,</strong></span> <span class='ocrx_word' id='word_1_150' title='bbox 975 1914 1029 1962; x_wconf 88' lang='lat' dir='ltr'><strong>et</strong></span> <span class='ocrx_word' id='word_1_151' title='bbox 1057 1905 1232 1960; x_wconf 89' lang='lat' dir='ltr'><strong>omnia</strong></span> <span class='ocrx_word' id='word_1_152' title='bbox 1269 1920 1387 1975; x_wconf 83' lang='lat' dir='ltr'><strong>quae</strong></span> <span class='ocrx_word' id='word_1_153' title='bbox 1417 1904 1469 1957; x_wconf 91' lang='lat' dir='ltr'><strong>in</strong></span> <span class='ocrx_word' id='word_1_154' title='bbox 1508 1902 1586 1958; x_wconf 91' lang='lat' dir='ltr'><strong>eis</strong></span> <span class='ocrx_word' id='word_1_155' title='bbox 1612 1911 1735 1957; x_wconf 90' lang='lat' dir='ltr'><strong>sunt</strong></span> <span class='ocrx_word' id='word_1_156' title='bbox 1778 1920 1790 1954; x_wconf 92' lang='lat'><strong>:</strong></span> <span class='ocrx_word' id='word_1_157' title='bbox 1820 1901 2048 1957; x_wconf 90' lang='lat' dir='ltr'><strong>mundus</strong></span> 
     </span>
    </p>
   </div>
   <div class='ocr_carea' id='block_1_19' title="bbox 464 1992 2041 2069">
    <p class='ocr_par' dir='ltr' id='par_1_19' title="bbox 464 1992 2041 2069">
     <span class='ocr_line' id='line_1_19' title="bbox 464 1992 2041 2069; baseline -0.004 -16"><span class='ocrx_word' id='word_1_158' title='bbox 464 2015 584 2054; x_wconf 92' lang='lat' dir='ltr'><strong>eum</strong></span> <span class='ocrx_word' id='word_1_159' title='bbox 615 2014 720 2053; x_wconf 88' lang='lat' dir='ltr'><strong>non</strong></span> <span class='ocrx_word' id='word_1_160' title='bbox 744 1997 1010 2069; x_wconf 79' lang='lat' dir='ltr'><strong>cognovit,</strong></span> <span class='ocrx_word' id='word_1_161' title='bbox 1034 2005 1297 2051; x_wconf 83' lang='lat' dir='ltr'><strong>amatores</strong></span> <span class='ocrx_word' id='word_1_162' title='bbox 1319 1994 1529 2059; x_wconf 89' lang='lat' dir='ltr'><strong>mundi;</strong></span> <span class='ocrx_word' id='word_1_163' title='bbox 1553 2001 1818 2049; x_wconf 85' lang='lat' dir='ltr'><strong>amatores</strong></span> <span class='ocrx_word' id='word_1_164' title='bbox 1841 1992 2041 2058; x_wconf 88' lang='lat' dir='ltr'><strong>mundi,</strong></span> 
     </span>
    </p>
   </div>
   <div class='ocr_carea' id='block_1_20' title="bbox 461 2085 2045 2163">
    <p class='ocr_par' dir='ltr' id='par_1_20' title="bbox 461 2085 2045 2163">
     <span class='ocr_line' id='line_1_20' title="bbox 461 2085 2045 2163; baseline -0.008 -12"><span class='ocrx_word' id='word_1_165' title='bbox 461 2104 516 2150; x_wconf 89' lang='lat' dir='ltr'><strong>et</strong></span> <span class='ocrx_word' id='word_1_166' title='bbox 539 2103 931 2163; x_wconf 84' lang='lat' dir='ltr'><strong>contemptores</strong></span> <span class='ocrx_word' id='word_1_167' title='bbox 956 2092 1049 2147; x_wconf 90' lang='lat' dir='ltr'><strong>Dei</strong></span> <span class='ocrx_word' id='word_1_168' title='bbox 1078 2109 1091 2145; x_wconf 88' lang='lat'><strong>:</strong></span> <span class='ocrx_word' id='word_1_169' title='bbox 1122 2092 1222 2145; x_wconf 91' lang='lat' dir='ltr'><strong>iste</strong></span> <span class='ocrx_word' id='word_1_170' title='bbox 1247 2088 1477 2144; x_wconf 90' lang='lat' dir='ltr'><strong>mundus</strong></span> <span class='ocrx_word' id='word_1_171' title='bbox 1498 2103 1619 2146; x_wconf 90' lang='lat' dir='ltr'><strong>eum</strong></span> <span class='ocrx_word' id='word_1_172' title='bbox 1648 2101 1750 2143; x_wconf 91' lang='lat' dir='ltr'><strong>non</strong></span> <span class='ocrx_word' id='word_1_173' title='bbox 1778 2085 2045 2158; x_wconf 81' lang='lat' dir='ltr'><strong>cognovit.</strong></span> 
     </span>
    </p>
   </div>
   <div class='ocr_carea' id='block_1_21' title="bbox 460 2177 2047 2257">
    <p class='ocr_par' dir='ltr' id='par_1_21' title="bbox 460 2177 2047 2257">
     <span class='ocr_line' id='line_1_21' title="bbox 460 2177 2047 2257; baseline -0.006 -15"><span class='ocrx_word' id='word_1_174' title='bbox 460 2187 549 2243; x_wconf 88' lang='lat' dir='ltr'><strong>Sic</strong></span> <span class='ocrx_word' id='word_1_175' title='bbox 574 2201 700 2257; x_wconf 80' lang='lat' dir='ltr'><strong>ergo</strong></span> <span class='ocrx_word' id='word_1_176' title='bbox 728 2185 900 2241; x_wconf 90' lang='lat' dir='ltr'><strong>malus</strong></span> <span class='ocrx_word' id='word_1_177' title='bbox 938 2192 1018 2239; x_wconf 89' lang='lat' dir='ltr'><strong>est</strong></span> <span class='ocrx_word' id='word_1_178' title='bbox 1055 2182 1283 2238; x_wconf 89' lang='lat' dir='ltr'><strong>mundus</strong></span> <span class='ocrx_word' id='word_1_179' title='bbox 1308 2224 1323 2249; x_wconf 94' lang='lat'><strong>,</strong></span> <span class='ocrx_word' id='word_1_180' title='bbox 1350 2180 1473 2252; x_wconf 86' lang='lat' dir='ltr'><strong>quia</strong></span> <span class='ocrx_word' id='word_1_181' title='bbox 1509 2180 1630 2235; x_wconf 90' lang='lat' dir='ltr'><strong>mali</strong></span> <span class='ocrx_word' id='word_1_182' title='bbox 1664 2188 1789 2234; x_wconf 90' lang='lat' dir='ltr'><strong>sunt</strong></span> <span class='ocrx_word' id='word_1_183' title='bbox 1813 2180 1903 2249; x_wconf 88' lang='lat' dir='ltr'><strong>qui</strong></span> <span class='ocrx_word' id='word_1_184' title='bbox 1932 2177 2047 2239; x_wconf 87' lang='lat' dir='ltr'><strong>Deo</strong></span> 
     </span>
    </p>
   </div>
   <div class='ocr_carea' id='block_1_22' title="bbox 463 2269 2042 2349">
    <p class='ocr_par' dir='ltr' id='par_1_22' title="bbox 463 2269 2042 2349">
     <span class='ocr_line' id='line_1_22' title="bbox 463 2269 2042 2349; baseline -0.006 -16"><span class='ocrx_word' id='word_1_185' title='bbox 463 2278 750 2349; x_wconf 68' lang='lat' dir='ltr'><strong>prazl‘erunt</strong></span> <span class='ocrx_word' id='word_1_186' title='bbox 777 2275 1053 2333; x_wconf 89' lang='lat' dir='ltr'><strong>mundum.</strong></span> <span class='ocrx_word' id='word_1_187' title='bbox 1080 2274 1149 2329; x_wconf 90' lang='lat' dir='ltr'><strong>Et</strong></span> <span class='ocrx_word' id='word_1_188' title='bbox 1178 2273 1351 2329; x_wconf 86' lang='lat' dir='ltr'><strong>bonus</strong></span> <span class='ocrx_word' id='word_1_189' title='bbox 1380 2280 1463 2329; x_wconf 91' lang='lat' dir='ltr'><strong>est</strong></span> <span class='ocrx_word' id='word_1_190' title='bbox 1498 2269 1589 2342; x_wconf 87' lang='lat' dir='ltr'><strong>qui</strong></span> <span class='ocrx_word' id='word_1_191' title='bbox 1617 2270 1741 2325; x_wconf 77' lang='lat' dir='ltr'><strong>fecit</strong></span> <span class='ocrx_word' id='word_1_192' title='bbox 1765 2269 2042 2338; x_wconf 92' lang='lat' dir='ltr'><strong>mundum,</strong></span> 
     </span>
    </p>
   </div>
   <div class='ocr_carea' id='block_1_23' title="bbox 461 2363 2044 2436">
    <p class='ocr_par' dir='ltr' id='par_1_23' title="bbox 461 2363 2044 2436">
     <span class='ocr_line' id='line_1_23' title="bbox 461 2363 2044 2436; baseline -0.004 -12"><span class='ocrx_word' id='word_1_193' title='bbox 461 2370 653 2425; x_wconf 68' lang='lat' dir='ltr'><strong>caelum</strong></span> <span class='ocrx_word' id='word_1_194' title='bbox 691 2378 745 2425; x_wconf 89' lang='lat' dir='ltr'><strong>et</strong></span> <span class='ocrx_word' id='word_1_195' title='bbox 775 2378 975 2424; x_wconf 74' lang='lat' dir='ltr'><strong>terram</strong></span> <span class='ocrx_word' id='word_1_196' title='bbox 1003 2374 1057 2423; x_wconf 88' lang='lat' dir='ltr'><strong>et</strong></span> <span class='ocrx_word' id='word_1_197' title='bbox 1079 2380 1224 2421; x_wconf 90' lang='lat' dir='ltr'><strong>mare</strong></span> <span class='ocrx_word' id='word_1_198' title='bbox 1244 2408 1260 2433; x_wconf 97' lang='lat'><strong>,</strong></span> <span class='ocrx_word' id='word_1_199' title='bbox 1288 2373 1341 2420; x_wconf 89' lang='lat' dir='ltr'><strong>et</strong></span> <span class='ocrx_word' id='word_1_200' title='bbox 1369 2365 1512 2435; x_wconf 88' lang='lat' dir='ltr'><strong>ipsos</strong></span> <span class='ocrx_word' id='word_1_201' title='bbox 1543 2363 1633 2436; x_wconf 91' lang='lat' dir='ltr'><strong>qui</strong></span> <span class='ocrx_word' id='word_1_202' title='bbox 1677 2371 1857 2419; x_wconf 88' lang='lat' dir='ltr'><strong>amant</strong></span> <span class='ocrx_word' id='word_1_203' title='bbox 1883 2378 2044 2417; x_wconf 87' lang='lat' dir='ltr'><strong>mun-</strong></span> 
     </span>
    </p>
   </div>
   <div class='ocr_carea' id='block_1_24' title="bbox 464 2454 2047 2529">
    <p class='ocr_par' dir='ltr' id='par_1_24' title="bbox 464 2454 2047 2529">
     <span class='ocr_line' id='line_1_24' title="bbox 464 2454 2047 2529; baseline -0.004 -14"><span class='ocrx_word' id='word_1_204' title='bbox 464 2459 612 2515; x_wconf 91' lang='lat' dir='ltr'><strong>dum.</strong></span> <span class='ocrx_word' id='word_1_205' title='bbox 638 2459 821 2516; x_wconf 87' lang='lat' dir='ltr'><strong>Solum</strong></span> <span class='ocrx_word' id='word_1_206' title='bbox 852 2459 992 2513; x_wconf 91' lang='lat' dir='ltr'><strong>enim</strong></span> <span class='ocrx_word' id='word_1_207' title='bbox 1012 2457 1151 2529; x_wconf 90' lang='lat' dir='ltr'><strong>quod</strong></span> <span class='ocrx_word' id='word_1_208' title='bbox 1178 2464 1358 2511; x_wconf 88' lang='lat' dir='ltr'><strong>amant</strong></span> <span class='ocrx_word' id='word_1_209' title='bbox 1385 2454 1637 2510; x_wconf 90' lang='lat' dir='ltr'><strong>mundum</strong></span> <span class='ocrx_word' id='word_1_210' title='bbox 1662 2464 1838 2512; x_wconf 88' lang='lat' dir='ltr'><strong>etnon</strong></span> <span class='ocrx_word' id='word_1_211' title='bbox 1866 2462 2047 2511; x_wconf 88' lang='lat' dir='ltr'><strong>amant</strong></span> 
     </span>
    </p>
   </div>
   <div class='ocr_carea' id='block_1_25' title="bbox 462 2546 2047 2629">
    <p class='ocr_par' dir='ltr' id='par_1_25' title="bbox 462 2546 2047 2629">
     <span class='ocr_line' id='line_1_25' title="bbox 462 2546 2047 2629; baseline -0.003 -23"><span class='ocrx_word' id='word_1_212' title='bbox 462 2552 648 2617; x_wconf 88' lang='lat' dir='ltr'><strong>Deum,</strong></span> <span class='ocrx_word' id='word_1_213' title='bbox 676 2553 728 2606; x_wconf 88' lang='lat' dir='ltr'><strong>in</strong></span> <span class='ocrx_word' id='word_1_214' title='bbox 761 2550 866 2615; x_wconf 80' lang='lat' dir='ltr'><strong>illis</strong></span> <span class='ocrx_word' id='word_1_215' title='bbox 890 2565 995 2605; x_wconf 89' lang='lat' dir='ltr'><strong>non</strong></span> <span class='ocrx_word' id='word_1_216' title='bbox 1013 2550 1125 2621; x_wconf 87' lang='lat' dir='ltr'><strong>ipse</strong></span> <span class='ocrx_word' id='word_1_217' title='bbox 1141 2548 1285 2605; x_wconf 82' lang='lat' dir='ltr'><strong>fecit.</strong></span> <span class='ocrx_word' id='word_1_218' title='bbox 1314 2548 1461 2629; x_wconf 87' lang='lat' dir='ltr'><strong>ipsos</strong></span> <span class='ocrx_word' id='word_1_219' title='bbox 1476 2556 1675 2612; x_wconf 84' lang='lat' dir='ltr'><strong>autem,</strong></span> <span class='ocrx_word' id='word_1_220' title='bbox 1698 2548 1839 2618; x_wconf 90' lang='lat' dir='ltr'><strong>quod</strong></span> <span class='ocrx_word' id='word_1_221' title='bbox 1866 2546 1933 2603; x_wconf 88' lang='lat' dir='ltr'><strong>ad</strong></span> <span class='ocrx_word' id='word_1_222' title='bbox 1953 2563 2047 2615; x_wconf 80' lang='lat' dir='ltr'><strong>na-</strong></span> 
     </span>
    </p>
   </div>
   <div class='ocr_carea' id='block_1_26' title="bbox 464 2642 2042 2715">
    <p class='ocr_par' dir='ltr' id='par_1_26' title="bbox 464 2642 2042 2715">
     <span class='ocr_line' id='line_1_26' title="bbox 464 2642 2042 2715; baseline -0.001 -17"><span class='ocrx_word' id='word_1_223' title='bbox 464 2653 635 2698; x_wconf 89' lang='lat' dir='ltr'><strong>turam</strong></span> <span class='ocrx_word' id='word_1_224' title='bbox 666 2643 936 2715; x_wconf 88' lang='lat' dir='ltr'><strong>pertinet,</strong></span> <span class='ocrx_word' id='word_1_225' title='bbox 967 2645 1079 2714; x_wconf 91' lang='lat' dir='ltr'><strong>ipse</strong></span> <span class='ocrx_word' id='word_1_226' title='bbox 1107 2642 1231 2698; x_wconf 77' lang='lat' dir='ltr'><strong>fecit</strong></span> <span class='ocrx_word' id='word_1_227' title='bbox 1264 2660 1276 2696; x_wconf 91' lang='lat'>:</span> <span class='ocrx_word' id='word_1_228' title='bbox 1309 2642 1451 2714; x_wconf 92' lang='lat' dir='ltr'><strong>quod</strong></span> <span class='ocrx_word' id='word_1_229' title='bbox 1478 2642 1544 2697; x_wconf 88' lang='lat' dir='ltr'><strong>ad</strong></span> <span class='ocrx_word' id='word_1_230' title='bbox 1563 2642 1771 2712; x_wconf 90' lang='lat' dir='ltr'><strong>culpam</strong></span> <span class='ocrx_word' id='word_1_231' title='bbox 1792 2642 2042 2713; x_wconf 86' lang='lat' dir='ltr'><strong>pertinet,</strong></span> 
     </span>
    </p>
   </div>
   <div class='ocr_carea' id='block_1_27' title="bbox 459 2732 2047 2806">
    <p class='ocr_par' dir='ltr' id='par_1_27' title="bbox 459 2732 2047 2806">
     <span class='ocr_line' id='line_1_27' title="bbox 459 2732 2047 2806; baseline -0.001 -18"><span class='ocrx_word' id='word_1_232' title='bbox 459 2750 563 2789; x_wconf 90' lang='lat' dir='ltr'><strong>non</strong></span> <span class='ocrx_word' id='word_1_233' title='bbox 592 2736 705 2805; x_wconf 89' lang='lat' dir='ltr'><strong>ipse</strong></span> <span class='ocrx_word' id='word_1_234' title='bbox 734 2736 872 2791; x_wconf 79' lang='lat' dir='ltr'><strong>fecit.</strong></span> <span class='ocrx_word' id='word_1_235' title='bbox 926 2733 1035 2789; x_wconf 82' lang='lat' dir='ltr'><strong>Hoc</strong></span> <span class='ocrx_word' id='word_1_236' title='bbox 1073 2744 1154 2789; x_wconf 88' lang='lat' dir='ltr'><strong>est</strong></span> <span class='ocrx_word' id='word_1_237' title='bbox 1176 2733 1315 2806; x_wconf 91' lang='lat' dir='ltr'><strong>quod</strong></span> <span class='ocrx_word' id='word_1_238' title='bbox 1345 2734 1501 2804; x_wconf 92' lang='lat' dir='ltr'><strong>paulo</strong></span> <span class='ocrx_word' id='word_1_239' title='bbox 1523 2742 1648 2789; x_wconf 87' lang='lat' dir='ltr'><strong>ante</strong></span> <span class='ocrx_word' id='word_1_240' title='bbox 1689 2732 1831 2799; x_wconf 91' lang='lat' dir='ltr'><strong>dixi,</strong></span> <span class='ocrx_word' id='word_1_241' title='bbox 1863 2732 2047 2791; x_wconf 88' lang='lat' dir='ltr'><strong>Deleat</strong></span> 
     </span>
    </p>
   </div>
   <div class='ocr_carea' id='block_1_28' title="bbox 459 2824 1828 2897">
    <p class='ocr_par' dir='ltr' id='par_1_28' title="bbox 459 2824 1828 2897">
     <span class='ocr_line' id='line_1_28' title="bbox 459 2824 1828 2897; baseline -0.003 -15"><span class='ocrx_word' id='word_1_242' title='bbox 459 2827 619 2883; x_wconf 85' lang='lat' dir='ltr'><strong>homo</strong></span> <span class='ocrx_word' id='word_1_243' title='bbox 653 2827 796 2896; x_wconf 92' lang='lat' dir='ltr'><strong>quod</strong></span> <span class='ocrx_word' id='word_1_244' title='bbox 827 2826 953 2883; x_wconf 79' lang='lat' dir='ltr'><strong>fecit</strong></span> <span class='ocrx_word' id='word_1_245' title='bbox 975 2870 990 2893; x_wconf 92' lang='lat'><strong>,</strong></span> <span class='ocrx_word' id='word_1_246' title='bbox 1018 2835 1072 2882; x_wconf 88' lang='lat' dir='ltr'><strong>et</strong></span> <span class='ocrx_word' id='word_1_247' title='bbox 1097 2827 1324 2897; x_wconf 81' lang='lat' dir='ltr'><strong>placebit</strong></span> <span class='ocrx_word' id='word_1_248' title='bbox 1348 2826 1398 2883; x_wconf 90' lang='lat' dir='ltr'><strong>ei</strong></span> <span class='ocrx_word' id='word_1_249' title='bbox 1420 2826 1510 2897; x_wconf 90' lang='lat' dir='ltr'><strong>qui</strong></span> <span class='ocrx_word' id='word_1_250' title='bbox 1540 2842 1659 2882; x_wconf 92' lang='lat' dir='ltr'><strong>eum</strong></span> <span class='ocrx_word' id='word_1_251' title='bbox 1685 2824 1828 2880; x_wconf 80' lang='lat' dir='ltr'><strong>fecit.</strong></span> 
     </span>
    </p>
   </div>
   <div class='ocr_carea' id='block_1_29' title="bbox 535 2917 2040 2989">
    <p class='ocr_par' dir='ltr' id='par_1_29' title="bbox 535 2917 2040 2989">
     <span class='ocr_line' id='line_1_29' title="bbox 535 2917 2040 2989; baseline -0.001 -16"><span class='ocrx_word' id='word_1_252' title='bbox 535 2917 763 2974; x_wconf 75' lang='lat' dir='ltr'><strong>CAPUT</strong></span> <span class='ocrx_word' id='word_1_253' title='bbox 791 2918 878 2973; x_wconf 66' lang='lat' dir='ltr'><strong>Vl.</strong></span> <span class='ocrx_word' id='word_1_254' title='bbox 910 2948 980 2958; x_wconf 92' lang='lat'><strong>-—</strong></span> <span class='ocrx_word' id='word_1_255' title='bbox 1008 2917 1060 2973; x_wconf 86' lang='lat'><strong>6.</strong></span> <span class='ocrx_word' id='word_1_256' title='bbox 1109 2917 1338 2973; x_wconf 76' lang='lat' dir='ltr'><strong>Mundus</strong></span> <span class='ocrx_word' id='word_1_257' title='bbox 1378 2917 1536 2972; x_wconf 87' lang='lat' dir='ltr'><strong>bonus</strong></span> <span class='ocrx_word' id='word_1_258' title='bbox 1579 2934 1641 2972; x_wconf 76' lang='lat' dir='ltr'><strong>eo;</strong></span> <span class='ocrx_word' id='word_1_259' title='bbox 1680 2918 1816 2971; x_wconf 86' lang='lat' dir='ltr'><strong>malo</strong></span> <span class='ocrx_word' id='word_1_260' title='bbox 1856 2921 2040 2989; x_wconf 84' lang='lat' dir='ltr'><strong>factus.</strong></span> 
     </span>
    </p>
   </div>
   <div class='ocr_carea' id='block_1_30' title="bbox 457 3009 2043 3080">
    <p class='ocr_par' dir='ltr' id='par_1_30' title="bbox 457 3009 2043 3080">
     <span class='ocr_line' id='line_1_30' title="bbox 457 3009 2043 3080; baseline -0.001 -13"><span class='ocrx_word' id='word_1_261' title='bbox 457 3011 588 3067; x_wconf 85' lang='lat' dir='ltr'><strong>Nam</strong></span> <span class='ocrx_word' id='word_1_262' title='bbox 618 3018 701 3066; x_wconf 90' lang='lat' dir='ltr'><strong>est</strong></span> <span class='ocrx_word' id='word_1_263' title='bbox 728 3020 782 3065; x_wconf 85' lang='lat' dir='ltr'><strong>et</strong></span> <span class='ocrx_word' id='word_1_264' title='bbox 810 3010 1039 3065; x_wconf 88' lang='lat' dir='ltr'><strong>mundus</strong></span> <span class='ocrx_word' id='word_1_265' title='bbox 1062 3009 1235 3065; x_wconf 90' lang='lat' dir='ltr'><strong>bonus</strong></span> <span class='ocrx_word' id='word_1_266' title='bbox 1260 3010 1311 3065; x_wconf 90' lang='lat' dir='ltr'><strong>in</strong></span> <span class='ocrx_word' id='word_1_267' title='bbox 1343 3011 1471 3080; x_wconf 85' lang='lat' dir='ltr'><strong>ipsis</strong></span> <span class='ocrx_word' id='word_1_268' title='bbox 1496 3009 1831 3076; x_wconf 90' lang='lat' dir='ltr'><strong>hominibus;</strong></span> <span class='ocrx_word' id='word_1_269' title='bbox 1854 3009 1948 3065; x_wconf 90' lang='lat' dir='ltr'><strong>sed</strong></span> <span class='ocrx_word' id='word_1_270' title='bbox 1978 3025 2043 3065; x_wconf 83' lang='lat' dir='ltr'><strong>ex</strong></span> 
     </span>
    </p>
   </div>
   <div class='ocr_carea' id='block_1_31' title="bbox 458 3099 2044 3171">
    <p class='ocr_par' dir='ltr' id='par_1_31' title="bbox 458 3099 2044 3171">
     <span class='ocr_line' id='line_1_31' title="bbox 458 3099 2044 3171; baseline 0.001 -15"><span class='ocrx_word' id='word_1_271' title='bbox 458 3101 601 3156; x_wconf 90' lang='lat' dir='ltr'><strong>maio</strong></span> <span class='ocrx_word' id='word_1_272' title='bbox 628 3100 813 3156; x_wconf 83' lang='lat' dir='ltr'><strong>lactus.</strong></span> <span class='ocrx_word' id='word_1_273' title='bbox 843 3100 1035 3155; x_wconf 89' lang='lat' dir='ltr'><strong>Totum</strong></span> <span class='ocrx_word' id='word_1_274' title='bbox 1065 3102 1205 3155; x_wconf 87' lang='lat' dir='ltr'><strong>enim</strong></span> <span class='ocrx_word' id='word_1_275' title='bbox 1224 3100 1479 3155; x_wconf 86' lang='lat' dir='ltr'><strong>mundum</strong></span> <span class='ocrx_word' id='word_1_276' title='bbox 1497 3140 1513 3165; x_wconf 87' lang='lat'><strong>,</strong></span> <span class='ocrx_word' id='word_1_277' title='bbox 1541 3100 1584 3163; x_wconf 83' lang='lat' dir='ltr'><strong>si</strong></span> <span class='ocrx_word' id='word_1_278' title='bbox 1607 3099 1848 3154; x_wconf 84' lang='lat' dir='ltr'><strong>homines</strong></span> <span class='ocrx_word' id='word_1_279' title='bbox 1878 3116 2044 3171; x_wconf 89' lang='lat' dir='ltr'><strong>ponas</strong></span> 
     </span>
    </p>
   </div>
   <div class='ocr_carea' id='block_1_32' title="bbox 459 3192 2044 3263">
    <p class='ocr_par' dir='ltr' id='par_1_32' title="bbox 459 3192 2044 3263">
     <span class='ocr_line' id='line_1_32' title="bbox 459 3192 2044 3263; baseline -0.001 -13"><span class='ocrx_word' id='word_1_280' title='bbox 459 3194 712 3250; x_wconf 90' lang='lat' dir='ltr'><strong>mundum</strong></span> <span class='ocrx_word' id='word_1_281' title='bbox 739 3235 753 3260; x_wconf 90' lang='lat'><strong>,</strong></span> <span class='ocrx_word' id='word_1_282' title='bbox 781 3202 1003 3263; x_wconf 81' lang='lat' dir='ltr'><strong>excepto</strong></span> <span class='ocrx_word' id='word_1_283' title='bbox 1033 3192 1172 3263; x_wconf 87' lang='lat' dir='ltr'><strong>quod</strong></span> <span class='ocrx_word' id='word_1_284' title='bbox 1213 3192 1440 3247; x_wconf 90' lang='lat' dir='ltr'><strong>dicimus</strong></span> <span class='ocrx_word' id='word_1_285' title='bbox 1478 3192 1732 3247; x_wconf 92' lang='lat' dir='ltr'><strong>mundum</strong></span> <span class='ocrx_word' id='word_1_286' title='bbox 1770 3194 1963 3249; x_wconf 62' lang='lat' dir='ltr'><strong>caelum</strong></span> <span class='ocrx_word' id='word_1_287' title='bbox 1992 3202 2044 3249; x_wconf 92' lang='lat' dir='ltr'><strong>et</strong></span> 
     </span>
    </p>
   </div>
   <div class='ocr_carea' id='block_1_33' title="bbox 458 3284 2045 3356">
    <p class='ocr_par' dir='ltr' id='par_1_33' title="bbox 458 3284 2045 3356">
     <span class='ocr_line' id='line_1_33' title="bbox 458 3284 2045 3356; baseline -0.001 -14"><span class='ocrx_word' id='word_1_288' title='bbox 458 3297 673 3355; x_wconf 81' lang='lat' dir='ltr'><strong>terram,</strong></span> <span class='ocrx_word' id='word_1_289' title='bbox 693 3295 747 3342; x_wconf 89' lang='lat' dir='ltr'><strong>et</strong></span> <span class='ocrx_word' id='word_1_290' title='bbox 763 3289 936 3341; x_wconf 87' lang='lat' dir='ltr'><strong>omnia</strong></span> <span class='ocrx_word' id='word_1_291' title='bbox 955 3301 1073 3356; x_wconf 85' lang='lat' dir='ltr'><strong>quae</strong></span> <span class='ocrx_word' id='word_1_292' title='bbox 1090 3286 1139 3339; x_wconf 92' lang='lat' dir='ltr'><strong>in</strong></span> <span class='ocrx_word' id='word_1_293' title='bbox 1162 3286 1240 3340; x_wconf 92' lang='lat' dir='ltr'><strong>eis</strong></span> <span class='ocrx_word' id='word_1_294' title='bbox 1262 3293 1403 3347; x_wconf 91' lang='lat' dir='ltr'><strong>sunt;</strong></span> <span class='ocrx_word' id='word_1_295' title='bbox 1423 3285 1466 3341; x_wconf 89' lang='lat' dir='ltr'><strong>si</strong></span> <span class='ocrx_word' id='word_1_296' title='bbox 1482 3284 1726 3347; x_wconf 83' lang='lat' dir='ltr'><strong>homines</strong></span> <span class='ocrx_word' id='word_1_297' title='bbox 1740 3284 1886 3341; x_wconf 84' lang='lat' dir='ltr'><strong>dicas</strong></span> <span class='ocrx_word' id='word_1_298' title='bbox 1900 3302 2045 3341; x_wconf 89' lang='lat' dir='ltr'><strong>mun-</strong></span> 
     </span>
    </p>
   </div>
   <div class='ocr_carea' id='block_1_34' title="bbox 456 3377 2040 3449">
    <p class='ocr_par' dir='ltr' id='par_1_34' title="bbox 456 3377 2040 3449">
     <span class='ocr_line' id='line_1_34' title="bbox 456 3377 2040 3449; baseline -0.001 -14"><span class='ocrx_word' id='word_1_299' title='bbox 456 3380 582 3436; x_wconf 91' lang='lat' dir='ltr'><strong>dum</strong></span> <span class='ocrx_word' id='word_1_300' title='bbox 599 3422 614 3446; x_wconf 91' lang='lat'><strong>,</strong></span> <span class='ocrx_word' id='word_1_301' title='bbox 639 3386 804 3433; x_wconf 90' lang='lat' dir='ltr'><strong>totum</strong></span> <span class='ocrx_word' id='word_1_302' title='bbox 845 3378 1094 3433; x_wconf 83' lang='lat' dir='ltr'><strong>mundum</strong></span> <span class='ocrx_word' id='word_1_303' title='bbox 1118 3378 1309 3431; x_wconf 86' lang='lat' dir='ltr'><strong>malum</strong></span> <span class='ocrx_word' id='word_1_304' title='bbox 1331 3377 1469 3441; x_wconf 83' lang='lat' dir='ltr'><strong>fecit,</strong></span> <span class='ocrx_word' id='word_1_305' title='bbox 1488 3379 1574 3449; x_wconf 90' lang='lat' dir='ltr'><strong>qui</strong></span> <span class='ocrx_word' id='word_1_306' title='bbox 1598 3377 1766 3449; x_wconf 87' lang='lat' dir='ltr'><strong>primo</strong></span> <span class='ocrx_word' id='word_1_307' title='bbox 1784 3379 2040 3448; x_wconf 88' lang='lat' dir='ltr'><strong>peccavit.</strong></span> 
     </span>
    </p>
   </div>
   <div class='ocr_carea' id='block_1_35' title="bbox 460 3468 2040 3528">
    <p class='ocr_par' dir='ltr' id='par_1_35' title="bbox 460 3468 2040 3528">
     <span class='ocr_line' id='line_1_35' title="bbox 460 3468 2040 3528; baseline -0.003 0"><span class='ocrx_word' id='word_1_308' title='bbox 460 3472 645 3528; x_wconf 88' lang='lat' dir='ltr'><strong>Omnis</strong></span> <span class='ocrx_word' id='word_1_309' title='bbox 671 3485 848 3526; x_wconf 89' lang='lat' dir='ltr'><strong>massa</strong></span> <span class='ocrx_word' id='word_1_310' title='bbox 884 3471 937 3525; x_wconf 73' lang='lat' dir='ltr'><strong>in</strong></span> <span class='ocrx_word' id='word_1_311' title='bbox 981 3469 1158 3524; x_wconf 87' lang='lat' dir='ltr'><strong>radice</strong></span> <span class='ocrx_word' id='word_1_312' title='bbox 1185 3469 1364 3523; x_wconf 88' lang='lat' dir='ltr'><strong>vitiata</strong></span> <span class='ocrx_word' id='word_1_313' title='bbox 1403 3477 1502 3524; x_wconf 89' lang='lat' dir='ltr'><strong>est.</strong></span> <span class='ocrx_word' id='word_1_314' title='bbox 1533 3468 1737 3525; x_wconf 87' lang='lat' dir='ltr'><strong>Bonum</strong></span> <span class='ocrx_word' id='word_1_315' title='bbox 1765 3468 2040 3525; x_wconf 86' lang='lat' dir='ltr'><strong>hominem</strong></span> 
     </span>
    </p>
   </div>
   <div class='ocr_carea' id='block_1_36' title="bbox 455 3559 2043 3631">
    <p class='ocr_par' dir='ltr' id='par_1_36' title="bbox 455 3559 2043 3631">
     <span class='ocr_line' id='line_1_36' title="bbox 455 3559 2043 3631; baseline -0.001 -12"><span class='ocrx_word' id='word_1_316' title='bbox 455 3564 581 3619; x_wconf 80' lang='lat' dir='ltr'><strong>fecit</strong></span> <span class='ocrx_word' id='word_1_317' title='bbox 607 3563 748 3618; x_wconf 85' lang='lat' dir='ltr'><strong>Deus</strong></span> <span class='ocrx_word' id='word_1_318' title='bbox 777 3581 789 3616; x_wconf 92' lang='lat'>:</span> <span class='ocrx_word' id='word_1_319' title='bbox 823 3562 899 3616; x_wconf 88' lang='lat' dir='ltr'><strong>sic</strong></span> <span class='ocrx_word' id='word_1_320' title='bbox 948 3561 1105 3616; x_wconf 84' lang='lat' dir='ltr'><strong>habet</strong></span> <span class='ocrx_word' id='word_1_321' title='bbox 1133 3560 1434 3631; x_wconf 85' lang='lat' dir='ltr'><strong>Scriptura,</strong></span> <span class='ocrx_word' id='word_1_322' title='bbox 1466 3559 1610 3615; x_wconf 83' lang='lat' dir='ltr'><strong>Fecit</strong></span> <span class='ocrx_word' id='word_1_323' title='bbox 1630 3559 1767 3623; x_wconf 86' lang='lat' dir='ltr'><strong>Deus</strong></span> <span class='ocrx_word' id='word_1_324' title='bbox 1791 3560 2043 3617; x_wconf 83' lang='lat' dir='ltr'><strong>hominem</strong></span> 
     </span>
    </p>
   </div>
   <div class='ocr_carea' id='block_1_37' title="bbox 455 3651 2039 3725">
    <p class='ocr_par' dir='ltr' id='par_1_37' title="bbox 455 3651 2039 3725">
     <span class='ocr_line' id='line_1_37' title="bbox 455 3651 2039 3725; baseline 0 -17"><span class='ocrx_word' id='word_1_325' title='bbox 455 3665 645 3708; x_wconf 84' lang='lat' dir='ltr'><strong>rectum</strong></span> <span class='ocrx_word' id='word_1_326' title='bbox 664 3695 680 3721; x_wconf 93' lang='lat'><strong>,</strong></span> <span class='ocrx_word' id='word_1_327' title='bbox 705 3662 751 3708; x_wconf 87' lang='lat' dir='ltr'><strong>et</strong></span> <span class='ocrx_word' id='word_1_328' title='bbox 776 3652 884 3725; x_wconf 77' lang='lat' dir='ltr'><strong>ipsi</strong></span> <span class='ocrx_word' id='word_1_329' title='bbox 903 3651 1128 3707; x_wconf 76' lang='lat' dir='ltr'><strong>homines</strong></span> <span class='ocrx_word' id='word_1_330' title='bbox 1165 3652 1527 3707; x_wconf 79' lang='lat' dir='ltr'><strong>adinvenerunt</strong></span> <span class='ocrx_word' id='word_1_331' title='bbox 1552 3652 1879 3725; x_wconf 74' lang='lat' dir='ltr'><strong>cogitationes</strong></span> <span class='ocrx_word' id='word_1_332' title='bbox 1904 3653 2039 3708; x_wconf 86' lang='lat' dir='ltr'><strong>mul-</strong></span> 
     </span>
    </p>
   </div>
   <div class='ocr_carea' id='block_1_38' title="bbox 456 3742 2039 3828">
    <p class='ocr_par' dir='ltr' id='par_1_38' title="bbox 456 3742 2039 3828">
     <span class='ocr_line' id='line_1_38' title="bbox 456 3742 2039 3828; baseline 0.001 -29"><span class='ocrx_word' id='word_1_333' title='bbox 456 3753 536 3800; x_wconf 83' lang='lat' dir='ltr'><strong>tas</strong></span> <span class='ocrx_word' id='word_1_334' title='bbox 560 3744 756 3817; x_wconf 82' lang='lat' dir='ltr'><strong>(Eccle.</strong></span> <span class='ocrx_word' id='word_1_335' title='bbox 777 3759 853 3799; x_wconf 88' lang='lat' dir='ltr'><strong>vu</strong></span> <span class='ocrx_word' id='word_1_336' title='bbox 870 3786 887 3813; x_wconf 93' lang='lat'><strong>,</strong></span> <span class='ocrx_word' id='word_1_337' title='bbox 917 3744 1031 3816; x_wconf 75' lang='lat'><strong>30).</strong></span> <span class='ocrx_word' id='word_1_338' title='bbox 1051 3744 1096 3798; x_wconf 78' lang='grc' dir='ltr'><strong>Α</strong></span> <span class='ocrx_word' id='word_1_339' title='bbox 1119 3742 1297 3798; x_wconf 90' lang='lat' dir='ltr'><strong>multis</strong></span> <span class='ocrx_word' id='word_1_340' title='bbox 1317 3758 1473 3799; x_wconf 90' lang='lat' dir='ltr'><strong>curre</strong></span> <span class='ocrx_word' id='word_1_341' title='bbox 1496 3742 1562 3798; x_wconf 88' lang='lat' dir='ltr'><strong>ad</strong></span> <span class='ocrx_word' id='word_1_342' title='bbox 1583 3759 1744 3803; x_wconf 88' lang='lat' dir='ltr'><strong>unum</strong></span> <span class='ocrx_word' id='word_1_343' title='bbox 1764 3783 1786 3821; x_wconf 53' lang='grc' dir='ltr'><strong>η</strong></span> <span class='ocrx_word' id='word_1_344' title='bbox 1803 3742 2039 3828; x_wconf 86' lang='lat' dir='ltr'><strong>dispersa</strong></span> 
     </span>
    </p>
   </div>
   <div class='ocr_carea' id='block_1_39' title="bbox 455 3834 2043 3908">
    <p class='ocr_par' dir='ltr' id='par_1_39' title="bbox 455 3834 2043 3908">
     <span class='ocr_line' id='line_1_39' title="bbox 455 3834 2043 3908; baseline -0.001 -15"><span class='ocrx_word' id='word_1_345' title='bbox 455 3839 647 3908; x_wconf 71' lang='lat' dir='ltr'><strong>collige</strong></span> <span class='ocrx_word' id='word_1_346' title='bbox 674 3838 727 3893; x_wconf 83' lang='lat' dir='ltr'><strong>in</strong></span> <span class='ocrx_word' id='word_1_347' title='bbox 752 3852 915 3892; x_wconf 91' lang='lat' dir='ltr'><strong>unum</strong></span> <span class='ocrx_word' id='word_1_348' title='bbox 948 3854 962 3890; x_wconf 90' lang='lat'><strong>:</strong></span> <span class='ocrx_word' id='word_1_349' title='bbox 992 3835 1199 3892; x_wconf 81' lang='lat' dir='ltr'><strong>contine</strong></span> <span class='ocrx_word' id='word_1_350' title='bbox 1219 3877 1234 3904; x_wconf 94' lang='lat'><strong>,</strong></span> <span class='ocrx_word' id='word_1_351' title='bbox 1265 3836 1500 3891; x_wconf 89' lang='lat' dir='ltr'><strong>munitus</strong></span> <span class='ocrx_word' id='word_1_352' title='bbox 1529 3842 1647 3891; x_wconf 88' lang='lat' dir='ltr'><strong>esto</strong></span> <span class='ocrx_word' id='word_1_353' title='bbox 1668 3877 1683 3901; x_wconf 90' lang='lat'><strong>,</strong></span> <span class='ocrx_word' id='word_1_354' title='bbox 1715 3851 1872 3892; x_wconf 89' lang='lat' dir='ltr'><strong>mane</strong></span> <span class='ocrx_word' id='word_1_355' title='bbox 1900 3834 2043 3908; x_wconf 83' lang='lat' dir='ltr'><strong>apud</strong></span> 
     </span>
    </p>
   </div>
   <div class='ocr_carea' id='block_1_40' title="bbox 456 3925 2042 3995">
    <p class='ocr_par' dir='ltr' id='par_1_40' title="bbox 456 3925 2042 3995">
     <span class='ocr_line' id='line_1_40' title="bbox 456 3925 2042 3995; baseline -0.001 -11"><span class='ocrx_word' id='word_1_356' title='bbox 456 3944 654 3995; x_wconf 81' lang='lat' dir='ltr'><strong>unum;</strong></span> <span class='ocrx_word' id='word_1_357' title='bbox 684 3927 790 3983; x_wconf 71' lang='lat' dir='ltr'><strong>noli</strong></span> <span class='ocrx_word' id='word_1_358' title='bbox 819 3929 897 3983; x_wconf 89' lang='lat' dir='ltr'><strong>ire</strong></span> <span class='ocrx_word' id='word_1_359' title='bbox 936 3926 994 3982; x_wconf 80' lang='lat' dir='ltr'><strong>in</strong></span> <span class='ocrx_word' id='word_1_360' title='bbox 1030 3927 1218 3981; x_wconf 86' lang='lat' dir='ltr'><strong>multa.</strong></span> <span class='ocrx_word' id='word_1_361' title='bbox 1258 3925 1335 3981; x_wconf 87' lang='lat' dir='ltr'><strong>ibi</strong></span> <span class='ocrx_word' id='word_1_362' title='bbox 1369 3934 1453 3982; x_wconf 91' lang='lat' dir='ltr'><strong>est</strong></span> <span class='ocrx_word' id='word_1_363' title='bbox 1490 3927 1780 3983; x_wconf 90' lang='lat' dir='ltr'><strong>beatitudo.</strong></span> <span class='ocrx_word' id='word_1_364' title='bbox 1817 3926 1921 3993; x_wconf 81' lang='lat' dir='ltr'><strong>Sed</strong></span> <span class='ocrx_word' id='word_1_365' title='bbox 1947 3928 2042 3983; x_wconf 90' lang='lat' dir='ltr'><strong>de-</strong></span> 
     </span>
    </p>
   </div>
   <div class='ocr_carea' id='block_1_41' title="bbox 456 4018 2036 4091">
    <p class='ocr_par' dir='ltr' id='par_1_41' title="bbox 456 4018 2036 4091">
     <span class='ocr_line' id='line_1_41' title="bbox 456 4018 2036 4091; baseline 0 -16"><span class='ocrx_word' id='word_1_366' title='bbox 456 4020 726 4085; x_wconf 76' lang='lat' dir='ltr'><strong>ﬂuximus,</strong></span> <span class='ocrx_word' id='word_1_367' title='bbox 775 4020 830 4074; x_wconf 83' lang='lat' dir='ltr'><strong>in</strong></span> <span class='ocrx_word' id='word_1_368' title='bbox 872 4018 1224 4090; x_wconf 86' lang='lat' dir='ltr'><strong>perditionem</strong></span> <span class='ocrx_word' id='word_1_369' title='bbox 1264 4019 1596 4091; x_wconf 83' lang='lat' dir='ltr'><strong>perreximus</strong></span> <span class='ocrx_word' id='word_1_370' title='bbox 1635 4036 1650 4073; x_wconf 90' lang='lat'><strong>:</strong></span> <span class='ocrx_word' id='word_1_371' title='bbox 1693 4034 1879 4075; x_wconf 87' lang='lat' dir='ltr'><strong>omnes</strong></span> <span class='ocrx_word' id='word_1_372' title='bbox 1916 4035 2036 4085; x_wconf 89' lang='lat' dir='ltr'><strong>cum</strong></span> 
     </span>
    </p>
   </div>
   <div class='ocr_carea' id='block_1_42' title="bbox 456 4108 2038 4181">
    <p class='ocr_par' dir='ltr' id='par_1_42' title="bbox 456 4108 2038 4181">
     <span class='ocr_line' id='line_1_42' title="bbox 456 4108 2038 4181; baseline 0.001 -17"><span class='ocrx_word' id='word_1_373' title='bbox 456 4120 680 4181; x_wconf 79' lang='lat' dir='ltr'><strong>peccato</strong></span> <span class='ocrx_word' id='word_1_374' title='bbox 703 4110 815 4164; x_wconf 87' lang='lat' dir='ltr'><strong>nati</strong></span> <span class='ocrx_word' id='word_1_375' title='bbox 843 4124 1027 4164; x_wconf 83' lang='lat' dir='ltr'><strong>sumus</strong></span> <span class='ocrx_word' id='word_1_376' title='bbox 1049 4149 1065 4175; x_wconf 94' lang='lat'><strong>,</strong></span> <span class='ocrx_word' id='word_1_377' title='bbox 1094 4118 1149 4164; x_wconf 89' lang='lat' dir='ltr'><strong>et</strong></span> <span class='ocrx_word' id='word_1_378' title='bbox 1175 4108 1243 4164; x_wconf 87' lang='lat' dir='ltr'><strong>ad</strong></span> <span class='ocrx_word' id='word_1_379' title='bbox 1271 4109 1325 4164; x_wconf 90' lang='lat' dir='ltr'><strong>id</strong></span> <span class='ocrx_word' id='word_1_380' title='bbox 1349 4108 1488 4179; x_wconf 89' lang='lat' dir='ltr'><strong>quod</strong></span> <span class='ocrx_word' id='word_1_381' title='bbox 1518 4109 1628 4163; x_wconf 87' lang='lat' dir='ltr'><strong>nati</strong></span> <span class='ocrx_word' id='word_1_382' title='bbox 1654 4122 1837 4164; x_wconf 89' lang='lat' dir='ltr'><strong>sumus</strong></span> <span class='ocrx_word' id='word_1_383' title='bbox 1856 4153 1870 4181; x_wconf 90' lang='lat'><strong>,</strong></span> <span class='ocrx_word' id='word_1_384' title='bbox 1898 4112 2038 4167; x_wconf 90' lang='lat' dir='ltr'><strong>male</strong></span> 
     </span>
    </p>
   </div>
   <div class='ocr_carea' id='block_1_43' title="bbox 457 4201 2038 4267">
    <p class='ocr_par' dir='ltr' id='par_1_43' title="bbox 457 4201 2038 4267">
     <span class='ocr_line' id='line_1_43' title="bbox 457 4201 2038 4267; baseline 0.002 -10"><span class='ocrx_word' id='word_1_385' title='bbox 457 4201 687 4257; x_wconf 83' lang='lat' dir='ltr'><strong>vivendo</strong></span> <span class='ocrx_word' id='word_1_386' title='bbox 707 4211 764 4257; x_wconf 91' lang='lat' dir='ltr'><strong>et</strong></span> <span class='ocrx_word' id='word_1_387' title='bbox 786 4216 887 4257; x_wconf 87' lang='lat' dir='ltr'><strong>nos</strong></span> <span class='ocrx_word' id='word_1_388' title='bbox 914 4202 1232 4267; x_wconf 81' lang='lat' dir='ltr'><strong>addidimus,</strong></span> <span class='ocrx_word' id='word_1_389' title='bbox 1262 4210 1317 4256; x_wconf 92' lang='lat' dir='ltr'><strong>et</strong></span> <span class='ocrx_word' id='word_1_390' title='bbox 1345 4209 1483 4256; x_wconf 90' lang='lat' dir='ltr'><strong>totus</strong></span> <span class='ocrx_word' id='word_1_391' title='bbox 1510 4202 1738 4257; x_wconf 80' lang='lat' dir='ltr'><strong>mundus</strong></span> <span class='ocrx_word' id='word_1_392' title='bbox 1762 4203 1930 4259; x_wconf 85' lang='lat' dir='ltr'><strong>t‘actus</strong></span> <span class='ocrx_word' id='word_1_393' title='bbox 1955 4212 2038 4260; x_wconf 90' lang='lat' dir='ltr'><strong>est</strong></span> 
     </span>
    </p>
   </div>
   <div class='ocr_carea' id='block_1_44' title="bbox 456 4292 2036 4365">
    <p class='ocr_par' dir='ltr' id='par_1_44' title="bbox 456 4292 2036 4365">
     <span class='ocr_line' id='line_1_44' title="bbox 456 4292 2036 4365; baseline 0.004 -20"><span class='ocrx_word' id='word_1_394' title='bbox 456 4294 652 4349; x_wconf 81' lang='lat' dir='ltr'><strong>malus.</strong></span> <span class='ocrx_word' id='word_1_395' title='bbox 674 4292 919 4349; x_wconf 79' lang='lat' dir='ltr'><strong>Christus</strong></span> <span class='ocrx_word' id='word_1_396' title='bbox 944 4301 1120 4349; x_wconf 84' lang='lat' dir='ltr'><strong>autem</strong></span> <span class='ocrx_word' id='word_1_397' title='bbox 1135 4292 1298 4361; x_wconf 85' lang='lat' dir='ltr'><strong>venit,</strong></span> <span class='ocrx_word' id='word_1_398' title='bbox 1327 4301 1384 4348; x_wconf 84' lang='lat' dir='ltr'><strong>et</strong></span> <span class='ocrx_word' id='word_1_399' title='bbox 1408 4292 1567 4364; x_wconf 71' lang='lat' dir='ltr'><strong>elegit</strong></span> <span class='ocrx_word' id='word_1_400' title='bbox 1588 4292 1730 4365; x_wconf 88' lang='lat' dir='ltr'><strong>quod</strong></span> <span class='ocrx_word' id='word_1_401' title='bbox 1754 4292 1898 4362; x_wconf 74' lang='lat' dir='ltr'><strong>fecit,</strong></span> <span class='ocrx_word' id='word_1_402' title='bbox 1928 4310 2036 4352; x_wconf 89' lang='lat' dir='ltr'><strong>non</strong></span> 
     </span>
    </p>
   </div>
   <div class='ocr_carea' id='block_1_45' title="bbox 455 4382 2033 4458">
    <p class='ocr_par' dir='ltr' id='par_1_45' title="bbox 455 4382 2033 4458">
     <span class='ocr_line' id='line_1_45' title="bbox 455 4382 2033 4458; baseline 0.001 -19"><span class='ocrx_word' id='word_1_403' title='bbox 455 4384 599 4453; x_wconf 88' lang='lat' dir='ltr'><strong>quod</strong></span> <span class='ocrx_word' id='word_1_404' title='bbox 631 4383 833 4440; x_wconf 73' lang='lat' dir='ltr'><strong>invenit</strong></span> <span class='ocrx_word' id='word_1_405' title='bbox 865 4399 881 4438; x_wconf 88' lang='lat'><strong>:</strong></span> <span class='ocrx_word' id='word_1_406' title='bbox 911 4398 1031 4438; x_wconf 73' lang='lat' dir='ltr'><strong>nam</strong></span> <span class='ocrx_word' id='word_1_407' title='bbox 1071 4397 1258 4438; x_wconf 85' lang='lat' dir='ltr'><strong>omnes</strong></span> <span class='ocrx_word' id='word_1_408' title='bbox 1293 4382 1462 4438; x_wconf 88' lang='lat' dir='ltr'><strong>malos</strong></span> <span class='ocrx_word' id='word_1_409' title='bbox 1504 4384 1741 4453; x_wconf 85' lang='lat' dir='ltr'><strong>invenit,</strong></span> <span class='ocrx_word' id='word_1_410' title='bbox 1774 4391 1829 4440; x_wconf 92' lang='lat' dir='ltr'><strong>et</strong></span> <span class='ocrx_word' id='word_1_411' title='bbox 1868 4388 2033 4458; x_wconf 79' lang='lat' dir='ltr'><strong>gratia</strong></span> 
     </span>
    </p>
   </div>
   <div class='ocr_carea' id='block_1_46' title="bbox 454 4462 2035 4536">
    <p class='ocr_par' dir='ltr' id='par_1_46' title="bbox 454 4462 2035 4536">
     <span class='ocr_line' id='line_1_46' title="bbox 454 4462 2035 4536; baseline 0.001 -2"><span class='ocrx_word' id='word_1_412' title='bbox 454 4491 553 4534; x_wconf 73' lang='lat' dir='ltr'><strong>sua</strong></span> <span class='ocrx_word' id='word_1_413' title='bbox 574 4476 746 4533; x_wconf 81' lang='lat' dir='ltr'><strong>bonos</strong></span> <span class='ocrx_word' id='word_1_414' title='bbox 768 4475 910 4533; x_wconf 77' lang='lat' dir='ltr'><strong>ierit.</strong></span> <span class='ocrx_word' id='word_1_415' title='bbox 941 4477 1007 4532; x_wconf 82' lang='lat' dir='ltr'><strong>Et</strong></span> <span class='ocrx_word' id='word_1_416' title='bbox 1034 4476 1201 4533; x_wconf 68' lang='lat' dir='ltr'><strong>hctus</strong></span> <span class='ocrx_word' id='word_1_417' title='bbox 1225 4484 1309 4532; x_wconf 87' lang='lat' dir='ltr'><strong>est</strong></span> <span class='ocrx_word' id='word_1_418' title='bbox 1330 4475 1467 4532; x_wconf 89' lang='lat' dir='ltr'><strong>alter</strong></span> <span class='ocrx_word' id='word_1_419' title='bbox 1487 4477 1715 4533; x_wconf 89' lang='lat' dir='ltr'><strong>mundus</strong></span> <span class='ocrx_word' id='word_1_420' title='bbox 1750 4496 1765 4533; x_wconf 93' lang='lat'><strong>:</strong></span> <span class='ocrx_word' id='word_1_421' title='bbox 1795 4485 1850 4535; x_wconf 83' lang='lat' dir='ltr'><strong>et</strong></span> <span class='ocrx_word' id='word_1_422' title='bbox 1876 4462 2035 4536; x_wconf 85' lang='lat' dir='ltr'><strong>mun-</strong></span> 
     </span>
    </p>
   </div>
   <div class='ocr_carea' id='block_1_47' title="bbox 458 4568 1224 4639">
    <p class='ocr_par' dir='ltr' id='par_1_47' title="bbox 458 4568 1224 4639">
     <span class='ocr_line' id='line_1_47' title="bbox 458 4568 1224 4639; baseline -0.001 -15"><span class='ocrx_word' id='word_1_423' title='bbox 458 4568 581 4624; x_wconf 67' lang='lat' dir='ltr'><strong>dum</strong></span> <span class='ocrx_word' id='word_1_424' title='bbox 610 4568 950 4639; x_wconf 74' lang='lat' dir='ltr'><strong>persequitur</strong></span> <span class='ocrx_word' id='word_1_425' title='bbox 974 4569 1224 4624; x_wconf 82' lang='lat' dir='ltr'><strong>mundus.</strong></span> 
     </span>
    </p>
   </div>
   <div class='ocr_carea' id='block_1_48' title="bbox 515 4672 2080 4752">
    <p class='ocr_par' dir='ltr' id='par_1_48' title="bbox 515 4672 2080 4752">
     <span class='ocr_line' id='line_1_48' title="bbox 515 4672 2080 4752; baseline 0.003 -20"><span class='ocrx_word' id='word_1_426' title='bbox 515 4675 747 4734; x_wconf 80' lang='lat' dir='ltr'><strong>CAPUT</strong></span> <span class='ocrx_word' id='word_1_427' title='bbox 785 4672 897 4732; x_wconf 69' lang='grc' dir='ltr'>ΥΠ.</span> <span class='ocrx_word' id='word_1_428' title='bbox 935 4706 1011 4720; x_wconf 91' lang='grc'><strong>-</strong></span> <span class='ocrx_word' id='word_1_429' title='bbox 1045 4674 1100 4733; x_wconf 80' lang='grc'><strong>⁸1.</strong></span> <span class='ocrx_word' id='word_1_430' title='bbox 1140 4674 1369 4733; x_wconf 71' lang='lat' dir='ltr'><strong>Mundus</strong></span> <span class='ocrx_word' id='word_1_431' title='bbox 1418 4694 1719 4752; x_wconf 76' lang='lat' dir='ltr'><strong>persequens</strong></span> <span class='ocrx_word' id='word_1_432' title='bbox 1768 4681 2036 4751; x_wconf 77' lang='lat' dir='ltr'><strong>mundum.</strong></span> <span class='ocrx_word' id='word_1_433' title='bbox 2067 4685 2080 4701; x_wconf 88' lang='lat'><strong>&#39;</strong></span> 
     </span>
    </p>
   </div>
   <div class='ocr_carea' id='block_1_49' title="bbox 451 4767 2037 4846">
    <p class='ocr_par' dir='ltr' id='par_1_49' title="bbox 451 4767 2037 4846">
     <span class='ocr_line' id='line_1_49' title="bbox 451 4767 2037 4846; baseline 0.006 -24"><span class='ocrx_word' id='word_1_434' title='bbox 451 4767 580 4833; x_wconf 82' lang='lat' dir='ltr'><strong>Quis</strong></span> <span class='ocrx_word' id='word_1_435' title='bbox 607 4779 689 4822; x_wconf 89' lang='lat' dir='ltr'><strong>est</strong></span> <span class='ocrx_word' id='word_1_436' title='bbox 714 4768 947 4825; x_wconf 83' lang='lat' dir='ltr'><strong>mundus</strong></span> <span class='ocrx_word' id='word_1_437' title='bbox 974 4768 1068 4843; x_wconf 85' lang='lat' dir='ltr'><strong>qui</strong></span> <span class='ocrx_word' id='word_1_438' title='bbox 1093 4772 1469 4841; x_wconf 77' lang='lat' dir='ltr'><strong>persequitur?</strong></span> <span class='ocrx_word' id='word_1_439' title='bbox 1509 4772 1587 4828; x_wconf 90' lang='lat' dir='ltr'><strong>De</strong></span> <span class='ocrx_word' id='word_1_440' title='bbox 1629 4788 1737 4846; x_wconf 89' lang='lat' dir='ltr'><strong>quo</strong></span> <span class='ocrx_word' id='word_1_441' title='bbox 1765 4773 1924 4831; x_wconf 89' lang='lat' dir='ltr'><strong>nobis</strong></span> <span class='ocrx_word' id='word_1_442' title='bbox 1949 4774 2037 4832; x_wconf 82' lang='lat' dir='ltr'><strong>di-</strong></span> 
     </span>
    </p>
   </div>
   <div class='ocr_carea' id='block_1_50' title="bbox 448 4857 2036 4935">
    <p class='ocr_par' dir='ltr' id='par_1_50' title="bbox 448 4857 2036 4935">
     <span class='ocr_line' id='line_1_50' title="bbox 448 4857 2036 4935; baseline 0.005 -22"><span class='ocrx_word' id='word_1_443' title='bbox 448 4861 606 4926; x_wconf 88' lang='lat' dir='ltr'><strong>citur,</strong></span> <span class='ocrx_word' id='word_1_444' title='bbox 630 4857 804 4915; x_wconf 78' lang='lat' dir='ltr'><strong>Nolite</strong></span> <span class='ocrx_word' id='word_1_445' title='bbox 824 4862 1034 4935; x_wconf 77' lang='lat' dir='ltr'><strong>diligere</strong></span> <span class='ocrx_word' id='word_1_446' title='bbox 1054 4863 1319 4927; x_wconf 88' lang='lat' dir='ltr'><strong>mundum,</strong></span> <span class='ocrx_word' id='word_1_447' title='bbox 1343 4871 1389 4916; x_wconf 91' lang='lat' dir='ltr'><strong>et</strong></span> <span class='ocrx_word' id='word_1_448' title='bbox 1404 4879 1463 4917; x_wconf 91' lang='lat' dir='ltr'><strong>ea</strong></span> <span class='ocrx_word' id='word_1_449' title='bbox 1486 4880 1598 4933; x_wconf 69' lang='lat' dir='ltr'><strong>quas</strong></span> <span class='ocrx_word' id='word_1_450' title='bbox 1616 4865 1668 4919; x_wconf 87' lang='lat' dir='ltr'><strong>in</strong></span> <span class='ocrx_word' id='word_1_451' title='bbox 1690 4867 1879 4929; x_wconf 81' lang='lat' dir='ltr'><strong>mundo</strong></span> <span class='ocrx_word' id='word_1_452' title='bbox 1898 4873 2036 4922; x_wconf 86' lang='lat' dir='ltr'><strong>sunt.</strong></span> 
     </span>
    </p>
   </div>
   <div class='ocr_carea' id='block_1_51' title="bbox 451 4950 2041 5023">
    <p class='ocr_par' dir='ltr' id='par_1_51' title="bbox 451 4950 2041 5023">
     <span class='ocr_line' id='line_1_51' title="bbox 451 4950 2041 5023; baseline 0.008 -19"><span class='ocrx_word' id='word_1_453' title='bbox 451 4950 695 5021; x_wconf 78' lang='lat' dir='ltr'><strong>Quisquis</strong></span> <span class='ocrx_word' id='word_1_454' title='bbox 718 4953 952 5008; x_wconf 65' lang='lat' dir='ltr'><strong>dilacerit</strong></span> <span class='ocrx_word' id='word_1_455' title='bbox 978 4954 1241 5021; x_wconf 87' lang='lat' dir='ltr'><strong>mundum,</strong></span> <span class='ocrx_word' id='word_1_456' title='bbox 1283 4971 1385 5010; x_wconf 90' lang='lat' dir='ltr'><strong>non</strong></span> <span class='ocrx_word' id='word_1_457' title='bbox 1429 4963 1501 5010; x_wconf 91' lang='lat' dir='ltr'><strong>est</strong></span> <span class='ocrx_word' id='word_1_458' title='bbox 1536 4957 1759 5023; x_wconf 85' lang='lat' dir='ltr'><strong>charitas</strong></span> <span class='ocrx_word' id='word_1_459' title='bbox 1790 4956 1962 5016; x_wconf 84' lang='lat' dir='ltr'><strong>Patris</strong></span> <span class='ocrx_word' id='word_1_460' title='bbox 1985 4959 2041 5015; x_wconf 79' lang='lat' dir='ltr'><strong>in</strong></span> 
     </span>
    </p>
   </div>
   <div class='ocr_carea' id='block_1_52' title="bbox 449 5045 2042 5121">
    <p class='ocr_par' dir='ltr' id='par_1_52' title="bbox 449 5045 2042 5121">
     <span class='ocr_line' id='line_1_52' title="bbox 449 5045 2042 5121; baseline 0.006 -23"><span class='ocrx_word' id='word_1_461' title='bbox 449 5045 559 5099; x_wconf 90' lang='lat' dir='ltr'><strong>illo.</strong></span> <span class='ocrx_word' id='word_1_462' title='bbox 592 5046 726 5112; x_wconf 87' lang='lat' dir='ltr'><strong>Quia</strong></span> <span class='ocrx_word' id='word_1_463' title='bbox 768 5047 938 5100; x_wconf 87' lang='lat' dir='ltr'><strong>omnia</strong></span> <span class='ocrx_word' id='word_1_464' title='bbox 977 5062 1093 5117; x_wconf 69' lang='lat' dir='ltr'><strong>qua:</strong></span> <span class='ocrx_word' id='word_1_465' title='bbox 1134 5047 1186 5101; x_wconf 90' lang='lat' dir='ltr'><strong>in</strong></span> <span class='ocrx_word' id='word_1_466' title='bbox 1232 5048 1419 5102; x_wconf 89' lang='lat' dir='ltr'><strong>mundo</strong></span> <span class='ocrx_word' id='word_1_467' title='bbox 1456 5057 1594 5114; x_wconf 90' lang='lat' dir='ltr'><strong>sunt,</strong></span> <span class='ocrx_word' id='word_1_468' title='bbox 1637 5052 2042 5121; x_wconf 77' lang='lat' dir='ltr'><strong>concupiscentia</strong></span> 
     </span>
    </p>
   </div>
   <div class='ocr_carea' id='block_1_53' title="bbox 451 5141 2038 5216">
    <p class='ocr_par' dir='ltr' id='par_1_53' title="bbox 451 5141 2038 5216">
     <span class='ocr_line' id='line_1_53' title="bbox 451 5141 2038 5216; baseline 0.004 -24"><span class='ocrx_word' id='word_1_469' title='bbox 451 5141 619 5195; x_wconf 83' lang='lat' dir='ltr'><strong>carnis</strong></span> <span class='ocrx_word' id='word_1_470' title='bbox 640 5149 733 5208; x_wconf 90' lang='lat' dir='ltr'><strong>est,</strong></span> <span class='ocrx_word' id='word_1_471' title='bbox 753 5150 801 5196; x_wconf 91' lang='lat' dir='ltr'><strong>et</strong></span> <span class='ocrx_word' id='word_1_472' title='bbox 820 5143 1224 5212; x_wconf 84' lang='lat' dir='ltr'><strong>concupiscentia</strong></span> <span class='ocrx_word' id='word_1_473' title='bbox 1245 5142 1528 5213; x_wconf 84' lang='lat' dir='ltr'><strong>oculorum,</strong></span> <span class='ocrx_word' id='word_1_474' title='bbox 1551 5152 1597 5198; x_wconf 90' lang='lat' dir='ltr'><strong>et</strong></span> <span class='ocrx_word' id='word_1_475' title='bbox 1622 5145 1825 5200; x_wconf 83' lang='lat' dir='ltr'><strong>ambitio</strong></span> <span class='ocrx_word' id='word_1_476' title='bbox 1845 5145 2038 5216; x_wconf 82' lang='lat' dir='ltr'><strong>steculi,</strong></span> 
     </span>
    </p>
   </div>
   <div class='ocr_carea' id='block_1_54' title="bbox 429 5233 2042 5303">
    <p class='ocr_par' dir='ltr' id='par_1_54' title="bbox 429 5233 2042 5303">
     <span class='ocr_line' id='line_1_54' title="bbox 429 5233 2042 5303; baseline 0.005 -18"><span class='ocrx_word' id='word_1_477' title='bbox 429 5244 565 5301; x_wconf 79' lang='lat' dir='ltr'><strong>‘qute</strong></span> <span class='ocrx_word' id='word_1_478' title='bbox 608 5249 708 5287; x_wconf 90' lang='lat' dir='ltr'><strong>non</strong></span> <span class='ocrx_word' id='word_1_479' title='bbox 749 5242 822 5287; x_wconf 87' lang='lat' dir='ltr'><strong>est</strong></span> <span class='ocrx_word' id='word_1_480' title='bbox 864 5250 897 5287; x_wconf 92' lang='lat' dir='ltr'><strong>a</strong></span> <span class='ocrx_word' id='word_1_481' title='bbox 940 5233 1117 5303; x_wconf 78' lang='lat' dir='ltr'><strong>Patre,</strong></span> <span class='ocrx_word' id='word_1_482' title='bbox 1167 5236 1256 5289; x_wconf 88' lang='lat' dir='ltr'><strong>sed</strong></span> <span class='ocrx_word' id='word_1_483' title='bbox 1284 5252 1348 5290; x_wconf 75' lang='lat' dir='ltr'><strong>ex</strong></span> <span class='ocrx_word' id='word_1_484' title='bbox 1388 5235 1575 5291; x_wconf 86' lang='lat' dir='ltr'><strong>mundo</strong></span> <span class='ocrx_word' id='word_1_485' title='bbox 1603 5246 1696 5291; x_wconf 87' lang='lat' dir='ltr'><strong>est.</strong></span> <span class='ocrx_word' id='word_1_486' title='bbox 1725 5235 1793 5291; x_wconf 87' lang='lat' dir='ltr'><strong>Et</strong></span> <span class='ocrx_word' id='word_1_487' title='bbox 1820 5238 2042 5293; x_wconf 85' lang='lat' dir='ltr'><strong>mundus</strong></span> 
     </span>
    </p>
   </div>
   <div class='ocr_carea' id='block_1_55' title="bbox 455 5326 2045 5400">
    <p class='ocr_par' dir='ltr' id='par_1_55' title="bbox 455 5326 2045 5400">
     <span class='ocr_line' id='line_1_55' title="bbox 455 5326 2045 5400; baseline 0.003 -22"><span class='ocrx_word' id='word_1_488' title='bbox 455 5326 658 5391; x_wconf 84' lang='lat' dir='ltr'><strong>transit,</strong></span> <span class='ocrx_word' id='word_1_489' title='bbox 686 5335 733 5379; x_wconf 87' lang='lat' dir='ltr'><strong>et</strong></span> <span class='ocrx_word' id='word_1_490' title='bbox 760 5326 1164 5398; x_wconf 83' lang='lat' dir='ltr'><strong>concupiscentia</strong></span> <span class='ocrx_word' id='word_1_491' title='bbox 1189 5328 1315 5399; x_wconf 84' lang='lat' dir='ltr'><strong>ejus.</strong></span> <span class='ocrx_word' id='word_1_492' title='bbox 1348 5327 1448 5395; x_wconf 89' lang='lat' dir='ltr'><strong>Qui</strong></span> <span class='ocrx_word' id='word_1_493' title='bbox 1466 5337 1632 5385; x_wconf 86' lang='lat' dir='ltr'><strong>autem</strong></span> <span class='ocrx_word' id='word_1_494' title='bbox 1650 5328 1845 5400; x_wconf 81' lang='lat' dir='ltr'><strong>per/icit</strong></span> <span class='ocrx_word' id='word_1_495' title='bbox 1866 5328 2045 5385; x_wconf 85' lang='lat' dir='ltr'><strong>volun-</strong></span> 
     </span>
    </p>
   </div>
   <div class='ocr_carea' id='block_1_56' title="bbox 456 5418 2041 5491">
    <p class='ocr_par' dir='ltr' id='par_1_56' title="bbox 456 5418 2041 5491">
     <span class='ocr_line' id='line_1_56' title="bbox 456 5418 2041 5491; baseline 0.003 -18"><span class='ocrx_word' id='word_1_496' title='bbox 456 5428 609 5473; x_wconf 87' lang='lat' dir='ltr'><strong>tatem</strong></span> <span class='ocrx_word' id='word_1_497' title='bbox 656 5418 790 5487; x_wconf 86' lang='lat' dir='ltr'><strong>Dei,</strong></span> <span class='ocrx_word' id='word_1_498' title='bbox 837 5431 1005 5475; x_wconf 89' lang='lat' dir='ltr'><strong>manet</strong></span> <span class='ocrx_word' id='word_1_499' title='bbox 1050 5422 1103 5476; x_wconf 88' lang='lat' dir='ltr'><strong>in</strong></span> <span class='ocrx_word' id='word_1_500' title='bbox 1150 5432 1426 5489; x_wconf 82' lang='lat' dir='ltr'><strong>teternum,</strong></span> <span class='ocrx_word' id='word_1_501' title='bbox 1480 5422 1608 5476; x_wconf 87' lang='lat' dir='ltr'><strong>sicut</strong></span> <span class='ocrx_word' id='word_1_502' title='bbox 1650 5430 1698 5476; x_wconf 90' lang='lat' dir='ltr'><strong>et</strong></span> <span class='ocrx_word' id='word_1_503' title='bbox 1742 5421 1884 5491; x_wconf 72' lang='lat' dir='ltr'><strong>Deus</strong></span> <span class='ocrx_word' id='word_1_504' title='bbox 1926 5438 2041 5476; x_wconf 88' lang='lat' dir='ltr'><strong>ma-</strong></span> 
     </span>
    </p>
   </div>
   <div class='ocr_carea' id='block_1_57' title="bbox 457 5511 2044 5587">
    <p class='ocr_par' dir='ltr' id='par_1_57' title="bbox 457 5511 2044 5587">
     <span class='ocr_line' id='line_1_57' title="bbox 457 5511 2044 5587; baseline 0.002 -22"><span class='ocrx_word' id='word_1_505' title='bbox 457 5520 539 5565; x_wconf 89' lang='lat' dir='ltr'><strong>net</strong></span> <span class='ocrx_word' id='word_1_506' title='bbox 566 5511 619 5564; x_wconf 88' lang='lat' dir='ltr'><strong>in</strong></span> <span class='ocrx_word' id='word_1_507' title='bbox 648 5519 891 5564; x_wconf 72' lang='lat' dir='ltr'><strong>wternum</strong></span> <span class='ocrx_word' id='word_1_508' title='bbox 917 5511 963 5583; x_wconf 85' lang='grc' dir='ltr'><strong>(Ι</strong></span> <span class='ocrx_word' id='word_1_509' title='bbox 981 5513 1136 5567; x_wconf 83' lang='lat' dir='ltr'><strong>Joan.</strong></span> <span class='ocrx_word' id='word_1_510' title='bbox 1182 5530 1240 5579; x_wconf 84' lang='grc' dir='ltr'>ιι,</span> <span class='ocrx_word' id='word_1_511' title='bbox 1277 5512 1481 5587; x_wconf 84' lang='lat' dir='ltr'><strong>l5-i7).</strong></span> <span class='ocrx_word' id='word_1_512' title='bbox 1514 5512 1654 5568; x_wconf 88' lang='lat' dir='ltr'><strong>Ecce</strong></span> <span class='ocrx_word' id='word_1_513' title='bbox 1674 5513 1858 5579; x_wconf 89' lang='lat' dir='ltr'><strong>ambos</strong></span> <span class='ocrx_word' id='word_1_514' title='bbox 1883 5528 2044 5568; x_wconf 89' lang='lat' dir='ltr'><strong>mun-</strong></span> 
     </span>
    </p>
   </div>
   <div class='ocr_carea' id='block_1_58' title="bbox 458 5603 2040 5679">
    <p class='ocr_par' dir='ltr' id='par_1_58' title="bbox 458 5603 2040 5679">
     <span class='ocr_line' id='line_1_58' title="bbox 458 5603 2040 5679; baseline 0.003 -22"><span class='ocrx_word' id='word_1_515' title='bbox 458 5603 557 5658; x_wconf 85' lang='lat' dir='ltr'><strong>dos</strong></span> <span class='ocrx_word' id='word_1_516' title='bbox 604 5603 747 5666; x_wconf 85' lang='lat' dir='ltr'><strong>dixi,</strong></span> <span class='ocrx_word' id='word_1_517' title='bbox 802 5614 853 5656; x_wconf 84' lang='lat' dir='ltr'><strong>et</strong></span> <span class='ocrx_word' id='word_1_518' title='bbox 906 5618 1345 5677; x_wconf 89' lang='lat' dir='ltr'><strong>persequentem,</strong></span> <span class='ocrx_word' id='word_1_519' title='bbox 1390 5618 1443 5662; x_wconf 89' lang='lat' dir='ltr'><strong>et</strong></span> <span class='ocrx_word' id='word_1_520' title='bbox 1480 5623 1635 5679; x_wconf 88' lang='lat' dir='ltr'><strong>quem</strong></span> <span class='ocrx_word' id='word_1_521' title='bbox 1686 5607 2040 5678; x_wconf 80' lang='lat' dir='ltr'><strong>persequitur.</strong></span> 
     </span>
    </p>
   </div>
   <div class='ocr_carea' id='block_1_59' title="bbox 457 5696 2044 5772">
    <p class='ocr_par' dir='ltr' id='par_1_59' title="bbox 457 5696 2044 5772">
     <span class='ocr_line' id='line_1_59' title="bbox 457 5696 2044 5772; baseline 0.003 -22"><span class='ocrx_word' id='word_1_522' title='bbox 457 5696 588 5771; x_wconf 84' lang='lat' dir='ltr'><strong>Quis</strong></span> <span class='ocrx_word' id='word_1_523' title='bbox 629 5706 709 5752; x_wconf 86' lang='lat' dir='ltr'><strong>est</strong></span> <span class='ocrx_word' id='word_1_524' title='bbox 738 5697 968 5751; x_wconf 88' lang='lat' dir='ltr'><strong>mundus</strong></span> <span class='ocrx_word' id='word_1_525' title='bbox 1009 5699 1367 5770; x_wconf 83' lang='lat' dir='ltr'><strong>persequens?</strong></span> <span class='ocrx_word' id='word_1_526' title='bbox 1400 5700 1585 5755; x_wconf 85' lang='lat' dir='ltr'><strong>Omnia</strong></span> <span class='ocrx_word' id='word_1_527' title='bbox 1622 5716 1733 5772; x_wconf 70' lang='lat' dir='ltr'><strong>qua:</strong></span> <span class='ocrx_word' id='word_1_528' title='bbox 1765 5702 1818 5753; x_wconf 88' lang='lat' dir='ltr'><strong>in</strong></span> <span class='ocrx_word' id='word_1_529' title='bbox 1856 5700 2044 5755; x_wconf 82' lang='lat' dir='ltr'><strong>mundo</strong></span> 
     </span>
    </p>
   </div>
   <div class='ocr_carea' id='block_1_60' title="bbox 460 5789 2046 5877">
    <p class='ocr_par' dir='ltr' id='par_1_60' title="bbox 460 5789 2046 5877">
     <span class='ocr_line' id='line_1_60' title="bbox 460 5789 2046 5877; baseline 0.001 -33"><span class='ocrx_word' id='word_1_530' title='bbox 460 5798 599 5860; x_wconf 84' lang='lat' dir='ltr'><strong>sunt,</strong></span> <span class='ocrx_word' id='word_1_531' title='bbox 662 5789 1064 5877; x_wconf 72' lang='lat' dir='ltr'><strong>concupiscentia</strong></span> <span class='ocrx_word' id='word_1_532' title='bbox 1113 5794 1319 5863; x_wconf 83' lang='lat' dir='ltr'><strong>carnis,</strong></span> <span class='ocrx_word' id='word_1_533' title='bbox 1378 5803 1423 5849; x_wconf 88' lang='lat' dir='ltr'><strong>ct</strong></span> <span class='ocrx_word' id='word_1_534' title='bbox 1472 5792 1876 5861; x_wconf 83' lang='lat' dir='ltr'><strong>concupiscentia</strong></span> <span class='ocrx_word' id='word_1_535' title='bbox 1924 5807 2046 5855; x_wconf 84' lang='lat' dir='ltr'><strong>ocu-</strong></span> 
     </span>
    </p>
   </div>
   <div class='ocr_carea' id='block_1_61' title="bbox 1724 303 2523 389">
    <p class='ocr_par' dir='ltr' id='par_1_61' title="bbox 1724 303 2523 389">
     <span class='ocr_line' id='line_1_61' title="bbox 1724 303 2523 389; baseline 0.004 -27"><span class='ocrx_word' id='word_1_536' title='bbox 1724 307 1783 362; x_wconf 90' lang='lat' dir='ltr'><strong>S.</strong></span> <span class='ocrx_word' id='word_1_537' title='bbox 1822 303 2183 389; x_wconf 73' lang='lat' dir='ltr'><strong>AUC-USTIN]</strong></span> <span class='ocrx_word' id='word_1_538' title='bbox 2224 305 2523 367; x_wconf 82' lang='lat' dir='ltr'><strong>EPISCOPI</strong></span> 
     </span>
    </p>
   </div>
   <div class='ocr_carea' id='block_1_62' title="bbox 2167 429 3752 515">
    <p class='ocr_par' dir='ltr' id='par_1_62' title="bbox 2167 429 3752 515">
     <span class='ocr_line' id='line_1_62' title="bbox 2167 429 3752 515; baseline 0.015 -32"><span class='ocrx_word' id='word_1_539' title='bbox 2167 429 2348 498; x_wconf 82' lang='lat' dir='ltr'><strong>lorum,</strong></span> <span class='ocrx_word' id='word_1_540' title='bbox 2376 441 2425 487; x_wconf 90' lang='lat' dir='ltr'><strong>et</strong></span> <span class='ocrx_word' id='word_1_541' title='bbox 2452 433 2654 491; x_wconf 82' lang='lat' dir='ltr'><strong>ambitio</strong></span> <span class='ocrx_word' id='word_1_542' title='bbox 2690 438 2864 496; x_wconf 77' lang='lat' dir='ltr'><strong>steculi</strong></span> <span class='ocrx_word' id='word_1_543' title='bbox 2889 447 2924 508; x_wconf 85' lang='lat'><strong>,&#39;</strong></span> <span class='ocrx_word' id='word_1_544' title='bbox 2952 455 3067 515; x_wconf 69' lang='lat' dir='ltr'><strong>qua:</strong></span> <span class='ocrx_word' id='word_1_545' title='bbox 3092 457 3194 499; x_wconf 84' lang='lat' dir='ltr'><strong>non</strong></span> <span class='ocrx_word' id='word_1_546' title='bbox 3232 451 3305 500; x_wconf 85' lang='lat' dir='ltr'><strong>est</strong></span> <span class='ocrx_word' id='word_1_547' title='bbox 3342 459 3377 503; x_wconf 89' lang='lat' dir='ltr'><strong>a</strong></span> <span class='ocrx_word' id='word_1_548' title='bbox 3421 443 3579 509; x_wconf 83' lang='lat' dir='ltr'><strong>Patre</strong></span> <span class='ocrx_word' id='word_1_549' title='bbox 3601 487 3622 515; x_wconf 85' lang='lat'><strong>,</strong></span> <span class='ocrx_word' id='word_1_550' title='bbox 3659 446 3752 505; x_wconf 79' lang='lat' dir='ltr'><strong>sed</strong></span> 
     </span>
    </p>
   </div>
   <div class='ocr_carea' id='block_1_63' title="bbox 2164 524 3748 599">
    <p class='ocr_par' dir='ltr' id='par_1_63' title="bbox 2164 524 3748 599">
     <span class='ocr_line' id='line_1_63' title="bbox 2164 524 3748 599; baseline 0.012 -22"><span class='ocrx_word' id='word_1_551' title='bbox 2164 539 2228 578; x_wconf 76' lang='lat' dir='ltr'><strong>ea:</strong></span> <span class='ocrx_word' id='word_1_552' title='bbox 2252 524 2439 580; x_wconf 86' lang='lat' dir='ltr'><strong>mundo</strong></span> <span class='ocrx_word' id='word_1_553' title='bbox 2466 536 2537 591; x_wconf 78' lang='lat' dir='ltr'><strong>est</strong></span> <span class='ocrx_word' id='word_1_554' title='bbox 2568 543 2587 582; x_wconf 90' lang='lat'><strong><em>:</em></strong></span> <span class='ocrx_word' id='word_1_555' title='bbox 2617 538 2664 583; x_wconf 89' lang='lat' dir='ltr'><strong>et</strong></span> <span class='ocrx_word' id='word_1_556' title='bbox 2688 531 2905 589; x_wconf 86' lang='lat' dir='ltr'><strong>mundus</strong></span> <span class='ocrx_word' id='word_1_557' title='bbox 2929 534 3135 599; x_wconf 38' lang='lat' dir='ltr'><strong>transite</strong></span> <span class='ocrx_word' id='word_1_558' title='bbox 3168 534 3310 593; x_wconf 87' lang='lat' dir='ltr'><strong>Ecce</strong></span> <span class='ocrx_word' id='word_1_559' title='bbox 3337 535 3437 591; x_wconf 85' lang='lat' dir='ltr'><strong>iste</strong></span> <span class='ocrx_word' id='word_1_560' title='bbox 3475 545 3558 595; x_wconf 79' lang='lat' dir='ltr'><strong>est</strong></span> <span class='ocrx_word' id='word_1_561' title='bbox 3585 553 3748 597; x_wconf 87' lang='lat' dir='ltr'><strong>mun-</strong></span> 
     </span>
    </p>
   </div>
   <div class='ocr_carea' id='block_1_64' title="bbox 2165 612 3755 701">
    <p class='ocr_par' dir='ltr' id='par_1_64' title="bbox 2165 612 3755 701">
     <span class='ocr_line' id='line_1_64' title="bbox 2165 612 3755 701; baseline 0.011 -33"><span class='ocrx_word' id='word_1_562' title='bbox 2165 612 2264 669; x_wconf 90' lang='lat' dir='ltr'><strong>dus</strong></span> <span class='ocrx_word' id='word_1_563' title='bbox 2295 631 2636 688; x_wconf 84' lang='lat' dir='ltr'><strong>persequens.</strong></span> <span class='ocrx_word' id='word_1_564' title='bbox 2666 620 2795 689; x_wconf 83' lang='lat' dir='ltr'><strong>Quis</strong></span> <span class='ocrx_word' id='word_1_565' title='bbox 2823 631 2905 677; x_wconf 83' lang='lat' dir='ltr'><strong>est</strong></span> <span class='ocrx_word' id='word_1_566' title='bbox 2933 625 3160 689; x_wconf 87' lang='lat' dir='ltr'><strong>mundus</strong></span> <span class='ocrx_word' id='word_1_567' title='bbox 3184 642 3343 699; x_wconf 82' lang='lat' dir='ltr'><strong>quem</strong></span> <span class='ocrx_word' id='word_1_568' title='bbox 3374 630 3755 701; x_wconf 82' lang='lat' dir='ltr'><strong>persequiturl.</strong></span> 
     </span>
    </p>
   </div>
   <div class='ocr_carea' id='block_1_65' title="bbox 2169 705 3743 790">
    <p class='ocr_par' dir='ltr' id='par_1_65' title="bbox 2169 705 3743 790">
     <span class='ocr_line' id='line_1_65' title="bbox 2169 705 3743 790; baseline 0.011 -30"><span class='ocrx_word' id='word_1_569' title='bbox 2169 705 2405 778; x_wconf 81' lang='lat' dir='ltr'><strong>Quisquis</strong></span> <span class='ocrx_word' id='word_1_570' title='bbox 2433 713 2603 780; x_wconf 67' lang='lat' dir='ltr'><strong>fecerit</strong></span> <span class='ocrx_word' id='word_1_571' title='bbox 2630 714 2930 777; x_wconf 80' lang='lat' dir='ltr'><strong>voluntatem</strong></span> <span class='ocrx_word' id='word_1_572' title='bbox 2957 716 3075 787; x_wconf 67' lang='lat' dir='ltr'><strong>Dei.</strong></span> <span class='ocrx_word' id='word_1_573' title='bbox 3104 728 3273 787; x_wconf 60' lang='lat' dir='ltr'><strong>manet</strong></span> <span class='ocrx_word' id='word_1_574' title='bbox 3297 721 3349 783; x_wconf 80' lang='lat' dir='ltr'><strong>in</strong></span> <span class='ocrx_word' id='word_1_575' title='bbox 3379 731 3645 790; x_wconf 67' lang='lat' dir='ltr'><strong>attentum,</strong></span> <span class='ocrx_word' id='word_1_576' title='bbox 3676 722 3743 781; x_wconf 75' lang='lat' dir='ltr'><strong>si-</strong></span> 
     </span>
    </p>
   </div>
   <div class='ocr_carea' id='block_1_66' title="bbox 2162 801 3043 873">
    <p class='ocr_par' dir='ltr' id='par_1_66' title="bbox 2162 801 3043 873">
     <span class='ocr_line' id='line_1_66' title="bbox 2162 801 3043 873; baseline 0.011 -19"><span class='ocrx_word' id='word_1_577' title='bbox 2162 810 2246 863; x_wconf 82' lang='lat' dir='ltr'><strong>cut</strong></span> <span class='ocrx_word' id='word_1_578' title='bbox 2272 810 2317 868; x_wconf 84' lang='lat' dir='ltr'><strong>et</strong></span> <span class='ocrx_word' id='word_1_579' title='bbox 2347 801 2487 859; x_wconf 89' lang='lat' dir='ltr'><strong>Deus</strong></span> <span class='ocrx_word' id='word_1_580' title='bbox 2512 817 2674 861; x_wconf 89' lang='lat' dir='ltr'><strong>manet</strong></span> <span class='ocrx_word' id='word_1_581' title='bbox 2703 808 2754 862; x_wconf 89' lang='lat' dir='ltr'><strong>in</strong></span> <span class='ocrx_word' id='word_1_582' title='bbox 2779 820 3043 873; x_wconf 63' lang='lat' dir='ltr'><strong>(sternam.</strong></span> 
     </span>
    </p>
   </div>
   <div class='ocr_carea' id='block_1_67' title="bbox 2232 891 3753 979">
    <p class='ocr_par' dir='ltr' id='par_1_67' title="bbox 2232 891 3753 979">
     <span class='ocr_line' id='line_1_67' title="bbox 2232 891 3753 979; baseline 0.014 -35"><span class='ocrx_word' id='word_1_583' title='bbox 2232 891 2283 951; x_wconf 91' lang='lat'><strong>8.</strong></span> <span class='ocrx_word' id='word_1_584' title='bbox 2310 892 2534 955; x_wconf 71' lang='lat' dir='ltr'><strong>Mundus</strong></span> <span class='ocrx_word' id='word_1_585' title='bbox 2553 898 2605 952; x_wconf 90' lang='lat' dir='ltr'><strong>in</strong></span> <span class='ocrx_word' id='word_1_586' title='bbox 2632 898 2909 969; x_wconf 80' lang='lat' dir='ltr'><strong>Scripturis</strong></span> <span class='ocrx_word' id='word_1_587' title='bbox 2931 902 3139 973; x_wconf 61' lang='lat' dir='ltr'><strong>duplex,</strong></span> <span class='ocrx_word' id='word_1_588' title='bbox 3161 903 3445 979; x_wconf 70' lang='lat' dir='ltr'><strong>redemptus</strong></span> <span class='ocrx_word' id='word_1_589' title='bbox 3466 915 3512 973; x_wconf 85' lang='lat' dir='ltr'><strong>et</strong></span> <span class='ocrx_word' id='word_1_590' title='bbox 3533 907 3753 965; x_wconf 57' lang='lat' dir='ltr'><strong>domum.</strong></span> 
     </span>
    </p>
   </div>
   <div class='ocr_carea' id='block_1_68' title="bbox 2162 984 3744 1075">
    <p class='ocr_par' dir='ltr' id='par_1_68' title="bbox 2162 984 3744 1075">
     <span class='ocr_line' id='line_1_68' title="bbox 2162 984 3744 1075; baseline 0.012 -37"><span class='ocrx_word' id='word_1_591' title='bbox 2162 991 2260 1049; x_wconf 75' lang='lat' dir='ltr'><strong>tus.</strong></span> <span class='ocrx_word' id='word_1_592' title='bbox 2300 984 2405 1049; x_wconf 89' lang='lat' dir='ltr'><strong>Sed</strong></span> <span class='ocrx_word' id='word_1_593' title='bbox 2446 1003 2600 1055; x_wconf 88' lang='lat' dir='ltr'><strong>ecce,</strong></span> <span class='ocrx_word' id='word_1_594' title='bbox 2644 990 2729 1046; x_wconf 87' lang='lat' dir='ltr'><strong>ille</strong></span> <span class='ocrx_word' id='word_1_595' title='bbox 2756 993 2842 1063; x_wconf 84' lang='lat' dir='ltr'><strong>qui</strong></span> <span class='ocrx_word' id='word_1_596' title='bbox 2885 996 3255 1075; x_wconf 77' lang='lat' dir='ltr'><strong>persequitur,</strong></span> <span class='ocrx_word' id='word_1_597' title='bbox 3305 999 3541 1067; x_wconf 69' lang='lat' dir='ltr'><strong>mundus.</strong></span> <span class='ocrx_word' id='word_1_598' title='bbox 3583 1016 3744 1059; x_wconf 64' lang='lat' dir='ltr'><strong>voca-</strong></span> 
     </span>
    </p>
   </div>
   <div class='ocr_carea' id='block_1_69' title="bbox 2162 1078 3753 1167">
    <p class='ocr_par' dir='ltr' id='par_1_69' title="bbox 2162 1078 3753 1167">
     <span class='ocr_line' id='line_1_69' title="bbox 2162 1078 3753 1167; baseline 0.011 -38"><span class='ocrx_word' id='word_1_599' title='bbox 2162 1086 2281 1131; x_wconf 89' lang='lat' dir='ltr'><strong>tur:</strong></span> <span class='ocrx_word' id='word_1_600' title='bbox 2316 1078 2618 1153; x_wconf 77' lang='lat' dir='ltr'><strong>probemuS.</strong></span> <span class='ocrx_word' id='word_1_601' title='bbox 2650 1083 2693 1143; x_wconf 85' lang='lat' dir='ltr'><strong>si</strong></span> <span class='ocrx_word' id='word_1_602' title='bbox 2725 1092 2778 1145; x_wconf 91' lang='lat' dir='ltr'><strong>et</strong></span> <span class='ocrx_word' id='word_1_603' title='bbox 2804 1084 2893 1147; x_wconf 82' lang='lat' dir='ltr'><strong>ille</strong></span> <span class='ocrx_word' id='word_1_604' title='bbox 2931 1086 3018 1156; x_wconf 82' lang='lat' dir='ltr'><strong>qui</strong></span> <span class='ocrx_word' id='word_1_605' title='bbox 3062 1089 3483 1167; x_wconf 81' lang='lat' dir='ltr'><strong>persecutionem</strong></span> <span class='ocrx_word' id='word_1_606' title='bbox 3522 1091 3753 1167; x_wconf 61' lang='lat' dir='ltr'><strong>patitur,</strong></span> 
     </span>
    </p>
   </div>
   <div class='ocr_carea' id='block_1_70' title="bbox 2158 1170 3750 1251">
    <p class='ocr_par' dir='ltr' id='par_1_70' title="bbox 2158 1170 3750 1251">
     <span class='ocr_line' id='line_1_70' title="bbox 2158 1170 3750 1251; baseline 0.019 -28"><span class='ocrx_word' id='word_1_607' title='bbox 2158 1170 2386 1239; x_wconf 90' lang='lat' dir='ltr'><strong>mundus</strong></span> <span class='ocrx_word' id='word_1_608' title='bbox 2428 1184 2663 1239; x_wconf 83' lang='lat' dir='ltr'><strong>vocatur.</strong></span> <span class='ocrx_word' id='word_1_609' title='bbox 2694 1176 2775 1230; x_wconf 85' lang='lat' dir='ltr'><strong>An</strong></span> <span class='ocrx_word' id='word_1_610' title='bbox 2814 1191 2940 1237; x_wconf 69' lang='lat' dir='ltr'><strong>vero.</strong></span> <span class='ocrx_word' id='word_1_611' title='bbox 2965 1177 3157 1243; x_wconf 82' lang='lat' dir='ltr'><strong>surdus</strong></span> <span class='ocrx_word' id='word_1_612' title='bbox 3188 1195 3248 1245; x_wconf 81' lang='lat' dir='ltr'><strong>es</strong></span> <span class='ocrx_word' id='word_1_613' title='bbox 3274 1181 3534 1251; x_wconf 66' lang='lat' dir='ltr'><strong>adversus</strong></span> <span class='ocrx_word' id='word_1_614' title='bbox 3555 1198 3750 1251; x_wconf 75' lang='lat' dir='ltr'><strong>vocem</strong></span> 
     </span>
    </p>
   </div>
   <div class='ocr_carea' id='block_1_71' title="bbox 2157 1262 3747 1342">
    <p class='ocr_par' dir='ltr' id='par_1_71' title="bbox 2157 1262 3747 1342">
     <span class='ocr_line' id='line_1_71' title="bbox 2157 1262 3747 1342; baseline 0.008 -25"><span class='ocrx_word' id='word_1_615' title='bbox 2157 1262 2361 1329; x_wconf 78' lang='lat' dir='ltr'><strong>Christi</strong></span> <span class='ocrx_word' id='word_1_616' title='bbox 2377 1265 2626 1337; x_wconf 75' lang='lat' dir='ltr'><strong>dicentis,</strong></span> <span class='ocrx_word' id='word_1_617' title='bbox 2644 1268 2726 1325; x_wconf 77' lang='lat' dir='ltr'><strong>vel</strong></span> <span class='ocrx_word' id='word_1_618' title='bbox 2750 1270 2926 1339; x_wconf 79' lang='lat' dir='ltr'><strong>potius</strong></span> <span class='ocrx_word' id='word_1_619' title='bbox 2947 1268 3237 1342; x_wconf 66' lang='lat' dir='ltr'><strong>Scriptura;</strong></span> <span class='ocrx_word' id='word_1_620' title='bbox 3259 1281 3465 1341; x_wconf 62' lang='lat' dir='ltr'><strong>sanctas</strong></span> <span class='ocrx_word' id='word_1_621' title='bbox 3480 1282 3747 1337; x_wconf 64' lang='lat' dir='ltr'><strong>attestatu-</strong></span> 
     </span>
    </p>
   </div>
   <div class='ocr_carea' id='block_1_72' title="bbox 2158 1355 3753 1435">
    <p class='ocr_par' dir='ltr' id='par_1_72' title="bbox 2158 1355 3753 1435">
     <span class='ocr_line' id='line_1_72' title="bbox 2158 1355 3753 1435; baseline 0.013 -25"><span class='ocrx_word' id='word_1_622' title='bbox 2158 1355 2224 1411; x_wconf 90' lang='lat' dir='ltr'><strong>tis</strong></span> <span class='ocrx_word' id='word_1_623' title='bbox 2242 1397 2256 1421; x_wconf 93' lang='lat'><strong>,</strong></span> <span class='ocrx_word' id='word_1_624' title='bbox 2286 1356 2421 1421; x_wconf 83' lang='lat' dir='ltr'><strong>Deus</strong></span> <span class='ocrx_word' id='word_1_625' title='bbox 2480 1370 2587 1415; x_wconf 84' lang='lat' dir='ltr'><strong>erat</strong></span> <span class='ocrx_word' id='word_1_626' title='bbox 2627 1362 2682 1414; x_wconf 89' lang='lat' dir='ltr'><strong>in</strong></span> <span class='ocrx_word' id='word_1_627' title='bbox 2738 1359 2937 1425; x_wconf 62' lang='lat' dir='ltr'><strong>Christo</strong></span> <span class='ocrx_word' id='word_1_628' title='bbox 2984 1364 3231 1431; x_wconf 75' lang='lat' dir='ltr'><strong>mundwn</strong></span> <span class='ocrx_word' id='word_1_629' title='bbox 3261 1366 3588 1435; x_wconf 61' lang='lat' dir='ltr'><strong>reconcilians</strong></span> 
     </span>
    </p>
   </div>
   <div class='ocr_carea' id='block_1_73' title="bbox 2158 1442 3747 1535">
    <p class='ocr_par' dir='ltr' id='par_1_73' title="bbox 2158 1442 3747 1535">
     <span class='ocr_line' id='line_1_73' title="bbox 2158 1442 3747 1535; baseline 0.006 -28"><span class='ocrx_word' id='word_1_630' title='bbox 2158 1447 2222 1523; x_wconf 87' lang='lat' dir='ltr'><strong>(Il</strong></span> <span class='ocrx_word' id='word_1_631' title='bbox 2246 1448 2363 1509; x_wconf 82' lang='lat' dir='ltr'><strong>Cor.</strong></span> <span class='ocrx_word' id='word_1_632' title='bbox 2386 1468 2438 1519; x_wconf 65' lang='grc' dir='ltr'>ιζ,</span> <span class='ocrx_word' id='word_1_633' title='bbox 2474 1451 2596 1529; x_wconf 83' lang='lat' dir='ltr'><strong>l9)?</strong></span> <span class='ocrx_word' id='word_1_634' title='bbox 2621 1454 2682 1511; x_wconf 88' lang='lat' dir='ltr'><strong>Si</strong></span> <span class='ocrx_word' id='word_1_635' title='bbox 2702 1456 2806 1510; x_wconf 90' lang='lat' dir='ltr'><strong>odit</strong></span> <span class='ocrx_word' id='word_1_636' title='bbox 2835 1472 2918 1517; x_wconf 73' lang='lat' dir='ltr'><strong>uos</strong></span> <span class='ocrx_word' id='word_1_637' title='bbox 2947 1458 3189 1529; x_wconf 72' lang='lat' dir='ltr'><strong>mundus,</strong></span> <span class='ocrx_word' id='word_1_638' title='bbox 3212 1442 3306 1528; x_wconf 74' lang='lat' dir='ltr'><strong>ait,</strong></span> <span class='ocrx_word' id='word_1_639' title='bbox 3328 1461 3503 1529; x_wconf 66' lang='lat' dir='ltr'><strong>scitote</strong></span> <span class='ocrx_word' id='word_1_640' title='bbox 3518 1463 3641 1535; x_wconf 66' lang='lat' dir='ltr'><strong>quia</strong></span> <span class='ocrx_word' id='word_1_641' title='bbox 3664 1478 3747 1533; x_wconf 51' lang='lat' dir='ltr'><strong>me</strong></span> 
     </span>
    </p>
   </div>
   <div class='ocr_carea' id='block_1_74' title="bbox 2157 1542 3753 1623">
    <p class='ocr_par' dir='ltr' id='par_1_74' title="bbox 2157 1542 3753 1623">
     <span class='ocr_line' id='line_1_74' title="bbox 2157 1542 3753 1623; baseline 0.008 -28"><span class='ocrx_word' id='word_1_642' title='bbox 2157 1542 2294 1612; x_wconf 84' lang='lat' dir='ltr'><strong>prius</strong></span> <span class='ocrx_word' id='word_1_643' title='bbox 2322 1544 2437 1597; x_wconf 87' lang='lat' dir='ltr'><strong>odio</strong></span> <span class='ocrx_word' id='word_1_644' title='bbox 2474 1544 2645 1607; x_wconf 82' lang='lat' dir='ltr'><strong>habuit</strong></span> <span class='ocrx_word' id='word_1_645' title='bbox 2672 1546 2864 1618; x_wconf 79' lang='lat' dir='ltr'><strong>(Joan.</strong></span> <span class='ocrx_word' id='word_1_646' title='bbox 2905 1563 2999 1615; x_wconf 78' lang='lat' dir='ltr'><strong>xv,</strong></span> <span class='ocrx_word' id='word_1_647' title='bbox 3027 1548 3152 1622; x_wconf 76' lang='lat' dir='ltr'><strong>i8).</strong></span> <span class='ocrx_word' id='word_1_648' title='bbox 3184 1550 3322 1610; x_wconf 78' lang='lat' dir='ltr'><strong>Ecce</strong></span> <span class='ocrx_word' id='word_1_649' title='bbox 3346 1551 3461 1619; x_wconf 76' lang='lat' dir='ltr'><strong>odit,</strong></span> <span class='ocrx_word' id='word_1_650' title='bbox 3484 1553 3753 1623; x_wconf 53' lang='lat' dir='ltr'><strong>mundus.</strong></span> 
     </span>
    </p>
   </div>
   <div class='ocr_carea' id='block_1_75' title="bbox 2154 1632 3753 1711">
    <p class='ocr_par' dir='ltr' id='par_1_75' title="bbox 2154 1632 3753 1711">
     <span class='ocr_line' id='line_1_75' title="bbox 2154 1632 3753 1711; baseline 0.008 -24"><span class='ocrx_word' id='word_1_651' title='bbox 2154 1632 2345 1708; x_wconf 85' lang='lat' dir='ltr'><strong>Quem,</strong></span> <span class='ocrx_word' id='word_1_652' title='bbox 2388 1635 2487 1691; x_wconf 86' lang='lat' dir='ltr'><strong>nisi</strong></span> <span class='ocrx_word' id='word_1_653' title='bbox 2528 1637 2824 1697; x_wconf 83' lang='lat' dir='ltr'><strong>mundum?</strong></span> <span class='ocrx_word' id='word_1_654' title='bbox 2854 1639 3021 1709; x_wconf 81' lang='lat' dir='ltr'><strong>Quem</strong></span> <span class='ocrx_word' id='word_1_655' title='bbox 3047 1641 3339 1703; x_wconf 77' lang='lat' dir='ltr'><strong>mundum?</strong></span> <span class='ocrx_word' id='word_1_656' title='bbox 3367 1643 3506 1711; x_wconf 76' lang='lat' dir='ltr'><strong>Deus</strong></span> <span class='ocrx_word' id='word_1_657' title='bbox 3542 1654 3653 1711; x_wconf 78' lang='lat' dir='ltr'><strong>erat</strong></span> <span class='ocrx_word' id='word_1_658' title='bbox 3687 1646 3753 1711; x_wconf 63' lang='lat' dir='ltr'><strong>in.</strong></span> 
     </span>
    </p>
   </div>
   <div class='ocr_carea' id='block_1_76' title="bbox 2155 1727 3753 1809">
    <p class='ocr_par' dir='ltr' id='par_1_76' title="bbox 2155 1727 3753 1809">
     <span class='ocr_line' id='line_1_76' title="bbox 2155 1727 3753 1809; baseline 0.008 -26"><span class='ocrx_word' id='word_1_659' title='bbox 2155 1727 2351 1784; x_wconf 84' lang='lat' dir='ltr'><strong>Christo</strong></span> <span class='ocrx_word' id='word_1_660' title='bbox 2380 1731 2623 1797; x_wconf 69' lang='lat' dir='ltr'><strong>mundum</strong></span> <span class='ocrx_word' id='word_1_661' title='bbox 2648 1732 2975 1799; x_wconf 70' lang='lat' dir='ltr'><strong>reconcilians</strong></span> <span class='ocrx_word' id='word_1_662' title='bbox 2998 1735 3113 1795; x_wconf 77' lang='lat' dir='ltr'><strong>sibi.</strong></span> <span class='ocrx_word' id='word_1_663' title='bbox 3146 1734 3487 1809; x_wconf 57' lang='lat' dir='ltr'><strong>Persequitur</strong></span> <span class='ocrx_word' id='word_1_664' title='bbox 3510 1737 3753 1797; x_wconf 82' lang='lat' dir='ltr'><strong>mundus</strong></span> 
     </span>
    </p>
   </div>
   <div class='ocr_carea' id='block_1_77' title="bbox 2153 1817 3751 1896">
    <p class='ocr_par' dir='ltr' id='par_1_77' title="bbox 2153 1817 3751 1896">
     <span class='ocr_line' id='line_1_77' title="bbox 2153 1817 3751 1896; baseline 0.009 -24"><span class='ocrx_word' id='word_1_665' title='bbox 2153 1817 2432 1875; x_wconf 85' lang='lat' dir='ltr'><strong>damnatus</strong></span> <span class='ocrx_word' id='word_1_666' title='bbox 2458 1839 2472 1876; x_wconf 89' lang='lat'><strong>:</strong></span> <span class='ocrx_word' id='word_1_667' title='bbox 2502 1823 2922 1893; x_wconf 78' lang='lat' dir='ltr'><strong>persecutionem</strong></span> <span class='ocrx_word' id='word_1_668' title='bbox 2958 1828 3153 1896; x_wconf 78' lang='lat' dir='ltr'><strong>patitur</strong></span> <span class='ocrx_word' id='word_1_669' title='bbox 3172 1827 3751 1893; x_wconf 76' lang='lat' dir='ltr'><strong>mundusreconcilia—.</strong></span> 
     </span>
    </p>
   </div>
   <div class='ocr_carea' id='block_1_78' title="bbox 2153 1912 3743 1994">
    <p class='ocr_par' dir='ltr' id='par_1_78' title="bbox 2153 1912 3743 1994">
     <span class='ocr_line' id='line_1_78' title="bbox 2153 1912 3743 1994; baseline 0.009 -30"><span class='ocrx_word' id='word_1_670' title='bbox 2153 1917 2257 1965; x_wconf 92' lang='lat' dir='ltr'><strong>tus.</strong></span> <span class='ocrx_word' id='word_1_671' title='bbox 2288 1912 2510 1969; x_wconf 87' lang='lat' dir='ltr'><strong>Mundus</strong></span> <span class='ocrx_word' id='word_1_672' title='bbox 2548 1915 2861 1984; x_wconf 89' lang='lat' dir='ltr'><strong>damnatus,</strong></span> <span class='ocrx_word' id='word_1_673' title='bbox 2884 1919 3137 1989; x_wconf 73' lang='lat' dir='ltr'><strong>quidun</strong></span> <span class='ocrx_word' id='word_1_674' title='bbox 3166 1932 3359 1992; x_wconf 62' lang='lat' dir='ltr'><em>W</em></span> <span class='ocrx_word' id='word_1_675' title='bbox 3724 1941 3743 1979; x_wconf 74' lang='grc' dir='ltr'><strong>ε</strong></span> 
     </span>
    </p>
   </div>
   <div class='ocr_carea' id='block_1_79' title="bbox 2152 2003 3745 2081">
    <p class='ocr_par' dir='ltr' id='par_1_79' title="bbox 2152 2003 3745 2081">
     <span class='ocr_line' id='line_1_79' title="bbox 2152 2003 3745 2081; baseline 0.014 -25"><span class='ocrx_word' id='word_1_676' title='bbox 2152 2003 2381 2060; x_wconf 87' lang='lat' dir='ltr'><strong>mundus</strong></span> <span class='ocrx_word' id='word_1_677' title='bbox 2407 2008 2799 2076; x_wconf 84' lang='lat' dir='ltr'><strong>reconciliatus,</strong></span> <span class='ocrx_word' id='word_1_678' title='bbox 2826 2009 3085 2077; x_wconf 67' lang='lat' dir='ltr'><strong>Ecclesia.</strong></span> <span class='ocrx_word' id='word_1_679' title='bbox 3115 2012 3245 2079; x_wconf 66' lang='lat' dir='ltr'><strong>Non</strong></span> <span class='ocrx_word' id='word_1_680' title='bbox 3267 2015 3400 2077; x_wconf 68' lang='lat' dir='ltr'><strong>enim</strong></span> <span class='ocrx_word' id='word_1_681' title='bbox 3416 2016 3555 2081; x_wconf 64' lang='lat' dir='ltr'><strong>mit</strong></span> <span class='ocrx_word' id='word_1_682' title='bbox 3571 2014 3745 2071; x_wconf 63' lang='lat' dir='ltr'><strong>Filius</strong></span> 
     </span>
    </p>
   </div>
   <div class='ocr_carea' id='block_1_80' title="bbox 2152 2094 3748 2174">
    <p class='ocr_par' dir='ltr' id='par_1_80' title="bbox 2152 2094 3748 2174">
     <span class='ocr_line' id='line_1_80' title="bbox 2152 2094 3748 2174; baseline 0.013 -26"><span class='ocrx_word' id='word_1_683' title='bbox 2152 2094 2387 2164; x_wconf 79' lang='lat' dir='ltr'><strong>hominis,</strong></span> <span class='ocrx_word' id='word_1_684' title='bbox 2415 2099 2509 2167; x_wconf 83' lang='lat' dir='ltr'><strong>ait,</strong></span> <span class='ocrx_word' id='word_1_685' title='bbox 2534 2108 2589 2153; x_wconf 90' lang='lat' dir='ltr'><strong>ut</strong></span> <span class='ocrx_word' id='word_1_686' title='bbox 2597 2102 2794 2172; x_wconf 81' lang='lat' dir='ltr'><strong>judicet</strong></span> <span class='ocrx_word' id='word_1_687' title='bbox 2816 2104 3083 2174; x_wconf 70' lang='lat' dir='ltr'><strong>mundum,</strong></span> <span class='ocrx_word' id='word_1_688' title='bbox 3100 2105 3191 2173; x_wconf 66' lang='lat' dir='ltr'><strong>sed</strong></span> <span class='ocrx_word' id='word_1_689' title='bbox 3210 2107 3498 2173; x_wconf 59' lang='lat' dir='ltr'><strong>«uoluetur</strong></span> <span class='ocrx_word' id='word_1_690' title='bbox 3516 2107 3748 2173; x_wconf 64' lang='lat' dir='ltr'><strong>mundus</strong></span> 
     </span>
    </p>
   </div>
   <div class='ocr_carea' id='block_1_81' title="bbox 2154 2191 2820 2267">
    <p class='ocr_par' dir='ltr' id='par_1_81' title="bbox 2154 2191 2820 2267">
     <span class='ocr_line' id='line_1_81' title="bbox 2154 2191 2820 2267; baseline 0.015 -25"><span class='ocrx_word' id='word_1_691' title='bbox 2154 2206 2244 2259; x_wconf 87' lang='lat' dir='ltr'><strong>per</strong></span> <span class='ocrx_word' id='word_1_692' title='bbox 2269 2191 2436 2263; x_wconf 78' lang='lat' dir='ltr'><strong>ipsum</strong></span> <span class='ocrx_word' id='word_1_693' title='bbox 2463 2191 2572 2262; x_wconf 87' lang='lat' dir='ltr'><strong>(Id.</strong></span> <span class='ocrx_word' id='word_1_694' title='bbox 2600 2210 2677 2264; x_wconf 84' lang='lat' dir='ltr'><strong>tu,</strong></span> <span class='ocrx_word' id='word_1_695' title='bbox 2708 2194 2820 2267; x_wconf 78' lang='grc'><strong>17).</strong></span> 
     </span>
    </p>
   </div>
   <div class='ocr_carea' id='block_1_82' title="bbox 2222 2282 3749 2366">
    <p class='ocr_par' dir='ltr' id='par_1_82' title="bbox 2222 2282 3749 2366">
     <span class='ocr_line' id='line_1_82' title="bbox 2222 2282 3749 2366; baseline 0.011 -28"><span class='ocrx_word' id='word_1_696' title='bbox 2222 2282 2274 2338; x_wconf 90' lang='grc'><strong>9.</strong></span> <span class='ocrx_word' id='word_1_697' title='bbox 2320 2284 2562 2349; x_wconf 80' lang='lat' dir='ltr'><strong>Omnibus</strong></span> <span class='ocrx_word' id='word_1_698' title='bbox 2590 2288 2801 2358; x_wconf 74' lang='lat' dir='ltr'><strong>jussum,</strong></span> <span class='ocrx_word' id='word_1_699' title='bbox 2827 2296 2903 2350; x_wconf 79' lang='lat' dir='ltr'><strong>est</strong></span> <span class='ocrx_word' id='word_1_700' title='bbox 2942 2299 2999 2358; x_wconf 63' lang='lat' dir='ltr'><strong>ut</strong></span> <span class='ocrx_word' id='word_1_701' title='bbox 3029 2307 3083 2361; x_wconf 67' lang='lat' dir='ltr'><strong>se</strong></span> <span class='ocrx_word' id='word_1_702' title='bbox 3108 2291 3519 2366; x_wconf 52' lang='lat' dir='ltr'><strong>etaiam-Sed.</strong></span> <span class='ocrx_word' id='word_1_703' title='bbox 3551 2293 3609 2357; x_wconf 74' lang='lat' dir='ltr'><strong>ill</strong></span> <span class='ocrx_word' id='word_1_704' title='bbox 3633 2294 3749 2355; x_wconf 77' lang='lat' dir='ltr'><strong>hoc</strong></span> 
     </span>
    </p>
   </div>
   <div class='ocr_carea' id='block_1_83' title="bbox 2159 2374 3748 2459">
    <p class='ocr_par' dir='ltr' id='par_1_83' title="bbox 2159 2374 3748 2459">
     <span class='ocr_line' id='line_1_83' title="bbox 2159 2374 3748 2459; baseline 0.009 -31"><span class='ocrx_word' id='word_1_705' title='bbox 2159 2374 2356 2439; x_wconf 88' lang='lat' dir='ltr'><strong>mundo</strong></span> <span class='ocrx_word' id='word_1_706' title='bbox 2397 2386 2580 2433; x_wconf 88' lang='lat' dir='ltr'><strong>sancto</strong></span> <span class='ocrx_word' id='word_1_707' title='bbox 2602 2418 2625 2442; x_wconf 49' lang='grc' dir='ltr'><strong>,λ</strong></span> <span class='ocrx_word' id='word_1_708' title='bbox 2643 2379 2785 2435; x_wconf 86' lang='lat' dir='ltr'><strong>bono</strong></span> <span class='ocrx_word' id='word_1_709' title='bbox 2804 2419 2822 2449; x_wconf 94' lang='lat'><strong>,</strong></span> <span class='ocrx_word' id='word_1_710' title='bbox 2853 2384 3219 2457; x_wconf 57' lang='lat' dir='ltr'><strong>reconciliata,</strong></span> <span class='ocrx_word' id='word_1_711' title='bbox 3242 2385 3444 2453; x_wconf 53' lang='lat' dir='ltr'><strong>saluata</strong></span> <span class='ocrx_word' id='word_1_712' title='bbox 3467 2386 3608 2459; x_wconf 45' lang='lat' dir='ltr'><strong>ﬁmo</strong></span> <span class='ocrx_word' id='word_1_713' title='bbox 3633 2387 3748 2445; x_wconf 79' lang='lat' dir='ltr'><strong>sai-</strong></span> 
     </span>
    </p>
   </div>
   <div class='ocr_carea' id='block_1_84' title="bbox 2151 2468 3748 2550">
    <p class='ocr_par' dir='ltr' id='par_1_84' title="bbox 2151 2468 3748 2550">
     <span class='ocr_line' id='line_1_84' title="bbox 2151 2468 3748 2550; baseline 0.011 -31"><span class='ocrx_word' id='word_1_714' title='bbox 2151 2468 2347 2534; x_wconf 78' lang='lat' dir='ltr'><strong>vando,</strong></span> <span class='ocrx_word' id='word_1_715' title='bbox 2378 2486 2520 2526; x_wconf 90' lang='lat' dir='ltr'><strong>nunc</strong></span> <span class='ocrx_word' id='word_1_716' title='bbox 2552 2482 2734 2535; x_wconf 68' lang='lat' dir='ltr'><strong>autem,</strong></span> <span class='ocrx_word' id='word_1_717' title='bbox 2755 2488 2851 2544; x_wconf 80' lang='lat' dir='ltr'><strong>spe</strong></span> <span class='ocrx_word' id='word_1_718' title='bbox 2887 2475 3109 2547; x_wconf 56' lang='lat' dir='ltr'><strong>salvam,|</strong></span> <span class='ocrx_word' id='word_1_719' title='bbox 3140 2475 3249 2547; x_wconf 81' lang='lat' dir='ltr'><strong>Spe</strong></span> <span class='ocrx_word' id='word_1_720' title='bbox 3280 2479 3411 2541; x_wconf 69' lang='lat' dir='ltr'><strong>enim</strong></span> <span class='ocrx_word' id='word_1_721' title='bbox 3613 2479 3748 2550; x_wconf 67' lang='lat' dir='ltr'><strong>[acti</strong></span> 
     </span>
    </p>
   </div>
   <div class='ocr_carea' id='block_1_85' title="bbox 2150 2561 3749 2640">
    <p class='ocr_par' dir='ltr' id='par_1_85' title="bbox 2150 2561 3749 2640">
     <span class='ocr_line' id='line_1_85' title="bbox 2150 2561 3749 2640; baseline 0.01 -26"><span class='ocrx_word' id='word_1_722' title='bbox 2150 2576 2322 2625; x_wconf 82' lang='lat' dir='ltr'><strong>sumus</strong></span> <span class='ocrx_word' id='word_1_723' title='bbox 2350 2561 2541 2635; x_wconf 73' lang='lat' dir='ltr'><strong>(Rom.</strong></span> <span class='ocrx_word' id='word_1_724' title='bbox 2570 2580 2682 2631; x_wconf 78' lang='lat' dir='ltr'><strong>Vill,</strong></span> <span class='ocrx_word' id='word_1_725' title='bbox 2714 2565 2826 2639; x_wconf 64' lang='grc'><strong>24)</strong></span> <span class='ocrx_word' id='word_1_726' title='bbox 2856 2585 2869 2621; x_wconf 89' lang='lat'><strong><em>:</em></strong></span> <span class='ocrx_word' id='word_1_727' title='bbox 2902 2567 2955 2631; x_wconf 77' lang='lat' dir='ltr'><strong>in</strong></span> <span class='ocrx_word' id='word_1_728' title='bbox 2983 2567 3087 2633; x_wconf 72' lang='lat' dir='ltr'><strong>hoc</strong></span> <span class='ocrx_word' id='word_1_729' title='bbox 3122 2585 3250 2640; x_wconf 71' lang='lat' dir='ltr'><strong>ergo</strong></span> <span class='ocrx_word' id='word_1_730' title='bbox 3279 2571 3496 2638; x_wconf 71' lang='lat' dir='ltr'><strong>mutulo,</strong></span> <span class='ocrx_word' id='word_1_731' title='bbox 3523 2571 3628 2627; x_wconf 80' lang='lat' dir='ltr'><strong>hoc</strong></span> <span class='ocrx_word' id='word_1_732' title='bbox 3653 2580 3749 2631; x_wconf 79' lang='lat' dir='ltr'><strong>est</strong></span> 
     </span>
    </p>
   </div>
   <div class='ocr_carea' id='block_1_86' title="bbox 2150 2649 3749 2731">
    <p class='ocr_par' dir='ltr' id='par_1_86' title="bbox 2150 2649 3749 2731">
     <span class='ocr_line' id='line_1_86' title="bbox 2150 2649 3749 2731; baseline 0.009 -25"><span class='ocrx_word' id='word_1_733' title='bbox 2150 2649 2420 2721; x_wconf 89' lang='lat' dir='ltr'><strong>Ecclesia,</strong></span> <span class='ocrx_word' id='word_1_734' title='bbox 2461 2671 2579 2725; x_wconf 74' lang='lat' dir='ltr'><strong>quae</strong></span> <span class='ocrx_word' id='word_1_735' title='bbox 2615 2667 2725 2712; x_wconf 87' lang='lat' dir='ltr'><strong>tota</strong></span> <span class='ocrx_word' id='word_1_736' title='bbox 2749 2659 2985 2728; x_wconf 76' lang='lat' dir='ltr'><strong>sequitur</strong></span> <span class='ocrx_word' id='word_1_737' title='bbox 3021 2658 3291 2727; x_wconf 74' lang='lat' dir='ltr'><strong>Christum</strong></span> <span class='ocrx_word' id='word_1_738' title='bbox 3312 2704 3333 2731; x_wconf 56' lang='grc' dir='ltr'><strong><em>λ</em></strong></span> <span class='ocrx_word' id='word_1_739' title='bbox 3366 2663 3749 2729; x_wconf 62' lang='grc' dir='ltr'>υοὶτγεπεειιὶιειι</span> 
     </span>
    </p>
   </div>
   <div class='ocr_carea' id='block_1_87' title="bbox 2148 2743 3753 2826">
    <p class='ocr_par' dir='ltr' id='par_1_87' title="bbox 2148 2743 3753 2826">
     <span class='ocr_line' id='line_1_87' title="bbox 2148 2743 3753 2826; baseline 0.012 -28"><span class='ocrx_word' id='word_1_740' title='bbox 2148 2743 2300 2813; x_wconf 75' lang='lat' dir='ltr'><strong>dixit,</strong></span> <span class='ocrx_word' id='word_1_741' title='bbox 2327 2746 2426 2819; x_wconf 82' lang='lat' dir='ltr'><strong>Qui</strong></span> <span class='ocrx_word' id='word_1_742' title='bbox 2453 2750 2556 2815; x_wconf 72' lang='lat' dir='ltr'><strong>uult</strong></span> <span class='ocrx_word' id='word_1_743' title='bbox 2576 2767 2653 2813; x_wconf 84' lang='lat' dir='ltr'><strong>me</strong></span> <span class='ocrx_word' id='word_1_744' title='bbox 2671 2752 2829 2819; x_wconf 58' lang='lat' dir='ltr'><strong>sequi,</strong></span> <span class='ocrx_word' id='word_1_745' title='bbox 2859 2752 3068 2825; x_wconf 61' lang='lat' dir='ltr'><strong>abneget</strong></span> <span class='ocrx_word' id='word_1_746' title='bbox 3088 2757 3433 2826; x_wconf 48' lang='lat' dir='ltr'><strong>mutuum,</strong></span> <span class='ocrx_word' id='word_1_747' title='bbox 3451 2757 3568 2817; x_wconf 81' lang='lat' dir='ltr'><strong>Non</strong></span> <span class='ocrx_word' id='word_1_748' title='bbox 3589 2758 3753 2817; x_wconf 77' lang='lat' dir='ltr'><strong>enim</strong></span> 
     </span>
    </p>
   </div>
   <div class='ocr_carea' id='block_1_88' title="bbox 2150 2836 3747 2921">
    <p class='ocr_par' dir='ltr' id='par_1_88' title="bbox 2150 2836 3747 2921">
     <span class='ocr_line' id='line_1_88' title="bbox 2150 2836 3747 2921; baseline 0.009 -30"><span class='ocrx_word' id='word_1_749' title='bbox 2150 2836 2253 2900; x_wconf 82' lang='lat' dir='ltr'><strong>hoc</strong></span> <span class='ocrx_word' id='word_1_750' title='bbox 2280 2839 2510 2909; x_wconf 73' lang='lat' dir='ltr'><strong>virgines</strong></span> <span class='ocrx_word' id='word_1_751' title='bbox 2539 2839 2736 2905; x_wconf 78' lang='lat' dir='ltr'><strong>debent</strong></span> <span class='ocrx_word' id='word_1_752' title='bbox 2761 2843 2973 2921; x_wconf 59' lang='lat' dir='ltr'><strong>audire,</strong></span> <span class='ocrx_word' id='word_1_753' title='bbox 2996 2854 3051 2913; x_wconf 84' lang='lat' dir='ltr'><strong>et</strong></span> <span class='ocrx_word' id='word_1_754' title='bbox 3076 2847 3337 2917; x_wconf 52' lang='lat' dir='ltr'><strong>uigilata:</strong></span> <span class='ocrx_word' id='word_1_755' title='bbox 3365 2863 3468 2907; x_wconf 80' lang='lat' dir='ltr'><strong>uno</strong></span> <span class='ocrx_word' id='word_1_756' title='bbox 3497 2849 3747 2918; x_wconf 81' lang='lat' dir='ltr'><strong>debent;</strong></span> 
     </span>
    </p>
   </div>
   <div class='ocr_carea' id='block_1_89' title="bbox 2149 2932 3748 3011">
    <p class='ocr_par' dir='ltr' id='par_1_89' title="bbox 2149 2932 3748 3011">
     <span class='ocr_line' id='line_1_89' title="bbox 2149 2932 3748 3011; baseline 0.012 -28"><span class='ocrx_word' id='word_1_757' title='bbox 2149 2939 2239 2985; x_wconf 91' lang='lat' dir='ltr'><strong>aut</strong></span> <span class='ocrx_word' id='word_1_758' title='bbox 2264 2932 2431 2987; x_wconf 73' lang='lat' dir='ltr'><strong>viduae</strong></span> <span class='ocrx_word' id='word_1_759' title='bbox 2460 2932 2679 3003; x_wconf 74' lang='lat' dir='ltr'><strong>debent,</strong></span> <span class='ocrx_word' id='word_1_760' title='bbox 2704 2942 2761 3003; x_wconf 74' lang='lat' dir='ltr'><strong>et,</strong></span> <span class='ocrx_word' id='word_1_761' title='bbox 2788 2946 2969 3011; x_wconf 61' lang='lat' dir='ltr'><strong>nupta:</strong></span> <span class='ocrx_word' id='word_1_762' title='bbox 2984 2954 3093 3007; x_wconf 73' lang='lat' dir='ltr'><strong>non.</strong></span> <span class='ocrx_word' id='word_1_763' title='bbox 3111 2938 3307 3005; x_wconf 77' lang='lat' dir='ltr'><strong>debent.</strong></span> <span class='ocrx_word' id='word_1_764' title='bbox 3333 2958 3348 3005; x_wconf 83' lang='lat'><strong>;</strong></span> <span class='ocrx_word' id='word_1_765' title='bbox 3378 2932 3471 3009; x_wconf 63' lang='grc' dir='ltr'>εὑι</span> <span class='ocrx_word' id='word_1_766' title='bbox 3488 2943 3748 3005; x_wconf 62' lang='lat' dir='ltr'><strong>monachi</strong></span> 
     </span>
    </p>
   </div>
   <div class='ocr_carea' id='block_1_90' title="bbox 2148 3021 3744 3105">
    <p class='ocr_par' dir='ltr' id='par_1_90' title="bbox 2148 3021 3744 3105">
     <span class='ocr_line' id='line_1_90' title="bbox 2148 3021 3744 3105; baseline 0.009 -28"><span class='ocrx_word' id='word_1_767' title='bbox 2148 3021 2365 3088; x_wconf 87' lang='lat' dir='ltr'><strong>debent,</strong></span> <span class='ocrx_word' id='word_1_768' title='bbox 2396 3034 2451 3079; x_wconf 87' lang='lat' dir='ltr'><strong>et</strong></span> <span class='ocrx_word' id='word_1_769' title='bbox 2487 3026 2752 3101; x_wconf 70' lang='lat' dir='ltr'><strong>coniugati</strong></span> <span class='ocrx_word' id='word_1_770' title='bbox 2787 3043 2892 3085; x_wconf 89' lang='lat' dir='ltr'><strong>non</strong></span> <span class='ocrx_word' id='word_1_771' title='bbox 2920 3029 3146 3103; x_wconf 52' lang='lat' dir='ltr'><strong>debent;</strong></span> <span class='ocrx_word' id='word_1_772' title='bbox 3174 3040 3269 3101; x_wconf 68' lang='lat' dir='ltr'><strong>aut</strong></span> <span class='ocrx_word' id='word_1_773' title='bbox 3294 3034 3475 3105; x_wconf 74' lang='lat' dir='ltr'><strong>clerici</strong></span> <span class='ocrx_word' id='word_1_774' title='bbox 3499 3035 3704 3099; x_wconf 75' lang='lat' dir='ltr'><strong>debent</strong></span> <span class='ocrx_word' id='word_1_775' title='bbox 3724 3078 3744 3104; x_wconf 89' lang='lat'><strong>,</strong></span> 
     </span>
    </p>
   </div>
   <div class='ocr_carea' id='block_1_91' title="bbox 2149 3115 3754 3195">
    <p class='ocr_par' dir='ltr' id='par_1_91' title="bbox 2149 3115 3754 3195">
     <span class='ocr_line' id='line_1_91' title="bbox 2149 3115 3754 3195; baseline 0.012 -25"><span class='ocrx_word' id='word_1_776' title='bbox 2149 3123 2205 3170; x_wconf 89' lang='lat' dir='ltr'><strong>et</strong></span> <span class='ocrx_word' id='word_1_777' title='bbox 2233 3115 2348 3170; x_wconf 90' lang='lat' dir='ltr'><strong>laici</strong></span> <span class='ocrx_word' id='word_1_778' title='bbox 2379 3133 2482 3170; x_wconf 91' lang='lat' dir='ltr'><strong>non</strong></span> <span class='ocrx_word' id='word_1_779' title='bbox 2509 3117 2706 3187; x_wconf 83' lang='lat' dir='ltr'><strong>debent</strong></span> <span class='ocrx_word' id='word_1_780' title='bbox 2727 3137 2741 3181; x_wconf 68' lang='grc' dir='ltr'>ξ</span> <span class='ocrx_word' id='word_1_781' title='bbox 2764 3121 2857 3181; x_wconf 74' lang='lat' dir='ltr'><strong>sed</strong></span> <span class='ocrx_word' id='word_1_782' title='bbox 2884 3123 3133 3191; x_wconf 66' lang='lat' dir='ltr'><strong>universa</strong></span> <span class='ocrx_word' id='word_1_783' title='bbox 3153 3124 3408 3195; x_wconf 65' lang='lat' dir='ltr'><strong>Ecclesia,</strong></span> <span class='ocrx_word' id='word_1_784' title='bbox 3430 3128 3754 3193; x_wconf 63' lang='lat' dir='ltr'><strong>universum</strong></span> 
     </span>
    </p>
   </div>
   <div class='ocr_carea' id='block_1_92' title="bbox 2147 3210 3752 3289">
    <p class='ocr_par' dir='ltr' id='par_1_92' title="bbox 2147 3210 3752 3289">
     <span class='ocr_line' id='line_1_92' title="bbox 2147 3210 3752 3289; baseline 0.016 -31"><span class='ocrx_word' id='word_1_785' title='bbox 2147 3218 2359 3275; x_wconf 89' lang='lat' dir='ltr'><strong>corpus,</strong></span> <span class='ocrx_word' id='word_1_786' title='bbox 2384 3217 2572 3277; x_wconf 74' lang='lat' dir='ltr'><strong>cuncta</strong></span> <span class='ocrx_word' id='word_1_787' title='bbox 2599 3210 2841 3275; x_wconf 76' lang='lat' dir='ltr'><strong>membra</strong></span> <span class='ocrx_word' id='word_1_788' title='bbox 2864 3227 2961 3283; x_wconf 85' lang='lat' dir='ltr'><strong>per</strong></span> <span class='ocrx_word' id='word_1_789' title='bbox 2986 3214 3159 3279; x_wconf 71' lang='lat' dir='ltr'><strong>cilicia</strong></span> <span class='ocrx_word' id='word_1_790' title='bbox 3180 3217 3663 3289; x_wconf 43' lang='lat' dir='ltr'><strong>mind“.th</strong></span> <span class='ocrx_word' id='word_1_791' title='bbox 3684 3232 3752 3283; x_wconf 74' lang='grc' dir='ltr'><strong>ει</strong></span> 
     </span>
    </p>
   </div>
   <div class='ocr_carea' id='block_1_93' title="bbox 2147 3295 3747 3384">
    <p class='ocr_par' dir='ltr' id='par_1_93' title="bbox 2147 3295 3747 3384">
     <span class='ocr_line' id='line_1_93' title="bbox 2147 3295 3747 3384; baseline 0.009 -31"><span class='ocrx_word' id='word_1_792' title='bbox 2147 3295 2461 3363; x_wconf 74' lang='lat' dir='ltr'><strong>distributa,</strong></span> <span class='ocrx_word' id='word_1_793' title='bbox 2497 3312 2785 3373; x_wconf 72' lang='lat' dir='ltr'><strong>sequantur</strong></span> <span class='ocrx_word' id='word_1_794' title='bbox 2825 3302 3117 3377; x_wconf 61' lang='lat' dir='ltr'><strong>Christum.</strong></span> <span class='ocrx_word' id='word_1_795' title='bbox 3151 3306 3283 3371; x_wconf 73' lang='lat' dir='ltr'><strong>Tuta</strong></span> <span class='ocrx_word' id='word_1_796' title='bbox 3328 3322 3580 3381; x_wconf 57' lang='lat' dir='ltr'><strong>sequatur</strong></span> <span class='ocrx_word' id='word_1_797' title='bbox 3621 3314 3747 3384; x_wconf 74' lang='lat' dir='ltr'><strong>ipsa</strong></span> 
     </span>
    </p>
   </div>
   <div class='ocr_carea' id='block_1_94' title="bbox 2147 3390 3749 3474">
    <p class='ocr_par' dir='ltr' id='par_1_94' title="bbox 2147 3390 3749 3474">
     <span class='ocr_line' id='line_1_94' title="bbox 2147 3390 3749 3474; baseline 0.012 -32"><span class='ocrx_word' id='word_1_798' title='bbox 2147 3390 2298 3444; x_wconf 88' lang='lat' dir='ltr'><strong>unica</strong></span> <span class='ocrx_word' id='word_1_799' title='bbox 2322 3431 2337 3457; x_wconf 95' lang='lat'><strong>,</strong></span> <span class='ocrx_word' id='word_1_800' title='bbox 2375 3402 2626 3462; x_wconf 87' lang='lat' dir='ltr'><strong>sequatur</strong></span> <span class='ocrx_word' id='word_1_801' title='bbox 2653 3395 2918 3467; x_wconf 79' lang='lat' dir='ltr'><strong>columba,</strong></span> <span class='ocrx_word' id='word_1_802' title='bbox 2950 3407 3203 3468; x_wconf 62' lang='lat' dir='ltr'><strong>sequatur</strong></span> <span class='ocrx_word' id='word_1_803' title='bbox 3240 3414 3457 3471; x_wconf 76' lang='lat' dir='ltr'><strong>sponsa,</strong></span> <span class='ocrx_word' id='word_1_804' title='bbox 3484 3414 3749 3474; x_wconf 81' lang='lat' dir='ltr'><strong>sequatur</strong></span> 
     </span>
    </p>
   </div>
   <div class='ocr_carea' id='block_1_95' title="bbox 2146 3479 3751 3561">
    <p class='ocr_par' dir='ltr' id='par_1_95' title="bbox 2146 3479 3751 3561">
     <span class='ocr_line' id='line_1_95' title="bbox 2146 3479 3751 3561; baseline 0.014 -27"><span class='ocrx_word' id='word_1_805' title='bbox 2146 3479 2419 3551; x_wconf 88' lang='lat' dir='ltr'><strong>redempta</strong></span> <span class='ocrx_word' id='word_1_806' title='bbox 2445 3492 2500 3539; x_wconf 90' lang='lat' dir='ltr'><strong>et</strong></span> <span class='ocrx_word' id='word_1_807' title='bbox 2527 3483 2706 3545; x_wconf 86' lang='lat' dir='ltr'><strong>dotata</strong></span> <span class='ocrx_word' id='word_1_808' title='bbox 2740 3489 2995 3558; x_wconf 71' lang='lat' dir='ltr'><strong>sanguine</strong></span> <span class='ocrx_word' id='word_1_809' title='bbox 3023 3491 3226 3561; x_wconf 70' lang='lat' dir='ltr'><strong>sponsi.</strong></span> <span class='ocrx_word' id='word_1_810' title='bbox 3262 3492 3434 3553; x_wconf 76' lang='lat' dir='ltr'><strong>Habet</strong></span> <span class='ocrx_word' id='word_1_811' title='bbox 3458 3495 3531 3555; x_wconf 79' lang='lat' dir='ltr'><strong>ibi</strong></span> <span class='ocrx_word' id='word_1_812' title='bbox 3558 3497 3751 3556; x_wconf 85' lang='lat' dir='ltr'><strong>locum</strong></span> 
     </span>
    </p>
   </div>
   <div class='ocr_carea' id='block_1_96' title="bbox 2145 3574 3747 3655">
    <p class='ocr_par' dir='ltr' id='par_1_96' title="bbox 2145 3574 3747 3655">
     <span class='ocr_line' id='line_1_96' title="bbox 2145 3574 3747 3655; baseline 0.016 -30"><span class='ocrx_word' id='word_1_813' title='bbox 2145 3585 2299 3627; x_wconf 92' lang='lat' dir='ltr'><strong>suum</strong></span> <span class='ocrx_word' id='word_1_814' title='bbox 2323 3574 2599 3647; x_wconf 78' lang='lat' dir='ltr'><strong>integritas</strong></span> <span class='ocrx_word' id='word_1_815' title='bbox 2624 3578 2923 3655; x_wconf 60' lang='lat' dir='ltr'><strong>virginalis;</strong></span> <span class='ocrx_word' id='word_1_816' title='bbox 2950 3580 3110 3648; x_wconf 67' lang='lat' dir='ltr'><strong>habet</strong></span> <span class='ocrx_word' id='word_1_817' title='bbox 3131 3582 3205 3651; x_wconf 64' lang='lat' dir='ltr'><strong>ibi</strong></span> <span class='ocrx_word' id='word_1_818' title='bbox 3230 3584 3409 3651; x_wconf 75' lang='lat' dir='ltr'><strong>locum</strong></span> <span class='ocrx_word' id='word_1_819' title='bbox 3427 3602 3581 3647; x_wconf 69' lang='lat' dir='ltr'><strong>stium</strong></span> <span class='ocrx_word' id='word_1_820' title='bbox 3602 3604 3747 3649; x_wconf 76' lang='lat' dir='ltr'><strong>con-</strong></span> 
     </span>
    </p>
   </div>
   <div class='ocr_carea' id='block_1_97' title="bbox 2147 3663 3747 3748">
    <p class='ocr_par' dir='ltr' id='par_1_97' title="bbox 2147 3663 3747 3748">
     <span class='ocr_line' id='line_1_97' title="bbox 2147 3663 3747 3748; baseline 0.013 -29"><span class='ocrx_word' id='word_1_821' title='bbox 2147 3663 2367 3721; x_wconf 86' lang='lat' dir='ltr'><strong>tinentia</strong></span> <span class='ocrx_word' id='word_1_822' title='bbox 2398 3668 2654 3740; x_wconf 70' lang='lat' dir='ltr'><strong>vidualis;</strong></span> <span class='ocrx_word' id='word_1_823' title='bbox 2682 3670 2839 3737; x_wconf 74' lang='lat' dir='ltr'><strong>habet</strong></span> <span class='ocrx_word' id='word_1_824' title='bbox 2866 3672 2939 3729; x_wconf 84' lang='lat' dir='ltr'><strong>ibi</strong></span> <span class='ocrx_word' id='word_1_825' title='bbox 2957 3673 3138 3741; x_wconf 68' lang='lat' dir='ltr'><strong>locum,</strong></span> <span class='ocrx_word' id='word_1_826' title='bbox 3150 3690 3307 3743; x_wconf 67' lang='lat' dir='ltr'><strong>suum</strong></span> <span class='ocrx_word' id='word_1_827' title='bbox 3331 3679 3586 3748; x_wconf 68' lang='lat' dir='ltr'><strong>pudicitia</strong></span> <span class='ocrx_word' id='word_1_828' title='bbox 3603 3696 3747 3739; x_wconf 69' lang='lat' dir='ltr'><strong>cmi-</strong></span> 
     </span>
    </p>
   </div>
   <div class='ocr_carea' id='block_1_98' title="bbox 2138 3756 3747 3839">
    <p class='ocr_par' dir='ltr' id='par_1_98' title="bbox 2138 3756 3747 3839">
     <span class='ocr_line' id='line_1_98' title="bbox 2138 3756 3747 3839; baseline 0.014 -27"><span class='ocrx_word' id='word_1_829' title='bbox 2138 3756 2334 3831; x_wconf 77' lang='lat' dir='ltr'><strong>jugalis</strong></span> <span class='ocrx_word' id='word_1_830' title='bbox 2367 3776 2514 3825; x_wconf 79' lang='lat' dir='ltr'><strong>:non</strong></span> <span class='ocrx_word' id='word_1_831' title='bbox 2546 3761 2619 3829; x_wconf 74' lang='lat' dir='ltr'><strong>ibi</strong></span> <span class='ocrx_word' id='word_1_832' title='bbox 2652 3761 2811 3833; x_wconf 73' lang='lat' dir='ltr'><strong>habet,</strong></span> <span class='ocrx_word' id='word_1_833' title='bbox 2843 3763 3205 3836; x_wconf 56' lang='lat' dir='ltr'><strong>inpunitum;</strong></span> <span class='ocrx_word' id='word_1_834' title='bbox 3239 3767 3594 3839; x_wconf 62' lang='lat' dir='ltr'><strong>adulterium;</strong></span> <span class='ocrx_word' id='word_1_835' title='bbox 3624 3789 3747 3833; x_wconf 70' lang='lat' dir='ltr'><strong>non</strong></span> 
     </span>
    </p>
   </div>
   <div class='ocr_carea' id='block_1_99' title="bbox 2144 3853 3793 3935">
    <p class='ocr_par' dir='ltr' id='par_1_99' title="bbox 2144 3853 3793 3935">
     <span class='ocr_line' id='line_1_99' title="bbox 2144 3853 3793 3935; baseline 0.013 -27"><span class='ocrx_word' id='word_1_836' title='bbox 2144 3853 2219 3919; x_wconf 84' lang='lat' dir='ltr'><strong>ibi</strong></span> <span class='ocrx_word' id='word_1_837' title='bbox 2245 3854 2403 3911; x_wconf 84' lang='lat' dir='ltr'><strong>habet</strong></span> <span class='ocrx_word' id='word_1_838' title='bbox 2431 3856 2605 3921; x_wconf 76' lang='lat' dir='ltr'><strong>locum</strong></span> <span class='ocrx_word' id='word_1_839' title='bbox 2628 3856 2985 3927; x_wconf 69' lang='lat' dir='ltr'><strong>suumiuicita</strong></span> <span class='ocrx_word' id='word_1_840' title='bbox 3000 3867 3058 3929; x_wconf 67' lang='lat' dir='ltr'><strong>et</strong></span> <span class='ocrx_word' id='word_1_841' title='bbox 3076 3861 3343 3933; x_wconf 70' lang='lat' dir='ltr'><strong>pvoinuda</strong></span> <span class='ocrx_word' id='word_1_842' title='bbox 3367 3863 3601 3935; x_wconf 74' lang='lat' dir='ltr'><strong>lascivia.</strong></span> <span class='ocrx_word' id='word_1_843' title='bbox 3630 3867 3746 3929; x_wconf 62' lang='lat' dir='ltr'><strong>tua</strong></span> <span class='ocrx_word' id='word_1_844' title='bbox 3788 3909 3793 3913; x_wconf 62' lang='grc' dir='ltr'><em>ρ</em></span> 
     </span>
    </p>
   </div>
   <div class='ocr_carea' id='block_1_100' title="bbox 2144 3947 3749 4029">
    <p class='ocr_par' dir='ltr' id='par_1_100' title="bbox 2144 3947 3749 4029">
     <span class='ocr_line' id='line_1_100' title="bbox 2144 3947 3749 4029; baseline 0.014 -20"><span class='ocrx_word' id='word_1_845' title='bbox 2144 3954 2325 4009; x_wconf 73' lang='lat' dir='ltr'><strong>autem</strong></span> <span class='ocrx_word' id='word_1_846' title='bbox 2346 3947 2586 4016; x_wconf 71' lang='lat' dir='ltr'><strong>membsa</strong></span> <span class='ocrx_word' id='word_1_847' title='bbox 2610 3963 2735 4029; x_wconf 68' lang='lat' dir='ltr'><strong>quae.</strong></span> <span class='ocrx_word' id='word_1_848' title='bbox 2752 3947 3043 4019; x_wconf 57' lang='lat' dir='ltr'><strong>Manilii</strong></span> <span class='ocrx_word' id='word_1_849' title='bbox 3058 3952 3245 4021; x_wconf 70' lang='lat' dir='ltr'><strong>locum</strong></span> <span class='ocrx_word' id='word_1_850' title='bbox 3271 3968 3431 4023; x_wconf 66' lang='lat' dir='ltr'><strong>suum</strong></span> <span class='ocrx_word' id='word_1_851' title='bbox 3454 3956 3515 4017; x_wconf 70' lang='lat' dir='ltr'><strong>in</strong></span> <span class='ocrx_word' id='word_1_852' title='bbox 3534 3974 3749 4028; x_wconf 67' lang='lat' dir='ltr'><strong>smn</strong></span> 
     </span>
    </p>
   </div>
   <div class='ocr_carea' id='block_1_101' title="bbox 2144 4040 3737 4119">
    <p class='ocr_par' dir='ltr' id='par_1_101' title="bbox 2144 4040 3737 4119">
     <span class='ocr_line' id='line_1_101' title="bbox 2144 4040 3737 4119; baseline 0.014 -19"><span class='ocrx_word' id='word_1_853' title='bbox 2144 4052 2241 4101; x_wconf 80' lang='lat' dir='ltr'><strong>suo</strong></span> <span class='ocrx_word' id='word_1_854' title='bbox 2259 4079 2279 4107; x_wconf 74' lang='grc' dir='ltr'><strong><em>ι</em></strong></span> <span class='ocrx_word' id='word_1_855' title='bbox 2307 4046 2361 4094; x_wconf 77' lang='lat' dir='ltr'><strong>ct</strong></span> <span class='ocrx_word' id='word_1_856' title='bbox 2387 4040 2437 4107; x_wconf 76' lang='lat' dir='ltr'><strong>in</strong></span> <span class='ocrx_word' id='word_1_857' title='bbox 2464 4040 2585 4109; x_wconf 63' lang='lat' dir='ltr'><strong>loco</strong></span> <span class='ocrx_word' id='word_1_858' title='bbox 2608 4055 2725 4109; x_wconf 65' lang='lat' dir='ltr'><strong>suo.</strong></span> <span class='ocrx_word' id='word_1_859' title='bbox 2755 4051 2811 4112; x_wconf 61' lang='lat' dir='ltr'><strong>cl.</strong></span> <span class='ocrx_word' id='word_1_860' title='bbox 2837 4043 2893 4113; x_wconf 62' lang='lat' dir='ltr'><strong>in</strong></span> <span class='ocrx_word' id='word_1_861' title='bbox 2925 4059 3025 4111; x_wconf 63' lang='lat' dir='ltr'><strong>suo</strong></span> <span class='ocrx_word' id='word_1_862' title='bbox 3050 4045 3235 4119; x_wconf 47' lang='lat' dir='ltr'><strong>modo,</strong></span> <span class='ocrx_word' id='word_1_863' title='bbox 3255 4060 3548 4119; x_wconf 56' lang='grc' dir='ltr'><strong>δείνων</strong></span> <span class='ocrx_word' id='word_1_864' title='bbox 3569 4052 3737 4110; x_wconf 69' lang='lat' dir='ltr'><strong>Chri-</strong></span> 
     </span>
    </p>
   </div>
   <div class='ocr_carea' id='block_1_102' title="bbox 2143 4132 3741 4214">
    <p class='ocr_par' dir='ltr' id='par_1_102' title="bbox 2143 4132 3741 4214">
     <span class='ocr_line' id='line_1_102' title="bbox 2143 4132 3741 4214; baseline 0.004 -12"><span class='ocrx_word' id='word_1_865' title='bbox 2143 4139 2315 4203; x_wconf 72' lang='lat' dir='ltr'><strong>stum;</strong></span> <span class='ocrx_word' id='word_1_866' title='bbox 2337 4132 2602 4204; x_wconf 72' lang='lat' dir='ltr'><strong>ahoesent</strong></span> <span class='ocrx_word' id='word_1_867' title='bbox 2622 4150 2711 4205; x_wconf 78' lang='lat' dir='ltr'><strong>se.</strong></span> <span class='ocrx_word' id='word_1_868' title='bbox 2734 4136 2792 4209; x_wconf 79' lang='lat' dir='ltr'><strong>id.</strong></span> <span class='ocrx_word' id='word_1_869' title='bbox 2814 4147 2897 4207; x_wconf 69' lang='lat' dir='ltr'><strong>est</strong></span> <span class='ocrx_word' id='word_1_870' title='bbox 2926 4155 3041 4211; x_wconf 62' lang='lat' dir='ltr'><strong>non</strong></span> <span class='ocrx_word' id='word_1_871' title='bbox 3056 4152 3383 4213; x_wconf 65' lang='lat' dir='ltr'><strong>mnam</strong></span> <span class='ocrx_word' id='word_1_872' title='bbox 3400 4145 3475 4213; x_wconf 65' lang='lat' dir='ltr'><strong>de</strong></span> <span class='ocrx_word' id='word_1_873' title='bbox 3496 4162 3593 4214; x_wconf 72' lang='lat' dir='ltr'><strong>se;</strong></span> <span class='ocrx_word' id='word_1_874' title='bbox 3625 4151 3741 4207; x_wconf 73' lang='grc' dir='ltr'><strong>ωι-</strong></span> 
     </span>
    </p>
   </div>
   <div class='ocr_carea' id='block_1_103' title="bbox 2141 4223 3739 4307">
    <p class='ocr_par' dir='ltr' id='par_1_103' title="bbox 2141 4223 3739 4307">
     <span class='ocr_line' id='line_1_103' title="bbox 2141 4223 3739 4307; baseline 0.012 -28"><span class='ocrx_word' id='word_1_875' title='bbox 2141 4223 2253 4283; x_wconf 82' lang='lat' dir='ltr'><strong>lant</strong></span> <span class='ocrx_word' id='word_1_876' title='bbox 2275 4241 2488 4291; x_wconf 78' lang='lat' dir='ltr'><strong>crucem</strong></span> <span class='ocrx_word' id='word_1_877' title='bbox 2508 4243 2681 4299; x_wconf 64' lang='lat' dir='ltr'><strong>suum.</strong></span> <span class='ocrx_word' id='word_1_878' title='bbox 2701 4228 2753 4293; x_wconf 79' lang='lat' dir='ltr'><strong>id</strong></span> <span class='ocrx_word' id='word_1_879' title='bbox 2779 4239 2879 4297; x_wconf 72' lang='grc' dir='ltr'>εει,</span> <span class='ocrx_word' id='word_1_880' title='bbox 2900 4231 3128 4297; x_wconf 64' lang='lat' dir='ltr'><strong>teletam</strong></span> <span class='ocrx_word' id='word_1_881' title='bbox 3148 4233 3203 4293; x_wconf 76' lang='lat' dir='ltr'><strong>in</strong></span> <span class='ocrx_word' id='word_1_882' title='bbox 3224 4236 3426 4295; x_wconf 67' lang='lat' dir='ltr'><strong>nuntio</strong></span> <span class='ocrx_word' id='word_1_883' title='bbox 3448 4253 3549 4307; x_wconf 72' lang='lat' dir='ltr'><strong>pro</strong></span> <span class='ocrx_word' id='word_1_884' title='bbox 3570 4239 3739 4297; x_wconf 69' lang='lat' dir='ltr'><strong>Cliti-</strong></span> 
     </span>
    </p>
   </div>
   <div class='ocr_carea' id='block_1_104' title="bbox 2141 4319 3741 4400">
    <p class='ocr_par' dir='ltr' id='par_1_104' title="bbox 2141 4319 3741 4400">
     <span class='ocr_line' id='line_1_104' title="bbox 2141 4319 3741 4400; baseline 0.01 -27"><span class='ocrx_word' id='word_1_885' title='bbox 2141 4326 2224 4385; x_wconf 82' lang='lat' dir='ltr'><strong>stp</strong></span> <span class='ocrx_word' id='word_1_886' title='bbox 2252 4319 2504 4399; x_wconf 78' lang='lat' dir='ltr'><strong>quidquid</strong></span> <span class='ocrx_word' id='word_1_887' title='bbox 2537 4321 2772 4392; x_wconf 70' lang='lat' dir='ltr'><strong>intuielit</strong></span> <span class='ocrx_word' id='word_1_888' title='bbox 2798 4324 3048 4387; x_wconf 70' lang='lat' dir='ltr'><strong>mundus.</strong></span> <span class='ocrx_word' id='word_1_889' title='bbox 3087 4326 3283 4399; x_wconf 62' lang='lat' dir='ltr'><strong>Ament</strong></span> <span class='ocrx_word' id='word_1_890' title='bbox 3309 4344 3434 4385; x_wconf 66' lang='lat' dir='ltr'><strong>eum</strong></span> <span class='ocrx_word' id='word_1_891' title='bbox 3459 4331 3549 4400; x_wconf 79' lang='lat' dir='ltr'><strong>qui</strong></span> <span class='ocrx_word' id='word_1_892' title='bbox 3578 4333 3741 4389; x_wconf 80' lang='lat' dir='ltr'><strong>solus</strong></span> 
     </span>
    </p>
   </div>
   <div class='ocr_carea' id='block_1_105' title="bbox 2139 4412 3735 4491">
    <p class='ocr_par' dir='ltr' id='par_1_105' title="bbox 2139 4412 3735 4491">
     <span class='ocr_line' id='line_1_105' title="bbox 2139 4412 3735 4491; baseline 0.01 -25"><span class='ocrx_word' id='word_1_893' title='bbox 2139 4427 2246 4483; x_wconf 71' lang='lat' dir='ltr'><strong>non</strong></span> <span class='ocrx_word' id='word_1_894' title='bbox 2274 4412 2499 4491; x_wconf 58' lang='lat' dir='ltr'><strong>decipit,</strong></span> <span class='ocrx_word' id='word_1_895' title='bbox 2529 4416 2621 4488; x_wconf 77' lang='lat' dir='ltr'><strong>qui</strong></span> <span class='ocrx_word' id='word_1_896' title='bbox 2656 4416 2805 4485; x_wconf 68' lang='lat' dir='ltr'><strong>solus</strong></span> <span class='ocrx_word' id='word_1_897' title='bbox 2827 4433 2942 4483; x_wconf 61' lang='lat' dir='ltr'><strong>anon</strong></span> <span class='ocrx_word' id='word_1_898' title='bbox 2972 4416 3191 4487; x_wconf 70' lang='lat' dir='ltr'><strong>fallitur,</strong></span> <span class='ocrx_word' id='word_1_899' title='bbox 3230 4422 3379 4481; x_wconf 74' lang='lat' dir='ltr'><strong>cuius</strong></span> <span class='ocrx_word' id='word_1_900' title='bbox 3399 4439 3512 4485; x_wconf 70' lang='lat' dir='ltr'><strong>non</strong></span> <span class='ocrx_word' id='word_1_901' title='bbox 3541 4423 3685 4481; x_wconf 74' lang='lat' dir='ltr'><strong>fallit</strong></span> <span class='ocrx_word' id='word_1_902' title='bbox 3717 4444 3735 4481; x_wconf 89' lang='lat'>:</span> 
     </span>
    </p>
   </div>
   <div class='ocr_carea' id='block_1_106' title="bbox 2139 4507 3737 4589">
    <p class='ocr_par' dir='ltr' id='par_1_106' title="bbox 2139 4507 3737 4589">
     <span class='ocr_line' id='line_1_106' title="bbox 2139 4507 3737 4589; baseline 0.014 -32"><span class='ocrx_word' id='word_1_903' title='bbox 2139 4514 2320 4573; x_wconf 73' lang='lat' dir='ltr'><strong>ament</strong></span> <span class='ocrx_word' id='word_1_904' title='bbox 2346 4522 2490 4581; x_wconf 73' lang='lat' dir='ltr'><strong>cum,</strong></span> <span class='ocrx_word' id='word_1_905' title='bbox 2520 4507 2642 4578; x_wconf 83' lang='lat' dir='ltr'><strong>quia</strong></span> <span class='ocrx_word' id='word_1_906' title='bbox 2676 4523 2863 4564; x_wconf 75' lang='lat' dir='ltr'><strong>verum</strong></span> <span class='ocrx_word' id='word_1_907' title='bbox 2880 4519 2971 4566; x_wconf 81' lang='lat' dir='ltr'><strong>est</strong></span> <span class='ocrx_word' id='word_1_908' title='bbox 2992 4511 3133 4581; x_wconf 79' lang='lat' dir='ltr'><strong>quod</strong></span> <span class='ocrx_word' id='word_1_909' title='bbox 3468 4515 3574 4572; x_wconf 77' lang='lat' dir='ltr'><strong>Sed</strong></span> <span class='ocrx_word' id='word_1_910' title='bbox 3604 4521 3737 4589; x_wconf 79' lang='lat' dir='ltr'><strong>quia</strong></span> 
     </span>
    </p>
   </div>
   <div class='ocr_carea' id='block_1_107' title="bbox 2138 4597 3734 4681">
    <p class='ocr_par' dir='ltr' id='par_1_107' title="bbox 2138 4597 3734 4681">
     <span class='ocr_line' id='line_1_107' title="bbox 2138 4597 3734 4681; baseline 0.009 -30"><span class='ocrx_word' id='word_1_911' title='bbox 2138 4610 2245 4667; x_wconf 74' lang='lat' dir='ltr'><strong>non</strong></span> <span class='ocrx_word' id='word_1_912' title='bbox 2277 4597 2435 4663; x_wconf 80' lang='lat' dir='ltr'><strong>modo</strong></span> <span class='ocrx_word' id='word_1_913' title='bbox 2459 4598 2569 4671; x_wconf 72' lang='lat' dir='ltr'><strong>dat,</strong></span> <span class='ocrx_word' id='word_1_914' title='bbox 2596 4599 2965 4669; x_wconf 74' lang='lat' dir='ltr'><strong>titubat</strong></span> <span class='ocrx_word' id='word_1_915' title='bbox 2992 4604 3153 4671; x_wconf 64' lang='lat' dir='ltr'><strong>Itum,</strong></span> <span class='ocrx_word' id='word_1_916' title='bbox 3182 4619 3486 4676; x_wconf 62' lang='lat' dir='ltr'><strong>powers,</strong></span> <span class='ocrx_word' id='word_1_917' title='bbox 3518 4610 3691 4666; x_wconf 71' lang='lat' dir='ltr'><strong>tolera</strong></span> <span class='ocrx_word' id='word_1_918' title='bbox 3711 4654 3734 4681; x_wconf 88' lang='lat'><strong>,</strong></span> 
     </span>
    </p>
   </div>
   <div class='ocr_carea' id='block_1_108' title="bbox 2136 4688 3150 4761">
    <p class='ocr_par' dir='ltr' id='par_1_108' title="bbox 2136 4688 3150 4761">
     <span class='ocr_line' id='line_1_108' title="bbox 2136 4688 3150 4761; baseline 0.014 -19"><span class='ocrx_word' id='word_1_919' title='bbox 2136 4697 2290 4757; x_wconf 65' lang='lat' dir='ltr'><strong>porta</strong></span> <span class='ocrx_word' id='word_1_920' title='bbox 2307 4688 2636 4758; x_wconf 68' lang='lat' dir='ltr'><strong>dilationem,</strong></span> <span class='ocrx_word' id='word_1_921' title='bbox 2660 4700 2715 4747; x_wconf 93' lang='lat' dir='ltr'><strong>et</strong></span> <span class='ocrx_word' id='word_1_922' title='bbox 2735 4693 2896 4761; x_wconf 79' lang='lat' dir='ltr'><strong>tulisti</strong></span> <span class='ocrx_word' id='word_1_923' title='bbox 2917 4708 3150 4759; x_wconf 68' lang='lat' dir='ltr'><strong>crucem.</strong></span> 
     </span>
    </p>
   </div>
   <div class='ocr_carea' id='block_1_109' title="bbox 2208 4778 3738 4860">
    <p class='ocr_par' dir='ltr' id='par_1_109' title="bbox 2208 4778 3738 4860">
     <span class='ocr_line' id='line_1_109' title="bbox 2208 4778 3738 4860; baseline 0.012 -27"><span class='ocrx_word' id='word_1_924' title='bbox 2208 4778 2430 4847; x_wconf 69' lang='lat' dir='ltr'><strong>CAPUT</strong></span> <span class='ocrx_word' id='word_1_925' title='bbox 2470 4781 2603 4839; x_wconf 82' lang='lat' dir='ltr'><strong>Vill.</strong></span> <span class='ocrx_word' id='word_1_926' title='bbox 2632 4784 2813 4841; x_wconf 50' lang='grc' dir='ltr'><strong>τω.</strong></span> <span class='ocrx_word' id='word_1_927' title='bbox 2862 4782 3002 4841; x_wconf 81' lang='lat' dir='ltr'><strong>Varii</strong></span> <span class='ocrx_word' id='word_1_928' title='bbox 3028 4788 3550 4860; x_wconf 65' lang='lat' dir='ltr'><strong>gradmseauntiau</strong></span> <span class='ocrx_word' id='word_1_929' title='bbox 3573 4790 3738 4850; x_wconf 69' lang='grc' dir='ltr'>ειη-ε-</span> 
     </span>
    </p>
   </div>
   <div class='ocr_carea' id='block_1_110' title="bbox 2135 4862 3736 4951">
    <p class='ocr_par' dir='ltr' id='par_1_110' title="bbox 2135 4862 3736 4951">
     <span class='ocr_line' id='line_1_110' title="bbox 2135 4862 3736 4951; baseline 0.012 -26"><span class='ocrx_word' id='word_1_930' title='bbox 2135 4880 2295 4943; x_wconf 84' lang='lat' dir='ltr'><strong>stum,</strong></span> <span class='ocrx_word' id='word_1_931' title='bbox 2340 4874 2521 4945; x_wconf 80' lang='lat' dir='ltr'><strong>quidue</strong></span> <span class='ocrx_word' id='word_1_932' title='bbox 2577 4875 2630 4931; x_wconf 90' lang='lat' dir='ltr'><strong>in</strong></span> <span class='ocrx_word' id='word_1_933' title='bbox 2675 4876 2779 4933; x_wconf 77' lang='lat' dir='ltr'><strong>illis</strong></span> <span class='ocrx_word' id='word_1_934' title='bbox 2826 4878 2893 4941; x_wconf 69' lang='lat' dir='ltr'><strong>sit</strong></span> <span class='ocrx_word' id='word_1_935' title='bbox 2941 4888 3071 4941; x_wconf 66' lang='lat' dir='ltr'><strong>retro</strong></span> <span class='ocrx_word' id='word_1_936' title='bbox 3120 4883 3382 4951; x_wconf 61' lang='lat' dir='ltr'><strong>reme.</strong></span> <span class='ocrx_word' id='word_1_937' title='bbox 3577 4887 3736 4944; x_wconf 80' lang='lat' dir='ltr'><strong>dicat</strong></span> 
     </span>
    </p>
   </div>
   <div class='ocr_carea' id='block_1_111' title="bbox 2136 4964 3735 5043">
    <p class='ocr_par' dir='ltr' id='par_1_111' title="bbox 2136 4964 3735 5043">
     <span class='ocr_line' id='line_1_111' title="bbox 2136 4964 3735 5043; baseline 0.011 -25"><span class='ocrx_word' id='word_1_938' title='bbox 2136 4964 2282 5036; x_wconf 76' lang='lat' dir='ltr'><strong>virgo</strong></span> <span class='ocrx_word' id='word_1_939' title='bbox 2310 4982 2323 5020; x_wconf 91' lang='lat'><strong>:</strong></span> <span class='ocrx_word' id='word_1_940' title='bbox 2354 4964 2475 5021; x_wconf 87' lang='lat' dir='ltr'><strong>Sola</strong></span> <span class='ocrx_word' id='word_1_941' title='bbox 2499 4965 2571 5024; x_wconf 86' lang='lat' dir='ltr'><strong>ibi</strong></span> <span class='ocrx_word' id='word_1_942' title='bbox 2597 4982 2711 5031; x_wconf 84' lang='lat' dir='ltr'><strong>ero.</strong></span> <span class='ocrx_word' id='word_1_943' title='bbox 2732 4968 2849 5032; x_wconf 82' lang='lat' dir='ltr'><strong>Non</strong></span> <span class='ocrx_word' id='word_1_944' title='bbox 2876 4970 3019 5027; x_wconf 86' lang='lat' dir='ltr'><strong>enim</strong></span> <span class='ocrx_word' id='word_1_945' title='bbox 3046 4972 3158 5028; x_wconf 84' lang='lat' dir='ltr'><strong>sola</strong></span> <span class='ocrx_word' id='word_1_946' title='bbox 3184 4973 3257 5029; x_wconf 91' lang='lat' dir='ltr'><strong>ibi</strong></span> <span class='ocrx_word' id='word_1_947' title='bbox 3283 4976 3386 5031; x_wconf 81' lang='lat' dir='ltr'><strong>erit</strong></span> <span class='ocrx_word' id='word_1_948' title='bbox 3408 4975 3593 5043; x_wconf 74' lang='lat' dir='ltr'><strong>Maria,</strong></span> <span class='ocrx_word' id='word_1_949' title='bbox 3627 4981 3735 5035; x_wconf 82' lang='lat' dir='ltr'><strong>sed</strong></span> 
     </span>
    </p>
   </div>
   <div class='ocr_carea' id='block_1_112' title="bbox 2134 5056 3731 5136">
    <p class='ocr_par' dir='ltr' id='par_1_112' title="bbox 2134 5056 3731 5136">
     <span class='ocr_line' id='line_1_112' title="bbox 2134 5056 3731 5136; baseline 0.011 -27"><span class='ocrx_word' id='word_1_950' title='bbox 2134 5056 2235 5110; x_wconf 90' lang='lat' dir='ltr'><strong>erit</strong></span> <span class='ocrx_word' id='word_1_951' title='bbox 2275 5056 2347 5112; x_wconf 85' lang='lat' dir='ltr'><strong>ibi</strong></span> <span class='ocrx_word' id='word_1_952' title='bbox 2383 5066 2437 5117; x_wconf 85' lang='lat' dir='ltr'><strong>et</strong></span> <span class='ocrx_word' id='word_1_953' title='bbox 2479 5058 2631 5117; x_wconf 73' lang='lat' dir='ltr'><strong>Anna</strong></span> <span class='ocrx_word' id='word_1_954' title='bbox 2671 5060 2844 5121; x_wconf 73' lang='lat' dir='ltr'><strong>vidua.</strong></span> <span class='ocrx_word' id='word_1_955' title='bbox 2878 5060 2995 5123; x_wconf 82' lang='lat' dir='ltr'><strong>Non</strong></span> <span class='ocrx_word' id='word_1_956' title='bbox 3023 5063 3162 5120; x_wconf 78' lang='lat' dir='ltr'><strong>dicat</strong></span> <span class='ocrx_word' id='word_1_957' title='bbox 3200 5074 3404 5136; x_wconf 81' lang='lat' dir='ltr'><strong>nupta:</strong></span> <span class='ocrx_word' id='word_1_958' title='bbox 3437 5067 3607 5123; x_wconf 79' lang='lat' dir='ltr'><strong>Vidua</strong></span> <span class='ocrx_word' id='word_1_959' title='bbox 3652 5072 3731 5126; x_wconf 83' lang='lat' dir='ltr'><strong>ibi</strong></span> 
     </span>
    </p>
   </div>
   <div class='ocr_carea' id='block_1_113' title="bbox 2134 5147 3734 5226">
    <p class='ocr_par' dir='ltr' id='par_1_113' title="bbox 2134 5147 3734 5226">
     <span class='ocr_line' id='line_1_113' title="bbox 2134 5147 3734 5226; baseline 0.012 -24"><span class='ocrx_word' id='word_1_960' title='bbox 2134 5147 2256 5217; x_wconf 90' lang='lat' dir='ltr'><strong>erit,</strong></span> <span class='ocrx_word' id='word_1_961' title='bbox 2280 5163 2384 5207; x_wconf 90' lang='lat' dir='ltr'><strong>non</strong></span> <span class='ocrx_word' id='word_1_962' title='bbox 2402 5164 2522 5222; x_wconf 74' lang='lat' dir='ltr'><strong>ego.</strong></span> <span class='ocrx_word' id='word_1_963' title='bbox 2545 5151 2660 5207; x_wconf 86' lang='lat' dir='ltr'><strong>Non</strong></span> <span class='ocrx_word' id='word_1_964' title='bbox 2691 5153 2831 5212; x_wconf 68' lang='lat' dir='ltr'><strong>etum</strong></span> <span class='ocrx_word' id='word_1_965' title='bbox 2859 5155 2964 5211; x_wconf 82' lang='lat' dir='ltr'><strong>erit</strong></span> <span class='ocrx_word' id='word_1_966' title='bbox 3004 5157 3076 5211; x_wconf 89' lang='lat' dir='ltr'><strong>ibi</strong></span> <span class='ocrx_word' id='word_1_967' title='bbox 3119 5158 3292 5226; x_wconf 80' lang='lat' dir='ltr'><strong>Anna,</strong></span> <span class='ocrx_word' id='word_1_968' title='bbox 3313 5169 3367 5216; x_wconf 86' lang='lat' dir='ltr'><strong>et</strong></span> <span class='ocrx_word' id='word_1_969' title='bbox 3390 5176 3498 5215; x_wconf 88' lang='lat' dir='ltr'><strong>non</strong></span> <span class='ocrx_word' id='word_1_970' title='bbox 3524 5163 3596 5217; x_wconf 83' lang='lat' dir='ltr'><strong>ibi</strong></span> <span class='ocrx_word' id='word_1_971' title='bbox 3619 5167 3734 5221; x_wconf 75' lang='lat' dir='ltr'><strong>erit</strong></span> 
     </span>
    </p>
   </div>
   <div class='ocr_carea' id='block_1_114' title="bbox 2133 5238 3727 5323">
    <p class='ocr_par' dir='ltr' id='par_1_114' title="bbox 2133 5238 3727 5323">
     <span class='ocr_line' id='line_1_114' title="bbox 2133 5238 3727 5323; baseline 0.011 -30"><span class='ocrx_word' id='word_1_972' title='bbox 2133 5238 2391 5307; x_wconf 81' lang='lat' dir='ltr'><strong>Susanna.</strong></span> <span class='ocrx_word' id='word_1_973' title='bbox 2416 5240 2519 5297; x_wconf 86' lang='lat' dir='ltr'><strong>Sed</strong></span> <span class='ocrx_word' id='word_1_974' title='bbox 2544 5242 2697 5312; x_wconf 86' lang='lat' dir='ltr'><strong>plane</strong></span> <span class='ocrx_word' id='word_1_975' title='bbox 2718 5244 2839 5301; x_wconf 86' lang='lat' dir='ltr'><strong>inde</strong></span> <span class='ocrx_word' id='word_1_976' title='bbox 2855 5262 2913 5300; x_wconf 84' lang='lat' dir='ltr'><strong>se</strong></span> <span class='ocrx_word' id='word_1_977' title='bbox 2934 5246 3159 5317; x_wconf 80' lang='lat' dir='ltr'><strong>probent</strong></span> <span class='ocrx_word' id='word_1_978' title='bbox 3177 5249 3265 5319; x_wconf 82' lang='lat' dir='ltr'><strong>qui</strong></span> <span class='ocrx_word' id='word_1_979' title='bbox 3291 5249 3363 5304; x_wconf 75' lang='lat' dir='ltr'><strong>ibi</strong></span> <span class='ocrx_word' id='word_1_980' title='bbox 3388 5250 3549 5307; x_wconf 77' lang='lat' dir='ltr'><strong>futuri</strong></span> <span class='ocrx_word' id='word_1_981' title='bbox 3570 5265 3727 5323; x_wconf 83' lang='lat' dir='ltr'><strong>sunt,</strong></span> 
     </span>
    </p>
   </div>
   <div class='ocr_carea' id='block_1_115' title="bbox 2131 5332 3724 5413">
    <p class='ocr_par' dir='ltr' id='par_1_115' title="bbox 2131 5332 3724 5413">
     <span class='ocr_line' id='line_1_115' title="bbox 2131 5332 3724 5413; baseline 0.009 -28"><span class='ocrx_word' id='word_1_982' title='bbox 2131 5339 2189 5387; x_wconf 92' lang='lat' dir='ltr'><strong>ut</strong></span> <span class='ocrx_word' id='word_1_983' title='bbox 2216 5333 2305 5401; x_wconf 89' lang='lat' dir='ltr'><strong>qui</strong></span> <span class='ocrx_word' id='word_1_984' title='bbox 2333 5332 2527 5388; x_wconf 82' lang='lat' dir='ltr'><strong>habent</strong></span> <span class='ocrx_word' id='word_1_985' title='bbox 2566 5333 2651 5389; x_wconf 88' lang='lat' dir='ltr'><strong>hic</strong></span> <span class='ocrx_word' id='word_1_986' title='bbox 2690 5334 2992 5392; x_wconf 78' lang='lat' dir='ltr'><strong>inferiorem</strong></span> <span class='ocrx_word' id='word_1_987' title='bbox 3023 5338 3233 5407; x_wconf 87' lang='lat' dir='ltr'><strong>locum,</strong></span> <span class='ocrx_word' id='word_1_988' title='bbox 3265 5357 3371 5397; x_wconf 79' lang='lat' dir='ltr'><strong>non</strong></span> <span class='ocrx_word' id='word_1_989' title='bbox 3411 5342 3724 5413; x_wconf 85' lang='lat' dir='ltr'><strong>invideant,</strong></span> 
     </span>
    </p>
   </div>
   <div class='ocr_carea' id='block_1_116' title="bbox 2130 5424 3727 5501">
    <p class='ocr_par' dir='ltr' id='par_1_116' title="bbox 2130 5424 3727 5501">
     <span class='ocr_line' id='line_1_116' title="bbox 2130 5424 3727 5501; baseline 0.009 -22"><span class='ocrx_word' id='word_1_990' title='bbox 2130 5424 2223 5479; x_wconf 88' lang='lat' dir='ltr'><strong>sed</strong></span> <span class='ocrx_word' id='word_1_991' title='bbox 2260 5424 2477 5496; x_wconf 77' lang='lat' dir='ltr'><strong>diligant</strong></span> <span class='ocrx_word' id='word_1_992' title='bbox 2511 5424 2566 5480; x_wconf 89' lang='lat' dir='ltr'><strong>in</strong></span> <span class='ocrx_word' id='word_1_993' title='bbox 2608 5427 2726 5483; x_wconf 89' lang='lat' dir='ltr'><strong>aliis</strong></span> <span class='ocrx_word' id='word_1_994' title='bbox 2753 5429 3027 5489; x_wconf 82' lang='lat' dir='ltr'><strong>meliorem</strong></span> <span class='ocrx_word' id='word_1_995' title='bbox 3057 5431 3252 5491; x_wconf 88' lang='lat' dir='ltr'><strong>locum.</strong></span> <span class='ocrx_word' id='word_1_996' title='bbox 3288 5434 3531 5501; x_wconf 83' lang='lat' dir='ltr'><strong>Etenim,</strong></span> <span class='ocrx_word' id='word_1_997' title='bbox 3564 5438 3727 5494; x_wconf 82' lang='lat' dir='ltr'><strong>verbi</strong></span> 
     </span>
    </p>
   </div>
   <div class='ocr_carea' id='block_1_117' title="bbox 2129 5514 3730 5597">
    <p class='ocr_par' dir='ltr' id='par_1_117' title="bbox 2129 5514 3730 5597">
     <span class='ocr_line' id='line_1_117' title="bbox 2129 5514 3730 5597; baseline 0.009 -27"><span class='ocrx_word' id='word_1_998' title='bbox 2129 5515 2326 5586; x_wconf 77' lang='lat' dir='ltr'><strong>gratia,</strong></span> <span class='ocrx_word' id='word_1_999' title='bbox 2354 5514 2549 5574; x_wconf 77' lang='lat' dir='ltr'><strong>fratres</strong></span> <span class='ocrx_word' id='word_1_1000' title='bbox 2588 5520 2712 5583; x_wconf 82' lang='lat' dir='ltr'><strong>mei,</strong></span> <span class='ocrx_word' id='word_1_1001' title='bbox 2746 5530 2803 5575; x_wconf 91' lang='lat' dir='ltr'><strong>ut</strong></span> <span class='ocrx_word' id='word_1_1002' title='bbox 2827 5521 3116 5589; x_wconf 77' lang='lat' dir='ltr'><strong>advertatis</strong></span> <span class='ocrx_word' id='word_1_1003' title='bbox 3147 5542 3160 5578; x_wconf 92' lang='lat'><strong>:</strong></span> <span class='ocrx_word' id='word_1_1004' title='bbox 3189 5527 3524 5597; x_wconf 62' lang='lat' dir='ltr'><strong>coniugalem</strong></span> <span class='ocrx_word' id='word_1_1005' title='bbox 3548 5529 3730 5588; x_wconf 78' lang='lat' dir='ltr'><strong>vitam</strong></span> 
     </span>
    </p>
   </div>
   <div class='ocr_carea' id='block_1_118' title="bbox 2128 5607 3727 5691">
    <p class='ocr_par' dir='ltr' id='par_1_118' title="bbox 2128 5607 3727 5691">
     <span class='ocr_line' id='line_1_118' title="bbox 2128 5607 3727 5691; baseline 0.012 -32"><span class='ocrx_word' id='word_1_1006' title='bbox 2128 5607 2352 5676; x_wconf 78' lang='lat' dir='ltr'><strong>quisque.</strong></span> <span class='ocrx_word' id='word_1_1007' title='bbox 2378 5608 2557 5677; x_wconf 80' lang='lat' dir='ltr'><strong>elegit,</strong></span> <span class='ocrx_word' id='word_1_1008' title='bbox 2602 5612 2956 5673; x_wconf 82' lang='lat' dir='ltr'><strong>continentem</strong></span> <span class='ocrx_word' id='word_1_1009' title='bbox 2988 5615 3149 5671; x_wconf 80' lang='lat' dir='ltr'><strong>vitam</strong></span> <span class='ocrx_word' id='word_1_1010' title='bbox 3186 5618 3413 5688; x_wconf 81' lang='lat' dir='ltr'><strong>quisque</strong></span> <span class='ocrx_word' id='word_1_1011' title='bbox 3450 5619 3641 5691; x_wconf 80' lang='lat' dir='ltr'><strong>elegit;</strong></span> <span class='ocrx_word' id='word_1_1012' title='bbox 3668 5624 3727 5679; x_wconf 82' lang='lat' dir='ltr'><strong>si</strong></span> 
     </span>
    </p>
   </div>
   <div class='ocr_carea' id='block_1_119' title="bbox 2132 5700 3726 5783">
    <p class='ocr_par' dir='ltr' id='par_1_119' title="bbox 2132 5700 3726 5783">
     <span class='ocr_line' id='line_1_119' title="bbox 2132 5700 3726 5783; baseline 0.011 -28"><span class='ocrx_word' id='word_1_1013' title='bbox 2132 5700 2221 5757; x_wconf 89' lang='lat' dir='ltr'><strong>ille</strong></span> <span class='ocrx_word' id='word_1_1014' title='bbox 2244 5703 2331 5772; x_wconf 89' lang='lat' dir='ltr'><strong>qui</strong></span> <span class='ocrx_word' id='word_1_1015' title='bbox 2359 5703 2520 5773; x_wconf 82' lang='lat' dir='ltr'><strong>elegit</strong></span> <span class='ocrx_word' id='word_1_1016' title='bbox 2557 5706 2716 5759; x_wconf 84' lang='lat' dir='ltr'><strong>vitam</strong></span> <span class='ocrx_word' id='word_1_1017' title='bbox 2751 5706 3099 5778; x_wconf 82' lang='lat' dir='ltr'><strong>conjugalem,</strong></span> <span class='ocrx_word' id='word_1_1018' title='bbox 3123 5714 3481 5783; x_wconf 77' lang='lat' dir='ltr'><strong>concupiverit</strong></span> <span class='ocrx_word' id='word_1_1019' title='bbox 3506 5714 3726 5777; x_wconf 55' lang='lat' dir='ltr'><strong>adulter</strong></span> 
     </span>
    </p>
   </div>
   <div class='ocr_carea' id='block_1_120' title="bbox 2128 5793 3723 5874">
    <p class='ocr_par' dir='ltr' id='par_1_120' title="bbox 2128 5793 3723 5874">
     <span class='ocr_line' id='line_1_120' title="bbox 2128 5793 3723 5874; baseline 0.01 -25"><span class='ocrx_word' id='word_1_1020' title='bbox 2128 5793 2228 5862; x_wconf 88' lang='lat' dir='ltr'><strong>ria,</strong></span> <span class='ocrx_word' id='word_1_1021' title='bbox 2257 5803 2402 5850; x_wconf 89' lang='lat' dir='ltr'><strong>retro</strong></span> <span class='ocrx_word' id='word_1_1022' title='bbox 2430 5798 2693 5867; x_wconf 82' lang='lat' dir='ltr'><strong>respexit;</strong></span> <span class='ocrx_word' id='word_1_1023' title='bbox 2723 5798 2847 5854; x_wconf 91' lang='lat' dir='ltr'><strong>illud</strong></span> <span class='ocrx_word' id='word_1_1024' title='bbox 2863 5801 3162 5873; x_wconf 89' lang='lat' dir='ltr'><strong>concupivit</strong></span> <span class='ocrx_word' id='word_1_1025' title='bbox 3180 5804 3319 5874; x_wconf 87' lang='lat' dir='ltr'><strong>quod</strong></span> <span class='ocrx_word' id='word_1_1026' title='bbox 3345 5806 3584 5862; x_wconf 89' lang='lat' dir='ltr'><strong>illicitum</strong></span> <span class='ocrx_word' id='word_1_1027' title='bbox 3604 5817 3723 5866; x_wconf 85' lang='lat' dir='ltr'><strong>est.</strong></span> 
     </span>
    </p>
   </div>
  </div>
