4126 6322
324 456 423 525 Qui
451 466 580 509 vero
621 465 649 506 a
691 447 1016 506 continentia
1046 445 1113 501 ad
1151 445 1363 515 nuptias
1386 451 1569 514 postea
1614 440 1792 496 redire
1817 452 1914 493 vo-

326 549 503 613 luerit,
539 554 684 600 retro
707 542 941 612 respexit
963 558 977 594 :
998 540 1197 595 licitum
1218 539 1396 608 elegit,
1426 545 1479 592 et
1498 545 1640 590 retro
1664 533 1913 603 respexit.

328 612 469 708 Ergo
489 612 807 691 damnanda:
822 641 946 686 sunt
967 632 1162 700 nuptiae
1177 630 1201 684 ἵ
1216 630 1353 684 Non.
1378 628 1493 683 Non
1514 636 1638 681 sunt
1654 626 1881 680 damnan
1894 653 1916 663 η

324 729 409 785 die
435 726 670 797 nuptiis:
701 723 795 779 sed
826 724 914 778 ille
941 722 1032 793 qui
1057 736 1149 777 eas
1176 722 1355 789 elegit,
1388 735 1493 790 quo
1519 728 1814 773 accesserat
1834 715 1916 770 vi-

329 821 414 876 de.
435 820 551 875 lant
576 826 699 872 ante
722 818 871 871 ierat.
896 814 1120 881 Quando
1139 814 1348 868 vivebat
1366 813 1561 867 lascive
1584 810 1914 872 adolescens,

329 913 524 984 nuptiae
568 920 692 964 ante
735 909 883 962 illum
913 916 1095 972 erant;
1124 906 1189 961 ad
1217 920 1309 959 eas
1353 920 1412 959 se
1452 902 1702 958 tendebat
1743 919 1757 953 :
1794 915 1915 953 cum

333 1019 457 1060 vero
484 1002 644 1073 elegit
662 1000 1065 1066 continentiam,
1093 998 1289 1067 nuptis:
1314 1006 1433 1066 post
1463 997 1621 1071 illum,
1638 1001 1779 1048 sunt.
1808 991 1921 1046 Me-

328 1112 487 1150 ntora
510 1103 685 1161 estote,
713 1094 787 1147 ait
807 1092 1079 1155 Dominus,
1103 1092 1275 1145 uxoris
1305 1089 1399 1142 Lot
1426 1088 1445 1159 (
1472 1088 1593 1141 Luc.
1628 1103 1754 1151 xvn,
1780 1086 1847 1140 52
1876 1086 1913 1155 ).

330 1190 472 1247 Uxor
502 1189 601 1243 Lot
624 1182 1130 1257 retro'respiciendo
1162 1184 1417 1238 remansit
1443 1182 1463 1256 (
1487 1182 1613 1237 Gen.
1642 1197 1754 1248 XIX,
1783 1181 1852 1235 26
1878 1180 1915 1250 ).

327 1284 564 1352 Quisque
590 1297 717 1351 ergo
741 1296 850 1351 quo
874 1281 1046 1350 patuit
1071 1279 1349 1350 pervenire
1369 1316 1384 1340 ,
1416 1276 1536 1331 inde
1566 1276 1750 1330 timeat
1775 1283 1920 1329 retro

327 1375 632 1445 respicere:
658 1381 713 1428 et
731 1373 966 1428 ambulet
989 1373 1039 1425 in
1060 1372 1168 1437 via,
1193 1379 1445 1440 sequatur
1467 1368 1736 1424 Christum
1765 1386 1776 1422 :
1800 1384 1920 1438 qua:

328 1476 472 1524 retro
493 1465 710 1531 oblitus,
741 1465 793 1519 in
815 1480 879 1520 ea
900 1480 1018 1534 qua:
1044 1473 1166 1518 ante
1191 1473 1310 1517 sunt
1332 1469 1597 1522 extentus,
1626 1461 1917 1516 secundum

328 1557 677 1612 intentionem
704 1557 845 1611 intus
873 1564 1124 1627 sequatur
1147 1555 1215 1610 ad
1245 1556 1472 1625 palmam
1504 1552 1795 1609 vocationis
1827 1552 1921 1607 Dei

329 1648 383 1703 in
410 1647 626 1704 Christo
653 1649 819 1719 Jesu(
852 1649 1081 1719 Philipp.
1114 1663 1193 1713 tu,
1230 1647 1313 1711 i3,
1339 1646 1449 1717 Η).
1479 1644 1758 1715 Conjugati
1784 1660 1922 1715 pra:-

329 1750 529 1810 ponant
554 1742 653 1795 sibi
682 1741 963 1810 innuptos;
995 1738 1260 1794 fateantur
1283 1752 1376 1793 eos
1397 1753 1516 1793 esse
1542 1738 1791 1793 meliores
1819 1754 1833 1789 :
1868 1737 1920 1790 in

327 1832 408 1888 eis
426 1832 648 1904 diligant
676 1832 817 1903 quod
840 1832 938 1903 ipsi
966 1847 1069 1886 non
1103 1830 1332 1897 habent;
1361 1840 1415 1886 et
1435 1832 1485 1885 in
1516 1832 1622 1885 illis
1649 1829 1920 1884 Christum

326 1935 527 1982 ament.

829 2035 1056 2094 SERMO
1079 2034 1266 2093 xcvn
1288 2038 1307 2060 ο
1328 2036 1422 2107 (a).

334 2154 410 2211 Dc
437 2154 593 2209 verbis
625 2152 884 2225 Evangelii
912 2152 1097 2220 Marci,
1127 2169 1240 2224 cap.
1274 2168 1386 2221 xm,
1416 2151 1506 2217 '52,
1536 2152 1610 2209 De
1640 2151 1724 2208 die
1746 2160 1922 2207 autem

403 2247 491 2302 illo
516 2247 597 2301 vel
628 2245 757 2307 hora
784 2261 939 2307 nemo
970 2246 1098 2309 scit,
1130 2259 1300 2321 neque
1336 2244 1522 2315 Angeli
1549 2244 1602 2299 in
1624 2245 1799 2329 coelo,
1830 2259 1924 2300 ne-

405 2353 506 2410 que
527 2338 717 2415 Filius,
740 2336 837 2405 nisi
865 2336 1020 2399 Pater
1048 2336 1143 2409 (ὁ).

411 2453 637 2513 CAPUT
693 2452 973 2512 PRIMUM.
1014 2482 1085 2493 —
1128 2453 1180 2507 1.
1234 2449 1555 2523 Prwparatio
1601 2450 1669 2505 ad
1716 2452 1928 2507 novissi—

331 2563 473 2613 mum
519 2547 671 2601 diem.
701 2545 947 2609 Fratres,
987 2543 1128 2614 quod
1174 2542 1395 2603 audistis
1421 2542 1581 2601 modo
1622 2552 1928 2600 monentem

332 2642 667 2713 Scripturarn
710 2648 871 2709 atque
922 2638 1220 2703 dicentem,
1262 2646 1321 2692 ιιι
1370 2644 1585 2708 propter
1634 2637 1777 2695 diem
1825 2655 1925 2695 no-

332 2734 611 2797 vissimmu
648 2732 958 2803 vigilemus,
992 2729 1355 2801 unusquisque
1389 2730 1457 2787 de
1498 2731 1789 2793 novissimo
1830 2746 1928 2789 suo

333 2826 423 2885 die
459 2826 708 2897 cogitet:
754 2839 821 2881 ne
874 2823 1012 2885 forte
1066 2838 1187 2887 cum
1242 2824 1519 2885 senseritis
1566 2824 1653 2881 vel
1709 2833 1927 2894 putave-

334 2918 453 2980 ritis
498 2919 656 2988 longe
709 2932 832 2979 esse
880 2915 1229 2979 novissimum
1282 2915 1465 2974 saeculi
1512 2916 1684 2983 diem,
1728 2916 1931 2975 dormi-

338 3015 464 3087 totis
496 3012 564 3071 ad
602 3011 950 3073 novissimum
988 3018 1223 3067 vestrum
1268 3009 1429 3069 dictu.
1462 3009 1539 3067 De
1575 3008 1661 3067 die
1706 3010 1931 3067 novissi-

336 3120 428 3163 mo
454 3105 631 3169 saeculi
660 3104 817 3173 hujus
845 3102 1067 3159 audistis
1102 3102 1227 3172 quid
1266 3102 1496 3163 dixerit:
1523 3102 1655 3171 Quia
1684 3104 1933 3161 nesciunt

337 3214 483 3266 eum,
511 3214 668 3268 neque
695 3196 872 3267 Ληρειὶ
906 3196 1163 3261 caelorum,
1192 3212 1353 3263 tneque
1390 3195 1581 3262 Filius,
1612 3197 1713 3252 nisi
1749 3196 1926 3252 Pater.

344 3288 442 3355 Ubi
480 3289 694 3361 quidem
720 3304 908 3359 magna
935 3287 1161 3358 quaealia
1181 3296 1283 3355 est,
1312 3303 1379 3343 ne
1407 3290 1691 3345 carnaliter
1715 3293 1929 3361 sapien-

340 3392 424 3445 tes
439 3392 686 3455 putemus
715 3381 909 3451 aliquid
937 3382 1142 3441 Patrem
1171 3382 1329 3448 scire,
1352 3382 1495 3452 quod
1522 3384 1720 3439 nesciat
1742 3385 1927 3443 Filius.

340 3474 473 3535 Nam
500 3476 681 3549 utique
704 3489 824 3535 cum
846 3473 1004 3539 dixit,
1036 3471 1192 3526 Pater
1210 3473 1302 3527 scit
1323 3490 1341 3537 ;
1362 3474 1483 3529 ideo
1509 3475 1609 3528 hoc
1631 3476 1785 3541 dixit,
1807 3478 1931 3547 quia

342 3567 399 3623 in
428 3566 665 3627 Patreiet
697 3565 865 3627 Filius
889 3566 1008 3623 scit.
1031 3564 1167 3631 Quid
1188 3564 1333 3625 enim
1352 3567 1504 3623 estin
1532 3567 1638 3632 die,
1661 3570 1805 3636 quod
1826 3585 1929 3623 non

341 3657 400 3712 in
422 3656 597 3723 Verbo
625 3656 817 3719 factum
848 3666 949 3723 est,
980 3672 1077 3727 per
1101 3672 1261 3727 quem
1287 3656 1454 3719 lactus
1483 3668 1563 3714 εει
1588 3658 1739 3714 dies?
1765 3661 1933 3715 Nemo

341 3766 475 3823 ergo
498 3760 705 3822 quaret
736 3752 1085 3809 novissimum
1114 3751 1288 3818 diem,
1316 3752 1531 3821 quando
1568 3754 1777 3809 iuturus
1813 3756 1883 3808 sit
1914 3772 1928 3809 :

342 3845 441 3905 sed
456 3845 736 3916 vigilemus
759 3860 946 3903 omnes
965 3846 1100 3905 bene
1122 3844 1371 3910 vivendo,
1388 3862 1457 3905 ne
1480 3847 1799 3904 novissimus
1818 3848 1935 3904 dies

340 3938 724 4010 cuiuscumque
746 3948 986 3999 nostrum
1013 3953 1115 3999 nos
1132 3938 1368 3997 inveniat
1391 3938 1698 4009 imparatos,
1728 3949 1783 3995 et
1804 3956 1935 4011 qua-

340 4032 413 4095 lis
436 4033 661 4103 quisque
698 4033 821 4089 hinc
851 4032 1042 4089 exierit
1065 4032 1473 4092 suopnovissimo
1498 4033 1606 4100 die,
1639 4035 1757 4089 talis
1781 4036 1931 4090 inrev-

341 4126 522 4189 niatur
548 4125 600 4180 in
623 4125 911 4183 novissimo
931 4126 1115 4183 saeculi
1132 4125 1239 4181 die.
1261 4126 1400 4181 Nihil
1426 4134 1481 4183 te
1503 4128 1772 4197 adjuvabit
1791 4130 1931 4199 quod

340 4217 437 4273 hic
464 4233 568 4275 non
597 4216 805 4274 feceris.
847 4216 1290 4288 Unumquemque
1321 4234 1482 4289 opera
1521 4235 1615 4275 sua
1637 4221 1927 4291 jnvabunt,

347 4319 439 4365 aut
459 4326 619 4380 opera
647 4326 742 4366 sua
769 4326 1011 4380 pressura
1043 4319 1186 4365 sunt.

417 4401 645 4459 CAPUT
685 4402 748 4455 ll.
777 4432 847 4443 -—
871 4401 925 4455 2.
967 4400 1177 4456 Homini
1205 4403 1487 4457 mortalitas
1513 4404 1581 4457 ad
1602 4405 1935 4460 humilitatem

349 4494 585 4564 prodesse
633 4492 793 4557 debet.
854 4492 919 4547 Et
942 4493 1213 4563 quomodo
1262 4494 1317 4549 in
1368 4494 1585 4551 Psalmo
1606 4498 1936 4553 cantaviums

350 4584 596 4651 Domino,
623 4585 865 4643 Miserere
906 4586 1036 4650 mei,
1068 4585 1317 4652 Domine,
1355 4589 1593 4657 quoniam
1629 4591 1936 4644 conculcauit

344 4692 429 4735 me
451 4678 601 4737 homo
628 4674 812 4749 (Ρωι.
851 4692 933 4740 Lv,
967 4676 1070 4745 2)?
1100 4677 1268 4733 Homo
1290 4677 1503 4745 dicitur,
1529 4680 1618 4750 qui
1643 4682 1933 4736 secundum

345 4768 621 4829 hominem
645 4767 791 4822 vivit.
823 4767 1057 4836 Denique
1088 4767 1192 4823 illis
1218 4769 1308 4837 qui
1338 4771 1629 4825 secundum
1663 4773 1827 4827 Deum
1854 4775 1936 4828 vi-

344 4866 496 4923 vnnt,
524 4858 719 4919 dicitur
755 4876 771 4913 ε
809 4857 894 4911 Dii
918 4859 1056 4924 estis,
1083 4868 1130 4912 et
1157 4859 1253 4927 ﬂii
1280 4859 1484 4916 Επειεὶ
1512 4880 1699 4918 omnes.
1731 4865 1935 4934 Repre-

348 4952 432 5007 bis
453 4960 659 5015 autem,
687 4953 775 5022 qui
804 4953 974 5006 vocati
1009 4961 1132 5007 sunt
1162 4963 1220 5007 ut
1247 4964 1428 5009 essent
1454 4956 1545 5010 lilii
1574 4958 1701 5023 Dei,
1739 4968 1793 5015 et
1818 4976 1936 5017 esse

348 5046 529 5116 potius
551 5045 796 5107 homines
822 5046 1123 5111 voluerunt,
1146 5045 1197 5100 id
1224 5056 1324 5113 est,
1344 5049 1632 5104 secundum
1664 5052 1934 5108 hominem

348 5136 528 5192 vivere
553 5153 575 5190 τη
608 5134 710 5190 Yos
735 5144 921 5200 autem,
944 5136 1146 5205 inquit,
1168 5136 1298 5191 sicut
1317 5138 1543 5195 homines
1560 5142 1860 5212 moriemini,
1894 5155 1938 5197 et

351 5230 477 5283 sicut
509 5247 640 5287 tutus
664 5247 727 5284 ea:
750 5231 1059 5300 principibus
1086 5233 1279 5287 cadetis
1301 5234 1318 5305 (
1338 5233 1483 5289 Psal.
1514 5252 1676 5291 uxxr
1696 5281 1711 5305 ,
1743 5241 1776 5295 6
1795 5282 1809 5305 ,
1841 5243 1874 5294 7
1895 5242 1937 5314 ).

351 5319 567 5377 Etenim
604 5321 752 5389 quod:
783 5322 1027 5378 mortalis
1055 5332 1138 5379 est
1174 5324 1369 5389 homo,
1399 5327 1465 5380 ad
1502 5327 1832 5399 disciplinam
1866 5334 1937 5387 illi

350 5409 510 5468 debet
534 5412 733 5477 valere,
780 5427 885 5469 non
914 5415 985 5473 ad
1013 5416 1341 5485 jactantiam.
1377 5419 1527 5475 Unde
1553 5436 1610 5476 se
1628 5423 1792 5493 jactat
1820 5442 1941 5481 vct-

416 5562 438 5582 ‘
455 5563 665 5638 Collatus
690 5573 766 5616 est
788 5582 896 5618 cum
923 5572 1082 5638 tribus
1103 5572 1186 5627 bn.
1210 5580 1261 5623 et
1282 5581 1486 5638 quatuor
1510 5577 1569 5627 cl.
1595 5592 1705 5630 cum
1727 5594 1772 5631 a.
1802 5584 1877 5633 ob.
1904 5585 1936 5634 ί.

351 5624 481 5699 frag.
512 5627 575 5699 lr_.'
603 5641 669 5676 rn.
699 5643 749 5699 p.
773 5631 964 5699 rm._vd.
988 5642 1087 5699 Am.
1112 5624 1184 5699 Fr.
1209 5624 1315 5686 Par:
1336 5624 1439 5686 ibi».

414 5688 488 5811 ἒαέ
515 5688 653 5747 Alias,
679 5688 744 5739 de
768 5695 937 5743 Verbis
960 5697 1142 5744 Domini
1163 5698 1237 5746 21.

436 5749 468 5799 b
512 5753 749 5802 Possidius
771 5768 1024 5805 sermones
1042 5771 1237 5809 recoiisc

436 5749 488 5831 li)
512 5753 749 5831 Possidius
771 5768 1024 5827 sermones
1042 5771 1307 5831 recensens
1324 5763 1608 5824 inludiculo,
1625 5780 1727 5830 cap.
1755 5769 1803 5831 8,
1827 5773 1941 5824 ωυ-

352 5814 457 5864 inm
479 5821 625 5875 notat,
662 5832 685 5860 tt
707 5822 774 5866 De
798 5820 1054 5868 novissimo
1077 5822 1173 5869 dic.
1200 5840 1219 5866 υ

1726 321 1954 377 SERMO
1991 318 2197 382 XCVII.

3503 334 3609 393 590

2026 435 2127 491 mis
2146 437 2381 493 crastino
2392 438 2713 495 moriturus?
2730 439 2857 496 Dico
2871 416 3123 497 Ch‘aritati
3143 448 3354 511 vestrm,
3377 444 3567 500 fratres
3592 462 3607 502 :

2021 528 2088 584 de
2125 529 2338 585 diabolo
2381 531 2575 586 debent
2604 533 2919 589 erubescere
2948 535 3201 589 mortales
3237 538 3469 607 superbi.
3514 536 3608 594 lllc

2023 622 2163 676 enim
2202 623 2303 677 etsi
2334 624 2625 692 superbus,
2666 635 2837 680 tamen
2870 627 3182 682 immortalis
3210 637 3293 683 est
3336 647 3347 681 :
3394 630 3610 699 Spiritus

2021 716 2138 769 est‘
2161 756 2175 780 ,
2203 716 2303 769 etsi
2335 716 2613 785 malignus.
2646 717 2722 771 llli
2754 718 2869 772 dics
2899 720 3214 775 novissimus
3245 722 3467 790 poenali;
3498 737 3611 777 scr-

2020 816 2175 860 vatur
2210 807 2262 860 in
2295 806 2452 861 ﬁnem
2485 826 2496 860 :
2531 818 2703 863 tamen
2743 818 2967 865 mortem
3008 828 3163 881 quam
3210 829 3306 867 nos
3342 816 3607 884 patimur,

2023 898 2113 954 ille
2134 914 2237 953 non
2266 900 2483 968 patitur.
2527 901 2741 955 Audivit
2770 911 2943 956 autem
2979 904 3155 970 homo,
3187 905 3352 959 Morte
3386 908 3612 961 morieris
3652 966 3660 987 Ι

2025 990 2195 1063 (Gen.
2224 1008 2282 1057 ιι,
2317 993 2380 1046 17
2406 992 2447 1062 ).
2482 992 2672 1048 Utatur
2697 994 2832 1048 bene
2862 1009 3015 1063 poena
3047 1011 3161 1050 sua.
3194 996 3328 1063 Quid
3359 1009 3439 1052 cst
3468 999 3610 1073 quod
3652 992 3656 998 ’

2022 1082 2151 1149 dixi,
2182 1081 2375 1139 Utatur
2402 1085 2537 1138 bene
2578 1100 2729 1153 ptena
2758 1101 2871 1139 sua.
2904 1086 3019 1140 Non
3054 1087 3177 1141 inde
3205 1098 3290 1143 eat
3323 1088 3386 1143 ad
3416 1106 3608 1158 super-

2022 1175 2161 1229 biam
2183 1216 2197 1240 ,
2230 1177 2370 1231 unde
2416 1177 2622 1246 accepit
2651 1193 2893 1247 poenam;
2927 1188 3177 1248 agnoscat
3202 1195 3259 1235 se
3294 1183 3571 1236 mortalem
3598 1224 3611 1245 ,

2022 1277 2077 1323 et
2100 1267 2307 1338 frangat
2345 1270 2649 1323 elationem.
2685 1270 2877 1323 Audiat
2914 1270 3011 1323 sibi
3051 1271 3191 1334 dici,
3227 1272 3362 1338 Quid
3389 1274 3615 1340 superbit

2024 1370 2156 1415 terra
2188 1371 2233 1414 et
2256 1363 2381 1417 cinis
2403 1361 2588 1433 (Eccli.
2620 1379 2673 1424 κ,
2702 1362 2791 1433 9)?
2819 1363 3035 1416 Etiamsi
3071 1365 3307 1433 superbit
3334 1366 3575 1421 diabolus
3594 1408 3612 1434 ,

2023 1468 2129 1507 non
2156 1462 2240 1506 est
2266 1461 2405 1508 terra
2433 1461 2487 1508 et
2511 1454 2663 1508 cinis.
2690 1454 2812 1507 ldeo
2840 1454 3035 1508 dictum
3064 1466 3165 1521 cst,
3198 1440 3297 1509 Vos
3321 1467 3487 1511 autem
3512 1458 3614 1513 sic—

2023 1556 2079 1599 ut
2100 1548 2325 1602 homines
2345 1550 2646 1613 moriemini,
2672 1559 2717 1602 et
2740 1551 2866 1602 sicut
2893 1566 3023 1602 unus
3043 1550 3105 1602 de
3132 1550 3439 1620 principibus
3462 1546 3616 1606 code-3

2024 1641 2105 1693 tis.
2129 1640 2242 1694 Non
2270 1641 2541 1695 attenditis
2579 1641 2699 1710 quia
2730 1642 2980 1696 mortales
3005 1642 3152 1705 estis,
3186 1650 3239 1697 et
3268 1643 3405 1697 sicut
3430 1643 3616 1698 diabo-

2023 1731 2108 1787 lus
2134 1734 2349 1803 superbi
2372 1736 2521 1788 estis.
2546 1734 2731 1789 Utatur
2751 1750 2879 1803 ergo
2902 1735 3060 1788 homo
3079 1750 3230 1803 pinna
3252 1750 3366 1802 sua,
3389 1734 3615 1792 fratres:

2024 1827 2162 1883 bene
2191 1838 2369 1883 utatur
2403 1830 2542 1882 malo
2570 1844 2686 1895 suo,
2713 1838 2768 1882 ut
2796 1828 3031 1897 proficiat
3062 1831 3200 1883 bono
3227 1845 3341 1883 suo.
3366 1830 3495 1898 Quis
3526 1846 3619 1885 ne-

2024 1920 2125 1975 scit
2149 1922 2269 1990 quia
2292 1936 2447 1990 pmna
2476 1930 2577 1987 est,
2598 1936 2816 1975 necesse
2836 1937 2954 1976 esse
2975 1932 3032 1976 ut
3057 1924 3371 1985 moriamur;
3397 1932 3452 1979 et
3476 1924 3617 1994 quod

2023 2021 2107 2067 est
2134 2012 2365 2084 gravius,
2393 2012 2606 2083 quando
2650 2014 2960 2067 nescimus?
2988 2014 3150 2069 Pmna
3181 2024 3326 2069 certa
3352 2026 3452 2080 cst,
3485 2017 3617 2070 liora

2025 2103 2226 2160 incerta
2251 2123 2265 2159 :
2295 2113 2349 2159 et
2369 2105 2436 2161 de
2460 2106 2558 2160 ista
2580 2120 2735 2175 poena
2761 2105 2873 2160 sola
2903 2106 3033 2160 certi
3055 2122 3238 2161 sumus
3263 2108 3315 2161 in
3337 2108 3495 2163 rebus
3516 2107 3618 2162 bu-

2024 2197 2218 2252 manis.

2096 2288 2323 2344 CAPUT
2363 2287 2448 2341 lll‘.
2476 2318 2546 2329 —
2573 2288 2624 2343 5.
2667 2287 2794 2343 Sola
2823 2304 2956 2342 mors
2995 2288 3075 2342 hic
3103 2298 3253 2342 certa.
3286 2289 3488 2344 Caetera
3521 2304 3620 2344 no-

2026 2389 2137 2437 stra
2165 2390 2218 2436 et
2237 2383 2374 2436 bona
2396 2390 2450 2435 et
2474 2382 2611 2436 mala
2639 2381 2838 2435 incerta
2860 2389 2985 2435 sunt
3008 2397 3019 2434 :
3050 2383 3158 2437 sola
3192 2398 3332 2436 mors
3352 2392 3494 2437 certa
3517 2390 3618 2437 est.

2027 2474 2165 2541 Quid
2193 2482 2272 2527 est
2308 2472 2449 2542 quod
2479 2473 2633 2527 dico?
2659 2472 2960 2545 Conceptus
2986 2482 3067 2528 est
3094 2490 3252 2545 puer,
3282 2474 3419 2529 forte
3449 2474 3623 2529 nasci-

2030 2575 2135 2631 tur,
2169 2565 2302 2619 I'orte
2329 2565 2577 2619 aborsum
2610 2566 2748 2620 facit.
2782 2567 2855 2619 Ita
2883 2566 3144 2620 incertum
3178 2575 3257 2621 est
3288 2586 3301 2622 :
3332 2570 3463 2623 forte
3500 2582 3621 2622 crc-

2029 2659 2149 2723 scit,
2174 2657 2309 2713 forte
2330 2674 2435 2713 non
2462 2660 2654 2713 crescit
2679 2678 2691 2713 :
2727 2659 2860 2713 forte
2888 2662 3137 2725 senescit,
3173 2662 3305 2716 forte
3337 2677 3440 2715 non
3470 2676 3627 2717 sene-

2030 2750 2129 2804 scit
2163 2767 2176 2803 :
2210 2748 2346 2804 forte
2370 2748 2519 2803 dives
2548 2750 2668 2818 erit,
2698 2749 2835 2804 forte
2869 2766 3068 2820 pauper
3100 2769 3113 2803 ε
3146 2750 3281 2806 forte
3311 2753 3619 2820 honoratus,

2030 2841 2170 2898 forte
2200 2843 2505 2897 humiliatus
2530 2861 2544 2896 :
2575 2842 2710 2897 forte
2736 2844 2951 2897 habebit
2977 2845 3131 2909 lilios,
3164 2843 3298 2900 forte
3324 2860 3427 2898 non
3455 2844 3624 2901 babe-

2030 2936 2109 2990 bit
2133 2954 2145 2989 :
2179 2934 2315 2990 forte
2335 2934 2491 2989 ducet
2518 2950 2757 2999 uxorem,
2787 2935 2924 2989 forte
2946 2950 3050 2989 nou
3070 2934 3227 2990 ducet
3251 2953 3263 2987 :
3292 2945 3345 2991 et
3372 2936 3627 3006 quidquid

2031 3026 2172 3085 aliud
2204 3027 2562 3087 nominaveris
2582 3027 2633 3082 in
2657 3026 2828 3081 bouis.
2862 3027 3086 3097 Respice
3116 3037 3173 3084 et
3196 3028 3261 3082 ad
3292 3029 3464 3084 mala:
3488 3029 3628 3085 forte

2033 3128 2273 3189 regrotat,
2310 3118 2446 3174 forte
2468 3134 2576 3175 non
2607 3128 2826 3189 aegrotat
2852 3138 2865 3173 :
2898 3117 3033 3175 forte
3060 3136 3090 3173 a
3118 3129 3367 3188 serpente
3392 3122 3627 3189 percuti-

2034 3220 2141 3280 tur,
2176 3211 2310 3265 forte
2341 3226 2445 3265 non
2490 3211 2781 3280 percutitur
2814 3228 2825 3263 :
2872 3210 3010 3265 forte
3049 3226 3079 3266 a
3121 3211 3290 3267 bestia
3319 3212 3623 3279 devoratur,

2035 3303 2170 3357 forte
2202 3319 2306 3355 non
2333 3302 2636 3357 devoratur.
2670 3302 2736 3356 Et
2773 3302 2977 3372 respice
3007 3302 3183 3359 omnia
3213 3303 3350 3357 mala
3387 3321 3400 3356 ε
3434 3304 3629 3375 ubique

2034 3404 2133 3457 est,
2162 3394 2323 3448 Forte
2350 3394 2478 3458 crit,
2505 3392 2641 3448 forte
2668 3409 2773 3447 non
2804 3394 2923 3448 erit.
2956 3393 3217 3463 Numquid
3248 3404 3398 3463 potes
3426 3395 3624 3464 dicere,

2034 3485 2195 3540 Forte
2225 3486 2447 3539 moritur
2466 3526 2479 3549 ,
2510 3485 2642 3539 forte
2686 3501 2788 3539 non
2824 3484 3087 3539 moritur?
3115 3485 3392 3553 Quomodo
3435 3487 3629 3542 medici

2035 3575 2245 3645 quando
2276 3576 2601 3643 inspexerint
2630 3574 2985 3629 valetudinem
3006 3618 3020 3641 ,
3050 3585 3103 3632 et
3150 3577 3477 3632 mortiferam
3509 3594 3631 3637 esse

2035 3665 2402 3734 cognoverint,
2432 3664 2533 3719 hoc
2560 3668 2901 3734 pronuntiant
2927 3685 2938 3719 :
2964 3666 3199 3729 Moritur,
3223 3668 3346 3725 inde
3374 3684 3477 3722 non
3499 3684 3628 3727 eva-

2035 3756 2129 3810 dit.
2162 3756 2238 3810 Ex
2271 3772 2377 3827 quo
2408 3755 2641 3810 nascitur
2672 3756 2834 3811 homo
2856 3800 2869 3821 ,
2900 3758 3181 3813 dicendum
3208 3769 3307 3824 est,
3341 3759 3455 3815 Non
3498 3776 3628 3823 eva—

2035 3846 2133 3900 dit.
2164 3846 2386 3914 Quando
2415 3856 2570 3902 natus
2595 3857 2697 3911 est,
2730 3857 2987 3918 a-grotare
3016 3850 3195 3919 erupit.
3233 3850 3454 3919 Quando
3480 3867 3629 3909 mor-

2037 3948 2157 3995 tuus
2194 3937 2388 4005 fuerit,
2435 3940 2548 3995 linit
2584 3941 2793 4011 quidem
2844 3943 3207 4011 :egritudinem
3254 3963 3267 3998 :
3317 3946 3411 4001 sed
3461 3946 3633 4009 nescit

2036 4039 2211 4087 utrum
2237 4039 2423 4102 pergat
2448 4031 2499 4086 in
2528 4032 2780 4102 pcjorcm.
2816 4032 2856 4085 F
2864 4034 3052 4088 inierat.
3070 4034 3217 4091 dives
3249 4037 3334 4091 ille
3363 4037 3630 4106 mgritudi-

2036 4139 2157 4178 nem
2181 4122 2509 4188 dcliciosam,
2534 4125 2678 4180 venit
2696 4125 2760 4179 ad
2787 4134 3075 4180 tortuosum
3096 4129 3137 4181 '.
3162 4128 3373 4197 Pauper
3393 4146 3518 4184 vero
3539 4130 3633 4188 ille

2038 4214 2175 4269 ﬁniit
2199 4215 2587 4286 aegritudinem,
2613 4225 2666 4270 ct
2686 4218 2919 4286 pervenit
2944 4220 3006 4271 ad
3038 4220 3316 4275 sanitatem
3342 4220 3490 4292 (Luc.
3517 4238 3628 4292 xvi,

2038 4304 2152 4378 22).
2183 4307 2285 4361 Sed
2326 4308 2465 4376 quod
2494 4318 2677 4379 postea
2717 4310 2934 4364 haberet
2977 4312 3061 4365 hic
3087 4312 3245 4383 elegit
3270 4328 3285 4378 ;
3312 4323 3365 4368 et
3389 4316 3528 4384 quod
3557 4308 3665 4372 ibi.

2041 4399 2295 4463 messuit,
2331 4398 2415 4452 hic
2457 4400 2751 4453 seminavit.
2798 4400 2920 4455 ldeo
2959 4416 3078 4456 cum
3122 4404 3386 4471 vivimus,
3412 4407 3631 4475 vigilare
3720 4432 3725 4435 Α

2039 4489 2315 4557 debemus,
2335 4500 2389 4545 et
2404 4491 2597 4562 eligere
2619 4492 2871 4548 debemus
2887 4494 3026 4563 quod
3057 4495 3109 4550 in
3127 4496 3301 4552 futuro
3332 4506 3626 4556 teneamus.

2111 4582 2336 4638 CAPUT
2376 4582 2462 4639 IV.
2491 4614 2563 4625 —
2581 4584 2633 4639 4.
2664 4583 2893 4640 Mundus
2916 4604 3003 4657 per
3021 4588 3274 4644 Christum
3288 4590 3430 4646 nobis
3450 4592 3629 4648 victus.

2040 4675 2290 4730 Mundam
2316 4692 2421 4730 non
2443 4693 2700 4733 amemus.
2731 4680 2929 4735 Premit
2950 4691 3215 4739 amatores
3239 4698 3383 4754 suos,
3406 4701 3512 4741 nou
3536 4701 3631 4745 eos

2042 4770 2107 4824 ad
2144 4771 2339 4825 bonum
2376 4771 2605 4826 adducit.
2638 4772 3007 4830 Laborandum
3045 4786 3126 4831 est
3163 4778 3214 4832 in
3248 4792 3313 4835 eo
3354 4780 3526 4847 potius
3562 4795 3630 4837 ne

2041 4861 2235 4929 capiat,
2259 4877 2414 4930 quam
2445 4862 2734 4917 timendum
2763 4880 2830 4919 ne
2850 4865 3020 4919 cadat.
3047 4867 3180 4927 Ecce
3197 4868 3337 4923 cadit
3362 4869 3625 4933 mundus;

2042 4960 2146 5005 stat
2177 4952 2497 5007 Christianus
2517 4996 2529 5015 ,
2557 4954 2678 5022 quia
2710 4970 2812 5009 non
2843 4956 2981 5009 cadit
3009 4956 3269 5011 Christus.
3307 4958 3437 5012 Nam
3465 4975 3630 5028 quare

2042 5043 2171 5097 dicit
2198 5044 2472 5105 Dominus,
2507 5042 2747 5111 Gaudete,
2777 5048 2892 5115 quia
2927 5063 3017 5118 ego
3054 5050 3148 5102 vici
3174 5050 3418 5105 mundum
3448 5050 3624 5121 (Joan.

2045 5150 2151 5199 xvi,
2182 5134 2312 5203 3'5)?
2340 5135 2775 5204 Rcspondeamus
2795 5137 2864 5203 ei,
2894 5138 2937 5191 si
2967 5137 3136 5207 placet
3166 5157 3178 5193 :
3205 5137 3408 5206 Gaude,
3435 5143 3529 5197 sed
3552 5150 3628 5197 tu.

2044 5226 2098 5281 Si
2127 5234 2181 5280 tu
2210 5226 2402 5292 vicisti,
2435 5235 2488 5281 tu
2513 5227 2704 5298 gaude.
2734 5227 2909 5294 Quare
2936 5229 3075 5283 nos?
3104 5230 3276 5298 Quare
3302 5233 3455 5293 nobis
3480 5233 3629 5300 dicit,

2049 5317 2308 5381 Gaudete;
2346 5318 2446 5372 nisi
2483 5321 2602 5388 quia
2640 5320 2793 5374 nobis
2831 5321 2985 5385 vicit,
3016 5322 3167 5376 nobis
3212 5328 3500 5395 pugnavit?
3532 5327 3638 5385 Ubi

2046 5412 2188 5465 cnim
2231 5412 2517 5481 pugnavit?
2552 5412 2684 5479 Quia
2727 5412 2991 5467 hominem
3022 5418 3270 5486 suscepit.
3306 5419 3455 5474 Tolle
3490 5422 3632 5490 quod

2047 5502 2115 5563 de
2152 5504 2353 5575 virgine
2384 5512 2556 5571 natus,
2602 5505 2727 5559 tolle
2753 5504 2894 5573 quod
2936 5507 3287 5577 semetipsum.
3306 5511 3595 5567 exutauivit
3618 5553 3634 5579 ,

2047 5630 2301 5762 ἄέκάψεεη
2316 5657 2496 5762 ι(ξίιηιεη
2532 5650 2813 5701 immortalis
2844 5652 3040 5716 spiritus
3074 5661 3175 5718 est,
3214 5656 3305 5709 etsi
3347 5658 3586 5725 malignus
3613 5673 3633 5713 :

2171 5728 2257 5762 tes.
2284 5727 2312 5761 e
2366 5751 2377 5761 .

2051 5713 2455 5887 :a'iffiiﬁiihus
2493 5783 2573 5825 Ms.
2591 5812 2604 5837 ,
2629 5778 2695 5826 ad
2738 5784 3042 5830 mortuosam.
3068 5788 3226 5845 Forte,
3257 5782 3322 5833 ad
3354 5788 3640 5837 tormentum

2105 5850 2169 5885 Ill.

2105 5850 2169 5885 Ili.
