4126 6322
468 293 570 354 591

469 411 698 468 formam
728 408 869 466 servi
904 406 1202 478 accipiens,
1252 405 1304 461 in
1340 403 1750 475 {similitudinem
1788 405 2065 462 hominum

471 502 643 558 factus
663 543 678 569 ,
718 511 772 557 et
799 501 978 555 habitu
1018 500 1262 554 inventus
1282 507 1338 553 ut
1365 498 1528 554 homo
1559 498 1831 570 (Philipp.
1863 515 1922 566 tt,
1947 499 2019 569 7)
2047 517 2062 553 :

469 595 603 650 tolle
627 593 750 658 hoc,
782 591 872 648 ubi
900 591 1206 647 luctamen?
1237 590 1326 645 ubi
1351 589 1664 646 certamen?
1695 591 1782 646 ubi
1807 589 2065 646 tentatio?

473 688 562 744 ubi
585 686 825 752 victoria,
853 701 1011 756 quam
1044 700 1150 740 non
1179 685 1451 755 praecessit
1483 685 1695 755 pugna?
1717 684 1783 739 In
1816 685 2066 756 principio

471 792 581 836 erat
620 779 858 846 Verbum,
890 789 936 833 et
971 778 1190 833 Verbum
1217 789 1324 834 erat
1349 779 1487 849 apud
1515 777 1702 846 Deum,
1727 789 1774 833 et
1795 777 1934 833 Deus
1959 787 2066 832 erat

480 871 717 926 Verbum.
756 869 869 925 Iloc
897 873 1077 925 eratin
1110 871 1359 940 principio
1387 871 1527 942 apud
1557 870 1740 926 Deum.
1769 870 1953 925 Omnia
1978 887 2066 940 per

471 965 638 1031 ipsum
665 964 800 1034 facta
825 971 960 1025 sunt,
983 971 1030 1018 et
1049 962 1157 1016 sine
1182 963 1292 1032 ipso
1318 963 1507 1032 factum
1526 972 1598 1017 est
1623 963 1769 1017 nihil.
1799 961 2066 1032 Numquid

473 1057 576 1112 hoc
602 1056 834 1111 Verbum
863 1054 1079 1110 Judtens
1107 1055 1480 1126 cruciﬁgeret?
1508 1055 1761 1126 numquid
1792 1055 1914 1110 huic
1937 1055 2068 1110 Ver-

473 1149 542 1204 bo
566 1149 760 1218 impius
788 1146 1104 1203 insnltaret?
1131 1146 1385 1218 numquid
1416 1147 1516 1203 hoc
1557 1147 1788 1203 Verbum
1829 1147 2068 1217 colaphis

471 1241 805 1296 mederetur?
831 1239 1085 1311 numquid
1110 1240 1212 1295 hoc
1234 1239 1465 1294 Verbum
1492 1239 1659 1310 Spinis
1683 1241 2066 1295 coronaretur?

473 1334 544 1392 Ut
592 1344 769 1389 autem
819 1334 916 1388 ista
969 1342 1269 1404 pateretur,
1322 1331 1539 1387 Verbum
1592 1349 1710 1388 caro
1756 1339 1946 1405 factum
1995 1342 2068 1387 est

477 1407 656 1485 (Joan.
684 1441 721 1489 ι,
747 1426 798 1490 l,
827 1423 882 1490 2,
910 1425 964 1490 5,
994 1422 1080 1496 li)
1108 1443 1122 1478 :
1149 1436 1203 1479 et
1225 1424 1321 1478 ista
1347 1438 1534 1493 passus
1563 1423 1892 1494 resurgendo
1918 1423 2064 1478 vicit.

473 1517 617 1588 Ergo
660 1517 812 1572 nobis
849 1517 1005 1580 vicit,
1055 1516 1244 1586 quibus
1279 1515 1616 1570 securitatem
1662 1514 2068 1571 resurrectionis

473 1609 730 1664 ostendit.
761 1609 900 1662 Dicis
925 1623 1054 1679 ergo
1079 1607 1209 1672 Deo,
1242 1607 1480 1661 Miserere
1520 1608 1636 1672 mei,
1669 1606 1911 1674 Domine,
1936 1625 2067 1679 quo-

478 1703 616 1756 niam
656 1700 960 1754 couculcavit
986 1716 1062 1754 me
1100 1701 1268 1754 homo.
1302 1699 1381 1754 Tu
1420 1709 1469 1755 te
1507 1701 1616 1755 noli
1642 1701 1984 1769 conculcare,
2013 1710 2069 1757 et

477 1807 583 1846 non
615 1801 666 1846 te
687 1793 848 1846 vineit
874 1791 1052 1845 homo.
1082 1791 1222 1846 Ecce
1244 1791 1386 1846 enim
1407 1790 1568 1847 homo
1595 1800 1785 1863 potens
1808 1802 1973 1849 terret
1993 1802 2063 1849 te.

474 1883 631 1942 Unde
672 1894 723 1940 te
767 1884 963 1940 terret?
1002 1883 1206 1956 Spolio,
1235 1882 1431 1938 damno
1450 1925 1465 1950 ,
1496 1893 1737 1953 torqueo,
1767 1884 1972 1940 occido.
2000 1885 2069 1940 Et

473 1978 674 2034 clamas
700 1987 754 2031 tu
771 2017 785 2040 ,
816 1975 1057 2030 Miserere
1082 1977 1200 2040 mei,
1232 1974 1469 2042 Domine,
1497 1976 1735 2048 quoniam
1758 1977 2068 2031 conculcauit

473 2085 554 2124 me
579 2070 748 2123 homo.
777 2069 832 2123 Si
865 2083 1048 2122 verum
1077 2065 1230 2130 dicis,
1269 2075 1321 2121 te
1349 2066 1520 2135 ipsum
1549 2067 1814 2122 attendis:
1849 2067 1970 2138 quia
1998 2068 2066 2122 ti-

475 2176 592 2216 mes
613 2161 784 2216 minas
807 2159 1056 2223 bmninis,
1080 2169 1322 2212 mortuus
1345 2166 1394 2212 te
1414 2157 1718 2223 conculcat;
1743 2166 1799 2213 et
1816 2159 1937 2230 quia
1960 2173 2067 2213 non

473 2253 712 2318 timeres,
737 2251 838 2306 nisi
869 2265 1014 2305 esses
1043 2248 1236 2312 homo,
1277 2249 1554 2304 conculcat
1595 2258 1648 2306 te
1685 2249 1865 2305 homo.
1913 2249 2067 2318 Quod

474 2353 704 2412 estergo
734 2341 1073 2397 remedium?
1103 2340 1147 2394 0
1177 2339 1357 2406 homo,
1389 2341 1532 2397 luere
1560 2340 1691 2408 Deo,
1719 2357 1752 2397 a
1771 2357 1878 2412 quo
1897 2341 2069 2398 factus

471 2421 532 2490 es
555 2434 716 2490 homo
744 2453 757 2489 :
786 2433 860 2487 illi
886 2431 1120 2500 adhaere,
1144 2433 1196 2486 in
1218 2432 1332 2501 ipso
1356 2447 1641 2502 praesume,
1661 2431 1834 2502 ipsum
1855 2432 2065 2499 invoca,

471 2529 641 2584 virtus
681 2537 768 2582 tua
805 2527 917 2597 ipse
946 2527 1034 2581 sit.
1081 2525 1175 2580 Dic
1204 2525 1282 2580 illi
1327 2543 1340 2580 :
1383 2525 1440 2580 ln
1476 2534 1548 2589 te,
1591 2526 1849 2590 Domine,
1896 2526 2071 2582 virtus

471 2635 611 2677 mea.
661 2619 730 2674 Et
773 2634 803 2673 a
841 2617 1341 2674 comminationibus
1385 2617 1660 2673 hominum
1700 2617 1974 2684 cantabis;
2013 2625 2072 2674 et

469 2713 614 2785 quod
641 2724 823 2783 postea
851 2723 1056 2776 cantes,
1088 2710 1201 2780 ipse
1231 2711 1487 2766 Dominus
1517 2710 1648 2766 dicit
1677 2729 1689 2764 :
1723 2709 1791 2765 In
1809 2710 1922 2766 Deo
1949 2727 2066 2782 spe-

470 2809 615 2875 rabo,
637 2824 734 2862 non
753 2805 1060 2878 timeboquid
1070 2805 1222 2876 faciat
1244 2804 1366 2858 mihi
1381 2804 1529 2860 homo
1553 2803 1724 2876 (Psal.
1749 2819 1835 2870 ιγ,
1854 2803 1908 2870 2,
1933 2804 1995 2860 11
2021 2803 2066 2876 ).

934 2915 1170 2972 SERMO
1206 2913 1414 2972 xcvnt
1457 2919 1474 2940 ·
1506 2913 1605 2986 (a).

473 3029 555 3085 De
584 3028 743 3084 verbis
765 3027 1027 3099 Evangelii
1055 3026 1226 3093 Lacte,
1253 3044 1368 3096 cap.
1398 3042 1495 3093 vn,
1524 3027 1720 3094 “45;
1748 3036 1796 3081 et
1822 3027 1884 3082 de
1909 3026 2067 3083 tribus

751 3119 964 3174 mortuis
992 3133 1116 3188 quos
1137 3117 1387 3172 Dominus
1416 3117 1671 3173 suscitavit
1699 3117 1792 3190 (b).

545 3231 771 3288 CAPUT
808 3228 1090 3286 PRIMUM.
1130 3259 1202 3269 —
1242 3229 1291 3284 1.
1327 3228 1579 3284 Miracula
1610 3229 1814 3284 Domini
1853 3231 1905 3284 in
1947 3249 2064 3286 cor-

475 3323 680 3394 poribus
733 3333 780 3377 et
838 3321 892 3375 in
944 3320 1144 3375 animis.
1197 3320 1446 3376 Miracula
1521 3321 1728 3376 Domini
1791 3324 1958 3377 nostri
2011 3334 2064 3378 et

477 3415 770 3472 Salvatoris
797 3411 994 3469 Christi
1033 3413 1194 3481 Jesu,
1230 3429 1416 3468 omnes
1447 3413 1660 3484 quidem
1700 3414 1975 3470 audientes
2011 3426 2066 3472 et

473 3507 755 3563 credentes
785 3518 1000 3562 movent
1029 3524 1041 3559 :
1075 3506 1169 3562 scd
1198 3507 1332 3562 alios
1355 3515 1514 3577 atquc
1542 3507 1676 3562 alios
1703 3508 1858 3563 aliter
1886 3518 1941 3564 et
1964 3509 2064 3564 ali-

473 3606 576 3655 ter.
599 3598 823 3666 Quidam
856 3599 996 3653 enim
1019 3598 1312 3668 corporalia
1340 3598 1457 3668 ejus
1483 3599 1734 3654 miracula
1764 3609 2057 3670 stupentes,

471 3691 676 3760 majora
725 3689 918 3744 intueri
965 3705 1070 3743 non
1119 3697 1362 3744 norunt:
1406 3689 1618 3760 quidam
1667 3705 1795 3745 vero
1842 3708 1903 3746 ca
1945 3709 2064 3762 qua:

471 3791 620 3853 gesta
649 3781 873 3836 audiunt
901 3779 952 3834 in
984 3781 1296 3850 corporibus
1316 3822 1330 3847 ,
1365 3796 1505 3836 nunc
1532 3781 1759 3850 amplius
1791 3782 1842 3835 in
1872 3783 2063 3839 animis

472 3871 822 3927 admirantur.
871 3870 1007 3925 Dicit
1056 3871 1169 3942 ipse
1213 3871 1491 3936 Dominus,
1539 3872 1686 3926 Sicut
1733 3875 1864 3928 enim
1907 3872 2065 3930 Pater

473 3963 682 4018 suscitat
717 3972 968 4030 mortuos,
1011 3973 1059 4018 et
1101 3964 1317 4033 viuiﬁcat
1341 3979 1359 4028 ,°
1387 3965 1458 4018 sic
1484 3973 1532 4018 et
1563 3963 1729 4020 Filius
1770 3983 1894 4037 quos
1935 3969 2061 4038 vult,

474 4057 691 4126 viriﬁcat
723 4055 740 4127 (
767 4055 924 4110 Joan.
954 4071 1010 4123 v,
1036 4055 1099 4110 2i
1133 4055 1175 4121 ).
1202 4055 1317 4110 Non
1347 4056 1530 4126 utique
1555 4057 1688 4112 alios
1715 4056 1900 4125 Filius,
1929 4061 2064 4118 alios

476 4149 670 4214 Pater;
699 4147 792 4203 scd
817 4147 1034 4202 eosdem
1056 4147 1213 4202 Pater
1240 4155 1294 4200 et
1312 4147 1477 4201 Filius
1507 4165 1518 4200 :
1549 4148 1672 4218 quia
1701 4150 1879 4204 omnia
1908 4151 2065 4207 Pater

476 4255 574 4310 per
616 4239 830 4294 Filium.
867 4237 1035 4292 Nemo
1080 4251 1207 4308 ergo
1236 4236 1443 4293 dubitet
1471 4239 1561 4308 qui
1595 4237 1917 4296 christianos
1959 4251 2061 4311 est,

477 4332 637 4386 etiam
669 4344 808 4384 nunc
833 4341 1070 4384 mortuos
1096 4329 1361 4385 suscitari.
1385 4329 1493 4386 Sed
1518 4331 1692 4386 omnis
1722 4331 1882 4388 homo
1904 4333 2066 4390 habet

477 4427 684 4493 oculos,
722 4424 912 4494 quibus
950 4423 1130 4478 videre
1172 4431 1348 4493 potest
1390 4432 1631 4479 mortuos
1659 4440 1938 4496 resurgere
1968 4429 2061 4498 ita,

477 4526 538 4574 ut
576 4519 870 4574 resurrexit
899 4516 1038 4572 illius
1069 4517 1224 4587 hujus
1252 4517 1423 4572 viduae
1442 4559 1458 4584 ,
1485 4517 1575 4588 qui
1606 4519 1765 4574 modo
1795 4536 1860 4574 ex
1889 4520 2066 4576 Evan-

475 4611 617 4682 gelio
641 4609 895 4666 recitatus
923 4618 1007 4664 cst
1029 4627 1043 4663 :
1068 4608 1209 4664 unde
1235 4617 1411 4664 autem
1447 4609 1662 4665 videant
1704 4610 1948 4667 homines
1977 4630 2066 4670 re-

477 4718 693 4776 surgere
729 4713 970 4759 mortuos
1007 4701 1060 4757 in
1107 4702 1301 4768 corde,
1335 4718 1440 4758 non
1483 4718 1673 4759 omnes
1701 4703 1933 4774 habent,
1965 4707 2066 4763 nisi

474 4797 566 4851 (si
591 4797 702 4866 jam
730 4801 1142 4850 resurrexerunt
1168 4794 1220 4848 in
1249 4793 1429 4850 corde.
1455 4796 1696 4866 Amplius
1724 4805 1808 4852 est
1833 4799 2064 4853 resusci-

477 4897 592 4945 tare
621 4901 836 4959 semper
863 4885 1154 4954 victurum,
1185 4902 1342 4959 quam
1369 4888 1628 4944 suscitare
1667 4887 1860 4944 iterum
1899 4891 2066 4946 mori-

476 4989 674 5037 turum.

548 5069 774 5128 CAPUT
812 5069 876 5125 Il.
907 5099 977 5111 —
1004 5070 1060 5124 Ξ.
1092 5070 1412 5126 Mortuorum
1431 5073 1533 5126 duo
1555 5091 1757 5144 genera.
1781 5075 2066 5146 Dejuvene

478 5165 572 5221 illo
599 5164 912 5220 resuscitato
938 5165 1118 5236 gavisa
1145 5174 1228 5220 est
1255 5177 1426 5223 mater
1451 5167 1606 5222 vidua
1635 5167 1738 5224 :de
1765 5169 2066 5228 hominibus

477 5257 532 5312 in
574 5257 762 5327 spiritu
800 5257 1037 5329 quotidie
1080 5259 1345 5314 suscitatis
1374 5260 1568 5331 gaudet
1608 5271 1778 5317 mater
1805 5263 2062 5320 Ecclesia.

479 5349 575 5407 Ille
601 5349 818 5421 quidem
843 5361 1083 5407 mortuus
1118 5364 1233 5408 erat
1261 5368 1514 5425 corpore;
1546 5355 1618 5410 illi
1648 5367 1824 5411 autem
1864 5367 2062 5413 mente.

1013 5508 1073 5584 ad
1098 5522 1282 5584 ,ε’ωιιθεξ
1309 5510 1503 5584 cortices
1537 5513 1738 5584 scriptos
1769 5519 1820 5564 et
1857 5526 2066 5566 excuses

477 5570 530 5621 tn
564 5579 795 5678 set-uligine
837 5570 1132 5631 praecedenti
1175 5573 1316 5646 modo
1357 5570 1655 5638 designatos".

539 5630 614 5753 it;
635 5628 1280 5753 maxime;
1297 5634 1528 5753 ΐιΐάίοιιιο,
1547 5711 1650 5753 ρει).

539 5688 614 5754 (ι)
636 5688 932 5741 [recenset-tr
952 5705 982 5742 a
1006 5696 1210 5746 Possidio
1231 5688 1280 5746 in
1303 5696 1528 5761 anticato,
1547 5711 1650 5765 cap.
1675 5699 1726 5764 9,
1753 5709 1806 5753 et
1833 5703 2012 5754 citatur
2035 5715 2064 5753 a

475 5755 612 5811 ﬂore
633 5751 693 5807 ad
716 5753 885 5818 Epiws.
912 5769 956 5806 v.

1709 289 1766 346 3.
1809 288 2177 349 AUGUSTINI
2215 289 2518 348 EPISCOPI
3238 339 3267 345 ,

2171 405 2319 462 lilius
2364 423 2508 462 mors
2548 405 2769 461 visibilis
2810 385 3088 459 visibiliter
3128 399 3472 474 plangebatur
3499 421 3513 458 :
3542 404 3753 465 illorum

2170 513 2316 554 mors
2343 498 2618 555 invisibilis
2637 515 2736 554 nec
2755 499 3090 570 quaerebatur
3106 501 3147 566 ³.
3173 514 3271 557 nec
3292 500 3588 558 videbatur.
3607 501 3736 569 Qua:

2171 590 2292 646 sivit
2323 590 2410 645 ille
2435 591 2523 661 qui
2552 599 2774 647 noverat
2795 601 3035 647 mortuos
3054 609 3067 645 :
3086 591 3178 646 ille
3200 592 3347 648 solus
3373 600 3597 649 noverat
3613 583 3760 648 mori

2173 690 2314 749 tuos,
2338 683 2427 752 qui
2459 690 2665 752 poterat
2691 682 2866 740 facere
2889 683 3058 738 vivos.
3084 683 3197 740 Nisi
3232 685 3374 740 enim
3411 685 3479 741 ad
3518 696 3761 743 mortuos

2170 772 2504 830 suscitandas
2523 773 2783 832 Dominus
2808 774 3060 844 venisset,
3083 790 3192 832 non
3208 777 3495 847 Apostolus
3521 778 3757 834 diceret:

2173 866 2362 937 Surge,
2393 867 2478 936 qui
2503 868 2694 922 dormis
2710 907 2728 935 ,
2754 875 2800 922 et
2826 884 3040 940 exsurge
3063 885 3095 922 α
3122 869 3353 935 mortuis,
3380 879 3430 924 et
3453 869 3760 926 illuminabit

2173 968 2220 1024 te
2246 958 2476 1014 Christus
2505 957 2737 1030 (Ephes.
2759 975 2815 1026 v,
2843 961 2910 1015 Η
2929 957 2973 1032 ).
3003 959 3366 1018 Dormientem
3412 959 3596 1027 audis,
3638 977 3762 1016 eum

2171 1051 2319 1118 dicit,
2337 1051 2525 1124 Surge,
2555 1052 2640 1123 qui
2668 1051 2857 1107 dormis
2883 1067 2902 1106 :
2926 1051 3021 1108 sed
3050 1062 3316 1108 mortuum
3346 1052 3608 1124 intellige,
3639 1068 3764 1109 cum

2171 1144 2344 1212 audis,
2366 1143 2432 1198 Et
2458 1162 2668 1217 exsurge
2690 1163 2724 1200 a
2745 1145 2972 1200 mortuis.
3001 1145 3137 1202 Dicti
3161 1155 3285 1201 sunt
3312 1159 3459 1217 saepe
3483 1143 3762 1202 dormien-

2173 1248 2252 1294 tes
2298 1248 2353 1294 et
2400 1239 2594 1294 mortui
2625 1239 2921 1296 visibiliter.
2953 1239 3018 1294 Et
3042 1239 3199 1310 plane
3225 1254 3436 1304 omnes,
3468 1238 3520 1295 ei
3546 1239 3638 1308 qui
3669 1254 3766 1309 po-

2173 1336 2277 1384 test
2321 1329 2573 1396 excitare,
2615 1329 2908 1386 dormiunt.
2937 1329 3175 1385 Mortuus
3200 1329 3345 1385 enim
3386 1329 3483 1384 tibi
3514 1341 3766 1386 mortuus

2175 1432 2275 1488 est,
2308 1423 2396 1492 qui
2428 1422 2816 1492 quantumlibet
2863 1422 3067 1493 pulses,
3097 1422 3482 1493 quantumlibet
3523 1423 3765 1492 vellices,

2173 1511 2564 1584 quantumlibet
2586 1514 2773 1580 lanies,
2799 1529 2905 1569 non
2927 1515 3330 1585 expergiscitur.
3347 1513 3564 1570 Christo
3585 1523 3770 1571 autem

2173 1606 2261 1662 ille
2309 1605 2640 1673 dormiebat,
2673 1606 2761 1662 cui
2803 1605 3002 1662 dictum
3047 1615 3163 1672 est,
3197 1606 3398 1679 Surge;
3425 1616 3480 1662 et
3511 1607 3771 1662 continuo

2171 1701 2418 1756 surrexit.
2447 1700 2613 1756 Nemo
2644 1710 2748 1756 tam
2780 1701 2934 1757 facile
2959 1700 3163 1757 excitat.
3195 1701 3251 1757 in
3289 1701 3462 1769 lecto,
3491 1716 3651 1772 quam
3679 1699 3770 1757 fa-

2171 1793 2273 1849 cile
2293 1793 2536 1848 Christus
2566 1793 2620 1847 in
2645 1793 2914 1863 sepulcro.

2243 1883 2468 1940 CAPUT
2497 1882 2712 1940 lll.—5.
2733 1882 2860 1939 Tres
2885 1883 3070 1938 mortui
3091 1900 3123 1938 a
3147 1883 3368 1940 Domino
3394 1885 3638 1941 suscitati.
3664 1884 3772 1940 lli-

2171 1977 2348 2030 racula
2376 1975 2561 2031 Christi
2591 1985 2797 2046 propter
2823 1976 3245 2048 signiﬁcationem
3274 1977 3429 2047 facta.
3458 1975 3592 2047 Apta
3617 1978 3769 2031 sinti-

2175 2069 2358 2124 litudo.
2387 2069 2518 2125 Tres
2548 2079 2728 2125 autem
2765 2078 3005 2125 mortuos
3042 2069 3343 2125 invenimus
3370 2085 3400 2124 a
3429 2069 3655 2125 Domino
3681 2085 3769 2125 rc-

2172 2164 2455 2218 suscitatos
2483 2161 2795 2229 visibiliter,
2828 2161 2995 2217 millia
3037 2161 3392 2217 invisibiliter.
3420 2161 3561 2228 Quot
3588 2171 3771 2217 autem

2173 2262 2417 2309 mortuos
2442 2253 2723 2310 visibiliter
2750 2253 3106 2321 suscitaverit,
3135 2253 3255 2324 quis
3277 2253 3456 2308 novit?
3481 2253 3596 2308 Non
3622 2254 3772 2310 enim

2172 2349 2349 2402 omnia
2403 2363 2521 2418 qua:
2575 2347 2700 2403 fecit
2755 2348 2954 2419 scripta
3005 2346 3428 2403 suntzloannes
3471 2346 3574 2402 hoc
3613 2346 3768 2414 dicit,

2176 2439 2346 2494 Multa
2373 2431 2478 2495 alia
2508 2440 2626 2512 fecit
2649 2439 2822 2508 Jesus,
2861 2456 2975 2512 qua:
3009 2441 3058 2496 si
3095 2439 3284 2512 scripta
3325 2451 3509 2506 essent,
3548 2441 3772 2496 arbitror

2172 2544 2334 2590 totum
2363 2535 2608 2590 mundum
2633 2551 2735 2590 non
2759 2551 2908 2602 posse
2934 2535 3089 2589 libros
3108 2549 3288 2606 capere
3310 2533 3486 2606 (Joan.
3511 2550 3620 2598 xxi,
3644 2534 3768 2605 25).

2172 2625 2321 2682 Multi
2348 2642 2476 2698 ergo
2503 2635 2627 2683 sunt
2650 2627 2741 2682 alii
2768 2627 2884 2682 sine
2914 2626 3078 2682 dubio
3100 2625 3341 2682 suscitati
3365 2644 3378 2681 :
3400 2625 3495 2682 sed
3523 2642 3628 2682 non
3657 2626 3772 2682 fru-

2172 2730 2285 2775 stra
2330 2728 2438 2776 tres
2479 2719 2903 2776 commemorati.
2935 2718 3192 2774 Dominus
3220 2721 3364 2774 enim
3393 2729 3574 2775 noster
3610 2719 3770 2775 Jesus

2171 2811 2416 2868 Christus
2439 2826 2503 2868 ea
2531 2827 2652 2882 qua:
2679 2811 2906 2868 faciebat
2929 2811 3296 2882 corporaliter,
3325 2812 3487 2868 etiam
3517 2811 3771 2882 spiritua-

2172 2903 2295 2960 liter
2322 2903 2535 2960 volebat
2574 2904 2819 2975 intelligi.
2851 2903 3034 2975 Neque
3071 2903 3215 2960 enim
3261 2911 3464 2958 tantum
3510 2905 3767 2960 miracula

2173 3009 2392 3068 propter
2432 2997 2686 3054 miracula
2730 2997 2960 3054 faciebat
2991 3015 3006 3054 :
3037 2996 3132 3053 sed
3159 3005 3217 3051 ut
3251 2997 3340 3052 illa
3367 3012 3488 3068 qua:
3515 2991 3764 3066 faciebat,

2172 3090 2307 3144 mira
2349 3097 2531 3145 essent
2568 3089 2900 3154 videntibus,
2938 3104 3064 3145 vera
3102 3097 3285 3144 essent
3326 3088 3762 3160 intelligentibus.

2171 3182 2632 3250 Quemadmodum
2677 3182 2768 3252 qui
2809 3181 2954 3238 videt
2999 3181 3202 3237 litteras
3239 3181 3293 3237 in
3337 3182 3520 3238 codice
3563 3183 3768 3252 optime

2171 3275 2390 3344 scripto,
2419 3282 2472 3327 et
2496 3288 2601 3328 non
2630 3272 2776 3328 novit
2805 3272 3000 3343 legere,
3031 3271 3211 3327 laudat
3235 3271 3454 3343 quidem
3479 3271 3764 3343 antiquarii

2171 3382 2386 3421 manum
2427 3364 2697 3420 admirans
2732 3365 2942 3436 apicum
2991 3364 3475 3435 pulchritudinem;
3500 3365 3596 3422 sed
3633 3366 3766 3438 quid

2170 3459 2270 3513 sibi
2314 3458 2510 3525 velint,
2559 3457 2683 3528 quid
2725 3456 2962 3513 indicent
3002 3457 3076 3512 illi
3120 3456 3301 3528 apices
3341 3457 3546 3522 nescit;
3577 3467 3631 3512 et
3666 3463 3754 3512 est

2169 3548 2338 3605 oculis
2362 3548 2622 3617 laudator,
2663 3556 2842 3604 mente
2883 3563 2988 3604 non
3017 3549 3261 3618 cognitor
3286 3565 3298 3602 :
3329 3549 3468 3605 alius
3493 3559 3671 3605 autem
3697 3558 3755 3604 et

2169 3641 2348 3697 laudat
2373 3641 2675 3707 artiﬁcium,
2703 3651 2759 3698 et
2784 3641 2926 3711 capit
2951 3641 3312 3707 intellectum;
3340 3642 3431 3698 ille
3460 3643 3642 3712 utique
3664 3642 3757 3712 qui

2169 3751 2276 3790 non
2306 3735 2480 3792 solum
2503 3734 2681 3791 videre
2706 3734 2849 3805 quod
2877 3749 3160 3793 commune
3183 3745 3266 3791 est
3291 3736 3539 3792 omnibus
3563 3745 3760 3807 potest,

2168 3829 2262 3884 sed
2287 3828 2445 3884 etiam
2476 3829 2683 3899 legere;
2710 3827 2855 3899 quod
2895 3829 2986 3898 qui
3029 3845 3135 3884 nun
3177 3827 3380 3897 didicit,
3409 3845 3516 3885 non
3561 3837 3758 3900 potest.

2170 3919 2246 3975 Ita
2270 3920 2360 3990 qui
2382 3919 2631 3976 viderunt
2653 3919 2851 3975 Christi
2880 3921 3156 3988 miracula,
3178 3929 3234 3977 et
3253 3935 3361 3977 non
3382 3922 3763 3978 intellexerunt

2168 4011 2296 4082 quid
2325 4013 2425 4067 sibi
2449 4013 2663 4077 vellent,
2691 4021 2744 4068 et
2765 4011 2891 4082 quid
2914 4012 3328 4084 intelligentibus
3345 4015 3575 4085 quodam
3601 4015 3762 4071 modo

2169 4101 2480 4170 innuerent,
2516 4103 2694 4158 mirati
2736 4113 2860 4159 sunt
2900 4113 3102 4158 tantum
3141 4106 3264 4175 quia
3306 4106 3438 4162 facta
3475 4116 3598 4162 sunt
3628 4126 3640 4162 :
3669 4109 3762 4165 alii

2172 4209 2302 4251 vero
2331 4201 2385 4249 et
2413 4192 2550 4250 facta
2577 4193 2781 4260 mirati,
2813 4203 2868 4248 et
2896 4194 3162 4251 intellecta
3203 4198 3450 4252 assecuti.
3480 4197 3636 4253 Tales
3663 4215 3763 4256 nos

2173 4286 2226 4340 in
2257 4285 2438 4340 schola
2465 4285 2661 4342 Christi
2690 4301 2809 4341 csse
2832 4287 3108 4344 debemus.
3139 4288 3240 4356 Qui
3269 4290 3410 4344 enim
3441 4290 3570 4346 dicit
3595 4291 3760 4347 Chri-

2170 4387 2309 4432 stum
2338 4387 2617 4447 propterea
2657 4385 2860 4432 tantum
2908 4378 3100 4433 fecisse
3129 4379 3403 4445 miracula,
3437 4391 3495 4436 ut
3533 4397 3638 4436 non
3669 4398 3762 4438 es-

2172 4479 2291 4527 sent
2321 4470 2422 4526 nisi
2450 4469 2725 4537 miracula,
2764 4479 2942 4541 potest
2978 4471 3124 4527 illum
3152 4471 3332 4528 dicere
3359 4473 3520 4530 etiam
3548 4476 3762 4533 nescire

2170 4562 2312 4633 quod
2339 4578 2445 4617 non
2472 4571 2615 4618 esset
2641 4571 2846 4633 tempus
2873 4578 3173 4633 pomorum,
3201 4564 3418 4634 quando
3445 4566 3576 4622 licus
3600 4583 3752 4638 quae-

2170 4655 2292 4709 sivit
2333 4656 2386 4710 in
2431 4653 2644 4709 arbore.
2673 4653 2788 4710 Non
2826 4656 2970 4711 enim
3011 4665 3127 4711 erat
3170 4656 3310 4712 illius
3340 4658 3486 4729 pomi
3525 4667 3762 4730 tempus,

2170 4746 2310 4802 sicut
2333 4745 2669 4817 Evangelista
2713 4755 2980 4804 testatur:
3007 4757 3062 4804 et
3099 4757 3274 4804 tamen
3319 4750 3563 4806 esuriens
3604 4766 3765 4822 poma

2171 4839 2414 4909 quaesivit
2442 4839 2494 4893 in
2521 4839 2734 4896 arbore.
2762 4840 3004 4897 Christus
3031 4841 3322 4908 nesciebat,
3353 4844 3497 4916 quod
3529 4847 3766 4902 rusticus

2173 4930 2410 4986 sciebat?
2427 4931 2580 4999 Quod
2607 4942 2828 4988 noverat
2849 4933 3060 4990 arboris
3083 4935 3277 5001 cultor,
3297 4951 3402 4992 non
3425 4949 3650 4994 noverat
3673 4956 3762 4994 ar-

2173 5021 2320 5077 boris
2359 5023 2605 5079 creator?
2631 5023 2764 5080 Cum
2791 5038 2921 5096 ergo
2959 5025 3203 5081 esuriens
3243 5043 3398 5098 poma
3433 5029 3682 5099 quaesivit
3710 5031 3764 5085 in

2177 5111 2396 5179 arbore,
2419 5114 2737 5185 significavit
2763 5129 2825 5171 se
2853 5115 3052 5186 aliquid
3078 5117 3303 5184 esurire,
3327 5129 3382 5175 et
3400 5120 3598 5192 aliquid
3619 5121 3763 5177 aliud

2178 5218 2419 5272 quaerere
2446 5222 2458 5257 :
2488 5213 2543 5260 et
2570 5205 2816 5261 arborem
2845 5204 2990 5260 illam
3023 5205 3140 5264 sine
3177 5209 3350 5264 fructu
3380 5208 3522 5266 foliis
3548 5211 3762 5282 plenam

2174 5295 2394 5364 reperit,
2425 5303 2479 5350 et
2524 5295 2826 5361 maledixit;
2857 5306 2913 5352 et
2950 5298 3108 5354 aruit.
3148 5298 3287 5367 Quid
3356 5301 3518 5356 arbor
3559 5303 3758 5359 iecerat

2172 5383 2402 5440 fructum
2434 5401 2540 5440 non
2570 5384 2845 5444 offerendo
2869 5387 3084 5458 (Matth.
3117 5404 3231 5458 ut,
3265 5391 3351 5458 18,
3385 5391 3473 5460 19,
3505 5401 3554 5448 ct
3589 5391 3756 5450 Marc.

2172 5494 2245 5545 χι,
2270 5479 2396 5550 15)?
2415 5479 2542 5547 Quae
2566 5479 2718 5550 culpa
2743 5479 2953 5538 arboris
2976 5481 3365 5540 infecunditas‘l
3390 5485 3498 5541 Sed
3522 5496 3646 5541 sunt
3669 5488 3760 5558 qui

2173 5570 2402 5626 fructum
2424 5572 2695 5627 voluntate
2717 5571 2847 5629 dare
2867 5589 2972 5629 non
2997 5584 3236 5646 possunt.
3262 5575 3474 5632 illorum
3500 5588 3584 5635 est
3603 5579 3760 5650 culpa

2168 5707 2252 5819 tu:
2277 5715 2456 5759 omnes
2468 5713 2595 5766 Mss,
2620 5703 2816 5758 illorum
2829 5717 2960 5758 mors
3251 5706 3372 5761 alibi
3393 5721 3482 5763 nec
3505 5709 3759 5772 quaeba-
