4126 6322
373 340 481 400 593

372 452 645 517 sterilitas,
667 463 896 522 quorum
926 444 1221 505 fecunditas
1248 456 1334 504 est
1356 449 1621 505 voluntas.
1645 448 1807 504 Erant
1833 464 1962 519 ergo

370 545 543 603 Judaei
583 544 841 599 habentes
883 542 1044 599 verba
1074 542 1231 612 Legis
1270 550 1325 597 et
1365 541 1500 597 facta
1538 555 1643 597 non
1683 540 1960 605 habentes,

371 638 517 710 pleni
549 635 691 691 foliis
718 643 775 691 et
798 633 1005 690 fructus
1033 648 1140 690 non
1184 633 1437 689 ferentes.
1466 632 1578 689 Hoc
1604 632 1733 697 dixi,
1754 640 1812 686 ut
1838 646 1961 701 per-

374 729 658 788 suaderem
694 727 978 783 Dominum
1026 735 1268 783 nostrum
1306 726 1489 781 Jesum
1530 725 1797 780 Christum
1844 723 1964 779 ideo

370 820 628 881 miracula
656 818 868 887 fecisse,
890 828 951 875 ut
974 819 1175 890 aliquid
1199 818 1303 875 illis
1321 816 1590 873 miraculis
1616 815 1961 887 signiﬁcaret,

370 924 430 971 ut
471 923 698 984 excepto
738 926 806 968 eo
850 911 992 982 quod
1028 911 1163 967 mira
1203 920 1259 967 et
1294 923 1484 982 magna
1512 917 1566 964 et
1590 908 1765 965 divina
1788 914 1961 975 erant,

369 1008 572 1078 aliquid
599 1006 723 1063 inde
747 1006 910 1063 etiam
937 1005 1287 1063 disceremus.

440 1100 668 1159 CAPUT
691 1099 912 1156 ιν.-4.
933 1099 1111 1156 Trium
1135 1109 1448 1155 mortuorum
1466 1097 1743 1153 suscitatlo.
1767 1093 1963 1151 Videa-

372 1210 495 1252 mus
524 1208 655 1265 ergo
696 1192 824 1265 quid
867 1208 967 1250 nos
1004 1192 1213 1249 discere
1241 1193 1409 1248 voluit
1436 1191 1488 1246 in
1517 1190 1686 1245 tribus
1718 1186 1961 1253 mortuis,

368 1302 505 1358 quos
532 1285 828 1342 suscitavit.
858 1284 1214 1341 Resuseitavit
1237 1284 1398 1338 filiam
1426 1289 1686 1337 mortuam
1716 1278 1963 1349 Arcbisy-

371 1380 592 1451 nagogi,
628 1378 696 1434 ad
732 1393 890 1451 quam
926 1386 1273 1450 aegrotantem
1316 1376 1615 1448 petebatur,
1634 1382 1692 1429 ut
1734 1389 1851 1430 eam
1898 1371 1964 1428 de

368 1470 683 1542 aegritudine
704 1469 977 1527 liberaret.
998 1470 1205 1525 Etcum
1223 1468 1414 1540 pergit,
1433 1475 1639 1522 mortua
1663 1466 1959 1528 nuntiatur;

373 1574 426 1620 et
451 1564 607 1635 quasi
631 1566 741 1634 jam
771 1562 966 1619 frustra
997 1563 1325 1634 fatigaretur,
1348 1562 1703 1617 renuntiatum
1725 1568 1807 1613 est
1828 1558 1963 1629 patri

370 1656 519 1727 ejus:
541 1656 732 1712 Puella
754 1666 958 1711 mortua
979 1666 1071 1721 est,
1094 1655 1215 1726 quid
1233 1655 1403 1709 adhuc
1424 1653 1607 1725 fatigas
1626 1650 1965 1721 Magistrum?

375 1748 468 1805 Ille
495 1758 674 1809 autem
704 1749 970 1820 perrexit,
995 1757 1050 1804 et
1077 1748 1152 1803 ait
1179 1748 1312 1818 patri
1351 1747 1576 1817 puellm:
1608 1744 1731 1799 Noli
1761 1745 1960 1809 timere,

372 1842 722 1897 tantummodo
759 1841 925 1896 crede.
956 1839 1117 1895 Venit
1152 1840 1217 1895 ad
1260 1839 1498 1905 domum,
1534 1847 1589 1893 et
1617 1836 1821 1891 invenit
1853 1834 1963 1904 jam

372 1933 626 2003 obsequia
656 1932 829 1988 funeri
853 1931 1029 1988 debita
1056 1939 1348 2002 prmparata
1370 1948 1383 1983 :
1403 1938 1457 1987 et
1478 1929 1607 1984 dicit
1632 1928 1736 1983 illis
1757 1944 1769 1980 :
1792 1925 1965 1981 Nolite

372 2028 513 2095 ﬂere,
553 2043 655 2081 non
680 2028 811 2081 enim
845 2036 918 2081 est
952 2035 1150 2080 mortua
1178 2025 1369 2096 puella,
1406 2023 1494 2078 sed
1530 2023 1733 2076 dormit.
1764 2020 1961 2076 Verum

372 2118 541 2173 dixit:
566 2117 888 2183 dormiebat,
912 2116 1005 2173 sed
1027 2116 1103 2171 illi
1129 2131 1158 2170 a
1187 2131 1293 2186 quo
1320 2123 1523 2185 poterat
1552 2112 1794 2169 excitari.
1816 2111 1964 2167 Hanc

374 2210 634 2277 excitans,
666 2208 899 2265 reddidit
923 2208 1096 2264 vivam
1124 2208 1431 2278 parentibus
1457 2206 1643 2278 (Marc.
1661 2222 1713 2273 v,
1743 2203 1959 2274 22-43).

376 2302 645 2359 Excitavit
669 2311 722 2356 et
748 2301 890 2357 hunc
908 2301 1159 2371 juvenem
1180 2299 1354 2355 viduae
1382 2298 1570 2365 filium,
1598 2297 1665 2352 de
1690 2311 1795 2368 quo
1822 2309 1964 2351 nunc

374 2394 634 2450 admoniti
666 2409 871 2459 sumus,
902 2401 960 2448 ut
998 2392 1123 2448 hinc
1148 2392 1247 2448 ista
1276 2407 1395 2463 quae
1424 2391 1537 2461 ipse
1565 2390 1744 2461 largiri
1773 2388 1961 2458 digna-

376 2496 480 2553 tur,
508 2502 633 2543 cum
662 2496 838 2541 vestra
861 2484 1133 2540 Charitate
1164 2484 1523 2555 loqueremur.
1558 2481 1713 2537 Modo
1742 2480 1961 2535 audistis

375 2575 643 2651 quomodo
663 2576 922 2631 excitatus
946 2583 1047 2631 est.
1070 2574 1542 2646 Appropinquabat
1560 2573 1814 2641 Dominus
1833 2571 1963 2626 civi-

378 2669 505 2735 tati;
542 2677 598 2725 et
632 2683 757 2726 ecce
786 2668 1106 2725 efferebatur
1127 2676 1370 2724 mortuus
1406 2667 1517 2737 jam
1554 2674 1702 2722 extra
1734 2674 1957 2736 portam.

376 2758 737 2815 Misericordia
780 2768 1100 2825 commotus,
1136 2757 1277 2829 quod
1321 2756 1481 2812 ﬂebat
1518 2764 1688 2812 mater
1718 2755 1873 2810 vidua
1906 2762 1962 2810 et

376 2851 629 2907 destituta
661 2852 819 2905 unico
847 2850 976 2917 filio,
1008 2848 1296 2920 fecitun
1321 2849 1562 2912 audistis,
1586 2848 1805 2903 dicens:
1832 2846 1963 2901 Ado-

376 2940 589 3001 lescens,
634 2940 723 2994 tibi
764 2940 899 3004 dico,
930 2956 1098 3012 surge.
1123 2939 1368 2995 Surrexit
1395 2939 1483 2994 ille
1512 2946 1772 3003 mortuus,
1801 2936 1963 3006 ctepit

378 3031 558 3103 loqui;
589 3040 642 3087 et
669 3032 902 3088 reddidit
929 3032 1078 3088 illum
1104 3033 1258 3088 matri
1283 3047 1414 3088 suae.
1437 3033 1695 3088 Excitavit
1722 3039 1776 3086 et
1796 3032 1961 3086 Laza-

376 3140 494 3180 rum
521 3125 589 3181 de
618 3126 882 3197 sepulcro.
906 3126 973 3182 Et
1001 3126 1073 3182 ibi
1108 3141 1226 3181 cum
1255 3134 1600 3197 aegrotantem
1640 3125 1841 3180 scirent
1874 3123 1960 3178 di-

377 3218 568 3288 scipuli
585 3234 705 3275 cum
728 3219 922 3289 quibus
946 3218 1262 3291 loquebatur
1277 3218 1551 3289 (diligebat
1571 3225 1747 3273 autem
1766 3214 1957 3285 illum):

376 3309 625 3378 Lazarus,
670 3311 861 3383 inquit,
907 3311 1099 3366 amicus
1145 3319 1312 3365 noster
1352 3310 1557 3364 dormit.
1598 3308 1677 3363 Illi
1716 3315 1961 3378 putantes

375 3405 505 3477 agri
524 3420 769 3461 somnum
791 3404 1060 3461 salubrem
1084 3425 1098 3461 :
1124 3404 1187 3459 Si
1206 3403 1412 3471 dormit,
1437 3403 1699 3472 inquiunt,
1726 3400 1958 3466 Domine,

375 3497 545 3551 salvus
573 3506 666 3551 est.
694 3497 760 3551 Et
786 3497 875 3552 ille
906 3514 919 3551 :
945 3495 1074 3550 Dico
1103 3495 1269 3562 vobis,
1300 3494 1534 3565 apertius
1566 3493 1675 3563 jam
1715 3493 1959 3563 loquens,

377 3587 607 3643 Lazarus
632 3589 824 3643 amicus
850 3596 1019 3642 noster
1042 3596 1269 3642 mortuus
1292 3596 1364 3641 est
1392 3586 1410 3656 (
1437 3585 1594 3639 Joan.
1620 3600 1694 3651 χι,
1721 3584 1889 3639 11-44
1916 3582 1958 3655 ).

382 3678 673 3750 Utrumque
710 3694 897 3736 verum
932 3678 1156 3735 dicens:
1180 3677 1419 3733 Mortuus
1447 3684 1530 3731 est
1555 3674 1735 3741 vobis,
1767 3673 1965 3730 dormit

377 3771 529 3826 mihi.

446 3859 674 3918 CAPUT
713 3861 853 3916 ν...
868 3862 921 3917 5.
953 3860 1073 3916 Tria
1100 3870 1417 3933 peccatorum
1447 3876 1650 3931 genera,
1678 3858 1834 3912 tribus
1862 3859 1965 3914 illis

373 3955 587 4007 mortuis
633 3955 873 4024 figurata.
923 3952 1241 4008 Consuetudo
1278 3952 1436 4008 mala.
1480 3951 1580 4006 Ista
1628 3951 1726 4005 tria
1769 3966 1963 4021 genera

378 4053 737 4110 mortuorum,
767 4052 891 4099 sunt
914 4045 1010 4099 tria
1032 4059 1223 4114 genera
1248 4052 1604 4115 peccatorum,
1634 4057 1767 4114 quos
1788 4043 1966 4097 hodie-

374 4149 479 4204 que
505 4135 726 4189 suscitat
744 4133 1008 4189 Christus.
1030 4134 1121 4188 llla
1138 4134 1278 4189 enim
1293 4146 1501 4189 mortua
1530 4133 1633 4189 lilia
1666 4134 1961 4204 Archisyn-

372 4225 529 4295 agogi
584 4226 725 4280 intus
772 4224 970 4279 eratin
1011 4223 1191 4290 domo,
1225 4225 1457 4280 nondum
1498 4234 1612 4281 erat
1639 4226 1705 4280 de
1744 4227 1965 4281 secretis

374 4314 674 4384 parietibus
702 4314 840 4369 elata
871 4314 923 4368 in
952 4314 1241 4384 publicum.
1270 4315 1345 4371 Ibi
1387 4316 1527 4371 intus
1563 4317 1815 4372 suscitata
1861 4326 1960 4384 est,

375 4406 495 4461 viva
527 4407 839 4477 parentibus
864 4406 1091 4462 reddita.
1122 4406 1227 4462 Iste
1266 4416 1442 4463 autem
1480 4407 1590 4478 jam
1620 4409 1831 4479 quidem
1858 4424 1964 4465 non

374 4498 429 4551 in
459 4497 641 4563 domo,
674 4497 768 4553 sed
811 4506 987 4553 tamen
1015 4498 1251 4553 nondum
1292 4499 1347 4554 in
1371 4500 1637 4569 sepulcro,
1678 4486 1966 4571 parietibus

373 4584 546 4645 elatus
575 4598 711 4654 erat,
742 4598 901 4645 terrte
944 4590 1224 4646 mandatus
1252 4606 1357 4647 non
1401 4601 1533 4647 erat.
1561 4593 1661 4662 Qui
1689 4594 1966 4650 suscitavit

375 4689 641 4735 mortuam
684 4680 917 4736 nondum
962 4681 1187 4750 elatam,
1226 4684 1500 4739 suscitavit
1546 4694 1813 4740 mortuum
1853 4684 1965 4755 jam

376 4771 604 4837 elatum,
648 4772 880 4827 nondum
926 4773 1214 4843 sepultum.
1259 4774 1495 4830 Tertium
1536 4777 1796 4845 restabat,
1828 4786 1969 4835 utet

376 4862 643 4932 sepultum
671 4864 989 4919 suscitaret:
1014 4873 1069 4920 et
1093 4864 1191 4921 hoc
1214 4865 1338 4921 fecit
1364 4867 1418 4921 in
1440 4866 1661 4923 Lazaro.
1686 4868 1821 4924 Sunt
1838 4886 1968 4943 ergo

376 4955 467 5024 qui
497 4964 775 5024 peccatum
806 4955 951 5011 intus
977 4957 1028 5011 in
1053 4956 1216 5013 corde
1245 4957 1461 5025 habent,
1494 4960 1545 5015 in
1572 4960 1712 5017 facto
1732 4963 1968 5019 nondum

378 5051 595 5107 habent.
618 5052 813 5108 Nescio
832 5053 952 5125 quis
970 5062 1272 5110 commotus
1289 5062 1375 5119 est
1394 5055 1566 5127 aliqua
1590 5059 1969 5130 concupiscen-

378 5141 471 5196 tia.
502 5142 651 5211 _Dieit
691 5145 835 5199 enim
880 5145 994 5215 ipse
1033 5146 1288 5201 Dominus
1317 5165 1330 5201 :
1364 5147 1462 5212 Qui
1498 5148 1677 5203 uiderit
1712 5152 1969 5206 mulierem

379 5235 448 5287 ad
501 5238 959 5307 concupiscendum
1006 5255 1137 5307 eam,
1178 5241 1293 5310 jam
1338 5242 1613 5297 moechatus
1655 5252 1728 5298 est
1768 5260 1876 5298 eam
1915 5245 1968 5300 in

381 5326 533 5381 corde
560 5344 655 5383 suo
682 5327 701 5398 (
733 5328 922 5383 Matth.
946 5345 1003 5397 v,
1025 5328 1095 5385 28
1118 5331 1164 5403 ).
1192 5330 1435 5386 Nondum
1472 5332 1698 5387 accessit
1724 5348 1966 5404 corpore,

380 5424 652 5479 consensit
694 5424 747 5478 in
789 5425 949 5481 corde
974 5442 988 5480 :
1017 5434 1285 5482 mortuum
1327 5426 1468 5481 intus
1506 5426 1697 5496 habet,
1736 5427 1969 5484 nondum

384 5518 595 5573 extulit.
625 5516 694 5572 Et
719 5527 777 5573 ut
808 5518 886 5583 fit,
911 5526 972 5573 ut
999 5519 1265 5582 novimus,
1296 5528 1355 5575 ut
1377 5519 1615 5590 quotidie
1644 5519 1887 5575 homines
1915 5521 1969 5577 in

338 5658 343 5661 .
386 5622 449 5663 se
472 5609 843 5680 experiuntur,
870 5610 1154 5681 aliquando
1176 5610 1355 5667 audito
1382 5610 1547 5666 verbo
1570 5611 1695 5679 Dei,
1725 5621 1969 5683 tanquam

389 5698 622 5755 Domino
659 5699 900 5767 dicente,
922 5702 1128 5774 Surge;
1154 5702 1537 5760 condemnatur
1574 5718 1865 5759 consensus
1903 5704 1970 5762 ad

388 5792 758 5872 iniquitatem,
788 5807 1080 5882 respiratui-
1121 5798 1176 5856 in
1217 5796 1438 5856 salutem
1486 5806 1646 5874 atque
1691 5796 1967 5873 justitiam.

1773 337 2006 394 SERMO
2045 336 2268 393 XCVIII.

3539 343 3646 400 ὅθι

2066 449 2244 519 Surgit
2269 460 2507 506 mortuus
2533 451 2585 507 in
2616 452 2797 523 domo,
2822 454 3090 512 reviviscit
3110 469 3207 511 cor
3233 456 3289 511 in
3312 456 3647 527 cogitationis

2068 551 2295 598 secreto.
2326 542 2486 599 Facta
2512 554 2595 600 est
2619 546 2718 600 ista
2746 549 3065 604 resurrectio
3092 548 3283 604 animae
3310 557 3533 604 mortum
3560 548 3647 603 in-

2070 646 2154 692 tus
2173 638 2310 693 intra
2334 638 2565 694 latebras
2583 640 2942 709 conscientias,
2968 651 3217 714 tanquam
3240 643 3377 698 intra
3399 641 3649 699 domesti-

2068 745 2163 786 cos
2205 731 2453 802 parietes.
2495 732 2599 787 Alii
2647 744 2774 802 post
2812 748 3132 790 consensum
3166 742 3294 790 eunt
3331 733 3384 788 in
3427 734 3645 799 factum,

2069 830 2319 894 tanquam
2361 823 2643 880 ell'erentes
2682 833 2966 891 mortuum,
2996 835 3054 881 ut
3075 826 3219 897 quod
3254 820 3454 881 latebat
3478 825 3531 880 in
3555 840 3647 881 se-

2068 923 2235 983 creto,
2257 925 2512 987 appareat
2540 916 2593 971 in
2620 916 2851 987 publico.
2878 917 3141 989 Numquid
3179 918 3287 987 jam
3328 917 3435 983 isti,
3464 917 3557 987 qui
3595 917 3649 972 in

2067 1005 2265 1062 factum
2290 1016 2687 1078 processerunt,
2714 1008 2979 1079 desperati
3005 1010 3163 1064 sunt?
3183 1008 3370 1065 Nonne
3391 1019 3444 1064 et
3470 1008 3543 1063 illi
3565 1008 3651 1078 ju-

2066 1099 2190 1155 veni
2218 1099 2419 1155 dictum
2450 1108 2566 1166 est,
2598 1100 2709 1155 Tibi
2739 1101 2874 1169 dico,
2904 1103 3093 1174 surge?
3118 1103 3305 1157 Nonne
3331 1113 3383 1158 et
3410 1102 3498 1158 ille
3524 1102 3648 1157 red-

2069 1190 2211 1247 ditus
2254 1200 2337 1247 est
2381 1193 2536 1247 matri
2577 1193 2728 1249 sum?
2754 1194 2844 1249 Sic
2877 1209 3006 1265 ergo
3034 1203 3089 1250 et
3116 1195 3204 1265 qui
3230 1195 3337 1264 jam
3369 1194 3573 1262 fecerit,
3603 1196 3649 1250 si

2070 1282 2206 1338 forte
2250 1284 2604 1339 commonitus
2653 1293 2710 1340 et
2754 1296 3052 1341 commotus
3097 1286 3259 1341 verbo
3300 1287 3538 1341 veritatis
3581 1286 3649 1340 ad

2067 1372 2266 1429 Christi
2314 1390 2499 1430 vocem
2543 1378 2795 1446 resurgit,
2835 1378 2987 1432 vivus
3028 1377 3286 1432 redditur.
3320 1378 3496 1433 Potuit
3523 1394 3648 1449 pro-

2067 1465 2215 1535 gredi
2247 1468 2285 1531 ¹,
2310 1466 2365 1520 in
2389 1475 2647 1523 aeternum
2673 1468 2846 1538 perire
2873 1483 2978 1523 non
3014 1468 3201 1539 potuit.
3229 1468 3329 1535 Qui
3364 1478 3539 1523 autem
3566 1469 3647 1524 fa-

2069 1556 2259 1611 ciendo
2283 1557 2424 1627 quod
2461 1558 2656 1613 malum
2683 1570 2785 1625 est,
2818 1560 2977 1613 etiam
3009 1559 3145 1614 mala
3179 1558 3563 1615 consuetudine
3589 1574 3651 1615 se

2071 1647 2363 1719 implicant,
2392 1658 2450 1704 ut
2490 1650 2603 1721 ipsa
2640 1651 2969 1707 consuetudo
2998 1652 3125 1707 mali
3154 1667 3257 1706 non
3288 1666 3383 1707 eos
3408 1651 3549 1706 sinat
3575 1653 3653 1707 vi-

2068 1740 2195 1797 dere
2214 1742 2336 1812 quia
2357 1742 2555 1798 malum
2582 1753 2683 1811 est,
2713 1744 2846 1799 fiunt
2868 1744 3176 1801 defensores
3201 1746 3463 1800 malorum
3492 1745 3653 1801 facto-

2068 1847 2187 1887 rum
2242 1847 2459 1888 suorum
2506 1853 2519 1889 :
2566 1837 2868 1892 irascuntur
2908 1853 3029 1892 cum
3076 1838 3569 1909 reprehenduntur;
3597 1839 3651 1896 in

2071 1931 2272 1978 tantum
2300 1933 2355 1979 ut
2377 1925 2666 1981 Sodomita:
2694 1927 2960 1997 quondam
2987 1928 3227 1984 dicerent
3249 1931 3364 1985 viro
3386 1930 3531 2000 justo
3559 1945 3650 1987 re-

2069 2017 2417 2086 prehendenti
2437 2021 2810 2090 nequissimam
2827 2022 3173 2088 voluntatem,
3192 2023 3243 2077 11
3248 2024 3435 2079 abitare
3452 2026 3647 2093 venisti,

2068 2124 2169 2162 non
2192 2108 2321 2181 leges
2342 2110 2465 2168 dare
2491 2110 2643 2181 (Gen.
2672 2129 2780 2178 xu,
2810 2112 2890 2184 9).
2914 2115 3079 2169 Tanta
3111 2116 3181 2170 ibi
3208 2115 3449 2172 nefanda}
3478 2117 3650 2187 turpi-

2070 2201 2266 2257 tudinis
2292 2204 2620 2259 consuetudo
2646 2214 2781 2271 erat,
2806 2214 2862 2262 ut
2876 2206 2985 2277 jam
3009 2208 3241 2278 nequitia
3268 2218 3409 2265 esset
3424 2209 3646 2281 iustitia,

2066 2300 2121 2347 et
2149 2294 2446 2362 prohibitor
2468 2296 2645 2365 potius
2665 2298 3144 2367 reprehenderetur
3163 2316 3319 2372 quam
3341 2302 3524 2358 factor.
3548 2303 3655 2360 Ta-

2069 2382 2148 2438 les
2165 2386 2549 2442 consuetudine
2568 2388 2797 2458 maligna
2814 2390 3006 2459 pressi,
3025 2398 3275 2461 tanquam
3296 2394 3485 2463 sepulti
3506 2404 3651 2451 sunt.

2066 2474 2170 2531 Sed
2196 2477 2323 2546 quid
2350 2477 2543 2543 dicam,
2572 2479 2795 2536 fratres?
2822 2481 2897 2537 Ita
2922 2483 3136 2552 sepulti,
3165 2492 3224 2539 ut
3248 2484 3315 2540 de
3342 2484 3543 2541 Lazaro
3564 2485 3651 2543 di-

2066 2575 2211 2620 ctum
2232 2576 2333 2632 est,
2356 2567 2476 2621 Jam
2501 2577 2658 2638 putet.
2682 2570 2847 2627 Moles
2872 2572 2959 2627 illa
2980 2573 3224 2643 imposita
3248 2576 3510 2645 sepulcro,
3537 2576 3650 2647 ipsa

2065 2665 2147 2711 est
2166 2658 2250 2712 vis
2274 2657 2408 2713 dura
2428 2661 2826 2717 consuetudinis
2851 2664 2893 2730 ³,
2921 2678 3023 2733 qua
3050 2665 3308 2733 premitur
3330 2666 3529 2736 anima,
3551 2680 3653 2725 nec

2065 2764 2303 2820 surgere,
2335 2766 2433 2807 nec
2459 2753 2724 2823 respirare
2751 2755 3092 2826 permittitur.

2136 2841 2363 2898 CAPUT
2418 2844 2503 2898 VI.
2532 2846 2669 2901 —-6.
2694 2846 2923 2911 Quatuor
2971 2848 3024 2902 in
3074 2851 3291 2919 peccatis
3338 2866 3651 2923 progressus.

2067 2933 2277 2990 Dictum
2305 2944 2388 2991 est
2413 2945 2612 3003 autem,
2645 2939 3023 3005 Quatriduanus
3051 2952 3144 2995 est.
3174 2942 3380 3000 Revera
3406 2942 3476 2999 ad
3495 2944 3650 3000 istam

2065 3026 2501 3083 consuetudinem
2548 3028 2618 3084 de
2662 3046 2763 3100 qua
2798 3033 3007 3103 loquor,
3038 3042 3227 3104 quarto
3264 3036 3492 3107 quodam
3522 3052 3654 3107 pro—

2065 3130 2252 3185 gressu
2275 3120 2514 3188 pervenit
2537 3119 2731 3175 anima.
2762 3121 2938 3178 Prima
2967 3131 3050 3179 est
3075 3124 3216 3180 enim
3252 3127 3401 3196 quasi
3423 3127 3653 3184 titillatio

2066 3207 2434 3266 delectationis
2464 3210 2517 3265 in
2539 3211 2731 3279 corde;
2761 3214 3016 3281 secunda,
3045 3217 3363 3283 consensio;
3409 3218 3649 3284 tertium,

2065 3299 2298 3367 factum;
2326 3312 2534 3372 quarta,
2562 3304 2913 3359 consuetudo.
2943 3304 3080 3361 Sunt
3102 3307 3243 3361 enim
3270 3307 3358 3377 qui
3379 3322 3467 3363 res
3487 3308 3646 3363 illici-

2068 3399 2148 3449 tas
2177 3392 2365 3448 obvias
2399 3394 2807 3465 cogitationibus
2845 3396 2958 3452 suis
2991 3412 3211 3467 prorsus
3259 3398 3329 3454 ita
3373 3398 3650 3469 abjiciunt.

2070 3493 2127 3538 ut
2154 3499 2253 3540 nec
2273 3484 2627 3542 delectentur.
2654 3487 2789 3543 Sunt
2811 3488 2901 3559 qui
2921 3488 3283 3557 delectantur,
3301 3498 3357 3546 et
3380 3505 3491 3547 non
3519 3506 3653 3547 eon-

2068 3576 2309 3631 sentiunt
2342 3594 2354 3629 :
2386 3577 2619 3632 nondum
2678 3577 2912 3649 perfecta
2958 3595 3103 3635 mors
3131 3590 3233 3649 est,
3286 3581 3380 3638 sed
3419 3583 3651 3653 quodam

2069 3668 2227 3723 modo
2257 3669 2522 3724 inchoata.
2571 3670 2916 3726 Delectationi
2962 3674 3165 3729 accedit
3199 3677 3516 3730 consensio:
3540 3677 3652 3746 jam

2069 3767 2153 3814 est
2177 3759 2265 3813 illa
2291 3759 2585 3815 damnatio.
2618 3761 2745 3817 Post
2772 3765 3177 3820 consensionem
3208 3766 3258 3820 in
3298 3765 3490 3821 factum
3523 3783 3650 3837 pro-

2068 3854 2275 3909 ceditur
2305 3873 2319 3909 :
2348 3855 2541 3909 factum
2595 3855 2650 3910 in
2692 3857 3130 3913 consuetudinem
3202 3859 3462 3914 vertitur:
3492 3870 3545 3915 et
3592 3861 3651 3918 fit

2069 3946 2310 4017 quzedam
2334 3946 2657 4019 desperatio,
2682 3958 2739 4002 ut
2763 3948 2991 4018 dicatur,
3018 3951 3399 4017 Quatriduatms
3422 3963 3514 4019 est,
3537 3955 3652 4024 jam

2071 4049 2230 4111 putet.
2260 4040 2417 4096 Venit
2461 4056 2590 4113 ergo
2635 4042 2910 4111 Dominus,
2947 4046 3031 4099 cui
3073 4046 3251 4115 utique
3292 4047 3460 4103 facilia
3502 4059 3655 4105 erant

2071 4134 2284 4198 omnia;
2314 4144 2368 4188 et
2406 4133 2774 4188 difficultatem
2825 4135 3107 4205 quamdam
3144 4138 3375 4192 ostendit
3424 4139 3537 4193 tibi.
3567 4142 3654 4195 ln-

2074 4225 2289 4280 fremuit
2317 4225 2528 4295 spiritu,
2557 4228 2791 4282 ostendit
2819 4228 2984 4283 multo
3012 4228 3244 4283 clamore
3272 4230 3654 4301 objurgationis

2072 4330 2206 4385 Opus
2226 4330 2344 4371 csse
2370 4316 2435 4369 ad
2465 4330 2557 4371 eos
2585 4318 2672 4387 qui
2701 4318 3086 4373 consuetudine
3111 4319 3423 4376 duruerunt.
3454 4321 3653 4380 Tamen

2071 4409 2136 4462 ad
2164 4424 2347 4464 vocem
2365 4408 2643 4464 clamantis
2668 4410 2899 4473 Domini,
2916 4421 3067 4480 rupta
3090 4422 3213 4467 sunt
3230 4414 3434 4469 vincula
3462 4432 3654 4472 neces-

2071 4500 2262 4555 sitatis.
2295 4499 2535 4554 Tremuit
2570 4500 2758 4555 inlerni
2789 4500 3101 4567 dominatio,
3152 4503 3392 4560 redditus
3430 4514 3512 4560 est
3552 4506 3656 4561 La-

2072 4608 2228 4646 zarus
2258 4592 2426 4646 vivus.
2484 4592 2696 4647 Liberat
2735 4594 2878 4648 enim
2904 4603 2955 4648 et
2993 4594 3060 4649 de
3086 4594 3224 4649 mala
3268 4597 3653 4660 consuetudine

2073 4684 2329 4738 Dominus
2350 4683 2727 4754 quatridnanos
2756 4694 2993 4739 mortuos
3025 4702 3037 4738 :
3070 4700 3191 4739 nam
3222 4695 3275 4741 et
3313 4687 3425 4756 ipse
3456 4688 3660 4756 quatri-

2072 4774 2280 4829 duanus
2322 4775 2534 4830 Christo
2581 4775 2774 4829 volenti
2824 4776 3142 4831 resuscitarc
3188 4775 3505 4831 dormiebat.
3548 4774 3655 4838 Sed

2073 4866 2196 4936 quid
2224 4867 2336 4921 ait?
2364 4866 2552 4921 Videte
2598 4881 2766 4937 genus
2808 4868 3243 4922 resuscitationis.
3290 4868 3558 4926 Processit
3589 4871 3659 4930 dt;

2074 4967 2419 5013 monumento
2450 4960 2623 5024 vivus,
2664 4970 2717 5013 et
2765 4960 3036 5014 ambulare
3067 4975 3171 5014 non
3204 4970 3431 5030 poterat.
3465 4962 3529 5017 Et
3555 4964 3661 5018 Do-

2073 5050 2248 5104 minus
2275 5050 2341 5104 ad
2366 5050 2656 5120 discipulos
2686 5068 2698 5104 :
2733 5051 2926 5106 Solvite
2953 5069 3086 5117 cum,
3117 5062 3162 5107 et
3184 5053 3330 5106 sinite
3370 5055 3526 5108 abire.
3565 5056 3655 5111 Ille

2073 5144 2346 5198 suscitavit
2387 5153 2674 5208 mortuum,
2716 5145 2788 5199 illi
2836 5144 3106 5199 solverunt
3151 5145 3392 5217 ligatum.
3444 5146 3658 5218 Aliquid
3742 5156 3753 5163 ‘

2072 5236 2343 5306 pertinere
2380 5235 2557 5292 videte
2599 5236 2666 5291 ad
2710 5237 2974 5308 propriam
3016 5236 3345 5307 maiestatem
3370 5238 3389 5270 ³
3419 5239 3509 5295 Dei
3540 5256 3661 5297 sus-

2138 5433 2153 5465 t
2174 5438 2306 5501 ιτογη
2329 5432 2395 5483 σά
2410 5438 2593 5501 ternm
2608 5430 2854 5501 progredi.
2879 5433 3111 5501 Atyeteri
3134 5432 3253 5501 editi
3274 5440 3330 5501 et
3350 5438 3659 5501 manuscrlptl

2073 5508 2169 5569 non
2192 5495 2393 5569 habent,
2415 5496 2480 5545 ad
2502 5493 2721 5558 tempus}
2756 5496 2897 5557 cujus
2940 5493 3045 5545 loco
3073 5495 3539 5560 subintelligcndunt
3562 5493 3658 5562 eia,

2071 5572 2122 5609 m
2379 5626 2431 5693 et
2579 5626 2634 5668 At
2654 5618 2885 5693 l_..ov.,_vis.
2900 5618 3041 5693 durae

2141 5684 2161 5714 ³
2180 5689 2309 5731 Lov.:
2333 5682 2403 5732 Αά
2427 5682 2544 5745 quid
2568 5682 2823 5749 pertineat“
2839 5682 3010 5749 ridete,
3053 5682 3121 5749 ad
3150 5682 3408 5748 proprium
3429 5686 3659 5749 majesta-

2074 5742 2155 5813 tis,
2181 5751 2359 5813 etc._At
2396 5741 2495 5813 Ain.
2535 5741 2585 5792 et
2618 5748 2711 5812 I-Zr.,
2736 5741 2941 5813 _.4litptitl
2973 5741 3211 5807 pertinere
3245 5741 3416 5802 uidete.
3458 5741 3518 5807 Ft
3544 5768 3659 5813 mox

2074 5812 2208 5871 uss,
2224 5808 2288 5857 ad
2311 5808 2556 5872 propriam
2578 5808 2891 5871 maiestatem,
2916 5814 3009 5860 etc.
