4006 6450
508 311 614 370 595

506 425 745 482 citantis.
771 426 1076 496 lncrepatur
1103 423 1292 493 aliquis
1319 423 1371 476 in
1399 419 1536 475 mala
1566 417 1948 475 consuetudine
1990 431 2086 487 pu-

505 518 664 582 sitis,
695 517 863 573 verbo
887 515 1145 572 veritatis.
1173 515 1344 583 Quam
1374 513 1525 568 multi
1551 512 1890 582 increpuntur
1905 519 1962 566 et
1981 524 2085 564 non

501 612 729 666 audiunt
746 609 911 677 lQuis
923 624 1056 680 ergo
1073 610 1181 678 agit
1198 610 1340 662 intus
1366 621 1486 661 cum
1513 606 1604 660 illo
1631 605 1722 675 qui
1744 604 1929 659 audit?
1953 603 2086 670 Quis

501 702 673 758 vitam
715 701 942 773 inspirat
993 699 1346 755 intrinsecus?
1383 698 1514 766 Quis
1553 707 1639 752 est
1687 695 1780 766 qui
1823 705 2085 750 secretam

499 799 652 870 pellit
680 807 928 864 mortem,
960 805 1216 854 secretam
1247 795 1339 849 dat
1373 793 1571 849 vitam?
1599 791 1788 847 Nonne
1837 797 1957 860 post
1989 787 2086 843 ob-

497 893 848 963 iurgationes,
882 901 1002 961 post
1042 890 1429 959 increpationes
1461 887 1797 943 dimittuntur
1839 881 2084 939 bonitas

493 985 910 1056 cogitationibus
936 984 1066 1049 suis,
1089 993 1143 1038 et
1186 982 1442 1052 incipimrt
1479 995 1659 1035 secum
1687 979 1901 1033 volvere
1924 990 2083 1047 quam

499 1078 696 1131 malam
752 1079 914 1131 vitam
965 1087 1170 1146 gerant,
1213 1089 1368 1144 quam
1417 1073 1645 1142 pessima
1699 1068 2082 1126 consuetudine

497 1170 844 1239 premantur?
874 1169 1075 1224 Deinde
1118 1168 1457 1237 diSpIicentes
1506 1164 1628 1232 sibi,
1667 1173 1872 1218 mutare
1917 1163 2080 1216 Vitam

497 1247 798 1316 instituunt.
867 1264 1297 1318 Resurrexerunt
1335 1260 1453 1324 isti;
1519 1259 1823 1312 revixerunt
1887 1255 2080 1325 quibus

495 1353 744 1422 displicet
781 1354 924 1423 quod
957 1355 1168 1407 fuerunt
1199 1369 1210 1404 :
1243 1351 1334 1406 sed
1391 1351 1764 1404 reviviscentes
1807 1348 2080 1401 ambulare

495 1459 601 1499 non
627 1456 866 1514 possunt.
893 1447 1016 1498 Haec
1041 1453 1163 1499 sunt
1181 1443 1391 1497 vincula
1417 1442 1583 1511 ipsius
1609 1449 1806 1494 reatus.
1830 1438 1976 1508 Opus
1996 1445 2078 1493 est

493 1549 624 1605 ergo
653 1547 706 1589 nt
733 1537 820 1604 qui
853 1537 1062 1602 revixit,
1090 1536 1346 1599 solvatur,
1376 1543 1429 1588 et
1464 1534 1544 1588 ire
1578 1532 1930 1602 permittatur.
1967 1529 2078 1585 Hoc

492 1627 728 1682 ofﬁcium
759 1630 1034 1698 discipulis
1059 1629 1225 1694 dedit,
1254 1627 1444 1696 quibus
1471 1627 1544 1680 ait
1570 1643 1582 1679 :
1611 1627 1738 1690 ρυω
1757 1625 2002 1678 solveritis
2023 1625 2076 1677 in

499 1731 654 1785 terra,
685 1721 852 1775 soluta
878 1732 994 1775 sunt
1024 1732 1068 1775 et
1090 1723 1141 1774 in
1165 1721 1288 1774 caelo
1319 1720 1527 1792 (Matth.
1563 1735 1710 1778 XVIII,
1749 1718 1858 1788 18).

565 1815 789 1870 CAPUT
811 1815 919 1869 νει.
949 1846 1020 1854 -
1049 1815 1100 1868 7.
1125 1815 1506 1884 Resurgendum
1539 1814 1760 1867 celeriter
1789 1828 1820 1864 a
1849 1819 2071 1882 peccato.

491 1906 619 1962 llarc
648 1924 794 1977 ergo.
829 1910 1148 1975 charissimi,
1183 1912 1260 1964 sic
1293 1910 1590 1975 audiamus,
1620 1917 1677 1962 ut
1733 1908 1820 1977 qui
1869 1908 2070 1974 vivunt,

489 2000 700 2064 vivant;
727 2000 814 2068 qui
843 2001 1035 2054 mortui
1066 2009 1208 2065 sunt,
1238 2001 1578 2055 reviviscent.
1609 1999 1732 2055 Sive
1751 1999 1923 2053 adhuc
1945 2011 2071 2068 pec-

483 2103 664 2147 catum
714 2094 764 2145 in
812 2093 972 2147 corde
1013 2102 1330 2162 conceptum
1385 2103 1487 2159 est,
1522 2101 1577 2146 et
1607 2105 1709 2146 non
1739 2091 1997 2160 processit
2020 2090 2071 2143 in

450 2256 458 2262 ι
487 2181 713 2247 factum;
742 2184 1015 2252 poeniteat,
1064 2185 1359 2254 corrigatur
1393 2183 1663 2253 cogitatio,
1716 2190 1896 2251 surgat
1926 2195 2071 2234 mor-

485 2283 609 2330 tuus
643 2275 778 2329 intra
807 2277 1026 2330 domum
1055 2276 1416 2331 conscientite.
1457 2275 1580 2329 Sive
1602 2274 1713 2343 jam
1746 2272 1887 2342 quod
1929 2271 2072 2341 cogi-

485 2366 618 2422 tavit
638 2368 881 2434 admisit;
911 2385 1011 2424 ncc
1037 2371 1113 2425 sic
1133 2369 1468 2440 despcrctur.
1500 2367 1614 2420 Non
1653 2366 1882 2421 surrexit
1928 2379 2072 2418 mor-

484 2466 607 2515 tuus
633 2459 794 2528 intus,
828 2471 1007 2531 surgat
1046 2464 1232 2518 elatus.
1263 2462 1526 2517 Pmniteat
1562 2460 1705 2527 iacti,
1729 2459 1795 2514 de
1828 2459 2071 2529 proximo

477 2554 766 2608 reviviscat
795 2572 807 2609 :
839 2567 945 2609 non
974 2564 1061 2610 eat
1087 2556 1139 2609 in
1167 2553 1488 2625 profundum
1517 2553 1822 2622 sepulturae,
1851 2565 1957 2606 non
1981 2565 2068 2606 ac-

483 2647 646 2716 cipiat
698 2646 928 2717 desuper
977 2647 1377 2703 consuetudinis
1425 2647 1640 2701 molem.
1664 2645 1768 2701 Sed
1789 2644 1924 2699 forte
1958 2645 2097 2730 jam.

478 2738 560 2794 illi
585 2739 793 2810 loquor,
823 2742 912 2810 qui
936 2741 1046 2810 jam
1081 2741 1216 2796 duro
1253 2743 1334 2796 sui
1363 2741 1530 2796 moris
1584 2739 1758 2808 lapide
1785 2739 2095 2808 prcmiturt

481 2831 570 2898 qui
595 2831 703 2899 jam
732 2840 946 2901 urgetur
964 2831 1363 2888 consuetudinis
1387 2831 1643 2901 pondere,
1677 2829 1766 2898 qui
1789 2830 1896 2897 jam
1937 2842 2068 2898 qua-

486 2922 765 2977 tt'iduanus
791 2933 958 2993 putet.
991 2925 1100 2980 Nec
1128 2927 1241 2995 ipse
1265 2925 1513 2994 desperet
1542 2941 1554 2978 :
1594 2921 1885 2992 profundus
1923 2937 2066 2974 mor—

480 3021 606 3069 tuus
627 3025 729 3079 est,
761 3017 855 3070 sed
880 3018 1016 3072 altus
1042 3027 1122 3072 est
1151 3018 1413 3072 Christus.
1443 3013 1599 3070 Novit
1633 3012 1913 3069 clamando
1958 3019 2067 3068 ter-

480 3121 611 3163 rena
642 3123 805 3163 onera
835 3125 1106 3180 rumpere,
1135 3112 1283 3165 novit
1319 3111 1639 3164 intrinsecus
1666 3122 1760 3178 per
1785 3122 1844 3162 se
1889 3106 2062 3176 ipsum

479 3200 768 3265 vivificare,
797 3203 1109 3256 solvendum
1138 3201 1414 3271 discipulis
1443 3201 1673 3255 tradere.
1707 3200 1879 3269 Agant
1901 3197 2061 3252 etiam

479 3294 615 3347 tales
651 3294 1039 3362 paenitentiam.
1097 3293 1277 3362 Neque
1331 3294 1472 3348 enim
1515 3292 1717 3348 Lazaro
1750 3289 2063 3346 resuscitato

477 3396 600 3457 post
629 3387 967 3458 quatriduum
1007 3386 1148 3442 ullus
1190 3397 1345 3458 putor
1365 3386 1418 3441 in
1472 3387 1679 3442 vivente
1705 3393 2055 3441 remanserat.

475 3476 622 3548 Ergo
646 3480 735 3548 qui
777 3479 980 3544 vivunt,
1027 3479 1590 3548 vivantzquicumque
1635 3487 1810 3532 autem
1865 3476 2060 3530 mortui

475 3582 622 3634 sunt,
649 3573 1061 3643 inquacumque
1098 3572 1286 3626 harum
1328 3571 1486 3625 trium
1519 3579 1691 3626 morte
1738 3586 1797 3626 se
1840 3571 2059 3625 invene-

473 3662 602 3730 rint,
624 3671 782 3734 agant
809 3673 866 3717 ut
889 3663 1134 3718 celeriter
1149 3664 1259 3732 jam
1288 3670 1588 3734 resurgant.

969 3797 1200 3854 SERMO
1219 3796 1405 3854 XCIX‘
1428 3800 1526 3869 (a).

472 3910 554 3968 De
582 3912 738 3968 verbis
781 3912 1045 3984 Evangelii
1079 3913 1252 3980 Lacte,
1288 3930 1404 3984 cap.
1436 3928 1528 3980 vn,
1580 3913 1770 3978 56-50,
1819 3913 1886 3970 Et
1931 3926 2058 3970 ecce

546 4005 738 4060 mulier
761 4021 879 4076 quae
909 4017 1022 4061 erat
1053 4007 1106 4061 in
1145 4007 1357 4062 civitate
1399 4008 1690 4076 peccatrix,
1741 4017 1838 4062 etc.
1869 4006 1950 4062 De
1969 4023 2050 4062 re-

543 4098 778 4153 missione
807 4107 1142 4168 peccatorum,
1184 4108 1361 4152 contra
1386 4098 1699 4153 Donatista.

541 4231 767 4287 CAPUT
790 4231 1175 4287 PRIMUM—1
1189 4272 1201 4284 .
1222 4231 1411 4286 Mulier
1424 4233 1676 4304 peccatrix
1696 4233 1764 4286 ad
1779 4234 1926 4303 pedes
1942 4233 2053 4288 Do-

470 4325 598 4379 mini
612 4327 958 4380 recumbentis.
982 4325 1133 4394 Quod
1151 4324 1497 4380 admonemur
1515 4325 1722 4380 Domini
1740 4326 1962 4396 eloquiis
1985 4327 2053 4383 de

471 4413 672 4471 divinis
702 4417 1034 4481 lectionibus,
1080 4417 1202 4470 hinc
1247 4415 1527 4472 credentes
1571 4416 1738 4471 Deum
1777 4417 1914 4472 velle
1954 4433 2051 4472 nos

466 4509 632 4580 loqui,
654 4507 970 4580 proferimus
991 4510 1245 4564 Clmritati
1270 4519 1478 4577 vestrae,
1502 4510 1592 4564 illo
1614 4509 1918 4581 adjuvante,
1937 4527 2052 4566 ser-

473 4617 684 4659 monem
708 4603 774 4656 de
801 4603 1116 4657 remis’siOue
1144 4613 1501 4672 peccatorum.
1535 4601 1876 4675 Evangelium
1905 4605 2048 4660 enim

471 4708 588 4752 cum
607 4694 894 4765 legeretur,
927 4695 1276 4750 attentissime
1301 4696 1544 4761 audistis,
1573 4707 1627 4752 et
1646 4712 1730 4751 res
1760 4706 1906 4766 gesta
1925 4712 2048 4751 nar-

469 4797 582 4842 rata
618 4793 777 4858 atque
811 4797 1020 4842 versata
1048 4798 1130 4842 est
1157 4798 1280 4843 ante
1330 4790 1511 4844 oculos
1543 4790 1716 4844 cordis
1747 4791 1930 4848 vestri.
1958 4791 2046 4844 Vi-

467 4879 620 4936 distis
645 4881 810 4946 enim,
845 4897 951 4936 non
983 4898 1163 4949 carne,
1194 4883 1286 4936 sed
1322 4892 1520 4948 mente,
1557 4885 1834 4938 Dominum
1863 4884 2044 4940 Jesum

464 4968 730 5030 Christum
758 4976 810 5030 in
841 4975 1002 5031 domo
1041 4975 1291 5031 Pharisaei
1323 4975 1740 5043 recumbentem,
1784 4987 1836 5032 et
1862 4978 1929 5032 ab
1955 4978 2044 5033 illo

464 5066 744 5123 invitatum
771 5084 875 5123 non
902 5067 1283 5124 fastidientem.
1313 5068 1533 5126 Vidistis
1572 5073 1732 5126 etiam
1763 5072 2044 5128 mulierem

462 5160 515 5214 in
544 5161 757 5216 civitate
785 5161 1060 5228 famosam,
1087 5165 1224 5218 mala
1247 5165 1429 5234 utique
1451 5163 1610 5232 fama,
1635 5181 1753 5235 qua:
1775 5175 1892 5221 erat
1921 5182 2043 5236 pec-

461 5253 651 5320 catrix,
683 5269 790 5308 non
816 5253 1089 5309 invitatam
1120 5257 1335 5310 irruisse
1364 5258 1628 5324 convivio,
1661 5258 1745 5311 ubi
1769 5274 1896 5312 suus
1922 5274 2038 5312 me-

465 5343 616 5400 dicus
644 5348 1010 5415 recumbebat,
1039 5359 1090 5403 et
1116 5350 1372 5418 quaesisse
1391 5351 1473 5420 pia
1503 5351 1824 5419 impudentia
1844 5349 2039 5404 sanita-

461 5446 588 5494 tem.
641 5439 1016 5510 lrruensquasi
1063 5441 1358 5512 importuna
1408 5441 1671 5507 convivio,
1743 5451 2037 5512 opportuna

519 5616 536 5634 '
558 5615 765 5686 Collatus
786 5622 863 5666 est
880 5629 992 5668 cum
1011 5618 1164 5669 tribus
1186 5617 1247 5669 cl.
1273 5633 1381 5670 cum
1405 5620 1592 5673 duobus
1611 5620 1690 5672 ob.
1712 5632 1821 5672 cum
1841 5633 1920 5686 gr.
1944 5623 2038 5677 rm.

455 5685 555 5728 Am.
595 5685 668 5728 Er.
707 5685 800 5729 PII
831 5687 940 5733 [ιον.

515 5762 590 5828 (α)
615 5763 737 5816 Alias
757 5765 820 5816 Ξ
842 5773 906 5818 ex
1159 5770 1236 5821 50.

1740 305 1797 363 S.
1839 301 2203 362 AUGUSTINI
2243 305 2548 366 EPISCOPI

2197 415 2453 476 beneficio
2506 423 2748 492 (noverat
2771 423 3140 496 enimquanto
3178 426 3365 485 morbo
3401 427 3694 494 laboraret,
3719 438 3776 485 et

2194 510 2267 566 illi
2290 513 2529 568 sanando
2553 513 2800 571 idoneum
2831 531 2950 574 esse
2977 518 3042 574 ad
3059 529 3222 590 quem
3242 527 3479 588 venerat,
3501 518 3768 592 sciebat):

2192 606 2418 659 accessit
2443 619 2589 676 ergo,
2617 617 2724 662 nun
2763 609 2829 664 ad
2869 613 3028 682 aput
3069 611 3418 677 amnihaud
3449 609 3514 668 ad
3559 613 3767 684 pedes,

2197 704 2253 751 et
2277 711 2396 767 qute
2420 698 2512 753 diu
2540 699 2678 757 male
2719 704 3098 773 ambulatum,
3137 705 3357 777 vcstigia
3387 707 3530 762 tecta
3557 711 3770 778 qm-

2193 785 2302 843 bat.
2331 789 2483 844 Prius
2512 791 2646 847 fudit
2673 795 2954 868 tacemus,
2981 797 3296 867 sanguinem
3329 796 3527 865 cei-dis,
3558 805 3618 853 et
3635 796 3771 852 lavit

2189 880 2400 937 [muni
2425 885 2587 953 pedes
2609 889 2862 958 obsequio
2885 889 3254 945 confessionis.
3273 883 3496 960 (lapillis
3520 890 3635 945 suis
3661 891 3773 945 ter-

2185 972 2278 1041 sit,
2301 978 2540 1032 uentilata
2581 985 2679 1044 est,
2709 982 2858 1037 unxit
2893 1000 2907 1036 :
2937 983 3092 1038 tacita
3131 983 3476 1053 loquebatur;
3511 989 3622 1039 non
3646 993 3768 1040 ser-

2189 1083 2400 1123 monem
2430 1069 2722 1139 premebat,
2751 1075 2844 1130 sed
2869 1075 3204 1132 devotionem
3225 1077 3560 1133 ostendebat.

2257 1157 2484 1217 CAPUT
2501 1161 2693 1222 lt.-—2-.
2717 1165 2967 1223 Pharim‘
2987 1165 3184 1240 superbi
3211 1171 3464 1242 cogitatio.
3484 1165 3618 1238 Quia
3639 1181 3773 1241 ergo

2183 1251 2357 1321 tetigit
2388 1254 2684 1324 Dominum,
2736 1260 2974 1328 rigando,
3004 1263 3313 1328 osculando,
3349 1261 3624 1332 tergendo,
3660 1277 3766 1316 uu-

2177 1343 2363 1414 gendu
2374 1346 2536 1415 pedes
2551 1348 2667 1416 ejus
2691 1349 3016 1406 :Pharisteus
3035 1353 3124 1422 qui
3144 1353 3462 1409 invitaverat
3479 1354 3767 1409 Dominum

2185 1437 2366 1492 Jesum
2383 1438 2671 1505 Christum,
2691 1443 2813 1511 quia
2834 1457 2899 1497 ex
2922 1444 3010 1497 illo
3023 1457 3222 1515 genere
3243 1453 3358 1500 erat
3378 1446 3650 1500 hominum
3671 1455 3768 1500 suo

2186 1533 2492 1602 perborum,
2517 1535 2584 1590 de
2607 1537 2802 1607 quibus
2832 1538 2994 1593 Isaias
3011 1539 3265 1609 propheta
3291 1539 3439 1606 dicit,
3463 1538 3566 1607 Qui
3587 1539 3769 1593 {tcum

2183 1622 2359 1696 Longe
2385 1627 2558 1680 recede
2583 1643 2616 1680 α
2650 1641 2748 1696 me,
2803 1631 2908 1683 nuli
2954 1645 3034 1684 me
3073 1639 3294 1701 tangere,
3338 1631 3576 1699 quoniam
3615 1645 3770 1683 mun-

2183 1719 2278 1771 dus
2333 1735 2443 1773 sum
2497 1721 2677 1789 (Isai.
2738 1735 2861 1790 uv,
2915 1724 3030 1793 5);
3081 1725 3283 1794 putavit
3328 1724 3613 1778 Dominum
3667 1729 3768 1778 tie-

2181 1813 2347 1866 scisse
2394 1814 2708 1868 mulierem:
2742 1815 2853 1870 Hoc
2883 1816 3020 1886 apud
3051 1829 3108 1871 se
3133 1817 3414 1886 cogitabat,
3460 1823 3515 1871 et
3551 1813 3768 1870 dicebat

2180 1906 2233 1960 in
2264 1907 2424 1961 corde
2454 1921 2551 1961 suo
2585 1927 2596 1961 :
2632 1908 2733 1962 Hic
2751 1911 2794 1963 si
2817 1920 2942 1964 esset
2976 1910 3238 1981 propheta,
3266 1911 3412 1964 sciret
3440 1917 3551 1978 φτω
3575 1909 3767 1964 mulier

2178 1998 2256 2051 illi
2281 2001 2484 2052 accessit
2508 2000 2576 2052 ad
2601 2001 2768 2069 pedes.
2801 2001 2926 2055 Ideo
2951 2014 3069 2056 cum
3114 2003 3320 2056 nescire
3346 2001 3588 2067 credidit,
3633 2001 3762 2072 quia

2179 2089 2322 2147 illam
2361 2107 2465 2146 non
2508 2093 2722 2162 repulit,
2778 2095 2898 2164 quia
2946 2095 3283 2150 accedentem
3313 2107 3419 2149 non
3465 2093 3760 2164 prohibuit,

2178 2185 2298 2254 quia
2326 2187 2464 2254 tangi
2516 2202 2573 2241 se
2615 2203 2646 2241 a
2683 2188 2976 2257 peccatrice
3015 2190 3271 2259 permisit.
3315 2186 3448 2244 Nam
3483 2189 3632 2243 illum
3663 2202 3764 2244 ne-

2177 2277 2361 2342 scisse,
2391 2279 2530 2333 unde
2555 2278 2791 2335 sciebat?
2833 2281 2968 2349 Quid
2998 2282 3137 2336 enim
3162 2283 3203 2336 si
3229 2281 3448 2346 sciebat,
3479 2294 3514 2336 o
3562 2278 3759 2335 Phari-

2176 2381 2303 2438 saec,
2336 2372 2582 2427 invitator
2623 2381 2678 2426 et
2713 2373 2897 2428 irrisor
2937 2372 3202 2434 Domini!
3233 2372 3513 2428 Dominum
3559 2373 3758 2442 pascis,

2176 2472 2232 2519 et
2261 2475 2288 2516 a
2313 2478 2419 2534 quo
2449 2465 2742 2534 pascendus
2769 2466 2863 2531 sis,
2895 2477 2998 2520 nun
3027 2463 3297 2536 intelligis.
3329 2462 3478 2523 Unde
3502 2464 3629 2530 scis,
3656 2471 3761 2520 tle-

2175 2555 2341 2609 scisse
2372 2556 2648 2610 Dominum
2670 2571 2787 2626 quae
2811 2555 2984 2612 fuerat
3012 2557 3099 2611 illa
3117 2557 3326 2621 mulier,
3351 2557 3455 2611 nisi
3483 2555 3604 2626 quia
3632 2563 3760 2624 per-

2173 2646 2336 2700 missa
2366 2656 2447 2701 est
2470 2647 2743 2711 accedere,
2767 2648 2866 2703 nisi
2899 2648 3018 2718 quia
3043 2649 3133 2703 illo
3151 2650 3388 2718 patiente
3411 2647 3645 2702 osculata
3672 2654 3761 2703 est

2173 2738 2338 2810 pedes
2381 2739 2518 2809 ejus,
2578 2741 2677 2795 nisi
2722 2743 2839 2810 quia
2882 2743 3056 2808 tersit,
3109 2743 3208 2796 nisi
3253 2743 3372 2813 quia
3415 2739 3602 2796 unxit?
3629 2737 3759 2795 ilzcc

2172 2830 2317 2883 enim
2349 2843 2454 2884 non
2481 2829 2665 2886 debuit
2688 2832 2920 2902 permitti
2953 2831 3124 2888 facere
3167 2833 3220 2887 in
3273 2831 3495 2902 pedibus
3541 2827 3759 2888 mundis

2171 2921 2365 2976 mulier
2393 2921 2702 2978 immunda?
2747 2925 2826 2978 Ad
2856 2925 2997 2979 illius
3042 2939 3172 2997 ergo
3199 2923 3447 2995 phariszei
3503 2923 3670 2994 pedes
3706 2923 3757 2978 si

2169 3011 2290 3067 talis
2317 3014 2506 3068 mulier
2534 3016 2860 3081 accessisset,
2895 3017 3129 3072 dicturus
3173 3015 3446 3087 erat‘quod
3492 3016 3652 3071 Isaias
3683 3013 3758 3072 ds

2167 3105 2364 3160 talibus
2394 3107 2520 3160 dicit
2549 3125 2560 3161 :
2596 3106 2790 3163 Recede
2811 3115 2840 3162 α
2860 3123 2955 3174 me,
2988 3110 3093 3163 noli
3121 3125 3199 3163 me
3243 3119 3463 3180 (augere,
3511 3109 3756 3179 quoniam

2168 3197 2386 3252 mundus
2415 3215 2543 3252 sum.
2578 3200 2816 3255 Accessit
2843 3211 3016 3256 autem
3059 3201 3122 3256 ad
3151 3199 3430 3257 Dominum
3453 3193 3750 3267 immunda,

2167 3297 2228 3342 ut
2246 3288 2442 3345 rediret
2471 3291 2663 3345 munda
2693 3310 2704 3346 :
2733 3293 2959 3346 accessit
2993 3309 3153 3362 aegra,
3177 3303 3232 3347 nt
3251 3292 3447 3350 rediret
3469 3307 3632 3349 sana:
3660 3303 3756 3348 ae-

2166 3383 2331 3438 cessit
2357 3383 2622 3447 confessa,
2656 3393 2713 3437 ut
2739 3384 2937 3439 rediret
2961 3384 3220 3454 professa.

2236 3472 2462 3532 CAPUT
2508 3475 2592 3530 lli.
2626 3505 2692 3516 —~
2713 3478 2766 3532 5.
2801 3477 3043 3531 Dominus
3093 3474 3350 3531 Pharis-cei
3389 3476 3751 3548 cogitationem

2160 3571 2395 3642 castigat.
2442 3571 2656 3625 Audivit
2696 3571 2835 3625 enim
2891 3571 3146 3625 Dominus
3205 3569 3533 3626 Plrarisaeum
3584 3570 3743 3640 cogi-

2163 3670 2385 3718 tantem.
2418 3661 2534 3717 Iam
2577 3662 2698 3717 hinc
2733 3662 2987 3732 intelligat
3015 3659 3332 3727 Pharisazus,
3369 3663 3414 3718 si
3453 3673 3558 3717 non
3587 3669 3746 3732 putes

2160 3763 2248 3811 rat
2269 3753 2448 3809 videre
2467 3764 2798 3824 peccantem,
2841 3756 2928 3824 qui
2965 3755 3139 3824 potuit
3163 3753 3352 3810 audire
3398 3752 3747 3825 cogitantem.

2162 3847 2444 3917 Proposuit
2469 3863 2596 3918 ergo
2628 3847 2826 3902 homini
2869 3847 3265 3902 similitudinem
3295 3847 3363 3903 de
3403 3847 3614 3902 duobus
3651 3846 3748 3918 qui

2159 3937 2425 3996 debebant
2447 3940 2536 3996 uni
2560 3941 2859 3997 feneratori.
2891 3941 3059 3995 Etiam
3084 3942 3253 4012 ipsum
3277 3943 3415 3996 enim
3434 3945 3625 3997 sanare
3645 3947 3743 3996 cu-

2159 4031 2356 4102 piebat,
2382 4045 2448 4087 ne
2473 4033 2634 4103 gratis
2663 4032 2800 4103 apud
2827 4047 2945 4089 eum
2979 4036 3167 4104 panem
3193 4033 3498 4090 comederet
3527 4049 3539 4087 :
3562 4033 3746 4104 ipsum

2160 4129 2462 4194 pascentem
2491 4115 2789 4193 esuriebat;
2823 4125 2994 4196 ipsum
3045 4127 3350 4191 emendare,
3403 4125 3576 4197 ipsum
3632 4139 3746 4181 ma-

2163 4227 2332 4281 Ctare,
2361 4216 2532 4286 ipsum
2560 4217 2904 4283 manducare,
2937 4218 3106 4288 ipsum
3135 4219 3186 4272 in
3223 4221 3377 4273 suum
3404 4227 3598 4288 c0rpus
3631 4221 3744 4274 trat-

2153 4305 2322 4378 jicere
2346 4307 2558 4363 volebat
2587 4326 2600 4363 τ
2624 4309 2759 4364 sicut
2785 4317 2839 4364 et
2869 4309 2942 4364 illi
2964 4310 3172 4364 mulieri
3209 4309 3553 4366 Samaritana:
3583 4307 3742 4379 dixit,

2159 4397 2291 4456 Sitio
2324 4397 2593 4474 (Joan.tv,
2621 4401 2696 4474 7).
2723 4389 2856 4468 Quid
2905 4407 3003 4466 est,
3053 4401 3223 4456 Sitio?
3275 4399 3528 4456 D'es'idero
3581 4401 3742 4456 [idem

2156 4497 2321 4546 tuam.
2353 4491 2610 4548 Dicuntur
2656 4508 2782 4563 ergo
2821 4493 2978 4547 verba
3029 4489 3237 4547 Domini
3283 4493 3334 4546 in
3361 4493 3459 4547 hac
3489 4494 3742 4549 similitu-

2155 4581 2309 4649 dine;
2341 4592 2396 4639 et
2417 4586 2587 4655 agitur
2613 4593 2916 4655 utrumque,
2951 4589 3003 4638 ut
3043 4591 3098 4640 e’t
3129 4585 3375 4638 invitator
3397 4583 3486 4638 ille
3513 4595 3744 4640 sanetur

2152 4687 2276 4732 cum
2307 4675 2416 4730 suis
2447 4675 3028 4743 condiscumbentibus,
3057 4675 3338 4731 Dominum
3364 4667 3545 4731 Jesum
3577 4673 3730 4732 Chri-

2153 4771 2294 4824 etum
2350 4770 2552 4836 pariter
2590 4769 2905 4835 videntibus,
2938 4768 3135 4838 pariter
3165 4768 3557 4838 ignorantibus;
3601 4777 3658 4824 et
3681 4779 3743 4826 ut

2152 4855 2240 4914 illa
2270 4858 2462 4914 mulier
2508 4859 2698 4914 habeat
2755 4859 2995 4914 fiduciam
3047 4859 3394 4913 confessionis
3450 4865 3582 4922 suae,
3640 4877 3752 4920 nec

2151 4963 2415 5023 pungatur
2441 4953 2658 5007 ulterius
2688 4953 2885 5006 aculeis
2932 4952 3272 5007 censcicntia‘.
3327 4967 3454 5006 sum.
3513 4941 3752 5007 Debebat

2148 5057 2302 5111 unus,
2331 5044 2520 5114 inquit,
2547 5044 2906 5114 quinquaginta
2947 5043 3200 5110 denarios,
3236 5042 3370 5097 alius
3397 5043 3738 5113 quingentos,

2149 5133 2354 5188 donavit
2399 5135 2676 5188 ambobus:
2704 5135 2815 5206 quis
2840 5143 2952 5187 eum
3003 5135 3116 5204 plus
3163 5133 3380 5188 ditarit!
3437 5131 3733 5204 Respondit

2148 5228 2232 5283 cui
2261 5227 2549 5283 similitudo
2571 5229 2838 5298 proposita
2868 5238 3001 5294 erat,
3029 5227 3168 5298 quod
3198 5225 3521 5298 respondere
3552 5229 3740 5298 utique

2149 5320 2284 5375 ratio
2311 5321 2662 5390 compellebat
2693 5337 2707 5372 :
2741 5319 2921 5387 Credo,
2971 5319 3212 5386 Domine,
3243 5320 3324 5373 cui
3353 5321 3466 5390 plus
3504 5319 3735 5374 donarit.

2148 5412 2215 5467 Et
2245 5413 2521 5468 attendens
2567 5412 2631 5466 ad
2662 5413 2957 5481 mulierem,
3003 5413 3134 5468 dixit
3170 5413 3236 5468 ad
3279 5412 3550 5468 Simonem
3584 5431 3599 5468 :
3640 5411 3736 5468 Vi-

2147 5506 2236 5560 des
2279 5507 2408 5559 hanc
2437 5506 2737 5560 mulierem?
2763 5503 2957 5561 Intraui
2993 5507 3045 5560 in
3084 5507 3289 5561 domum
3344 5517 3502 5570 tuam,
3546 5523 3738 5578 aquam

2149 5599 2355 5668 pedibus
2375 5593 2499 5653 'meis
2517 5613 2616 5652 non
2637 5597 2819 5652 dedisti
2849 5615 2868 5653 :
2895 5599 3001 5653 lucc
3042 5599 3277 5670 lacrymis
3296 5598 3398 5652 suis
3436 5599 3558 5652 lavit
3607 5599 3738 5653 mihi

2149 5689 2318 5762 pedes,
2344 5700 2390 5744 et
2411 5691 2612 5760 capillis
2639 5692 2741 5745 suis
2772 5692 2924 5745 tersit.
2960 5690 3203 5744 Osculum
3225 5690 3347 5743 milii
3371 5705 3468 5742 non
3507 5689 3734 5744 dedisti:

2148 5785 2239 5840 illa
2275 5801 2339 5840 ea:
2364 5800 2462 5858 quo
2502 5785 2727 5858 ingressa
2756 5795 2847 5856 est,
2876 5797 2975 5839 non
2998 5777 3202 5840 cessavit
3237 5783 3387 5855 pedes
3414 5787 3551 5838 mco's
3574 5795 3730 5840 oscu-

1947 5931 1954 5939 '
1990 5935 2004 5949 -λ
2101 5934 2156 5958 θ’
2253 5947 2264 5957 .
