4126 6322
384 295 488 356 597

382 413 501 468 lari.
534 410 659 465 Oleo
684 419 833 480 caput
874 426 1038 465 meum
1069 427 1170 464 non
1199 407 1387 463 unxisti
1416 423 1433 463 :
1464 408 1557 461 illa
1606 417 1773 461 autem
1813 406 1961 477 pedes

381 522 516 560 meos
556 507 695 559 unin
744 512 1017 576 unguento.
1060 503 1186 557 'Idco
1224 505 1377 557 dico:
1404 502 1740 556 Dimittuntur
1774 501 1818 555 ei
1843 517 1961 571 pec-

382 608 494 653 cata
533 596 711 663 multa,
752 597 991 665 quoniam
1013 594 1190 649 dilexit
1228 595 1459 649 multum.
1491 592 1583 648 Cui
1608 602 1773 647 autem
1798 589 1961 644 modi-

380 707 496 743 cum
526 689 811 755 dimittitur,
840 689 1096 742 modicum
1118 688 1304 758 diligit.

448 780 674 838 CAPUT
714 780 798 836 iV.
822 812 893 821 -—
919 782 971 836 4.
1011 780 1185 834 Ardua
1223 781 1428 850 quaestio
1458 795 1518 833 ex
1555 772 1763 832 Domini
1801 775 1959 831 verbis

377 886 515 931 nata.
566 873 748 931 Oritur
783 876 1006 945 quaestio
1072 875 1312 945 profecto
1380 873 1654 937 solvenda,
1720 885 1839 942 qua:
1882 879 1960 925 at-

377 969 669 1024 tentionem
702 977 891 1023 vestrae
908 964 1199 1021 ‘Charitatis
1230 965 1515 1030 desiderat,
1551 972 1616 1019 n‘c
1644 954 1779 1017 forte
1814 961 1961 1017 sufﬂ-

375 1074 496 1117 cerc
520 1075 623 1114 non
655 1060 921 1130 possimus
949 1058 1125 1113 verbis
1162 1058 1225 1112 ad
1256 1065 1417 1112 totam
1446 1056 1559 1125 ejus
1580 1055 1956 1110 obscuritatem

373 1154 754 1210 removendam
778 1163 831 1207 et
861 1142 1250 1206 dilucidandam
1284 1164 1377 1219 pro
1405 1148 1643 1219 angustia
1673 1148 1954 1216 temporis;

373 1248 604 1303 maxime
634 1260 753 1300 cum
781 1258 907 1299 caro
938 1245 1035 1297 ista
1076 1243 1291 1297 :estibus
1322 1240 1555 1311 fatigata,
1580 1240 1689 1309 jam
1729 1237 1957 1292 recreari

371 1338 662 1405 desideret,
694 1346 747 1393 et
780 1337 1017 1391 debitum
1050 1350 1202 1389 suum
1232 1348 1476 1403 poscens,
1510 1332 1701 1385 anima:
1735 1328 1958 1384 avidita«

372 1440 481 1488 tem
518 1430 814 1501 impediens
852 1427 1098 1482 ostendat
1140 1426 1281 1497 quod
1326 1426 1526 1480 dictum
1576 1431 1699 1477 est:
1734 1420 1957 1491 Spiritus

371 1522 573 1593 quidem
597 1528 855 1591 promptus
870 1528 963 1588 est,
989 1535 1106 1572 caro
1128 1528 1293 1571 autent
1314 1517 1539 1585 inﬁrma.
1567 1513 1776 1584 (Matth.
1800 1528 1954 1580 XXVI,

370 1615 461 1685 il)
476 1656 487 1667 .
504 1614 840 1669 Metuendum
859 1622 957 1677 est,
978 1621 1029 1666 et
1043 1611 1199 1666 valde
1222 1610 1582 1675 metuendum,
1603 1623 1667 1663 ne
1684 1608 1736 1661 in
1750 1606 1832 1661 his
1847 1622 1958 1661 ver-

370 1706 453 1762 bis
482 1706 688 1760 Domini
718 1721 821 1759 non
845 1705 984 1760 bene
1025 1702 1440 1773 intelligentihus
1472 1702 1552 1754 his
1583 1700 1671 1771 qui
1706 1698 1957 1767 concupi-

370 1798 588 1853 scentiis
609 1798 717 1851 suis
738 1798 1036 1851 carnalibus
1066 1796 1259 1859 favent,
1291 1803 1344 1848 et
1365 1794 1430 1847 ab
1460 1793 1535 1847 eis
1565 1793 1615 1846 in
1651 1791 1953 1845 libertatem

370 1892 523 1946 educi
557 1891 876 1961 pigrescunt,
912 1889 1162 1957 subrepat
1189 1888 1275 1941 illa
1304 1887 1586 1949 sententia,
1620 1899 1737 1954 quze
1760 1882 1952 1952 praedi-

368 1983 613 2038 cantibus
636 1983 793 2037 etiam
819 1981 1085 2051 Apostolis
1108 1984 1228 2033 nata
1260 1989 1340 2033 est
1370 1979 1420 2031 in
1445 1977 1639 2046 linguis
1668 1974 1954 2029 maledico-

367 2090 506 2138 rum,
534 2073 671 2128 unde
698 2071 824 2127 dicit
850 2074 1119 2139 apostolus
1147 2070 1343 2125 Paulus
1367 2087 1380 2124 :
1407 2068 1473 2122 Et
1498 2069 1625 2122 sicut
1645 2067 1848 2132 quidam
1875 2066 1953 2120 di-

369 2175 488 2218 cunt
541 2182 630 2219 nos
677 2165 875 2228 dicere,
930 2161 1201 2217 Faciamus
1246 2163 1414 2227 mala,
1466 2170 1521 2215 ut
1575 2160 1773 2213 veniant
1824 2160 1953 2213 bona

370 2256 543 2324 (Rom.
575 2273 653 2321 ιιι,
682 2256 761 2326 8).
792 2256 927 2309 Dicit
953 2257 1095 2309 enim
1127 2255 1315 2325 aliquis
1347 2273 1358 2307 :
1384 2252 1443 2308 Si
1471 2253 1553 2307 cui
1577 2253 1840 2306 moditum
1867 2252 1950 2306 di-

367 2350 613 2414 mittitur,
644 2349 909 2403 modicum
938 2347 1135 2418 diligit;
1164 2348 1245 2400 cui
1291 2357 1466 2401 autem
1503 2347 1618 2415 plus
1647 2346 1947 2414 dimittitur,

368 2439 485 2507 plus
510 2438 681 2507 diligit
709 2457 719 2491 :
751 2439 963 2507 expedit
1006 2440 1120 2507 plus
1151 2437 1392 2507 diligere,
1425 2452 1581 2507 quam
1614 2438 1790 2491 minus
1828 2437 1950 2490 dili-

365 2545 520 2600 gere;
553 2539 760 2599 oportet
804 2541 859 2584 ut
895 2532 1115 2583 multum
1159 2540 1458 2598 peccemus,
1506 2538 1559 2583 et
1606 2529 1826 2583 multum
1853 2530 1945 2584 de-

364 2620 604 2687 beamus,
628 2623 765 2692 qnod
800 2624 952 2677 nobis
981 2622 1171 2676 dimitti
1201 2623 1498 2691 cupiamus,
1533 2630 1588 2675 ut
1612 2622 1948 2676 dimissorem

364 2730 678 2785 magnorum
716 2715 1018 2771 debitorum
1059 2716 1285 2784 amplius
1334 2716 1632 2785 diligamus.
1677 2716 1949 2769 Peccatrix

364 2808 505 2863 enim
536 2807 623 2861 illa
648 2809 836 2863 mulier
862 2816 1061 2877 quatito
1105 2810 1220 2878 plus
1245 2809 1495 2874 debebat,
1528 2818 1677 2863 tanto
1697 2808 1949 2863 dimisso-

363 2908 476 2953 rem
518 2898 822 2955 debitorum
873 2906 1090 2952 SllOl‘lllll
1132 2901 1358 2969 amplius
1406 2900 1670 2970 diligebat,
1720 2901 1948 2955 Domino

363 2989 478 3059 ipso
514 2990 741 3057 dicente,
784 2988 1115 3045 Dimittuntur
1158 2993 1200 3045 ci
1244 3003 1447 3061 peccata
1486 2995 1666 3058 inulta,
1712 2996 1948 3063 quoniam

361 3080 538 3135 dilexit
566 3080 794 3135 multum.
820 3081 993 3147 Quare
1019 3090 1194 3136 autem
1216 3083 1398 3137 dilexit
1425 3084 1670 3149 multum,
1695 3086 1795 3139 nisi
1822 3085 1944 3155 quia

362 3173 589 3229 debebat
624 3170 889 3229 multem?
933 3175 1164 3245 Denique
1212 3176 1411 3231 addidit
1454 3185 1506 3230 et
1550 3178 1807 3246 adjunxit,
1853 3178 1946 3231 Cui

361 3276 528 3319 autem
555 3266 804 3320 modicum
830 3258 1113 3333 dimittitur,
1146 3268 1394 3322 modicum
1423 3268 1604 3339 diligit.
1636 3263 1823 3324 Nonne
1847 3284 1945 3325 ex-

362 3356 528 3426 pedit,
561 3358 748 3427 inquit,
781 3365 839 3412 ut
879 3359 1101 3412 multum
1143 3359 1271 3413 mihi
1302 3360 1617 3425 dimittatur,
1659 3376 1814 3430 quam
1846 3361 1943 3414 mi-

361 3467 482 3519 nus,
508 3452 649 3507 unde
674 3452 905 3522 amplius
931 3444 1147 3522 diligant
1182 3453 1465 3507 Dominum
1493 3470 1667 3507 meum
1689 3455 1712 3507 ?
1738 3453 1943 3508 Videtis

359 3554 505 3599 certe
532 3544 940 3615 profunditatem
970 3546 1279 3615 quaestionis
1304 3564 1315 3599 :
1342 3546 1471 3611 scio,
1499 3546 1712 3601 videtis.
1742 3546 1943 3602 Videtis

358 3639 627 3708 angustias
651 3640 922 3710 temporis,
948 3648 1001 3694 et
1035 3642 1136 3695 hoc
1161 3641 1350 3696 videtis
1374 3651 1427 3695 et
1457 3642 1684 3695 sentitis.

430 3724 657 3788 CAPUT
694 3732 759 3788 ν.
786 3734 930 3789 ——5.
975 3734 1237 3804 Exemplis
1298 3753 1376 3789 res
1441 3736 1742 3789 declaratur.
1790 3736 1940 3789 Acci-

360 3823 467 3893 pite
496 3841 624 3896 ergo
650 3841 838 3895 pauca.
876 3818 930 3881 Si
962 3820 1304 3897 magnitudini
1341 3828 1649 3896 (Illalslloltls
1680 3829 1806 3881 satis
1834 3845 1937 3882 non

355 3914 558 3983 fecero,
598 3917 809 3971 interim
856 3928 1174 3987 prtesentem
1217 3919 1488 3972 rec0nditc
1533 3936 1854 3988 sermonem,
1884 3923 1937 3974 in

355 4004 535 4061 futuro
577 4016 754 4063 tenete
793 4008 1108 4064 debitorem.
1138 4010 1215 4065 Da
1246 4026 1385 4064 nunc
1415 4011 1547 4063 duos
1584 4012 1848 4080 homines,
1883 4022 1940 4068 ut

353 4100 454 4154 sub
483 4102 742 4171 exemplis
770 4102 1186 4157 evidentiorihus
1225 4104 1364 4173 quod
1395 4106 1643 4173 preposui
1676 4106 1935 4175 cogitetis.

353 4190 501 4245 Unus
541 4208 726 4247 eorum
764 4194 995 4263 peccatis
1029 4196 1216 4263 plenus
1253 4205 1355 4261 est,
1384 4195 1472 4249 diu
1516 4196 1743 4265 pessime
1773 4198 1934 4264 vixit;

351 4282 487 4339 alter
507 4300 693 4339 eorum
722 4300 887 4354 pauca
918 4288 1157 4357 peccavit
1188 4306 1199 4341 :
1232 4288 1490 4341 accedunt
1527 4290 1683 4344 ambo
1724 4291 1787 4344 ad
1813 4307 1933 4360 gra-

350 4378 501 4440 tiam,
548 4377 886 4448 baptizantur
928 4380 1116 4444 ambo;
1157 4380 1361 4433 intrant
1412 4381 1704 4447 debitores,
1742 4392 1938 4439 exeunt

348 4464 505 4523 liberi
545 4488 557 4521 :
592 4470 708 4539 plus
739 4470 991 4525 donatum
1021 4480 1104 4526 est
1126 4473 1236 4539 uni,
1263 4474 1435 4526 minus
1463 4474 1634 4528 alteri.
1666 4474 1936 4548 interrogo

349 4571 607 4630 quantum
654 4563 874 4632 quisque
915 4560 1117 4634 diligat.
1165 4564 1219 4617 Si
1256 4565 1505 4619 invenero
1559 4566 1676 4635 plus
1715 4568 1935 4638 diligere

348 4667 497 4720 eum,
541 4651 627 4708 cui
668 4656 818 4725 plura
856 4658 1073 4726 peccata
1108 4656 1326 4712 dimissa
1358 4666 1509 4724 sunt;
1559 4660 1733 4715 utilius
1773 4661 1934 4716 multa

348 4748 612 4817 peccavit,
642 4750 823 4804 utilior
847 4760 961 4805 erat
988 4752 1151 4805 multa
1180 4752 1447 4821 iniquitas,
1486 4769 1554 4807 ne
1582 4762 1723 4809 esset
1759 4754 1935 4824 tepida

347 4839 601 4894 Charitas.
645 4842 921 4913 interrogo
966 4843 1128 4897 alium
1171 4854 1424 4914 quantum
1480 4846 1679 4915 diligat,
1722 4848 1933 4903 invenio

348 4932 718 4987 minusznam
776 4934 820 4988 si
870 4935 1080 4991 invenio
1125 4946 1324 4989 tantum
1380 4944 1433 4991 et
1478 4936 1624 4990 illum
1678 4938 1929 5009 diligere,

346 5034 605 5093 quantum
649 5035 702 5080 et
732 5025 819 5081 ille
850 5026 1017 5096 diligit
1057 5027 1143 5083 cui
1191 5028 1351 5081 multa
1382 5028 1572 5082 donata
1614 5038 1757 5097 sunt,
1797 5047 1931 5099 quo-

348 5115 508 5170 modo
546 5115 882 5187 respondebo
930 5116 1106 5172 verbis
1156 5118 1400 5172 Domini?
1450 5119 1713 5188 quomodo
1750 5134 1929 5175 verum

348 5209 482 5264 erit‘
510 5210 652 5280 quod
684 5209 893 5266 Veritas
915 5210 1066 5278 dixit,
1092 5208 1186 5266 Cui
1215 5211 1466 5266 modicum
1500 5213 1787 5281 dimittitur,
1819 5232 1931 5269 mo-

349 5300 517 5355 dicum
545 5302 749 5373 diligit?
779 5303 916 5358 Ecce
943 5302 1017 5359 ait
1046 5304 1255 5374 aliquis,
1294 5305 1421 5358 mihi
1449 5306 1711 5360 modicum
1744 5307 1930 5364 dimiso

348 5407 468 5448 sum
499 5402 601 5459 est,
625 5409 729 5448 non
757 5395 921 5449 multa
957 5396 1206 5465 peccavi;
1240 5404 1293 5450 et
1323 5404 1524 5450 tantum
1554 5397 1735 5468 diligo,
1764 5415 1931 5469 quan-

347 5492 462 5540 tum
482 5488 603 5551 iste,
630 5487 715 5541 cui
758 5486 924 5542 multa
965 5487 1182 5542 dimissa
1226 5496 1368 5543 sunt.
1388 5488 1464 5542 Tu
1483 5504 1663 5543 verum
1682 5488 1834 5555 dicis,
1862 5506 1928 5544 an

346 5578 631 5636 Christus?
654 5580 738 5636 Ad
758 5580 860 5637 hoc
879 5582 973 5637 tibi
996 5582 1272 5638 dimissum
1300 5592 1383 5640 est
1401 5586 1735 5641 mendacium
1761 5597 1926 5654 tuum,

345 5713 848 5839 gnum
864 5727 960 5768 non
980 5727 1146 5768 verum
1172 5714 1283 5769 erit.
1305 5718 1470 5781 Abest,
1493 5731 1604 5781 non,
1627 5732 1655 5769 a
1678 5727 1782 5771 Mss.
1810 5722 1931 5785 pra:-

1716 292 1735 303 ”
1805 287 2033 347 SERMO
2072 291 2254 353 XCIX.

3536 306 3644 365 598

2074 417 2131 463 ut
2160 402 2419 465 mendacii
2447 411 2712 470 dimissori
2749 415 2949 473 crimen
2988 416 3264 488 imponas?
3289 418 3348 476 Si
3372 420 3639 478 modicum

2070 494 2162 556 tibi
2184 500 2460 557 dimissum
2486 508 2587 573 est,
2612 506 2873 563 modicum
2904 508 3097 581 diligis.
3133 512 3188 568 Si
3214 514 3354 569 enim
3375 512 3639 570 modicum

2068 602 2149 648 est
2167 595 2261 648 tibi
2283 594 2581 662 dimiSsum,
2619 606 2671 652 et
2701 600 2983 669 plurimum
3012 602 3205 674 diligis,
3235 606 3555 661 contradicts
3591 607 3639 660 ei

2067 685 2155 755 qui
2178 686 2331 752 dixit,
2360 686 2452 742 Cui
2479 690 2732 744 modicum
2757 692 3043 761 dimittitur,
3073 697 3325 751 modieitm
3351 699 3535 769 diligit.
3562 698 3641 754 llli

2066 788 2191 848 ergo
2220 779 2337 848 plus
2365 780 2546 849 credo,
2578 783 2667 853 qui
2694 786 2747 838 te
2772 785 2887 854 plus
2926 788 3089 842 novit.
3114 786 3306 844 Parum
3339 790 3430 845 tibi
3454 790 3638 846 dimis-

2066 882 2182 924 sum
2214 879 2386 940 putas,
2416 887 2635 942 prorsus
2661 884 2845 945 parum
2876 876 3066 949 diligis.
3100 879 3234 947 Quid
3271 892 3417 951 ergo,
3450 880 3638 953 inquit,

2065 960 2241 1020 facere
2271 964 2468 1020 debui?
2496 967 2656 1022 Multa
2695 970 2831 1023 mala
2872 974 3225 1040 committere,
3266 984 3325 1028 ut
3354 970 3518 1029 multa
3557 990 3641 1032 es»

2066 1064 2203 1123 'sent,
2234 1074 2351 1127 qum
2379 1069 2555 1130 posset
2583 1062 2669 1117 ille
2698 1056 2824 1116 mihi
2854 1064 3136 1133 dimittere,
3177 1076 3233 1119 ut
3260 1067 3485 1137 amplius
3515 1083 3640 1138 pos-

2065 1162 2177 1204 sem
2218 1149 2476 1221 diligere?
2520 1154 2779 1224 Angustat
2821 1170 2945 1220 nos;
2980 1157 3071 1209 sed
3112 1157 3364 1213 Dominus
3400 1160 3488 1229 qui
3528 1159 3642 1215 hanc

2064 1248 2187 1297 vera
2216 1245 2504 1313 proposuit,
2535 1246 2600 1299 ab
2627 1248 2881 1317 angustiis
2904 1249 3089 1303 liberet
3112 1263 3216 1304 me.

2134 1334 2357 1389 CAPUT
2398 1334 2485 1390 Vl.
2511 1368 2581 1376 —
2602 1337 2650 1391 6.
2700 1337 2917 1403 Quaestio
2945 1339 3171 1393 solvitur.
3202 1338 3343 1393 Inter
3368 1340 3531 1394 debita
3555 1338 3638 1395 diu

2062 1426 2215 1478 inissa
2258 1429 2510 1481 numerari
2558 1428 2662 1482 vult
2703 1445 2812 1498 qua:
2854 1430 3114 1483 vitarimus
3164 1439 3384 1500 peccata.
3430 1430 3639 1486 Dictum

2063 1522 2145 1569 est
2182 1515 2282 1571 hoc
2312 1527 2527 1586 propter
2563 1518 2876 1588 pharisaeum
2922 1520 3088 1587 illum,
3136 1520 3337 1589 qui‘vel
3383 1520 3526 1575 nulla
3554 1521 3638 1577 vel

2062 1622 2227 1678 pauca
2253 1623 2311 1663 se
2340 1611 2555 1678 putabat
2580 1610 2774 1666 habere
2800 1622 3033 1681 peccata.
3057 1612 3171 1667 Non
3196 1613 3336 1667 enim
3360 1613 3637 1667 Dominum

2062 1698 2329 1765 invitaret,
2364 1700 2461 1753 nisi
2489 1702 2813 1770 aliquantum
2842 1703 3102 1773 diligeret.
3131 1703 3236 1758 Sed
3264 1718 3423 1773 quam
3452 1716 3636 1773 parum

2062 1792 2212 1845 erat?
2237 1791 2349 1845 Non
2394 1796 2633 1849 osculum
2662 1795 2826 1862 dedit,
2861 1812 2964 1850 non
2995 1796 3184 1851 saltem
3225 1812 3415 1867 aquam
3451 1797 3516 1851 ad
3546 1814 3633 1867 pe-

2060 1882 2174 1952 des,
2195 1887 2310 1940 etsi
2334 1901 2439 1940 non
2466 1887 2727 1959 lacrymas
2755 1908 2766 1941 :
2798 1904 2902 1943 nou
2932 1890 3021 1944 illo
3047 1891 3303 1960 obsequio
3328 1900 3637 1961 prosecutus

2060 1983 2159 2039 est,
2191 1993 2295 2046 quo
2326 1978 2412 2032 illa
2443 1980 2630 2033 mulier
2659 1998 2774 2049 qua:
2802 1992 3022 2037 noverat
3046 1984 3169 2054 quid
3199 1995 3492 2051 saltaretur,
3528 1996 3581 2039 et
3606 2000 3633 2039 a

2059 2080 2164 2137 quo
2197 2080 2491 2124 sanaretur.
2534 2069 2576 2125 Ο
2604 2070 2890 2140 Pharisaee,
2925 2073 3043 2127 ideo
3080 2089 3261 2143 parum
3292 2075 3485 2145 diligis,
3516 2077 3636 2145 quia

2060 2174 2243 2227 parum
2276 2160 2365 2213 tibi
2388 2161 2577 2215 dimitti
2605 2164 2886 2232 suspicaris
2916 2182 2928 2219 :
2956 2179 3060 2218 non
3091 2167 3209 2235 quia
3240 2182 3419 2235 parum
3453 2167 3636 2221 dimit-

2060 2249 2204 2316 titur,
2237 2251 2327 2305 sed
2350 2253 2468 2321 quia
2494 2268 2677 2322 parum
2700 2265 2853 2324 putas
2876 2270 2992 2310 esse
3017 2258 3152 2324 (μιοά
3175 2258 3472 2313 dimittitur.
3500 2260 3637 2326 Quid

2056 2356 2203 2411 ergo,
2238 2344 2404 2413 inquit
2444 2346 2573 2401 ille?
2600 2347 2712 2416 Ego
2740 2348 2827 2417 qui
2867 2349 3208 2404 homicidium
3250 2367 3353 2405 non
3382 2352 3502 2419 feci,
3534 2353 3634 2407 ho-

2057 2434 2245 2487 micida
2289 2435 2620 2504 deputandus
2650 2437 2806 2492 sum?
2834 2441 2921 2509 qui
2947 2441 3261 2496 adulterium
3296 2457 3399 2497 non
3422 2443 3633 2511 admisi,

2056 2534 2151 2593 pro
2193 2527 2448 2581 adulterio
2483 2531 2777 2596 puniendus
2825 2533 2982 2585 sum?
3026 2534 3128 2585 Aut
3168 2533 3265 2587 ista
3294 2535 3421 2588 mihi
3459 2536 3637 2590 dimit-

2058 2617 2211 2671 tenda
2260 2630 2402 2686 sunt,
2448 2637 2564 2690 qua:
2603 2637 2707 2677 non
2747 2624 3028 2678 commisi?
3075 2625 3210 2680 Ecce
3260 2627 3452 2681 iterum
3501 2643 3634 2683 con-

2055 2711 2212 2764 stituc
2238 2711 2387 2778 duos,
2423 2722 2476 2767 et
2515 2714 2793 2783 loquamur
2830 2716 2894 2769 ad
2923 2730 3033 2770 eos.
3071 2717 3223 2771 Venit
3253 2734 3386 2774 unus
3412 2721 3636 2791 supplex

2054 2811 2320 2871 peccator,
2348 2812 2628 2873 coopertus
2656 2806 2824 2876 spinis
2853 2815 3100 2878 tanquam
3120 2809 3376 2876 'berieius,
3405 2820 3457 2866 et
3477 2812 3635 2867 nimis

2054 2893 2269 2948 timidus
2302 2904 2547 2965 tanquam
2577 2896 2745 2966 lepus.
2778 2897 2885 2953 Sed
2908 2908 3071 2968 petra
3098 2910 3178 2955 est
3204 2902 3459 2971 refugium
3489 2902 3633 2956 heri-

2052 2984 2147 3038 ciis
2184 2985 2349 3055 (Psal.
2393 3003 2499 3052 cm,
2532 2989 2618 3059 l8)
2656 2998 2711 3044 et
2750 2989 3039 3058 leporibus.
3080 2992 3232 3047 Venit
3276 3008 3403 3063 ergo
3445 2994 3511 3048 ad
3540 2976 3633 3063 pe-

2053 3082 2207 3141 tram,
2242 3078 2441 3133 invenit.
2479 3080 2758 3151 refugium,
2805 3083 2997 3153 accipit
3038 3085 3311 3138 auxilium.
3345 3085 3495 3139 Alius
3525 3101 3632 3141 non

2050 3171 2211 3225 multa
2238 3173 2536 3227 commisit:
2562 3174 2687 3244 quid
2708 3175 2756 3229 ei
2784 3173 3057 3241 faciemus,
3085 3186 3141 3229 ut
3166 3178 3385 3231 multum
3413 3177 3633 3248 diligat?

2049 3263 2175 3333 quid
2199 3265 2673 3333 persuadebimus?
2703 3266 2897 3322 Contra
2922 3268 3131 3323 Domini
3155 3269 3310 3323 verba
3334 3272 3630 3339 veniemus,

2048 3355 2140 3411 Cui
2179 3357 2430 3413 modicum
2477 3360 2760 3426 dimittitur,
2805 3362 3055 3417 modicum
3094 3364 3295 3435 diligit?
3335 3364 3411 3419 Ita
3451 3364 3629 3434 plane,

2047 3448 2132 3504 cui
2174 3451 2440 3506 modicum
2487 3453 2787 3507 dimittitur.
2819 3451 2924 3509 Sed
2970 3470 3001 3509 ο
3044 3463 3096 3509 ιιι
3140 3456 3228 3524 qui
3266 3450 3398 3511 dicis
3434 3465 3487 3512 te
3522 3472 3631 3512 non
3686 3440 3691 3445 λ

2047 3540 2209 3596 multa
2237 3545 2598 3609 commisisse;
2627 3547 2826 3615 quare?
2851 3561 2957 3617 quo
2980 3548 3231 3617 regente?
3270 3546 3378 3603 Deo
3406 3552 3623 3620 gratias,

2045 3633 2185 3703 quod
2215 3636 2390 3689 motu1
2428 3645 2482 3691 et
2510 3651 2641 3691 voce
2676 3645 2851 3692 vestra
2883 3639 3210 3693 intellexiSSe
3235 3655 3331 3695 vos
3361 3642 3627 3711 significa-

2045 3725 2159 3779 stis.
2191 3724 2328 3791 Jam,
2377 3736 2433 3781 ut
2478 3727 2653 3792 video,
2698 3729 2869 3783 soluta
2916 3730 3137 3800 quaestio
3180 3740 3278 3785 est.
3326 3734 3422 3785 llic
3460 3735 3627 3789 multa

2045 3817 2331 3884 commisit,
2373 3826 2427 3873 et
2469 3820 2757 3874 multorum
2788 3820 3000 3875 debitor
3040 3823 3205 3876 iactus
3246 3831 3367 3877 est:
3404 3825 3489 3877 ille
3532 3840 3628 3895 gu—

2045 3910 2298 3965 bernantc
2340 3911 2448 3965 Deo
2478 3924 2648 3981 'pauca
2676 3914 2960 3967 commisit.
2995 3914 3089 3968 Cui
3116 3913 3332 3984 deputat
3371 3914 3460 3970 ille
3484 3916 3627 3986 quod

2043 4001 2261 4066 dimisit,
2310 4001 2433 4057 huic
2481 4010 2534 4057 et
2587 4004 2687 4058 iste
2738 4003 2954 4073 deputat
3003 4005 3143 4075 quod
3189 4022 3292 4060 non
3336 4008 3623 4063 commisit.

2043 4095 2265 4149 Adulter
2309 4111 2411 4150 non
2454 4095 2600 4150 fuisti
2648 4097 2700 4151 in
2744 4098 2828 4151 illa
2880 4108 2967 4153 tua
3016 4100 3118 4152 vita
3165 4101 3429 4169 praeterita
3470 4101 3625 4171 plena

2045 4187 2358 4257 ignorantia,
2394 4188 2626 4243 nondum
2652 4188 2994 4256 illuminatus,
3026 4190 3256 4245 nondum
3288 4193 3482 4246 bonum
3514 4208 3626 4249 ma—

2042 4277 2255 4347 lumque
2287 4279 2613 4345 discernens,
2644 4280 2875 4334 nondum
2914 4282 3135 4336 credens
3170 4283 3222 4336 in
3252 4281 3418 4348 illum,
3454 4284 3542 4354 qui
3572 4288 3626 4341 te

2042 4372 2365 4425 nescientem
2393 4372 2626 4441 regebat.
2668 4370 2779 4425 lloc
2808 4372 2898 4427 tibi
2925 4368 3053 4428 dicit
3085 4375 3221 4429 Dens
3260 4382 3380 4431 tuus
3411 4394 3425 4430 :
3451 4375 3624 4447 Rege-

2042 4462 2162 4516 bam
2207 4472 2257 4516 te
2289 4459 2438 4529 mihi,
2476 4460 2752 4517 servabam
2792 4472 2841 4517 te
2883 4464 3027 4517 mihi.
3060 4463 3129 4520 Ut
3172 4466 3485 4521 adulterium
3516 4482 3622 4523 non

2040 4553 2423 4619 committeres,
2473 4566 2659 4606 suasor
2700 4552 2869 4607 defuit
2897 4573 2909 4608 :
2942 4566 2996 4609 ut
3034 4568 3220 4610 suasor
3252 4557 3482 4625 deesset,
3524 4573 3623 4629 ego

2040 4647 2160 4703 feci.
2191 4647 2362 4702 Locus
2389 4655 2443 4702 et
2467 4654 2675 4719 tempus
2691 4648 2889 4716 defuit;
2920 4658 2973 4703 et
3002 4658 3056 4704 ut
3083 4649 3197 4706 haec
3221 4651 3491 4719 deessent,
3523 4668 3620 4723 ego

2039 4738 2159 4795 feci.
2190 4739 2368 4794 Adfuit
2393 4752 2597 4807 suasor,
2636 4755 2740 4794 non
2767 4740 2931 4795 defuit
2954 4741 3121 4808 locus,
3153 4758 3254 4796 non
3291 4743 3457 4797 defuit
3487 4752 3620 4798 tem—

2039 4848 2139 4904 pus
2173 4852 2186 4890 :
2218 4838 2275 4889 tit
2313 4848 2417 4888 non
2458 4834 2813 4899 consciitires,
2851 4851 2951 4905 ego
2995 4838 3175 4891 terrui.
3209 4838 3453 4907 Agnosce
3493 4852 3620 4908 ergo

2038 4925 2260 4996 gratiam
2289 4925 2424 4994 ejus,
2464 4927 2548 4982 cui
2576 4926 2738 4981 debes
2777 4936 2830 4981 et
2868 4927 3010 4997 quod
3052 4944 3153 4983 non
3184 4927 3459 4981 admisisti.
3492 4929 3616 4982 Mihi

2038 5017 2195 5073 debet
2224 5017 2322 5073 istc
2351 5019 2491 5089 quod
2518 5018 2711 5073 factum
2742 5028 2843 5085 est,
2876 5030 2929 5075 et
2958 5020 3232 5074 dimissum
3265 5020 3465 5074 vidisti:
3489 5021 3616 5077 mihi

2039 5109 2201 5165 debes
2228 5119 2281 5165 et
2311 5119 2365 5164 tu
2391 5110 2532 5180 quod
2559 5127 2664 5165 non
2695 5110 2886 5167 fecisti.
2914 5112 3121 5167 Nullum
3157 5122 3238 5167 est
3259 5114 3398 5167 enim
3432 5128 3592 5182 pecca

2040 5208 2150 5256 tum
2171 5202 2308 5271 quod
2343 5202 2467 5257 fecit
2492 5202 2670 5270 homo,
2703 5203 2843 5273 quod
2871 5219 2973 5257 non
3009 5204 3173 5273 possit
3199 5201 3373 5259 facere
3402 5210 3454 5259 et
3482 5204 3615 5261 alter

2038 5295 2221 5365 homo,
2249 5295 2294 5351 si
2318 5294 2452 5351 desit
2480 5303 2655 5351 rector
2673 5312 2703 5350 a
2729 5311 2833 5367 quo
2857 5295 3023 5350 factus
3049 5306 3129 5351 est
3151 5296 3331 5352 homo.

2109 5388 2334 5445 CAPUT
2370 5388 2482 5445 VII.
2504 5419 2573 5429 ——
2594 5390 2645 5441 7.
2689 5387 2937 5459 Deinceps
2963 5389 3025 5443 de
3049 5390 3336 5445 remissione
3384 5401 3587 5462 peccato

2038 5498 2172 5545 rum,
2201 5480 2335 5550 quod
2358 5481 2418 5533 ab
2445 5481 2643 5533 homine
2696 5478 2876 5533 dimitti
2922 5497 3022 5533 non
3074 5483 3283 5553 possint.
3332 5481 3448 5537 Jam
3480 5498 3618 5538 nunc

2038 5574 2159 5644 quia
2192 5582 2246 5627 ut
2277 5572 2561 5643 potuimus,
2594 5570 2940 5641 quzestionem
2972 5571 3289 5642 profundam
3329 5576 3380 5630 in
3412 5575 3615 5630 tantilla

2038 5666 2289 5736 temporis
2314 5665 2571 5721 brevitate
2589 5663 2875 5734 solvimus;
2897 5673 2989 5721 aut
3007 5666 3054 5724 si
3073 5666 3308 5723 nondum
3322 5666 3579 5724 solvimus

2104 5784 2121 5816 ι
2146 5790 2271 5843 Mss,
2294 5787 2439 5832 metu.
