4126 6322
496 459 783 528 debitores,
807 465 866 516 ut
889 457 1022 526 dixi,
1049 463 1326 514 teneamur
1354 473 1368 512 :
1389 453 1518 512 illud
1544 454 1720 528 potius
1746 454 1980 512 breviter
1999 453 2078 509 vi-

498 552 719 609 deamus
745 550 816 607 de
854 549 1168 606 remissione
1208 555 1566 620 peccatorum.
1601 546 1773 601 llomo
1801 545 2084 616 putabatur

499 642 766 710 Christus,
799 649 856 697 et
878 640 1059 696 abillo
1085 640 1179 711 qui
1208 637 1468 704 invitavit,
1496 637 1637 694 etab
1662 637 1741 692 eis
1764 635 1853 706 qui
1880 635 2083 705 pariter

498 732 922 790 discumbebant.
961 730 1150 787 Nescio
1178 728 1304 802 quid
1327 729 1415 786 illa
1441 727 1709 799 peccatrix
1734 726 1854 798 plus
1890 725 1942 780 in
1973 725 2082 778 Do-

497 826 645 880 mino
673 822 902 880 viderat.
923 821 1056 879 Nam
1085 836 1252 894 quare
1281 820 1403 877 fecit
1429 820 1518 875 illa
1533 819 1732 885 omnia,
1759 817 1862 872 nisi
1894 824 1953 871 ut
1979 813 2082 871 sibi

497 915 898 971 dimitterentur
914 923 1132 986 peccata
1149 914 1173 968 7
1200 912 1431 969 Noverat
1455 909 1584 982 ergo
1613 911 1759 966 illum
1783 922 1941 980 posse
1958 920 2082 978 pce-

496 1017 613 1064 cata
655 1007 1068 1064 dimitterczilli
1113 1015 1288 1062 autem
1337 1013 1596 1062 noverant
1644 1002 1917 1058 hominem
1974 1015 2080 1055 non

497 1114 654 1170 posse
677 1098 965 1155 dimittere.
1008 1097 1080 1154 Et
1113 1096 1436 1154 credendum
1475 1103 1558 1152 est
1599 1093 1739 1166 quod
1786 1106 1995 1160 omnes,
2026 1089 2083 1146 id

495 1200 598 1256 est,
640 1197 696 1246 et
735 1190 812 1246 illi
837 1189 1254 1253 discumbentes,
1300 1197 1354 1244 et
1389 1188 1479 1244 illa
1506 1187 1700 1243 mulier
1727 1186 1987 1242 accedens
2013 1182 2082 1240 ad

495 1282 662 1352 pedes
691 1280 922 1346 Domini,
947 1296 1134 1337 omnes
1151 1281 1204 1336 hi
1224 1287 1483 1337 noverant
1500 1280 1771 1336 hominem
1796 1294 1901 1334 non
1924 1292 2083 1348 posse

498 1381 712 1444 peccata
733 1372 1022 1429 dimittere.
1047 1371 1180 1428 Cum
1209 1386 1337 1444 ergo
1362 1385 1550 1427 omnes
1580 1370 1682 1426 hoc
1707 1378 1961 1435 nossent;
1991 1368 2081 1425 illa

494 1480 614 1535 quae
641 1463 870 1520 credidit
889 1479 1014 1520 eum
1038 1463 1305 1520 dimittere
1330 1477 1488 1534 posse
1511 1471 1749 1535 peccata,
1777 1462 1896 1533 plus
1921 1475 2080 1532 quam

497 1557 768 1613 hominem
812 1572 932 1613 esse
961 1556 1238 1614 intellexit.
1271 1556 1508 1626 Denique
1551 1570 1673 1611 eum
1715 1555 1937 1609 dixisset
1965 1568 2082 1608 mu-

499 1650 634 1716 licri,
671 1649 1004 1704 Dimittuntur
1032 1648 1121 1704 tibi
1146 1657 1350 1719 peccata
1385 1656 1472 1701 tua
1490 1664 1509 1714 ;
1541 1647 1794 1702 continuo
1824 1646 1921 1713 illi,
1954 1645 2081 1711 Quis

495 1750 566 1796 est
585 1744 679 1797 iste
701 1743 786 1813 qui
815 1750 861 1796 et
892 1751 1096 1812 peccata
1117 1739 1357 1794 dimittit?
1381 1740 1511 1806 Quis
1533 1747 1614 1794 est
1638 1739 1756 1805 iste,
1791 1752 1949 1808 quem
1967 1736 2079 1807 jam

495 1833 684 1888 mulier
713 1832 980 1903 peccatrix
1023 1831 1311 1902 cognovit?
1345 1830 1425 1885 Tu
1464 1830 1782 1886 recumbens
1816 1828 1967 1898 quasi
1996 1842 2081 1882 sa-

494 1940 615 1992 nus,
668 1925 930 1980 medicum
979 1923 1232 1994 ignoras:
1263 1923 1385 1993 quia
1427 1923 1631 1992 majore
1675 1921 1895 1976 forsitan
1928 1920 2080 1978 febre

493 2023 726 2071 mentem
757 2016 919 2071 etiam
946 2014 1244 2085 perdidisti.
1276 2013 1407 2069 Nam
1443 2022 1497 2069 et
1524 2013 1864 2084 phreneticus
1899 2011 2078 2068 ridens

493 2107 729 2177 ploratur
757 2122 786 2161 a
817 2106 981 2162 sanis.
1011 2105 1209 2162 Tamen
1231 2105 1362 2160 illud
1384 2104 1518 2160 bene
1544 2106 1736 2172 nostis,
1761 2104 1896 2159 bene
1925 2113 2078 2160 tene-

492 2199 560 2254 tis
587 2215 598 2252 :
632 2207 830 2265 tenete,
863 2200 983 2269 quia
1013 2197 1173 2253 homo
1201 2212 1306 2252 non
1335 2206 1511 2268 potest
1539 2207 1756 2268 peccata
1785 2197 2075 2254 dimittere.

492 2291 586 2346 llla
613 2279 733 2362 qua:
758 2291 858 2346 sibi
884 2305 913 2344 a
939 2289 1152 2346 Christo
1182 2290 1375 2345 dimitti
1407 2290 1652 2358 credidit,
1675 2290 1942 2346 Christum
1971 2304 2076 2346 non

494 2385 763 2440 hominem
792 2393 1012 2451 tantum,
1043 2383 1138 2439 sed
1163 2391 1217 2439 et
1242 2383 1412 2439 Deum
1441 2383 1684 2440 credidit.
1718 2383 1841 2450 Quis
1863 2393 1935 2438 est
1963 2383 2074 2449 iste,

494 2477 757 2548 inquiunt,
787 2477 875 2548 qui
893 2487 940 2531 et
962 2484 1166 2547 peccata
1189 2476 1434 2531 dimittit?
1456 2476 1526 2532 Et
1548 2476 1824 2543 Dominus,
1859 2474 1985 2541 Quis
2005 2482 2078 2531 est

490 2572 604 2636 iste,
636 2570 955 2639 dicentibus,
998 2585 1104 2626 non
1139 2569 1293 2636 dixit,
1328 2568 1494 2624 Filius
1530 2569 1645 2634 Dei,
1671 2567 1906 2623 Verbum
1936 2567 2031 2623 Dei
2059 2584 2074 2622 :

491 2680 600 2720 non
642 2663 744 2718 hoc
772 2663 926 2728 dixit,
971 2661 1067 2718 sed
1097 2663 1150 2718 in
1186 2678 1252 2719 eo
1280 2662 1422 2733 quod
1460 2663 1716 2733 putabant
1753 2661 2076 2735 aliquantum

491 2771 585 2812 eos
611 2772 831 2813 manere
855 2756 1187 2827 permittens,
1211 2756 1370 2811 solvit
1393 2758 1740 2826 quaestionem
1766 2764 1942 2811 motus
1964 2756 2080 2811 illo—

493 2852 668 2906 rum‘.
695 2850 793 2919 Qui
812 2850 955 2906 enim
981 2849 1194 2906 videbat
1220 2848 1636 2914 discumbentes,
1660 2848 1907 2903 audiebat
1931 2849 2079 2919 cogi-

495 2951 696 3008 tantes;
724 2957 1014 2999 conversus
1055 2941 1122 2998 ad
1151 2942 1449 3008 mulierem,
1479 2940 1636 2996 Fides
1675 2950 1782 3008 tua,
1814 2942 2002 3011 inquit,
2031 2951 2079 2996 te

493 3035 685 3090 salvam
709 3036 844 3107 fecit.
873 3034 961 3090 Isti
991 3035 1081 3106 qui
1110 3033 1314 3100 dicunt,
1347 3033 1470 3100 Quis
1491 3043 1562 3089 est
1584 3035 1678 3088 iste
1701 3034 1787 3104 qui
1809 3044 1855 3088 et
1876 3044 2078 3105 peccata

494 3126 741 3181 dimittit?
765 3126 855 3198 qui
898 3140 985 3181 me
1022 3134 1209 3196 putant
1239 3125 1529 3189 hominem,
1568 3124 1838 3182 hominem
1867 3134 2075 3197 putent.

495 3215 650 3272 Fides
675 3225 762 3272 tua
787 3227 835 3272 te
861 3217 1052 3272 salvam
1073 3217 1208 3286 fecit.

564 3308 793 3365 CAPUT
836 3307 964 3363 Vill.
987 3338 1057 3348 —
1078 3308 1132 3363 8.
1175 3305 1558 3363 Donatistarum
1592 3325 1730 3364 error
1755 3319 1800 3364 et
1833 3326 2079 3383 arrogan-

495 3402 586 3455 tia.
636 3400 875 3457 Medicus
922 3399 1092 3456 bonus
1143 3414 1312 3472 :egros
1357 3415 1464 3456 non
1485 3399 1657 3456 solum
1680 3413 1968 3472 praesentes
1993 3418 2080 3460 sa.

496 3476 678 3554 nabat,
707 3491 801 3547 sed
839 3498 893 3546 et
921 3491 1126 3546 futuros
1153 3491 1310 3546 etiam
1341 3492 1684 3562 prtevidebat.
1714 3492 1896 3550 Futuri
1923 3504 2079 3551 erant

497 3573 743 3638 homines
761 3582 850 3652 qui
877 3581 1116 3638 dicerent
1144 3599 1158 3636 :
1182 3581 1295 3654 Ego
1317 3592 1530 3656 peccata
1553 3583 1779 3650 dimitto,
1803 3600 1902 3655 ego
1921 3585 2080 3655 justi-

500 3672 621 3740 lico,
670 3687 770 3744 ego
806 3673 1099 3740 sanetilico,
1143 3689 1243 3745 ego
1272 3688 1404 3730 sano
1431 3689 1821 3747 quemcumque
1848 3677 2077 3750 baptizo.

497 3766 577 3821 Ex
607 3767 723 3838 ipso
752 3781 977 3822 numero
1005 3776 1059 3823 et
1083 3767 1171 3822 isti
1196 3776 1339 3836 sunt,
1369 3768 1458 3839 qui
1482 3767 1684 3836 dicunt,
1715 3767 1842 3824 Noli
1865 3787 1946 3824 me
1964 3780 2081 3825 tan-

498 3875 631 3929 gere.
669 3857 847 3928 Usque
884 3858 1020 3913 adeo
1055 3871 1122 3913 ex
1161 3857 1278 3928 ipso
1307 3873 1532 3914 numero
1561 3868 1706 3926 sunt,
1737 3868 1796 3915 ut
1833 3876 2002 3932 nuper
2029 3862 2080 3917 in

498 3951 784 4006 collatione
825 3959 1028 4019 nostra,
1058 3950 1198 4022 quod
1225 3951 1387 4007 etiam
1429 3952 1484 4007 in
1528 3951 1705 4008 Gestis
1746 3956 1881 4030 ipsis
1905 3956 2082 4028 legere

500 4042 726 4112 potestis
741 4044 785 4108 ’,
812 4056 932 4097 cum
972 4043 1049 4098 eis
1074 4057 1105 4096 a
1133 4043 1420 4114 Cognitore
1459 4054 1602 4100 esset
1625 4058 1908 4103 consessus
1935 4049 2084 4105 obla-

502 4143 609 4200 tus,
652 4141 710 4187 ut
745 4132 994 4188 sederent
1019 4133 1315 4201 nobiscum,
1346 4135 1771 4205 respondendum
1809 4148 2080 4210 putarent,

504 4223 772 4294 Scriptum
816 4230 900 4278 est
928 4221 1100 4289 nobis,
1128 4238 1250 4278 cum
1277 4224 1470 4279 talibus
1495 4241 1603 4281 non
1631 4227 1841 4296 sedere,
1880 4231 2085 4288 scilicet

503 4329 574 4370 ne
600 4302 710 4385 per
732 4321 1032 4369 contactum
1073 4313 1447 4370 subselliorum
1487 4315 1555 4372 ad
1593 4332 1687 4374 eos
1717 4321 1861 4376 velut
1900 4331 2083 4378 nostra

503 4407 750 4478 contagio
776 4405 1098 4476 perveniret.
1125 4406 1258 4462 Vide
1277 4407 1320 4461 si
1351 4422 1459 4463 non
1485 4418 1586 4476 est,
1613 4409 1740 4466 Noli
1759 4429 1838 4468 me
1857 4421 2082 4486 tangere,

501 4498 625 4570 quia
666 4496 883 4551 mundus
923 4513 1056 4551 sum.
1088 4497 1208 4552 Alio
1245 4506 1422 4554 autem
1453 4499 1559 4569 die,
1603 4502 1692 4558 ubi
1737 4507 2086 4575 opportunius

503 4598 640 4657 erat,
670 4589 1207 4645 commemoravimus
1232 4605 1327 4646 eos
1360 4589 1518 4662 hujus
1542 4594 1857 4651 miserrimae
1883 4597 2088 4652 vanita-

503 4684 594 4750 tis,
620 4697 740 4738 cum
770 4688 1017 4751 ageretur
1057 4680 1124 4736 de
1153 4680 1412 4750 Ecclesia,
1459 4685 1581 4755 quia
1625 4686 1750 4741 mali
1780 4687 1833 4742 in
1873 4703 1935 4745 ea
1978 4673 2085 4746 non

503 4780 872 4836 contaminant
897 4778 1098 4842 bonos;
1139 4779 1513 4849 respondimus
1549 4782 1649 4846 eis,
1688 4784 1808 4854 quia
1841 4785 1960 4840 ideo
1988 4801 2087 4842 no-

505 4871 710 4927 biscum
758 4869 946 4926 sedere
986 4869 1288 4936 noluerunt,
1323 4881 1378 4928 et
1405 4871 1673 4941 dixerunt,
1717 4891 1778 4932 se
1814 4875 2084 4948 Scriptura

506 4963 601 5018 Dei
633 4961 795 5018 fuisse
827 4961 1204 5026 commonitos,
1249 4961 1370 5032 quia
1399 4962 1651 5019 videlicet
1684 4967 1939 5040 scriptum
1981 4978 2083 5035 est,

508 5052 631 5109 Non
661 5053 769 5109 sedi
789 5053 842 5108 in
869 5053 1081 5108 concilio
1109 5052 1343 5108 uanitatis
1363 5071 1382 5109 :
1401 5053 1651 5122 diximus,
1677 5057 1733 5113 Si
1759 5059 1878 5114 ideo
1904 5061 2084 5118 nobis-

507 5161 628 5201 cum
659 5143 849 5200 sedere
885 5143 1151 5209 noluistis,
1188 5145 1313 5214 quia
1339 5146 1593 5215 scriptum
1616 5157 1719 5214 est,
1750 5149 1872 5205 Non
1895 5152 2005 5206 sedi
2033 5153 2087 5208 in

510 5230 723 5284 concilio
751 5228 985 5282 vanitatis
1005 5246 1021 5294 ;
1043 5244 1210 5299 quare
1237 5229 1511 5285 nobiscum
1535 5232 1756 5302 ingressi
1785 5235 1935 5301 estis,
1965 5251 2084 5292 cum

509 5329 888 5389 consequenter
915 5320 1164 5389 scriptum
1183 5319 1270 5386 sit,
1289 5319 1487 5376 Etcum
1507 5324 1677 5394 iniqua
1690 5327 1971 5397 gerentibus
1985 5317 2087 5384 non

509 5411 728 5468 introibo
741 5410 910 5484 (Psal.
927 5428 960 5465 x
973 5426 1066 5477 xv,
1082 5411 1136 5481 Il)
1151 5410 1251 5484 (a)?
1268 5413 1406 5484 Ergo
1419 5414 1468 5468 in
1484 5414 1583 5470 hoc
1595 5416 1732 5486 quod
1745 5417 1944 5484 dicunt,
1963 5419 2089 5476 Noli

512 5522 592 5563 me
615 5513 836 5574 tangere,
865 5503 984 5572 quia
1008 5505 1225 5558 mundus
1253 5522 1381 5569 sum,
1415 5507 1616 5563 similes
1655 5517 1778 5563 sunt
1809 5509 1880 5564 illi
1911 5511 2087 5581 phari-

619 5616 760 5676 Editi,
782 5622 826 5666 et
847 5619 998 5697 motus
1019 5613 1228 5666 illorum.
1254 5619 1503 5680 Particula,
1525 5626 1588 5683 et,
1612 5622 1753 5672 abest
1775 5634 1803 5672 a
1823 5627 2085 5678 manuscri-

511 5686 691 5808 Wfssic
710 5740 925 5808 potiores
946 5747 1056 5808 Mss.
1077 5746 1132 5789 At
1149 5741 1284 5808 editi,
1310 5741 1436 5806 loqui
1457 5745 1729 5808 poterimus.

575 5804 650 5870 (α)
673 5803 786 5855 Vide
813 5803 983 5854 librum
1001 5803 1058 5854 ad
1078 5803 1344 5858 Douatistas
1368 5803 1472 5874 inst
1489 5809 1814 5876 collationem,
1841 5826 1942 5878 cap.
1969 5814 2016 5864 ες.

1719 337 1778 395 S.
1818 332 2185 395 AUGUSTINI
2223 331 2524 392 EPISCOPI

3665 339 3772 398 600

2185 467 2295 508 saeo
2320 451 2410 522 qui
2449 449 2730 507 Dominum
2759 449 3098 523 invitaverat,
3140 461 3198 512 et
3236 463 3519 528 propterea
3551 459 3772 530 putabat

2185 559 2309 602 eum
2337 543 2573 600 nescisse
2599 543 2895 613 mulierem,
2936 547 3060 618 quia
3088 561 3196 604 non
3225 564 3344 604 eam
3373 550 3715 621 prohibuerat
3737 567 3770 608 a

2184 644 2429 692 contactu
2455 636 2652 706 pedum
2701 651 2937 692 suorum.
2981 639 3088 696 Sed
3117 641 3172 696 in
3210 643 3316 698 alio
3354 643 3544 700 melior
3584 645 3774 701 Phari-

2185 743 2345 793 saeus,
2372 729 2493 800 quia
2519 743 2639 784 cum
2667 738 2874 800 putaret
2901 730 3172 787 hominem
3199 732 3490 804 Christum,
3518 752 3624 794 non
3646 752 3772 794 ere-

2185 821 2342 878 debat
2375 822 2443 877 ab
2485 822 2699 878 homine
2737 839 2897 895 posse
2924 825 3114 881 dimitti
3153 837 3393 896 peccata.
3434 829 3618 886 Melior
3642 846 3774 902 ergo

2184 913 2382 970 Iudaeis
2419 929 2574 985 quam
2629 915 2897 973 haereticis
2937 917 3183 988 apparuit
3229 919 3552 978 intellectus.
3601 922 3773 978 Judaei

2185 1007 2308 1083 quid
2339 1008 2620 1069 dixerunt?
2667 1008 2794 1076 Quis
2827 1019 2898 1064 est
2941 1010 3040 1076 hic,
3087 1011 3171 1080 qui
3205 1021 3254 1066 et
3286 1023 3493 1082 peccata
3530 1015 3776 1070 dimittit?

2184 1099 2362 1156 Audet
2399 1101 2498 1154 sibi
2529 1100 2691 1156 homo
2716 1101 2819 1158 hoc
2856 1103 3155 1174 usurpare?
3179 1103 3318 1170 Quid
3343 1113 3532 1160 contra
3556 1104 3774 1160 haereti-

2185 1192 2318 1246 cus?
2347 1191 2460 1261 Ego
2504 1191 2735 1259 dimitto,
2779 1208 2878 1264 ego
2923 1193 3144 1261 mundo,
3195 1209 3295 1266 ego
3337 1195 3632 1251 sanctilico.
3665 1196 3775 1252 Re-

2185 1281 2439 1353 spondeat
2462 1282 2556 1348 illi,
2583 1297 2689 1338 non
2708 1298 2827 1354 ego,
2849 1285 2945 1340 sed
2968 1285 3246 1340 Christus:
3271 1285 3316 1340 Ο
3343 1286 3525 1352 homo,
3552 1286 3774 1358 quando

2185 1389 2284 1446 ego
2308 1390 2337 1428 a
2361 1374 2558 1430 Iudaeis
2585 1383 2803 1445 putatus
2830 1391 2946 1431 sum
2975 1376 3155 1444 homo,
3185 1376 3548 1433 dimissionem
3581 1392 3776 1447 pecca-

2185 1473 2360 1522 torum
2391 1464 2514 1519 tldei
2548 1465 2691 1521 dedi.
2721 1465 2836 1521 Non
2877 1481 2998 1537 ego,
3027 1466 3317 1538 respondet
3340 1468 3434 1524 tibi
3466 1467 3771 1524 Christus‘.

2184 1557 2229 1613 Ο
2267 1557 2536 1624 lueretice,
2582 1567 2639 1612 tu
2665 1574 2784 1614 cum
2810 1560 2884 1614 sis
2927 1560 3107 1627 homo,
3139 1559 3272 1615 dicis
3303 1579 3315 1614 :
3346 1559 3504 1629 Veni,
3537 1561 3768 1624 mulier;

2184 1664 2283 1720 ego
2309 1657 2361 1706 te
2389 1651 2592 1706 salvam
2631 1648 2802 1706 facio!
2833 1650 2946 1721 Ego
2987 1666 3107 1708 cum
3138 1660 3356 1722 putarer
3401 1652 3582 1721 homo,
3615 1653 3724 1708 dixi
3756 1670 3772 1708 :

2193 1737 2351 1805 Vade,
2375 1739 2590 1805 mulier;
2619 1739 2743 1808 ﬁdes
2765 1749 2850 1795 tua
2878 1739 3071 1795 salvam
3097 1750 3145 1795 te
3165 1741 3302 1812 fecit.

2251 1829 2478 1888 CAPUT
2516 1829 2607 1885 ιχ.
2635 1862 2706 1873 -
2731 1831 2784 1887 9.
2815 1831 3176 1902 Argumentum
3199 1831 3603 1887 Donatistarum.
3633 1833 3771 1888 Pec-

2183 1933 2297 1978 cata
2339 1939 2428 1995 per
2468 1922 2746 1979 Ecclesium
2770 1923 2994 1996 Spiritus
3031 1935 3234 1980 sanctus
3266 1925 3488 1982 dimittit.
3528 1927 3774 1998 Respon-

2184 2014 2330 2082 dent,
2355 2015 2645 2080 nescientes,
2669 2016 2807 2071 sicut
2823 2017 2896 2070 ait
2914 2017 3222 2087 Apostolus,
3245 2034 3402 2087 neque
3420 2033 3532 2088 qua:
3553 2019 3776 2089 loquun-

2184 2118 2284 2176 tur,
2313 2125 2470 2180 neque
2493 2108 2555 2163 de
2573 2109 2748 2177 quibus
2768 2109 3015 2180 aﬂirmant
3039 2109 3083 2180 (Ι
3109 2108 3239 2164 Tim.
3264 2126 3302 2176 t,
3327 2107 3382 2184 7)
3409 2127 3421 2164 :
3446 2109 3772 2180 respondent

2182 2207 2238 2255 et
2262 2199 2478 2267 dicunt,
2511 2198 2568 2254 Si
2598 2212 2706 2254 non
2731 2197 3002 2254 dimittunt
3027 2197 3272 2256 homines
3296 2207 3512 2270 peccata
3533 2242 3548 2268 ,
3582 2200 3772 2255 falsum

2183 2301 2265 2348 est
2305 2307 2432 2364 ergo
2473 2291 2618 2364 quod
2662 2293 2740 2346 ait
2775 2288 3052 2358 Christus,
3085 2291 3212 2360 Qua
3243 2291 3489 2347 sotveritis
3520 2292 3576 2346 in
3612 2302 3768 2359 terra,

2181 2385 2346 2441 soluta
2371 2393 2515 2459 erpnt
2540 2393 2588 2440 et
2613 2383 2667 2439 in
2692 2385 2816 2439 caelo
2847 2383 3057 2456 (Matth.
3084 2400 3230 2450 xvut,
3261 2383 3370 2456 l8).
3397 2383 3582 2440 Nescis
3606 2399 3772 2455 quare

2184 2477 2285 2534 hoc
2302 2477 2499 2534 dictum
2521 2479 2608 2545 sit,
2635 2477 2903 2548 quomodo
2928 2477 3125 2532 dictum
3157 2478 3244 2533 sit.
3280 2477 3509 2533 Daturus
3528 2488 3642 2533 erat
3667 2478 3773 2533 Do-

2146 2636 2152 2640 ,
2182 2572 2359 2628 minus
2382 2570 2689 2628 hominibus
2710 2569 2962 2644 Spiritum
2990 2577 3252 2642 sanctum,
3275 2569 3417 2631 etab
3435 2570 3551 2646 ipso
3570 2572 3773 2646 Spin’tu

2182 2673 2366 2720 saneto
2397 2665 2638 2720 ﬁdelibus
2672 2665 2782 2720 suis
2807 2665 3000 2721 dimitti
3033 2675 3278 2736 peccata,
3307 2681 3414 2723 non
3442 2668 3645 2724 meritis
3669 2667 3776 2723 ho-

2181 2757 2384 2811 minum
2411 2756 2620 2812 volebat
2643 2756 2862 2827 intelligi
2887 2755 3079 2812 dimitti
3108 2765 3323 2827 peccata
3343 2759 3386 2811 ².
3408 2757 3542 2814 Nam
3562 2758 3688 2829 quid
3710 2773 3772 2816 es

2183 2851 2376 2917 homo,
2407 2850 2510 2906 nisi
2548 2865 2691 2922 aeger
2730 2849 3035 2906 sanandus?
3063 2849 3156 2906 Vis
3191 2850 3322 2907 mihi
3350 2864 3469 2906 esse
3496 2851 3771 2908 medicus?

2180 2942 2384 2998 Mecum
2406 2957 2586 3012 quatre
2605 2939 2890 2998 medicum.
2912 2940 3045 2996 Nam
3065 2941 3169 2998 hoc
3191 2949 3252 2998 ut
3275 2941 3570 2998 evidentius
3591 2949 3773 2998 osten-

2181 3031 2333 3088 deret
2360 3032 2615 3088 Dominus
2631 3074 2648 3101 ,
2678 3032 2747 3088 ab
2773 3031 2972 3104 Spiritu
2998 3041 3183 3090 sancto
3209 3047 3368 3105 quem
3394 3033 3610 3089 donavit
3636 3034 3770 3091 lide-

2181 3123 2318 3179 libus
2363 3123 2507 3188 suis,
2553 3123 2748 3179 dimitti
2780 3133 3032 3194 peccata,
3077 3139 3186 3180 non
3221 3124 3426 3180 meritis
3470 3125 3768 3194 hominum,

2181 3215 2410 3287 quodam
2451 3216 2570 3271 loco
2617 3216 2698 3272 sic
2739 3217 2813 3272 ait
2855 3231 3139 3287 resurgens
3183 3232 3215 3273 a
3256 3219 3513 3284 mortuis,
3547 3219 3773 3287 Accipite

2185 3305 2434 3376 Spiritum
2457 3315 2725 3371 sanctum;
2753 3314 2951 3362 etcum
2980 3307 3229 3375 dixisset,
3262 3309 3484 3380 Accipite
3519 3309 3772 3380 Spiritum

2183 3405 2438 3462 sanctum,
2468 3396 2721 3466 continuo
2748 3395 3003 3466 subjecit,
3034 3396 3094 3452 Si
3122 3397 3203 3452 cui
3231 3395 3518 3453 dimiseritis
3541 3409 3768 3470 peccata,

2185 3488 2504 3541 dimittuntur
2541 3489 2586 3541 ei
2626 3486 2802 3557 (Joan.
2830 3502 2906 3542 xx
2927 3529 2942 3555 ,
2968 3486 3040 3542 22
3058 3529 3073 3556 ,
3098 3487 3194 3560 23)
3223 3503 3237 3542 :
3268 3488 3370 3544 hoc
3399 3498 3513 3556 est,
3544 3491 3772 3560 Spiritus

2183 3577 2421 3646 dimittit,
2451 3593 2556 3633 non
2583 3594 2696 3633 vos.
2729 3577 2956 3649 Spiritus
2981 3588 3157 3635 autem
3182 3579 3320 3634 Deus
3343 3587 3446 3635 est.
3479 3581 3618 3635 Deus
3639 3595 3771 3651 ergo

2184 3671 2434 3738 dimittit,
2478 3686 2581 3726 non
2621 3686 2737 3728 vos.
2774 3671 2880 3727 Sed
2908 3671 2974 3727 ad
3002 3671 3254 3742 Spiritum
3296 3671 3422 3742 quid
3466 3673 3594 3728 estis
3636 3672 3772 3728 vos?

2189 3761 2406 3816 Nescitis
2433 3763 2551 3832 quia
2577 3763 2814 3833 templum
2837 3761 2936 3817 Dei
2961 3764 3095 3829 estis,
3125 3773 3172 3818 et
3209 3761 3435 3834 Spiritus
3461 3763 3557 3818 Dei
3579 3763 3799 3820 habitat

2186 3855 2239 3909 in
2259 3856 2394 3910 vobis
2417 3854 2459 3928 (Ι
2486 3854 2603 3911 Cor.
2631 3871 2709 3921 nt,
2733 3853 2822 3928 16)
2839 3855 2864 3907 ?
2893 3857 2958 3910 Et
2978 3855 3168 3911 iterum
3195 3873 3208 3910 :
3233 3854 3485 3924 Nescitis,
3516 3857 3633 3927 quia
3658 3874 3773 3912 cor-

2189 3967 2312 4018 pora
2341 3958 2500 4004 vestra
2531 3949 2772 4019 templum
2799 3950 2851 4002 in
2879 3949 3016 4004 vobis
3048 3958 3121 4004 est
3150 3949 3374 4021 Spiritus
3402 3951 3595 4017 sancti,
3626 3967 3774 4021 quem

2188 4042 2377 4097 habetis
2401 4059 2433 4096 a
2454 4042 2560 4096 Deo
2587 4041 2696 4115 (Id.
2719 4057 2789 4108 vt,
2817 4041 2943 4114 l9)?
2967 4042 3105 4098 Deus
3125 4057 3252 4114 ergo
3271 4042 3474 4099 habitat
3495 4042 3551 4099 in
3572 4042 3774 4112 templo

2187 4141 2374 4190 sancto
2402 4147 2526 4200 suo,
2560 4133 2662 4187 hoc
2689 4141 2771 4188 est
2788 4172 2805 4199 ,
2833 4133 2885 4188 in
2914 4132 3110 4188 sanctis
3137 4133 3248 4190 suis
3276 4133 3518 4190 ﬁdelibus
3535 4175 3551 4202 ,
3583 4134 3635 4189 in
3667 4133 3773 4188 Ec-

2188 4225 2349 4280 clesia
2377 4239 2471 4280 sua
2503 4242 2516 4280 :
2546 4239 2644 4294 per
2681 4237 2775 4280 eos
2812 4223 3029 4280 dimittit
3063 4234 3310 4296 peccata;
3343 4225 3464 4297 quia
3494 4226 3606 4281 viva
3633 4233 3772 4281 tem-

2190 4316 2273 4387 pla
2302 4326 2446 4371 sunt.

2259 4406 2485 4464 CAPUT
2513 4406 2582 4463 X.
2605 4437 2676 4448 —-
2704 4405 2791 4463 10.
2821 4405 3041 4462 Peccata
3065 4422 3097 4460 a
3120 4405 3228 4462 Deo
3256 4405 3576 4462 dimittuntur
3612 4415 3659 4461 et
3683 4422 3776 4478 per

2190 4502 2473 4569 hominem,
2505 4509 2551 4555 et
2576 4509 2755 4571 prieter
2783 4499 3053 4554 hominem.
3082 4497 3309 4569 Spiritus
3331 4508 3532 4554 sanctus
3557 4515 3647 4572 per
3670 4499 3772 4552 mi-

2189 4593 2447 4648 nisterium
2475 4591 2732 4646 hominum
2757 4590 2925 4644 datus.
2965 4588 3070 4646 Sed
3097 4590 3187 4661 qui
3221 4589 3439 4644 dimittit
3471 4605 3565 4660 per
3594 4591 3770 4645 homi-

2191 4698 2333 4750 nem,
2355 4691 2531 4754 potest
2548 4681 2812 4737 dimittere
2830 4689 2884 4736 et
2905 4690 3098 4752 praeter
3117 4681 3407 4737 hominem.
3429 4680 3611 4752 Neque
3626 4681 3773 4738 enim

2189 4775 2365 4830 minus
2393 4773 2613 4828 idoneus
2642 4780 2724 4828 est
2749 4787 2844 4843 per
2880 4785 2940 4828 se
2974 4771 3134 4838 dare,
3165 4773 3255 4842 qui
3285 4779 3458 4842 potest
3487 4787 3582 4842 per
3606 4772 3773 4830 alium

2191 4865 2337 4922 dare.
2371 4865 2472 4921 Per
2498 4865 2756 4920 Joannem
2785 4863 3094 4934 quibusdam
3125 4862 3300 4929 dedit,
3331 4864 3432 4936 ipsi
3456 4863 3647 4920 Joanni
3676 4881 3775 4936 per

2190 4967 2346 5027 quem
2369 4954 2544 5010 dedit?
2567 4953 2755 5009 Merito
2773 4954 2956 5009 volens
2974 4955 3113 5010 Deus
3131 4953 3234 5010 hoc
3252 4954 3555 5019 ostendere,
3578 4963 3632 5009 et
3650 4953 3776 5010 huic

2191 5047 2397 5102 veritati
2423 5045 2682 5113 attestari,
2708 5061 2828 5101 cum
2849 5045 3063 5117 quidam
3090 5047 3143 5100 in
3165 5045 3401 5102 Samaria
3427 5046 3727 5117 evangeliza
3738 5045 3777 5103 ti
3801 5086 3810 5095 -

2192 5146 2390 5206 essent,
2413 5146 2467 5193 et
2484 5137 2732 5208 baptizati
2752 5146 2950 5203 essent,
2971 5145 3026 5192 et
3042 5137 3291 5208 baptizati
3310 5151 3339 5191 a
3362 5137 3602 5208 Philippo
3621 5151 3778 5193 cvan-

2191 5229 2395 5300 gelista,
2416 5245 2522 5284 uno
2542 5228 2610 5285 de
2626 5237 2828 5302 septem
2849 5229 3158 5284 diaconibus
3177 5229 3420 5299 primitus
3439 5231 3641 5295 electis,
3668 5246 3776 5284 nou

2191 5332 2505 5392 acceperunt
2526 5321 2776 5393 Spiritum
2803 5331 3064 5389 sanctum,
3087 5331 3145 5384 et
3165 5322 3411 5392 baptizati
3434 5331 3605 5378 erant.
3630 5322 3780 5377 Nun-

2193 5412 2373 5469 tiatum
2401 5425 2483 5468 est
2511 5412 2803 5485 discipulis,
2832 5415 2920 5484 qui
2950 5424 3102 5471 erant
3125 5415 3494 5489 Jerosolytnis,
3527 5427 3580 5472 ct
3609 5432 3776 5472 vene-

2193 5566 2597 5678 Ch'rgttitltlgertinus
2620 5576 2762 5620 vetus
2781 5569 2937 5621 codex
2950 5605 2966 5632 ,
2987 5584 3084 5622 non
3265 5572 3527 5638 Respondet
3556 5571 3640 5622 tibi
3661 5582 3781 5636 ergo

2249 5638 2642 5768 ξῖῗῗῖῗςίιέξειίίηο
2666 5703 2780 5768 ιτεη
2808 5709 2894 5768 in?
2919 5690 3342 5768 temerariam
3357 5702 3610 5768 emetur!»
3633 5692 3779 5768 εξςαρ

2190 5765 2306 5870 2:3?!
2335 5757 2509 5866 Sple‘iltt
2547 5765 2706 5808 sam‘ta
2751 5757 2926 5810 t'alt‘bttt
2970 5757 3165 5824 intelligi
3209 5757 3385 5809 dimitti
3421 5764 3633 5823 peccata.
3657 5764 3781 5823 Νημι
