4126 6322
380 430 506 482 runt
542 421 610 480 ad
650 419 980 494 Samariam,
1020 429 1080 480 ut
1116 422 1195 480 illi
1237 422 1327 495 qui
1370 419 1620 495 baptizati
1662 430 1843 491 erant,
1875 431 1972 494 per

379 515 777 588 impositionem
802 530 992 572 manus
1017 531 1203 573 eorum
1231 515 1536 587 acciperent
1563 515 1818 587 Spiritum
1850 533 1974 574 san-

378 621 542 667 ctum.
577 611 646 666 Et
671 611 742 666 ita
768 610 962 666 factum
988 619 1071 667 est
1098 628 1111 665 :
1141 617 1404 666 venerunt
1427 619 1480 666 et
1509 611 1872 681 imposuerunt
1894 613 1971 669 eis

377 717 584 767 manus,
611 707 666 757 et
685 709 1006 773 acceperunt
1026 700 1284 772 Spiritum
1310 710 1572 757 sanctum.
1595 702 1728 771 Quia
1751 710 1874 758 tunc
1893 703 1972 759 sic

376 796 603 852 dabatur
641 795 872 868 Spiritus
903 805 1118 853 sanctus
1139 839 1154 865 ,
1186 807 1244 853 ut
1283 798 1762 869 etiam'appareret
1793 799 1967 856 datus.

375 889 470 958 Qui
503 889 647 945 enim
675 905 796 945 eum
827 889 1190 961 accipiebant,
1225 889 1416 961 linguis
1455 891 1690 946 omnium
1733 895 1969 962 gentium

375 985 730 1056 loquebantur
759 1004 773 1042 :
802 993 864 1040 ut
902 985 1262 1058 significarent
1302 987 1592 1043 Ecelesiam
1631 987 1684 1042 in
1725 988 1970 1056 gentibus

375 1075 566 1148 linguis
591 1077 830 1134 omnium
855 1077 1173 1134 locuturam.
1200 1081 1532 1148 Acceperunt
1558 1094 1686 1150 ergo
1711 1078 1968 1150 Spiritum

376 1179 614 1226 sanetum
638 1213 654 1239 ,
683 1178 738 1227 et
765 1171 820 1227 in
845 1171 924 1227 eis
953 1171 1227 1227 evidenter
1253 1173 1515 1242 apparuit.
1547 1171 1699 1239 Quod
1728 1187 1848 1227 eum
1882 1172 1967 1227 vi-

372 1263 538 1320 disset
561 1264 782 1330 Simon,
812 1276 1005 1336 putans
1035 1266 1135 1322 hoc
1163 1280 1280 1320 esse
1311 1267 1586 1321 hominum
1609 1307 1622 1330 ,
1653 1266 1819 1321 voluit
1847 1279 1968 1323 esse

371 1363 426 1410 et
445 1355 794 1423 suum..Quod
823 1356 1095 1412 hominum
1123 1357 1346 1428 putavit,
1374 1359 1441 1413 ab
1465 1358 1767 1413 hominibus
1787 1373 1966 1416 emere

371 1446 555 1501 voluit.
588 1446 864 1514 Quantam,
894 1448 1088 1518 inquit,
1118 1449 1266 1502 uultis
1295 1465 1326 1501 a
1351 1465 1431 1502 me
1458 1450 1722 1519 pecuniam
1746 1465 1962 1516 sumere,

368 1548 423 1594 ut
465 1557 554 1610 per
594 1540 965 1610 impositionem
1005 1559 1245 1596 manuum
1286 1559 1511 1596 mearum
1553 1543 1698 1598 detur
1741 1543 1965 1612 Spiritus

367 1632 615 1686 sanctus?
639 1631 786 1688 Tunc
810 1649 930 1688 eum
961 1633 1256 1690 detestatus
1283 1635 1470 1691 Petrus
1498 1637 1572 1691 ait
1596 1656 1607 1690 :
1635 1637 1758 1691 Non
1783 1646 1854 1690 est
1877 1637 1965 1692 tibi

369 1738 489 1792 pars
527 1740 684 1793 neque
711 1741 821 1778 sors
864 1726 915 1779 in
956 1727 1049 1779 hac
1086 1726 1205 1794 ﬁde.
1247 1726 1452 1782 Donum
1487 1730 1619 1782 enim
1650 1728 1749 1782 Dei
1779 1731 1965 1798 putasti

367 1816 582 1883 pecunia
626 1818 1064 1888 comparandum?
1109 1818 1335 1874 Pecunia
1375 1830 1459 1874 tua
1490 1830 1650 1875 tecum
1679 1823 1742 1876 sit
1765 1822 1816 1876 iu
1845 1839 1962 1893 per-

365 1909 605 1964 ditionem
632 1927 650 1964 :
680 1919 733 1965 et
762 1920 954 1968 caetera
983 1928 1101 1984 qua:
1145 1913 1215 1968 ibi
1259 1924 1616 1984 congruenter
1647 1915 1854 1970 locutus
1880 1924 1964 1971 est

365 1999 503 2073 (Act.
529 2019 623 2057 vm
637 2045 652 2068 ,
685 2003 866 2075 5-25).

432 2115 518 2171 CA
529 2116 660 2172 PUT
687 2117 780 2172 XI.
798 2148 870 2157 ——-
885 2119 909 2173 1
922 2120 944 2172 l
959 2159 971 2172 .
997 2118 1222 2188 Spiritus
1239 2119 1385 2174 datus
1401 2122 1582 2192 absque
1601 2121 1855 2176 hominum
1874 2123 1962 2177 mi-

361 2205 589 2262 nisterio.
623 2207 922 2280 Exemplum
943 2212 994 2264 in
1015 2211 1245 2267 eunucho
1272 2210 1520 2266 Candacis
1546 2214 1752 2284 reginaz.
1785 2213 1959 2282 Quare

362 2310 540 2355 autem
567 2301 669 2356 hoe
692 2316 792 2371 ego
813 2317 1236 2360 commemorare
1259 2304 1421 2369 volui,
1451 2305 1688 2360 intendat
1713 2305 1958 2362 Charitas

362 2401 559 2446 vestra.
592 2393 883 2462 Oportebat
929 2404 987 2449 ut
1028 2395 1168 2451 Deus
1211 2396 1358 2466 prius
1405 2397 1713 2452 ostenderet
1758 2413 1816 2453 se
1863 2415 1958 2468 per

364 2483 609 2540 homines
635 2487 843 2555 operari
872 2505 884 2541 :
912 2487 1004 2543 sed
1037 2503 1134 2558 per
1161 2503 1218 2544 se
1245 2488 1459 2555 deinde,
1491 2506 1558 2546 ne
1585 2501 1829 2560 putarent
1859 2491 1956 2547 ho-

361 2577 554 2643 mines,
585 2577 725 2648 quod
754 2580 960 2649 putavit
988 2579 1192 2647 Simon,
1226 2581 1500 2637 hominum
1529 2583 1653 2638 ilhul
1683 2600 1820 2652 esse,
1850 2600 1954 2641 non

358 2671 476 2725 Dei.
509 2671 820 2744 Quanquam
863 2682 918 2728 et
962 2673 1060 2745 ipsi
1106 2675 1349 2746 discipuli
1392 2676 1500 2745 jam
1543 2677 1644 2732 hoc
1676 2688 1952 2734 noverant.

279 2770 286 2774 '
357 2761 489 2817 Nam
517 2773 733 2818 centum
759 2765 939 2835 viginti
969 2766 1215 2822 homines
1235 2767 1442 2822 collecti
1469 2777 1642 2834 erant,
1669 2770 1880 2840 quando
1901 2771 1952 2825 in

357 2869 453 2908 eos
494 2869 588 2926 per
629 2855 826 2910 nullius
867 2873 1056 2913 manus
1099 2857 1493 2927 impositionem
1540 2861 1686 2915 venit
1727 2860 1955 2931 Spiritus

358 2955 578 3002 sanctus
607 2946 716 3018 (Id.
740 2963 779 3014 ι,
803 2949 900 3014 15,
931 2959 978 3003 et
1002 2965 1060 3017 ll,
1091 2950 1235 3020 1-4).
1268 2950 1397 3018 Quis
1423 2952 1562 3006 enim
1596 2960 1720 3006 tunc
1743 2953 1820 3007 eis
1841 2969 1954 3006 ma-

358 3055 462 3096 nus
481 3041 844 3110 imposuerat?
870 3042 937 3097 Et
958 3051 1132 3098 tamen
1157 3045 1322 3110 venit,
1352 3053 1403 3098 et
1425 3027 1628 3115 primos
1652 3044 1888 3113 implevit
1911 3046 1950 3099 ί.

357 3134 486 3189 Post
513 3133 642 3189 illud
670 3133 975 3189 scandalum
1001 3134 1254 3202 Simonis,
1283 3135 1406 3207 quid
1430 3136 1532 3207 egit
1558 3136 1737 3191 Deus?
1768 3135 1953 3194 Videte

357 3225 656 3292 doctorem,
685 3242 790 3282 non
815 3227 1173 3292 sermonibus,
1203 3226 1295 3282 sed
1320 3228 1497 3283 rebus.
1524 3228 1669 3284 Idem
1693 3229 1805 3300 ipse
1828 3228 1953 3284 Phi-

354 3320 532 3390 lippus
553 3363 567 3382 ,
597 3320 685 3389 qui
726 3320 1086 3391 baptizaverat
1123 3320 1399 3385 homines,
1433 3329 1486 3376 et
1517 3335 1624 3375 non
1655 3321 1708 3375 in
1738 3335 1831 3376 eos
1858 3337 1951 3377 ve-

357 3420 511 3467 nerat
532 3411 763 3482 Spiritus
793 3420 1037 3476 sanctus,
1068 3411 1169 3467 nisi
1199 3412 1574 3466 convenissent
1604 3413 1863 3482 Apostoli,
1897 3421 1953 3468 et

356 3507 436 3561 eis
461 3520 651 3561 manus
676 3505 1074 3575 imposuissent,
1105 3506 1389 3575 baptizavit
1417 3505 1745 3571 eunuchum,
1774 3507 1824 3561 id
1846 3515 1946 3576 est,

357 3599 647 3669 spadonem
675 3598 954 3668 quemdam
983 3596 1242 3652 Candacis
1272 3598 1488 3668 reginae,
1519 3599 1609 3669 qui
1636 3599 1950 3655 adoraverat

358 3692 410 3746 in
435 3690 766 3759 Jerusalem,
797 3699 852 3746 et
894 3689 1107 3746 rediens
1151 3689 1273 3745 inde
1317 3690 1527 3760 legebat
1570 3691 1620 3745 in
1659 3706 1821 3745 curru
1851 3705 1950 3746 suo

355 3782 541 3837 Isaiam
595 3782 945 3853 prophetam,
991 3790 1046 3838 et
1084 3797 1190 3836 non
1236 3780 1582 3852 intelligebat.
1630 3781 1949 3838 Admonitus

356 3875 632 3946 Philippus
660 3875 885 3931 accessit
909 3874 974 3930 ad
1001 3890 1236 3940 currum,
1265 3872 1510 3943 exposuit
1534 3873 1840 3940 lectionem,
1865 3873 1950 3928 in-

357 3968 550 4022 struxit
579 3967 737 4023 Iidem
759 3970 801 4033 ',
835 3964 1530 4039 evangelizavit'Christum.
1572 3963 1808 4020 Credidit
1838 3964 1947 4019 Eu-

360 4059 564 4114 nuchus
584 4059 636 4114 in
657 4059 948 4124 Christum,
975 4068 1028 4114 et
1049 4059 1123 4113 ait
1141 4073 1259 4114 cum
1282 4059 1554 4114 venissent
1579 4057 1644 4112 ad
1665 4057 1946 4129 quamdam

359 4167 547 4222 aquam
580 4169 593 4206 :
622 4150 756 4206 Ecce
779 4168 931 4222 aqua,
959 4152 1070 4221 quis
1097 4151 1320 4220 prohibet
1349 4168 1425 4204 me
1446 4139 1734 4220 baptizari?
1763 4150 1850 4204 Ait
1874 4149 1948 4204 illi

359 4243 675 4313 Philippus:
710 4242 770 4297 Si
815 4243 977 4297 credis
1017 4229 1079 4296 ini
1109 4243 1283 4297 Jesum
1327 4241 1617 4296 Christum?
1657 4241 1948 4312 Respondit

355 4336 442 4392 ille
469 4354 482 4388 :
511 4336 676 4392 Credo
699 4335 894 4390 Filium
922 4333 1016 4389 Dei
1043 4351 1150 4390 esse
1173 4334 1348 4388 Jesum
1378 4334 1648 4387 Christum.
1682 4333 1946 4388 Continuo

356 4427 633 4484 descendit
651 4444 773 4484 eum
797 4429 891 4483 illo
914 4428 966 4484 in
993 4443 1204 4499 aquam.
1230 4427 1450 4496 lmpleto
1474 4427 1811 4496 Baptismatis
1831 4441 1948 4498 my-

357 4520 520 4577 sterio
547 4530 602 4576 et
629 4529 991 4587 sacramento,
1024 4536 1092 4574 ne
1131 4519 1406 4573 hominum
1445 4524 1721 4587 putaretur
1746 4517 1944 4573 donum

355 4616 584 4687 Spiritus
612 4615 780 4670 sancti
801 4656 816 4679 ,
848 4629 953 4668 non
993 4620 1354 4682 exspectatum
1387 4619 1498 4674 est,
1531 4612 1668 4664 sicut
1703 4619 1824 4665 tunc
1844 4653 1858 4676 ,
1891 4618 1948 4665 ut

356 4707 598 4763 venirent
623 4706 886 4776 Apostoli,
915 4703 1009 4760 sed
1033 4704 1285 4759 continuo
1310 4704 1455 4757 venit
1478 4701 1704 4772 Spiritus
1730 4710 1946 4758 sanctus

357 4802 374 4872 (
394 4800 479 4855 Id.
504 4816 626 4865 vni,
657 4798 874 4871 26-59).
907 4797 1088 4854 Soluta
1118 4807 1201 4852 est
1228 4795 1458 4852 Simonis
1487 4795 1767 4868 cogitatio,
1799 4809 1867 4850 ne
1892 4794 1944 4850 in

356 4893 442 4948 tali
477 4893 797 4964 cogitatione
827 4890 1047 4945 haberet
1075 4891 1386 4945 imitatores.

375 5068 378 5070 γ
424 5007 651 5064 CAPUT
677 5005 793 5062 XII.
814 5035 886 5047 ——
911 5005 999 5060 12.
1027 5003 1182 5060 Aliud
1200 5004 1482 5074 exemplum
1507 5003 1558 5057 in
1579 5003 1812 5058 Cornelio
1831 5018 1945 5057 ceu.

357 5103 570 5156 turione.
616 5099 820 5156 Deinde
866 5098 1008 5154 aliud
1063 5097 1353 5154 mirabilius
1396 5098 1716 5168 exemplum.
1758 5097 1945 5152 Petrus

341 5195 500 5259 ,venit
524 5192 592 5249 ad
618 5193 984 5250 centurionem
1013 5190 1317 5246 Cornelium
1337 5232 1352 5254 ,
1383 5190 1447 5246 ad
1478 5190 1748 5245 hominem
1781 5191 1944 5245 incir-

356 5285 644 5341 eumeisum
661 5285 909 5355 gentilem
933 5301 946 5336 :
967 5283 1128 5353 coepit
1152 5282 1439 5352 praedicare
1455 5281 1722 5337 Christum
1740 5281 1941 5348 Jesum,

355 5386 408 5432 et
429 5377 525 5443 illi,
549 5385 606 5432 et
623 5377 700 5432 eis
720 5377 808 5446 qui
834 5391 956 5431 eum
982 5375 1072 5430 illo
1090 5384 1260 5430 erant.
1285 5373 1473 5428 Adhuc
1494 5373 1742 5444 loquente
1763 5373 1941 5438 Petro,

358 5486 462 5525 non
489 5469 639 5535 dico,
672 5469 909 5525 nondum
952 5469 1257 5539 impoueute
1293 5482 1507 5522 manum
1529 5510 1544 5532 ,
1586 5467 1680 5522 sed
1712 5467 1943 5522 nondum

356 5563 516 5618 etiam
553 5561 887 5632 baptizante,
917 5572 972 5617 et
1010 5577 1130 5616 cum
1177 5559 1481 5615 dubitarent
1522 5558 1608 5629 qui
1645 5568 1796 5614 erant
1825 5574 1942 5613 cum

422 5739 437 5770 ³
458 5739 530 5785 sic
551 5737 855 5799 aliquot
880 5737 980 5799 alii,
1000 5741 1044 5786 et
1063 5734 1262 5799 primus.
1287 5742 1341 5784 At
1361 5734 1494 5795 editi,
1515 5739 1557 5784 et
1577 5731 1727 5799 prius.

421 5802 442 5836 ³
463 5795 762 5852 Colberiinus
785 5808 886 5861 315.,
914 5795 1112 5852 inseruit
1133 5795 1296 5862 ﬁdem.

1856 296 2083 360 SERMO
2115 299 2181 359 C.

2084 421 2278 490 Petro,
2308 431 2485 480 utrum
2513 424 2869 487 incircumcisi
2903 429 3202 504 baptizandi
3244 443 3426 494 essent
3449 435 3665 513 (natum

2077 516 2275 612 quippe
2303 526 2423 612 erat
2442 520 2582 576 inter
2603 522 2816 580 Iudaeos
2839 525 2927 596 qui
2953 527 3294 584 crediderant
3312 571 3326 595 ,
3357 537 3413 586 et
3447 543 3542 587 eos
3571 532 3666 612 qul

2079 607 2266 664 ﬁdeles
2289 625 2360 666 ex
2385 611 2643 673 Gentibus
2669 615 2788 670 lacti
2815 626 2986 684 erant,
3017 619 3346 688 scandalum,
3375 621 3428 676 id
3447 629 3549 689 est,
3570 607 3667 680 .ιά-

2075 700 2222 757 ἀιεοε
2250 711 2304 758 et
2327 703 2677 774 Christianos,
2708 708 2799 778 qui
2823 709 3224 780 baptizabantur
3249 712 3662 784 incircumcisi);

2079 806 2136 850 ut
2165 795 2300 852 hanc
2333 798 2470 854 Deus
2501 800 2708 856 tolleret
2746 803 3090 872 quaestionem
3110 844 3124 865 .
3154 819 3274 860 eum
3304 805 3536 876 loquitur
3564 806 3666 862 Pe-

2076 896 2212 958 trus,
2243 892 2389 947 venit
2413 892 2640 962 Spiritus
2666 901 2901 962 sanctus,
2933 894 3169 966 implevit
3196 897 3497 953 Cornelium
3515 941 3530 965 ,
3559 898 3661 955 im-

2075 985 2237 1053 plevit
2261 1001 2354 1042 eos
2382 987 2471 1057 qui
2499 1002 2620 1044 eum
2647 987 2735 1045 illo
2761 1001 2914 1046 erant
2941 990 3076 1061 (Act.
3105 991 3280 1068 x)._Et
3308 993 3422 1064 ipsa
3439 1002 3662 1050 attesta-

2077 1075 2220 1132 tione
2261 1077 2340 1132 rei
2384 1093 2622 1150 magnae,
2669 1081 2816 1150 quasi
2859 1081 3140 1136 clamatum
3181 1091 3263 1138 est
3301 1083 3369 1138 ad
3404 1083 3657 1140 Petrum:

2073 1167 2209 1235 Quid
2239 1168 2307 1226 de
2331 1185 2467 1241 aqua
2496 1171 2744 1228 dubitas?
2767 1173 2877 1244 jam
2907 1189 3006 1245 ego
3036 1173 3123 1230 hic
3150 1189 3288 1230 sum.
3577 1220 3579 1222 .

2143 1261 2367 1318 CAPUT
2406 1262 2544 1318 XIII.
2576 1294 2646 1305 —
2676 1265 2762 1320 l5.
2797 1265 3063 1320 Mundatio
3096 1266 3150 1321 in
3183 1266 3444 1339 Baptismo
3471 1284 3572 1324 non
3596 1283 3660 1331 ea

2073 1353 2416 1408 ministrorum
2432 1357 2640 1424 meritis,
2659 1357 2747 1411 sed
2770 1373 2833 1412 ea:
2847 1356 2944 1411 Dei
2957 1359 3140 1430 gratia.
3159 1359 3355 1414 Secura
3370 1375 3499 1430 ergo
3514 1376 3661 1431 quae-

2072 1445 2202 1500 libet
2227 1447 2404 1504 anima
2432 1463 2460 1504 a
2490 1449 2653 1505 multa
2682 1451 2914 1522 nequitia
2955 1466 3051 1522 per
3082 1450 3403 1508 dominicam
3431 1453 3656 1524 gratiam

2071 1538 2366 1610 liberanda,
2395 1550 2642 1612 tanquam
2665 1543 2936 1598 immunda
2959 1545 3330 1615 prostitutione
3353 1545 3656 1602 mundanda

2071 1629 2122 1684 in
2154 1631 2412 1698 Ecclesia,
2442 1634 2644 1702 credat,
2674 1635 2892 1691 accedat
2917 1635 2981 1690 ad
3012 1635 3174 1705 pedes
3199 1636 3430 1706 Domini,
3457 1645 3657 1708 quierat

2068 1723 2285 1793 vestigia
2316 1725 2542 1790 Domini,
2575 1726 2894 1782 conﬁteatur
2917 1728 3180 1799 laerymas
3207 1727 3454 1796 fundens,
3489 1737 3658 1798 tergat

2068 1814 2274 1884 capillis
2303 1816 2431 1871 suis.
2471 1816 2640 1872 Pedes
2667 1818 2908 1883 Domini,
2947 1818 3320 1889 prazdtcatores
3359 1819 3652 1891 Evangelii.

2067 1903 2253 1976 Capilli
2279 1909 2534 1975 mulieris,
2567 1909 2847 1980 superﬂua:
2875 1911 3257 1981 possessiones.
3280 1911 3471 1982 Tergat
3491 1912 3656 1982 capil-

2067 1998 2160 2063 lis,
2190 2007 2360 2070 tergat
2396 2015 2615 2070 prorsus
2638 2043 2651 2067 ,
2684 2012 2935 2073 operetur
2963 2003 3377 2058 misericordiam
3407 2019 3422 2057 :
3451 2011 3506 2059 et
3531 2018 3652 2059 cum

2067 2095 2299 2160 terserit,
2332 2096 2637 2161 osculetur;
2666 2097 2889 2167 accipiat
2918 2112 3131 2167 pacem,
3162 2104 3223 2152 ut
3252 2095 3446 2152 habeat
3471 2095 3645 2151 chari-

2068 2193 2249 2240 tatem.
2289 2186 2529 2242 Accessit
2558 2188 2622 2242 ad
2656 2188 2847 2254 talem,
2877 2188 3139 2257 baptizata
3166 2195 3248 2243 est
3273 2201 3303 2241 a
3335 2187 3457 2252 tali,
3483 2186 3653 2257 qualis

2065 2287 2183 2333 erat
2219 2280 2489 2349 apostolus
2531 2281 2724 2336 Paulus
2752 2299 2766 2336 :
2795 2282 2973 2336 audiat
3003 2280 3070 2336 ab
3095 2281 3184 2336 illo
3203 2323 3217 2344 ,
3247 2280 3532 2337 Imitatores
3556 2283 3653 2338 mei

2065 2382 2235 2440 estote,
2263 2374 2391 2428 sicut
2417 2384 2462 2429 et
2488 2391 2577 2446 ego
2605 2376 2788 2430 Christi
2813 2374 2854 2447 (Ι
2882 2374 2999 2430 Cor.
3029 2391 3100 2443 IV,
3134 2375 3248 2447 l6).
3277 2374 3546 2445 Baptizata
3570 2382 3652 2429 est

2063 2477 2238 2523 autem
2283 2469 2350 2523 ab
2393 2469 2498 2522 alio
2543 2469 2720 2539 aliquo
2761 2484 2854 2524 sua
2897 2479 3202 2540 quaerente,
3245 2483 3350 2523 non
3380 2484 3500 2540 quae
3527 2468 3651 2523 Jesu

2062 2560 2258 2616 Christi
2288 2559 2548 2631 (Philipp.
2581 2577 2647 2627 ll,
2679 2560 2771 2633 2i)
2804 2579 2818 2617 :
2849 2561 3028 2616 audiat
3055 2577 3084 2616 a
3115 2562 3342 2616 Domino
3364 2602 3378 2628 ,
3413 2561 3542 2628 Qua:
3569 2559 3649 2614 di-

2061 2661 2197 2718 cunt,
2229 2654 2415 2726 facile;
2444 2670 2558 2726 qua:
2585 2663 2752 2721 autent
2789 2654 3008 2724 faciunt,
3041 2657 3208 2725 facere
3244 2652 3400 2706 nolite
3437 2651 3648 2723 (Matth.

2061 2761 2222 2811 xxnt,
2253 2746 2330 2814 5).
2373 2745 2572 2800 Secura
2614 2745 2682 2800 sit
2711 2753 2762 2800 et
2791 2746 2842 2799 in
2871 2745 2996 2812 illo,
3030 2745 3141 2799 sive
3166 2743 3228 2798 in
3260 2744 3455 2799 bonum
3483 2757 3646 2798 evan-

2060 2839 2301 2908 gelistam
2325 2838 2579 2904 incurrat,
2605 2838 2716 2893 sive
2738 2837 2789 2892 in
2814 2852 2934 2892 eum
2958 2838 3045 2908 qui
3067 2836 3204 2906 quod
3227 2836 3355 2890 dicit
3375 2849 3480 2890 non
3503 2834 3648 2890 facit.

2061 2931 2103 2984 A
2134 2930 2360 2984 Domino
2385 2931 2526 2984 enim
2557 2944 2742 2985 secura
2772 2931 2937 2996 audit,
2976 2927 3143 2997 Vade,
3171 2928 3386 2992 mulier;
3415 2927 3541 2998 ﬁdes
3565 2936 3650 2980 tua

2059 3030 2105 3076 te
2133 3021 2322 3076 salvam
2347 3021 2481 3093 fecit.

2645 3112 2878 3168 SERMO
2914 3113 2955 3168 c
2993 3115 3012 3136 ι
3046 3111 3143 3183 (a).

2059 3205 2138 3260 De
2161 3207 2318 3260 verbis
2345 3205 2605 3276 Evangelii
2632 3205 2804 3273 Lucae,
2836 3206 2920 3259 ubi
2947 3206 3114 3277 agitur
3139 3205 3202 3258 de
3227 3203 3402 3269 tribus,
3435 3219 3650 3274 quorum

2128 3316 2260 3353 unus
2289 3300 2417 3353 dixit
2437 3341 2452 3365 ,
2483 3299 2725 3365 Domine,
2759 3313 2952 3368 sequar
2983 3307 3031 3352 te
3058 3311 3391 3368 quocumque
3419 3296 3574 3361 ieris,
3605 3303 3651 3350 et

2128 3392 2422 3461 reprobatus
2448 3400 2520 3444 est
2538 3409 2558 3457 ;
2587 3391 2718 3444 alius
2757 3405 2857 3444 non
2897 3389 3145 3456 audebat,
3188 3399 3234 3442 et
3269 3389 3512 3443 erceitatus
3541 3396 3650 3451 est;

2128 3484 2302 3538 tertius
2323 3483 2607 3551 (li/ferebat,
2627 3493 2673 3537 et
2693 3484 2927 3552 culpatus
2943 3491 3034 3537 est.
3057 3480 3183 3550 Cap.
3204 3497 3278 3547 Ix,
3313 3481 3349 3551 ᾗ
3369 3479 3534 3536 57-69.
3553 3479 3646 3550 (b).

2128 3575 2353 3631 CAPUT
2401 3575 2678 3632 PRIMUM.
2711 3606 2782 3616 —
2817 3577 2868 3630 l.
2900 3574 3002 3629 Cur
3043 3573 3339 3646 reprobatur
3377 3573 3465 3645 qui
3491 3573 3649 3642 proﬁo

2057 3677 2282 3727 tetur.se
2323 3677 2610 3721 secuturum
2653 3667 2924 3722 Christum.
2951 3667 3028 3721 De
3078 3666 3309 3736 capitulo
3352 3665 3644 3735 Evangelii.

2056 3760 2200 3832 quod
2229 3760 2485 3815 Dominus
2510 3759 2747 3825 donavit,
2775 3758 2974 3814 audite.
3004 3758 3222 3813 Lectum
3247 3767 3328 3812 est
3350 3758 3516 3823 enim,
3542 3757 3648 3811 Do-

2057 3855 2259 3910 minum
2282 3854 2462 3909 Jesum
2486 3854 2796 3910 differenter
2819 3854 3013 3924 egisse,
3041 3868 3160 3908 cum
3187 3851 3380 3906 obtulit
3403 3867 3461 3906 se
3487 3864 3643 3916 unus,

2056 3956 2111 4002 ut
2138 3962 2260 4004 eum
2291 3955 2634 4016 sequeretur,
2667 3955 2720 4002 et
2748 3945 3061 4016 reprobatus
3091 3953 3206 4011 est;
3245 3943 3380 3998 alius
3416 3957 3523 3998 non
3552 3957 3646 3997 au-

2055 4039 2234 4107 debat,
2263 4052 2315 4094 et
2338 4040 2598 4094 excitatus
2619 4048 2702 4096 est
2724 4040 2770 4105 ¹;
2801 4039 2986 4093 tertius
3009 4036 3304 4103 dilierebat,
3331 4044 3383 4092 et
3405 4036 3646 4106 culpatus

2055 4145 2156 4190 est.
2190 4133 2338 4200 Quod
2379 4135 2521 4189 enim
2552 4133 2722 4198 dixit,
2765 4132 3005 4195 Domine,
3042 4147 3221 4201 sequar
3257 4140 3302 4186 te
3336 4145 3644 4202 quocumque

2051 4230 2205 4294 ieris;
2234 4227 2358 4299 quid
2401 4236 2504 4282 tam
2532 4234 2832 4296 promptum
2853 4266 2868 4292 ,
2901 4224 3024 4294 quid
3043 4232 3147 4278 tam
3175 4223 3454 4293 impigrum
3475 4263 3491 4289 ,
3519 4221 3644 4292 quid

2055 4332 2160 4377 tam
2193 4329 2433 4392 paratum
2454 4359 2468 4384 ,
2501 4329 2555 4374 et
2582 4318 2707 4390 quid
2735 4319 2800 4372 ad
2829 4326 3030 4372 tantum
3059 4317 3252 4371 bonum
3288 4315 3643 4387 aptissimum,

2053 4415 2199 4485 Sequi
2233 4415 2515 4468 Dominum
2560 4424 2896 4482 quocumque
2937 4409 3094 4464 ierit?
3136 4407 3345 4463 Miraris
3385 4406 3522 4471 hoe,
3562 4406 3646 4461 di-

2053 4525 2180 4564 cens
2196 4511 2216 4540 ¹
2243 4527 2255 4562 :
2278 4505 2411 4574 Quid
2435 4505 2655 4568 esthoc,
2681 4504 2818 4575 quod
2839 4504 3092 4575 magistro
3112 4503 3253 4558 bono
3274 4501 3498 4555 Domino
3518 4498 3646 4554 Jesu

2052 4599 2266 4659 Christo
2295 4598 2534 4652 invitanti
2561 4596 2868 4665 discipulos,
2896 4594 3088 4665 quibus
3113 4593 3263 4648 daret
3285 4606 3509 4662 regnum
3536 4603 3647 4646 cce-

2055 4691 2246 4760 lorum,
2272 4689 2538 4761 displicuit
2561 4696 2668 4742 tam
2691 4685 2944 4758 paratus?
2975 4684 3080 4745 Sed
3105 4685 3226 4755 quia
3253 4683 3370 4739 talis
3393 4681 3648 4752 magister

2053 4792 2188 4850 erat,
2213 4783 2299 4854 qui
2322 4781 2492 4838 futura
2516 4779 2850 4851 praevideret,
2870 4778 3232 4847 intelligimus,
3253 4775 3462 4839 fratres,
3484 4774 3642 4828 istum

2053 4875 2356 4942 hominem,
2398 4875 2440 4928 si
2479 4880 2789 4943 sequeretur
2821 4869 3115 4933 Christum,
3157 4881 3252 4924 sua
3294 4865 3641 4936 quaesiturum

2053 4969 2249 5036 fuisse,
2288 4983 2394 5022 non
2439 4982 2557 5038 qum
2595 4966 2719 5020 Jesu
2747 4963 2964 5019 Christi.
2996 4962 3113 5033 Ipse
3142 4961 3282 5018 enim
3313 4959 3446 5014 dixit
3475 4977 3488 5013 :
3520 4960 3641 5015 Non

2053 5061 2235 5130 omnis,
2264 5060 2350 5133 qui
2379 5060 2497 5113 dicit
2524 5058 2677 5124 mihi,
2708 5056 2951 5122 Domine,
2979 5055 3220 5120 Domine,
3248 5053 3452 5106 intrabit
3481 5053 3531 5106 in
3558 5069 3638 5107 re-

2053 5171 2206 5226 gnum
2228 5153 2464 5208 coelorum
2491 5151 2701 5226 (Matth.
2725 5149 2893 5214 vnﬂl
2911 5151 2948 5221 ).
2964 5149 3142 5203 Etisle
3171 5147 3235 5202 de
3255 5147 3382 5218 ipsis
3406 5147 3522 5214 fuit,
3541 5161 3643 5203 nec

2055 5345 2057 5348 .
2118 5296 2134 5326 ί
2162 5293 2350 5356 Aliquot
2385 5298 2492 5340 Mss.
2529 5290 2608 5340 hic
2641 5289 2761 5339 etin
2783 5286 3020 5337 sermonis
3042 5281 3200 5344 titulo,
3231 5281 3403 5334 citatus
3425 5289 3510 5332 est.
3529 5289 3640 5342 Qut-

2054 5359 2181 5415 dam,
2206 5354 2457 5406 suscitatus
2473 5359 2560 5403 est.

2117 5423 2137 5451 ³
2163 5407 2387 5480 tuerique
2409 5423 2538 5464 Mss.:
2564 5409 2921 5480 Mirm-ishodie
2949 5407 3108 5480 {Quid
3122 5415 3199 5480 _est
3220 5407 3324 5480 hoc,
3345 5416 3440 5458 etc.

2059 5529 2064 5534 ,
2118 5485 2133 5500 '
2161 5467 2594 5529 Hune'sermonem
2615 5475 2903 5525 contulimus
2919 5472 2978 5520 ad
2999 5467 3106 5523 tres
3122 5472 3204 5520 hu.
3221 5479 3271 5520 et
3287 5481 3491 5533 quatuor
3505 5469 3566 5518 el.
3581 5467 3642 5520 ad

2058 5545 2192 5596 a.ch.
2212 5543 2244 5590 f.
2267 5547 2388 5603 i's.g.
2406 5541 2461 5589 lr.
2480 5554 2541 5587 m.
2559 5536 2800 5603 p.rm.vd.
2819 5545 2992 5603 et_AIn.
3029 5540 3101 5584 PJ‘.
3125 5541 3226 5582 Par.
3253 5539 3362 5582 [ον.

2118 5607 2189 5668 (a)
2215 5599 2365 5662 Alias:
2381 5604 2446 5650 de
2469 5599 2636 5668 verbis
2658 5599 2836 5668 Domini
2856 5601 2903 5648 7.

2119 5659 2188 5730 (li)
2215 5668 2295 5715 llic
2316 5659 2477 5730 sermo
2499 5665 2549 5712 in
2575 5661 2706 5730 ’ξιοζί
2731 5659 3018 5730 collectione
3057 5659 3129 5730 ad_
3162 5666 3289 5708 Rom.
3306 5673 3386 5730 _:_<t,
3431 5664 3642 5730 notatur,

2063 5750 2084 5777 ει
2108 5720 2182 5802 tu;
2200 5729 2361 5802 verbis
2384 5725 2624 5802 Evangelii
2647 5724 2918 5802 decimus»
2940 5737 3038 5788 quo
3060 5724 3220 5788 reipsa
3235 5722 3402 5771 ordine
3425 5720 3641 5802 ccutiat»

2056 5803 2133 5851 tur
2157 5793 2204 5842 in
2223 5790 2494 5840 Colhertino
2513 5784 2680 5839 codice
2702 5784 2811 5838 821.
