4006 6428
434 436 513 493 sis
546 448 619 491 το
645 434 772 507 ipsa
806 437 1069 498 nam,
1102 427 1375 501 quem
1406 414 1651 482 inediam
1681 422 2012 495 inspiciebat.

434 529 768 609 liumn'jam
795 519 1749 592 mﬁemmspoctabaﬁsijam
1772 517 2015 572 dolosam

433 631 495 680 et
510 620 827 678 insidiosu-
849 630 909 674 su
930 624 1175 681 novarat,
1197 614 1284 670 cui
1311 613 1616 682 loqueretur
1644 620 1748 663 non
1772 614 2012 662 novet-at.

434 713 831 789 lunatum.
859 700 1681 782 dequoaitemgelista:Non
1706 713 1836 771 opus
1860 699 2015 754 habe-

433 809 515 862 bat
541 817 599 861 ut
618 806 882 877 quicquam
910 804 961 858 ei
999 801 1336 857 testimonium
1364 796 1639 869 perhiberet
1674 794 1741 850 de
1776 788 1975 848 hdntine
1995 808 2015 848 :

431 892 1552 969 ίμωειίπικῡοιωσιεάωειίηιιοηιεηι
1588 885 2013 962 (Jm.n-,as).

432 988 567 1056 Quid
594 1003 725 1059 ergo
746 987 1060 1059 respondit?
1098 985 1284 1057 Vulpes
1302 988 1476 1057 {om
1499 983 1701 1049 lubeat,
1726 990 1772 1035 el
1791 977 2017 1036 volatilia

431 1082 541 1139 cali
568 1081 719 1135 nidus
740 1096 767 1136 τ
795 1079 963 1135 Filius
988 1086 1156 1134 autem
1183 1078 1400 1132 [taurinis
1441 1092 1542 1129 non
1575 1073 1721 1128 habet
1756 1071 1838 1125 ubi
1866 1078 2017 1141 caput

430 1191 577 1227 suum
605 1173 827 1228 reclinet.
856 1172 962 1228 Sed
988 1172 1079 1227 tibi
1112 1186 1216 1225 non
1244 1168 1438 1224 habet?
1467 1168 1522 1223 lu
1555 1167 1656 1221 [ide
1682 1174 1787 1221 tua.
1818 1163 2016 1232 Vulpes

434 1265 575 1320 enim
600 1263 804 1319 habent
826 1262 1006 1319 faveas
1033 1263 1085 1316 in
1110 1261 1272 1317 corde
1298 1270 1408 1326 tuo,
1433 1258 1646 1313 dolosus
1664 1272 1726 1312 es
1749 1272 1762 1313 :
1787 1254 2015 1309 volatilia

432 1356 555 1412 εωιί
585 1356 784 1412 habent
810 1356 967 1411 nidos
994 1356 1047 1410 in
1074 1354 1240 1410 corde
1268 1363 1377 1417 tuo,
1409 1353 1583 1407 elatus
1604 1366 1681 1407 es.
1715 1349 1937 1403 Dolosus
1963 1355 2019 1401 et

434 1450 640 1517 elatus,
671 1465 779 1506 non
802 1458 893 1505 me
919 1448 1177 1521 segnes-is.
1211 1447 1491 1514 Quomodo
1528 1444 1763 1516 sequitur
1801 1442 2019 1498 dolosas

435 1542 872 1612 Wheat?

500 1633 561 1687 θ.
602 1634 743 1689 Alter
784 1651 820 1688 α
856 1632 1054 1688 Clu-isto
1099 1640 1324 1687 vocatus.
1352 1629 1551 1684 Pietate
1590 1626 1785 1682 carnali
1812 1624 2019 1690 differre

445 1725 615 1781 solens
643 1732 866 1797 urgetur.
908 1722 1151 1779 Parentes
1193 1723 1443 1795 quomodo
1489 1718 1793 1775 honorandi.
1826 1716 2020 1771 Μοτιυὶ

450 1824 679 1874 mortus
744 1817 1051 1890 sepelientes.
1126 1815 1380 1872 Ordinare
1439 1814 1752 1869 charitatem.
1822 1811 1888 1866 Et
1950 1809 2019 1865 ad

447 1911 673 1967 alterum
710 1911 960 1966 continuo
998 1918 1282 1973 tacentem,
1315 1917 1368 1962 et
1405 1907 1537 1961 nihil
1569 1906 1855 1967 dicentem,
1887 1901 2021 1956 nihil

440 2005 840 2074 promittentem
876 2002 1029 2069 dicit,
1077 2001 1297 2072 Sequere
1341 2017 1438 2055 me.
1483 1998 1750 2068 Quantum
1791 1995 1914 2049 mali
1966 1995 2018 2049 in

442 2095 554 2162 ὕει),
582 2105 789 2151 tantum
830 2094 954 2150 boni
984 2093 1195 2148 videbat
1220 2093 1275 2146 in
1316 2092 1439 2148 isto.
1486 2090 1706 2160 Sequere
1745 2105 1842 2153 nte,
1885 2087 2021 2143 dicis

442 2187 664 2243 nolenti.
712 2187 851 2242 Ecce
897 2174 1062 2241 habes
1104 2185 1379 2240 hominem
1423 2191 1683 2253 paratum.
1736 2180 1934 2250 Sequar
1974 2189 2021 2233 te

444 2288 757 2349 manusque
800 2277 919 2333 ieris
947 2292 966 2331 :
1006 2284 1060 2332 et
1100 2285 1156 2330 tu
1197 2276 1329 2331 dicis
1370 2273 1589 2339 nolenti,
1637 2272 1858 2342 Sequere
1899 2269 2021 2324 nte?

444 2367 629 2435 Istum
672 2370 866 2440 inquit,
911 2368 1155 2435 declino;
1197 2367 1322 2438 quia
1348 2365 1501 2421 video
1526 2364 1599 2419 ibi
1636 2362 1836 2429 foveas,
1868 2361 2022 2416 video

443 2460 618 2516 nidos.
661 2461 798 2530 Quid
826 2476 956 2531 ergo
1000 2460 1257 2516 molestus
1279 2467 1364 2515 est
1406 2458 1548 2525 huic,
1580 2472 1737 2527 quem
1768 2470 2026 2525 provocas

446 2561 503 2608 et
542 2554 802 2608 excusat?
852 2552 993 2608 Ecce
1042 2552 1200 2607 etiam
1245 2550 1541 2620 compellis,
1589 2557 1643 2604 et
1691 2564 1794 2602 non
1840 2546 2023 2612 venit;

451 2640 786 2711 hortaris,et
813 2658 918 2698 non
944 2644 1203 2713 sequitur.
1232 2641 1367 2709 Quid
1391 2642 1532 2711 enim
1561 2640 1722 2696 dicit?
1762 2638 1854 2695 Ibo
1885 2640 2027 2708 prius

444 2734 655 2803 sepelire
697 2743 891 2803 patrem
917 2751 1099 2789 meum.
1133 2733 1293 2789 Fides
1336 2733 1514 2788 cordis
1557 2732 1672 2802 ejus
1716 2730 1939 2786 Domino
1967 2745 2026 2785 se

446 2825 762 2881 ostendebat
805 2843 820 2880 :
867 2826 962 2882 sed
1006 2826 1174 2896 pietas
1216 2825 1513 2881 dill'erehal.
1556 2823 1811 2879 Dominus
1851 2831 2025 2875 autem

446 2915 696 2972 Christus
740 2916 952 2987 quando
999 2925 1150 2986 parat
1192 2918 1437 2973 homines
1479 2915 1782 2985 Evangelio,
1829 2914 2026 2969 nullam

450 3009 847 3064 excusationem
876 3009 989 3064 vult
1017 3010 1279 3078 interponi
1320 3010 1548 3064 carnalis
1577 3008 1732 3075 hujus
1762 3015 2029 3076 tempora-

447 3104 621 3175 lisque
655 3104 883 3175 pietatis.
912 3103 1038 3160 Haec
1066 3104 1281 3174 quidem
1309 3112 1363 3159 et
1388 3103 1471 3157 lex
1499 3101 1595 3156 Dei
1623 3100 1800 3166 habet,
1830 3109 1885 3155 et
1914 3099 2027 3169 ipse

446 3194 708 3252 Dominus
751 3194 927 3265 arguit
975 3194 1227 3260 Judaeos,
1279 3193 1401 3262 quia
1453 3192 1799 3247 destruebant
1851 3191 2025 3260 ipsum

446 3284 755 3341 mandatum
787 3285 906 3342 Dei.
954 3285 1025 3340 Et
1052 3284 1247 3339 Paulus
1272 3282 1542 3348 apostolus
1571 3283 1625 3336 in
1655 3281 1894 3352 Epistula
1931 3296 2027 3337 sua

444 3377 630 3447 posuit
646 3416 663 3445 ,
688 3387 744 3433 et
765 3375 900 3432 dixit
927 3393 942 3432 :
976 3374 1089 3431 Hoc
1110 3383 1184 3431 est
1210 3382 1504 3429 mandatum
1533 3375 1748 3444 primum
1777 3374 1830 3428 in
1854 3389 2029 3443 repro-

446 3468 701 3523 missione.
746 3466 944 3535 Quod?
994 3466 1210 3521 'Honora
1258 3475 1456 3537 patrem
1504 3474 1682 3531 tuum,
1732 3472 1777 3520 et
1820 3472 2030 3518 matrem

448 3565 590 3612 litata
618 3557 839 3629 (Ephes.
868 3573 945 3623 vr,
975 3558 1054 3630 2).
1097 3558 1238 3614 Deus
1265 3557 1446 3628 utique
1471 3556 1623 3612 dixit.
1652 3554 1877 3612 Volebat
1902 3570 2030 3628 ergo

451 3647 554 3703 iste
594 3646 806 3718 iuvenis
850 3648 1218 3719 obtemperare
1263 3648 1396 3715 Deo,
1452 3656 1508 3704 et
1552 3647 1779 3718 sepelire
1825 3656 2026 3717 patrem

448 3752 604 3795 suum
634 3757 650 3794 :
679 3739 773 3795 sed
800 3747 882 3796 est
906 3741 1077 3808 locus,
1113 3749 1171 3796 et
1210 3750 1294 3796 est
1320 3749 1549 3810 tempus,
1579 3747 1634 3794 et
1659 3746 1743 3795 est
1771 3721 1879 3805 res,
1910 3753 2030 3806 qua:

448 3827 575 3885 huic
611 3828 711 3897 rei,
743 3829 869 3886 huic
894 3830 1142 3901 tempori,
1189 3830 1313 3885 buic
1343 3830 1462 3886 loco
1489 3829 1706 3885 serviat.
1750 3828 2031 3884 Honoran-

448 3919 550 3977 dus
588 3929 672 3977 est
710 3930 886 3992 pater,
925 3923 1021 3979 sed
1062 3922 1416 3979 obediendum
1463 3931 1547 3979 est
1581 3923 1713 3979 Deo.
1753 3922 2031 3978 Amandus

449 4022 537 4068 est
560 4021 878 4084 generator,
922 4013 1018 4071 sed
1062 4015 1450 4085 praeponendos
1492 4023 1575 4070 est
1600 4014 1842 4069 Creator.
1890 4013 2025 4084 Ego,

453 4102 659 4173 inquit,
703 4103 771 4158 ad
795 4100 1137 4175 Evangelium
1169 4114 1221 4161 te
1245 4120 1378 4161 voco
1396 4146 1411 4171 ,
1453 4105 1519 4161 ad
1548 4105 1691 4160 aliud
1736 4119 1870 4175 opus
1898 4104 2029 4159 mihi

446 4194 790 4250 necessarius
816 4209 876 4252 es
901 4212 915 4250 :
937 4195 1107 4266 majus
1132 4206 1214 4252 est
1239 4197 1360 4265 hoc,
1383 4211 1541 4267 quam
1565 4196 1705 4266 quod
1728 4196 1807 4251 vis
1832 4194 2026 4250 facere.

451 4285 580 4343 Siue
606 4295 828 4342 mortuos
855 4287 1065 4359 sepelire
1102 4298 1327 4343 mortuos
1371 4304 1507 4343 suos.
1554 4287 1713 4341 Pater
1739 4296 1860 4342 tuus
1887 4302 2030 4342 mor-

450 4389 575 4435 tuus
614 4388 698 4435 est
740 4396 754 4434 :
800 4387 927 4435 sunt
971 4379 1063 4435 alii
1099 4379 1292 4435 mortui
1336 4379 1426 4451 qui
1473 4378 1733 4449 sepeliant
1768 4376 2023 4435 mortuos.

455 4469 651 4526 Μοτιυί
680 4471 997 4541 sepelienles
1025 4468 1268 4527 mortuos
1295 4470 1387 4543 qui
1414 4471 1579 4526 sunt?
1609 4471 1859 4527 Potestne
1886 4488 2029 4527 mor-

451 4570 574 4618 tuus
621 4576 653 4616 a
698 4561 923 4617 mortuis
973 4560 1228 4631 sepeliri?
1304 4559 1583 4632 Quomodo
1635 4561 1936 4629 involvunt,
1979 4562 2028 4620 si

455 4654 654 4709 mortui
677 4654 836 4710 sunt?
861 4654 1129 4727 quomodo
1152 4662 1386 4726 portant,
1416 4656 1459 4713 si
1491 4656 1685 4712 mortui
1710 4655 1871 4712 sunt?
1898 4672 2030 4729 quo—

452 4743 614 4800 modo
653 4745 943 4827 plangunt,
992 4746 1038 4801 si
1074 4747 1269 4802 mortui
1313 4748 1476 4803 sunt?
1527 4748 1595 4804 Et
1616 4748 1918 4816 involvunt,
1974 4758 2029 4806 et

454 4846 703 4909 portant,
745 4846 800 4895 et
827 4838 1114 4911 plangunt,
1143 4849 1198 4896 et
1225 4841 1423 4898 mortui
1448 4850 1572 4899 sunt
1598 4860 1612 4898 :
1639 4844 1761 4916 quia
1786 4843 2028 4901 inﬁdeles

449 4940 594 4986 sunt.

522 5010 748 5081 CAPUT
788 5023 852 5081 ιι.
894 5056 967 5067 -
1006 5026 1197 5082 Docuit
1237 5041 1339 5083 nos
1377 5025 1519 5098 quod
1558 5028 1811 5099 scriptum
1851 5037 1935 5085 est
1969 5028 2025 5084 in

449 5114 670 5173 Cantica
711 5117 1074 5188 canticorum,
1124 5118 1332 5175 dicente
1375 5119 1644 5189 Ecclesia,
1689 5119 1932 5176 Ordinate
1971 5121 2026 5177 in

438 5214 532 5262 me
559 5211 853 5265 charitatem
880 5210 1050 5280 (Cant.
1087 5229 1152 5279 ιι,
1180 5211 1215 5266 4
1239 5208 1281 5283 ).
1305 5211 1442 5279 Quid
1470 5219 1573 5279 est,
1604 5211 1843 5268 Ordinale
1866 5213 1920 5268 in
1948 5229 2026 5269 me

451 5297 748 5353 citarilalem
763 5300 790 5354 γ
828 5299 1012 5357 Facite
1034 5302 1227 5372 gradus
1245 5342 1260 5367 ,
1312 5310 1366 5357 et
1392 5303 1592 5372 cuique
1615 5303 1755 5373 quod
1779 5304 2022 5373 debetur,

452 5390 734 5446 restituite.
796 5389 975 5447 Nolite
1034 5395 1299 5449 anteriora
1346 5395 1730 5464 posterioribus
1778 5397 2022 5456 subdere.

453 5480 645 5536 Amate
688 5490 957 5551 parentes,
1008 5484 1101 5538 sed
1146 5486 1440 5557 pris-ponite
1488 5487 1655 5543 Deum
1698 5491 2035 5561 parentibus.‘

452 5571 723 5628 Attendite
747 5581 972 5629 matrem
994 5572 1410 5633 Machabaeorum
1439 5597 1451 5635 :
1476 5577 1621 5647 Filii,
1651 5580 1836 5653 inquit,
1863 5584 2026 5639 nescio

451 5663 704 5737 quomodo
731 5666 1045 5735 apparuistts
1065 5667 1121 5722 in
1156 5677 1347 5727 senm.
1386 5670 1691 5744 Concipere
1713 5688 1808 5729 vos
1850 5675 2022 5745 potui,

516 5778 536 5813 ⁸
559 5784 690 5845 Ias.
709 5775 951 5844 sperata.

1647 309 1705 367 S.
1746 302 2117 365 Αυευδςηιι
2148 304 2466 363 EPISCOPI

3605 304 3719 371 ω

2129 435 2318 490 parcre
2344 436 2439 476 vos
2483 419 2665 491 potui;
2710 418 2949 477 formare
2986 434 3094 475 non
3132 421 3285 495 potui
3330 439 3344 477 :
3391 421 3545 479 illum
3581 436 3715 494 ergo

2123 511 2339 578 audito,
2390 512 2542 567 illum
2572 512 2701 566 mihi
2728 513 3063 584 praponite;
3106 513 3271 570 nolite
3295 513 3612 582 attendere,
3643 529 3715 570 ne

2123 602 2241 656 sine
2266 602 2415 657 vobis
2455 617 2782 659 remaneant.
2842 603 3125 673 Praecepit,
3171 614 3227 659 et
3272 605 3436 659 secuti
3484 613 3607 660 siml
3633 602 3715 676 (ll

2124 692 2362 747 Hac/tab.
2389 693 2509 765 vn).
2558 694 2709 762 Quod
2743 695 2925 751 docuit
2945 706 3119 751 mater
3154 680 3313 761 ﬁlios,
3359 696 3460 750 hoc
3487 696 3715 752 docebat

2121 782 2378 873 Dominus
2393 786 2547 844 Jesus
2559 786 2803 845 Christus
2818 791 2978 846 istum
3003 788 3088 845 cui
3111 787 3346 857 dicebat,
3373 787 3592 859 Sequere
3610 804 3713 842 me.

2195 901 2249 956 δ.
2276 899 2477 956 Tertius
2504 900 2574 957 ad
2600 917 2720 958 suos
2739 902 3009 972 respiciens
3030 902 3285 973 ηαμακερ.
3315 901 3515 957 ιςιοσιεο
3538 915 3719 956 ωσι..

2121 990 2241 1046 dum
2266 993 2509 1063 gratiam.
2570 993 2703 1062 Quis
2749 1006 2894 1049 nunc
2928 992 3063 1049 aiius
3110 993 3409 1062 discipulus
3450 992 3609 1047 misit
3648 1006 3716 1046 se

2126 1082 2181 1138 in
2224 1083 2438 1151 medio,
2481 1084 2569 1140 cui
2618 1100 2779 1140 nemo
2814 1084 3011 1155 aliquid
3047 1084 3183 1140 dixit
3231 1100 3245 1137 :
3307 1083 3595 1153 Prosequar
3638 1092 3712 1149 te,

2121 1175 2357 1243 Domine,
2395 1178 2513 1240 ait;
2552 1177 2642 1231 sed
2677 1176 3049 1248 uadoprimum
3087 1177 3377 1230 renuntiare
3415 1175 3496 1229 his
3528 1175 3619 1245 qui
3658 1175 3714 1229 in

2125 1267 2275 1322 domo
2299 1275 2437 1321 sunt.
2471 1266 2643 1324 Credo
2674 1267 2762 1324 hic
2784 1283 2978 1323 sensus
3003 1277 3084 1323 est
3116 1285 3129 1322 :
3169 1267 3418 1323 Nuntium
3445 1267 3608 1331 meis,
3642 1282 3719 1322 ne

2122 1356 2262 1413 forte
2287 1358 2556 1429 quomodo
2581 1358 2694 1414 tieri
2724 1359 2879 1426 solet,
2912 1368 3149 1429 quaerant
3176 1373 3281 1413 met
3310 1358 3378 1413 Et
3405 1358 3703 1413 Dominus:

2126 1451 2292 1506 Nemo
2342 1468 2532 1524 ponens
2582 1469 2789 1507 manum
2839 1469 2988 1523 super
3039 1461 3304 1517 aratrum,
3346 1460 3396 1505 et
3439 1451 3715 1521 respiciens

2121 1554 2277 1609 retro,
2308 1553 2459 1613 aptus
2488 1553 2560 1599 est
2585 1561 2740 1614 regno
2768 1544 3027 1598 caelorum.
3060 1542 3227 1598 Vocat
3253 1552 3304 1598 te
3327 1542 3543 1609 Oriens,
3571 1550 3628 1598 et
3655 1550 3716 1597 tu

2121 1636 2350 1691 attendis
2375 1635 2738 1691 Occidentem.
2788 1634 2847 1689 in
2893 1635 2996 1690 hoc
3031 1635 3260 1705 capitulo
3301 1633 3403 1688 hoc
3429 1631 3711 1696 discimus,

2123 1727 2375 1797 quoniam
2422 1743 2557 1797 quos
2602 1727 2767 1783 voluit
2808 1726 3126 1794 Dominus,’
3156 1726 3253 1780 hos
3294 1725 3474 1795 elegit.
3530 1723 3720 1794 Elegit

2128 1826 2342 1886 autem,
2386 1819 2524 1874 sicut
2569 1818 2699 1873 dicit
2750 1818 3081 1888 Apostolus,
3125 1826 3181 1873 et
3219 1816 3508 1872 secundum
3556 1828 3717 1870 suam

2120 1911 2363 1980 gratiam,
2420 1920 2474 1966 et
2537 1910 2870 1967 secundum.
2910 1910 3124 1965 illorum
3205 1909 3483 1979 justitiam.
3563 1907 3718 1963 Talia

2125 2003 2268 2056 enim
2314 2011 2439 2057 sunt
2481 2003 2647 2058 verba
2691 2002 2934 2073 Apostoli
2978 2019 2992 2055 :
3031 2002 3301 2068 Altendite,
3354 2001 3542 2071 inquit,
3590 1999 3720 2070 quid

2123 2091 2244 2145 dicit
2306 2092 2449 2148 Elius
2503 2109 2524 2148 .'
2574 2092 2790 2149 Domine
2821 2134 2837 2160 ,
2868 2092 3153 2162 Pr0phelas
3218 2102 3327 2147 luas
3401 2090 3716 2159 occiderunt,

2123 2182 2307 2235 altaria
2352 2192 2439 2236 tua
2485 2193 2788 2250 everterunt,
2838 2192 2884 2237 el
2928 2199 3017 2253 ego
3064 2181 3268 2236 relictus
3315 2184 3427 2236 sum
3464 2182 3620 2247 solus,
3671 2190 3721 2235 el

2122 2282 2348 2342 quaerunt
2396 2274 2621 2327 animam
2664 2291 2842 2328 meam.
2901 2271 3008 2329 Sed
3047 2273 3169 2345 quid
3204 2273 3280 2326 illi
3336 2273 3455 2326 dicit
3503 2289 3719 2344 respon-

2124 2382 2236 2420 sum
2261 2366 2487 2420 divinum
2509 2367 2535 2420 ?
2562 2365 2764 2436 Reliqui
2789 2366 2913 2419 mihi
2940 2376 3127 2437 septem
3158 2365 3320 2419 millia
3349 2366 3589 2430 virorum,
3625 2362 3721 2435 qui

2127 2475 2228 2513 non
2253 2470 2582 2513 curvaverant
2609 2476 2773 2531 genua
2797 2468 2914 2513 ante
2940 2456 3093 2512 Bonl.
3123 2457 3303 2515 Solum
3331 2466 3384 2514 te
3414 2466 3567 2529 putas
3595 2472 3723 2514 esse
3801 2442 3809 2449 ’

2131 2566 2347 2607 servum
2377 2551 2516 2607 bene
2556 2552 2882 2606 laborantem
2915 2569 2928 2604 :
2961 2559 3166 2606 suntet
3204 2550 3292 2605 alii
3331 2567 3417 2605 me
3446 2552 3719 2617 timentes,

2133 2654 2186 2700 et
2217 2660 2322 2699 non
2354 2644 2527 2715 pauci.
2574 2645 2704 2699 Nam
2732 2655 2934 2715 septem
2964 2644 3131 2699 millia
3174 2634 3248 2699 ibi
3286 2641 3476 2698 habeo.
3524 2642 3594 2698 Et
3619 2636 3721 2698 ad-

2128 2733 2306 2805 iunxit
2333 2751 2347 2788 :
2381 2734 2472 2789 Sic
2501 2752 2620 2807 ergo
2651 2744 2696 2790 et
2721 2735 2773 2788 in
2802 2736 2895 2789 hoc
2925 2743 3164 2805 (corpore.
3186 2730 3545 2788 Crediderunt
3572 2731 3721 2789 enim

2129 2825 2291 2897 aliqui
2314 2824 2519 2894 Judaei,
2562 2835 2616 2882 et
2646 2825 2797 2880 multi
2842 2824 3055 2880 fuerunt
3098 2823 3370 2895 reprobati
3414 2841 3428 2878 :
3478 2824 3615 2879 sicut
3660 2832 3720 2880 et

2131 2906 2222 2971 ille
2251 2917 2339 2987 qui
2371 2915 2608 2987 vulpium
2654 2915 2830 2971 foveas
2854 2916 3097 2987 gestabat
3124 2916 3177 2970 in
3208 2915 3406 2970 animo.
3453 2914 3543 2970 Sic
3570 2930 3717 2986 ergo,

2130 3004 2322 3077 inquit,
2356 3016 2401 3061 el
2431 3009 2482 3062 in
2513 3007 2608 3062 hoc
2641 3017 2880 3078 tempore,
2911 3006 3139 3077 reliquus
3167 3022 3255 3078 per
3285 3007 3570 3061 electionem
3593 3024 3721 3078 gra-

2131 3098 2214 3152 tia:
2246 3096 2399 3153 salvto
2442 3097 2591 3169 factm
2624 3107 2739 3153 sunt
2768 3114 2788 3153 :
2814 3097 2866 3153 id
2910 3106 3013 3164 cst,
3061 3097 3200 3154 idem
3228 3097 3473 3154 Christus
3505 3108 3587 3154 est
3621 3098 3725 3169 qui

2133 3195 2278 3254 tunc,
2331 3197 2384 3243 ct
2426 3187 2610 3255 modo,
2652 3188 2738 3258 qui
2776 3197 2827 3244 et
2869 3186 2942 3242 illi
2989 3194 3114 3244 tunc
3158 3187 3285 3242 Elia:
3322 3186 3476 3254 dixit,
3513 3184 3730 3257 Reliqui

2131 3280 2275 3333 mihi.
2321 3274 2458 3349 Quid
2490 3288 2593 3345 est,
2631 3274 2834 3349 Reliqui
2870 3278 2996 3333 mihi
3016 3278 3042 3334 .’
3082 3279 3196 3350 Ego
3240 3277 3358 3334 illos
3392 3278 3561 3350 elegi,
3593 3279 3726 3349 quia

2130 3370 2236 3426 vidi
2266 3374 2469 3427 mentes
2499 3370 2712 3427 illorum
2744 3369 2810 3426 de
2847 3384 2930 3426 me
2965 3376 3369 3442 przesumenles,
3401 3382 3507 3426 non
3534 3370 3603 3426 de
3629 3385 3716 3438 se,

2132 3466 2230 3518 nec
2261 3460 2326 3517 de
2350 3454 2500 3517 Baal.
2532 3460 2647 3518 Non
2676 3470 2799 3517 sunt
2826 3462 3034 3528 mutati,
3066 3462 3142 3518 sic
3170 3469 3293 3518 sunt
3319 3472 3377 3517 ut
3403 3476 3433 3517 a
3468 3472 3555 3518 me
3584 3458 3722 3518 iacti

2132 3560 2274 3607 sunt.
2321 3553 2388 3608 Et
2434 3560 2495 3608 tu
2536 3553 2625 3624 qui
2674 3552 2931 3624 loqueris,
2979 3553 3081 3608 nisi
3114 3551 3183 3609 de
3218 3567 3304 3608 me
3342 3564 3720 3623 praesumens,

2131 3638 2221 3698 ubi
2248 3642 2428 3699 esses?
2450 3643 2562 3699 Nisi
2602 3646 2769 3715 gratia
2804 3657 2922 3699 mea
2950 3643 3138 3713 plenus
3166 3652 3334 3712 esses,
3382 3656 3560 3699 nonne
3586 3650 3717 3698 ante

2132 3730 2257 3789 Baal
2302 3735 2459 3790 etiam
2504 3735 2619 3807 ipse
2664 3746 2804 3806 genu
2850 3730 3136 3791 uectores?
3178 3734 3364 3792 Gratia
3391 3740 3567 3790 autem
3594 3742 3723 3791 mea

2133 3820 2323 3897 plenus
2364 3838 2458 3894 es;
2500 3826 2624 3898 quia
2654 3826 2787 3882 nihil
2830 3827 2898 3883 de
2941 3832 3030 3882 tua
3048 3826 3277 3896 virtute,
3325 3825 3421 3882 sed
3440 3835 3619 3882 totum
3647 3825 3727 3884 de

2132 3937 2252 3978 mea
2292 3922 2458 3994 gratia
2497 3921 2899 3993 prtesumpsisti.
2954 3921 3073 3977 Noli
3111 3930 3238 3992 ergo
3264 3921 3319 3977 in
3347 3919 3448 3976 hoc
3476 3921 3724 3992 gloriari,

2133 4021 2192 4070 ut
2232 4023 2385 4085 putes
2414 4022 2466 4071 te
2502 4000 2564 4069 in
2604 4014 2821 4070 serVitio
2864 4016 2954 4069 tuo
2996 4027 3104 4069 non
3141 4012 3340 4069 habere
3375 4020 3671 4069 conservos
3704 4030 3723 4069 :

2133 4113 2257 4161 sunt
2292 4118 2424 4175 quos
2451 4104 2618 4176 elegi,
2660 4106 2796 4160 sicut
2835 4110 2889 4159 et
2926 4112 2998 4173 te,
3044 4103 3110 4160 de
3140 4112 3235 4160 me
3272 4103 3477 4160 scilicet
3515 4114 3727 4173 praesu-

2132 4198 2339 4251 mentes
2374 4213 2387 4249 :
2421 4195 2559 4251 sicut
2602 4196 2677 4250 ait
2705 4194 3010 4265 Apostolus,
3068 4193 3132 4249 Et
3180 4202 3316 4250 nunc
3355 4194 3584 4267 reliquiis
3626 4201 3731 4268 per

2132 4290 2419 4345 electionem
2444 4290 2620 4362 gratia:
2648 4290 2800 4345 salva:
2827 4290 2975 4359 {certe
3002 4294 3139 4343 sunt.

2201 4372 2425 4440 CAPUT
2472 4370 2557 4438 ΠΙ.
2579 4414 2649 4423 -
2683 4383 2737 4437 4.
2763 4370 2953 4436 Gratiis
2973 4376 3073 4435 Dei
3114 4389 3273 4437 totum
3319 4379 3497 4437 debent
3536 4381 3719 4438 electi.

2135 4468 2301 4544 cave,
2334 4492 2367 4532 o
2397 4476 2703 4541 christiano,
2732 4484 2860 4531 cave
2888 4475 3208 4545 superbiam.
3241 4473 3389 4530 Licet
3416 4474 3562 4531 enim
3586 4474 3722 4532 imi-

2134 4576 2273 4625 tator
2299 4576 2605 4624 sanctorum
2649 4568 2744 4635 sis,
2793 4574 2959 4622 totum
3003 4572 3216 4636 semper
3259 4564 3440 4636 gratia:
3479 4576 3719 4637 reputa:

2131 4661 2253 4732 quia
2284 4667 2341 4715 ut
2375 4667 2518 4715 esset
2546 4657 2745 4729 aliquid
2780 4657 3062 4729 reliquum,
3088 4655 3254 4729 gratia
3290 4655 3343 4712 in
3374 4663 3425 4713 te
3452 4656 3574 4724 Dei,
3606 4672 3721 4715 non

2131 4759 2280 4808 tuum
2307 4752 2554 4808 meritum
2595 4750 2740 4807 fecit.
2781 4750 2853 4807 De
2877 4751 3005 4822 ipsis
3033 4750 3261 4822 denique
3286 4750 3525 4822 reliquiis
3550 4750 3717 4808 dixe-

2129 4855 2214 4902 rat
2264 4844 2524 4917 prOpheta
2572 4842 2736 4901 Isaias
2784 4858 3246 4913 commemorans,
3301 4844 3419 4898 Nisi
3463 4838 3724 4901 Potuimus

2129 4938 2340 4994 sobaollt
2378 4938 2657 5009 reliquisset
2703 4934 2845 4992 nobis
2884 4952 3051 4992 semen
3074 4978 3090 5005 ,
3142 4936 3270 4991 sicut
3317 4934 3545 4992 Sodoma
3590 4939 3725 5009 facti

2127 5036 2368 5100 manus,
2389 5040 2435 5087 et
2460 5032 2590 5087 sicut
2606 5029 2890 5086 Gomorrae
2913 5029 3102 5085 diuites
3128 5030 3399 5103 fuissemus
3415 5028 3569 5101 (hui.
3590 5030 3717 5098 1,-9;

2130 5122 2282 5181 Rom.
2303 5140 2391 5192 ιιι,
2421 5122 2538 5196 29).
2569 5124 2661 5180 Sic
2687 5138 2826 5193 ergo,
2853 5123 3044 5194 inquit,
3072 5123 3197 5177 etin
3225 5124 3319 5177 hoc
3347 5131 3573 5194 κηροῖο
3594 5125 3723 5179 reto-

2129 5219 2264 5290 qu’ite
2308 5230 2397 5289 per
2420 5218 2713 5273 electionem
2732 5217 2910 5289 gratia!
2932 5217 3085 5271 salsa:
3108 5219 3256 5287 facta
3273 5226 3410 5271 sunt.
3435 5217 3498 5272 Si
3521 5226 3715 5286 om

2129 5310 2312 5383 gratia,
2346 5308 2534 5379 inquit,
2554 5308 2668 5379 jam
2711 5320 2815 5361 non
2837 5322 2902 5362 ea:
2929 5305 3204 5376 operibus;
3249 5305 3301 5361 id
3326 5316 3428 5372 est,
3466 5306 3583 5378 jam
3607 5322 3720 5364 non

2130 5402 2197 5458 de
2222 5410 2313 5457 tuo
2354 5402 2550 5456 merito
2573 5400 2891 5456 extollaris:
2922 5401 3147 5473 alioquin
3172 5403 3336 5473 gratia
3369 5402 3483 5473 jam
3515 5416 3620 5456 non
3641 5411 3723 5458 est

2131 5493 2294 5565 gratia
2338 5489 2524 5565 (Rom.
2558 5504 2632 5555 xu,
2658 5489 2806 5563 2-6).
2851 5490 2905 5546 Si
2951 5492 3093 5546 enim
3134 5490 3205 5547 de
3244 5499 3341 5547 tuo
3385 5505 3548 5562 opere
3577 5508 3719 5563 pre-

2130 5584 2293 5639 sumis
2323 5584 2377 5651 ¹;
2410 5596 2539 5653 ergo
2578 5594 2786 5637 merces
2812 5581 2903 5636 tibi
2933 5580 3193 5647 redditur,
3228 5596 3347 5645 non
3374 5583 3543 5653 gratia
3574 5598 3716 5639 cou-

2130 5676 2373 5732 donatur.
2407 5675 2463 5730 Si
2494 5682 2672 5729 autem
2700 5672 2870 5744 gratia
2900 5681 3004 5741 est,
3034 5673 3199 5744 gratis
3227 5673 3404 5732 datur.
3438 5674 3717 5748 Interrogo

2194 5791 2209 5821 ι
2235 5787 2397 5840 Florus
2414 5795 2466 5839 et
2481 5787 2706 5853 plerique
2726 5791 2857 5854 me.
2877 5785 2931 5842 in
2948 5790 3033 5840 tua
3051 5796 3201 5853 opera
3217 5786 3493 5854 prmum“.
