4126 6322
367 299 474 357 605

369 426 509 469 nunc
538 427 551 464 :
581 406 799 475 Credis,
842 419 877 461 ο
917 408 1187 473 peccator,
1235 394 1488 453 Christo?
1535 389 1678 448 Dicis
1706 404 1721 443 :
1747 386 1941 444 Credo.

368 502 504 574 Quid
531 499 741 557 credis?
788 495 969 553 Gratis
993 491 1238 549 universa
1272 495 1489 558 peccata
1519 498 1610 553 per
1643 482 1815 550 ipsum
1852 475 1948 531 tibi

369 568 526 667 pusse
557 584 797 646 remitti?
830 587 1007 642 Habes
1031 581 1171 653 quod
1202 577 1495 635 credidisti.
1522 573 1565 630 Ο
1591 573 1757 645 gratia
1784 568 1948 640 gratis

370 658 490 741 data
516 685 529 740 !
575 682 711 752 Quid
742 692 817 747 tu,
855 679 1024 748 juste,
1048 673 1221 730 credis
1244 681 1294 727 te
1322 671 1436 726 sine
1464 669 1573 722 Deo
1610 680 1715 720 non
1746 675 1903 733 posse
1924 658 1943 689 ⁸

370 750 930 846 servare—justitiam?
979 770 1147 839 lpsius
1193 781 1319 837 ergo
1355 772 1519 818 totum
1556 767 1776 829 reputa,
1809 750 1951 825 quod

367 870 544 942 justus
570 883 647 932 es,
680 864 859 935 pietati
889 881 901 917 :
931 860 1071 932 quod
1098 868 1274 913 autem
1306 856 1553 926 peccator
1576 867 1669 916 es,
1714 856 1817 903 tuae
1845 847 1951 901 ini-

370 940 557 1033 quitati
605 958 869 1014 adscribe.
924 957 1051 1010 Esto
1101 960 1378 1008 accusator
1428 958 1565 1012 tuus,
1616 952 1670 999 et
1716 942 1805 997 ille
1853 940 1953 995 erit

372 1055 607 1111 indultur
638 1064 777 1107 tuus.
829 1050 999 1105 Omne
1042 1048 1183 1102 enim
1214 1045 1415 1099 crimen
1443 1040 1647 1096 facinus
1669 1077 1686 1105 ,
1711 1036 1796 1091 vel
1824 1049 1953 1105 pec-

372 1158 583 1212 eatum,
635 1152 830 1199 nostrae
860 1150 943 1196 est
970 1137 1299 1209 negligentia:
1342 1153 1355 1189 :
1397 1142 1451 1189 et
1490 1130 1663 1186 omnis
1689 1128 1858 1182 virtus
1898 1132 1954 1180 et

372 1242 649 1306 sanctitas,
698 1238 793 1293 Dei
840 1243 924 1291 est
969 1231 1325 1302 indulgentiae.
1364 1222 1622 1283 Conversi
1659 1221 1728 1277 ad
1771 1219 1954 1275 Domi-

373 1348 502 1390 num
529 1333 573 1387 ².

902 1392 1132 1453 SEltMO
1176 1386 1241 1447 c1
1266 1392 1286 1416 α
1325 1388 1399 1462 (α)

375 1494 451 1549 De
478 1491 636 1547 verbis
668 1487 928 1559 Evangelii
975 1486 1153 1554 Lucw,
1184 1483 1369 1539 Messis
1395 1479 1609 1551 quidem
1648 1476 1833 1538 multa,
1864 1480 1956 1529 etc.

443 1581 569 1653 Cap.
602 1596 654 1643 ς,
700 1581 733 1650 7
761 1620 772 1632 .
802 1578 895 1632 2—6
937 1577 1037 1649 (ἰ).

443 1670 672 1731 CAPUT
742 1666 1023 1724 PRIMUM.
1101 1695 1172 1707 ——
1246 1664 1297 1719 1.
1366 1662 1548 1717 Messis
1616 1661 1669 1714 in
1740 1655 1956 1722 Iudaeis,

376 1764 606 1821 sementis
653 1763 706 1817 in
759 1760 1018 1815 Gentibus.
1078 1755 1272 1811 Paulus
1320 1755 1567 1808 modicus.
1628 1751 1687 1806 In
1732 1749 1959 1804 lectione

381 1856 659 1927 Evangelii
689 1870 805 1925 quae
850 1853 1008 1907 modo
1036 1849 1267 1906 recitata.
1300 1852 1403 1915 est,
1445 1847 1791 1901 admonemur
1817 1858 1963 1912 quae-

378 1964 502 2005 rere
530 1958 646 2019 qucc
674 1948 741 2001 sit
770 1946 961 2000 messis
990 1943 1055 1998 de
1086 1956 1188 2013 qua
1210 1942 1465 1995 Dominus
1490 1939 1563 1992 ait
1593 1956 1605 1991 :
1637 1936 1816 1989 Messis
1844 1934 1961 2004 qui-

381 2042 494 2095 dem
543 2041 717 2101 multa,
768 2036 984 2109 cperarii
1028 2045 1192 2088 autem
1234 2031 1401 2103 pauci.
1451 2030 1645 2099 Rogate
1686 2026 1963 2080 Dominum

377 2131 571 2198 messis,
601 2141 655 2184 ut
688 2130 849 2182 mittat
879 2126 1135 2199 operarios
1172 2125 1226 2178 in
1254 2124 1463 2177 messem
1492 2137 1655 2175 suam.
1698 2116 1847 2173 Tunc
1871 2115 1967 2170 ad-

376 2226 504 2298 jecit
552 2223 827 2279 duodecim
880 2219 1155 2290 discipulis
1208 2216 1355 2282 Suis,
1407 2230 1539 2284 quos
1584 2219 1638 2267 et
1679 2207 1964 2279 Apostolus

380 2316 708 2381 nominavit,
767 2314 898 2368 alios
950 2309 1280 2379 septuaginta
1331 2306 1501 2369 duos,
1550 2312 1603 2358 et
1648 2302 1792 2356 misit
1842 2299 1961 2353 illus

381 2424 568 2466 omnes
595 2448 610 2475 ,
664 2408 802 2463 sicut
841 2420 907 2459 ex
951 2404 1129 2458 verbis
1168 2402 1282 2470 ejus
1323 2407 1571 2469 apparet,
1624 2394 1689 2449 ad
1731 2402 1967 2463 paratam

378 2516 633 2558 messem.
679 2499 810 2568 Qure
840 2510 965 2567 ergo
996 2502 1111 2550 erat
1148 2492 1235 2546 illa
1266 2489 1492 2545 messis?
1532 2486 1646 2541 Nun
1692 2487 1836 2539 enim
1880 2483 1968 2537 illa

382 2595 573 2651 messis
602 2594 658 2647 in
683 2592 764 2645 his
788 2589 1046 2646 Gentibus
1073 2595 1207 2651 erat,
1239 2582 1330 2637 ubi
1361 2580 1491 2635 nihil
1539 2579 1708 2634 fuerat
1735 2577 1969 2631 semina-

382 2691 518 2742 t'u‘m.
580 2684 766 2739 Restat
812 2695 974 2750 ergo,
1028 2685 1090 2731 ut
1139 2674 1496 2743 intelligamus
1540 2671 1693 2724 istam
1741 2682 1971 2722 messem

382 2776 549 2833 fuisse
590 2776 644 2831 in
673 2773 868 2844 populo
895 2767 1224 2826 Iudaeorum.
1260 2764 1341 2819 Ad
1384 2764 1527 2818 illam
1569 2775 1800 2815 messem
1831 2758 1973 2813 venit

387 2870 645 2926 Dominus
675 2866 895 2933 messis,
940 2863 1005 2918 ad
1046 2863 1191 2917 illam
1222 2870 1449 2915 messem
1476 2856 1623 2910 misit
1658 2862 1925 2907 messores
1955 2870 1969 2906 :

384 2961 454 3015 ad
493 2960 695 3016 Gentes
742 2966 919 3011 autem
961 2966 1067 3009 non
1112 2962 1412 3015 messores,
1458 2946 1553 3002 sed
1596 2945 1968 2999 seminatores.

389 3052 751 3124 intelligamus
790 3062 919 3120 ergo
962 3052 1191 3102 messem
1228 3041 1424 3097 factam
1464 3040 1516 3095 in
1543 3039 1739 3109 pupulo
1762 3036 1973 3091 Judaeu-

386 3160 507 3202 rum
535 3187 550 3212 ,
588 3149 880 3199 sementem
921 3140 973 3193 in
1018 3136 1225 3208 pupulis
1264 3132 1536 3191 Gentium.
1590 3131 1669 3185 Ex
1710 3130 1799 3183 illa
1829 3128 1970 3183 enim

386 3250 568 3293 messe
592 3234 831 3306 Apostoli
860 3231 1015 3288 electi
1045 3238 1189 3295 sunt,
1227 3227 1317 3281 ubi
1356 3226 1469 3296 jum
1508 3234 1629 3279 cum
1659 3231 1969 3288 m‘eterctur,

384 3338 657 3385 maturum
707 3335 859 3391 erat;
926 3323 1048 3395 quia
1100 3320 1175 3375 ibi
1232 3317 1512 3387 Propheta).
1558 3314 1970 3370 seminaverunt.

390 3422 632 3478 Detractat
666 3419 929 3489 inspicere
956 3412 1335 3485 agricuhuram
1361 3409 1478 3475 Dei,
1511 3416 1565 3463 et
1590 3406 1845 3462 obiectari
1874 3404 1972 3459 do-

390 3514 477 3571 nis
503 3514 638 3584 ejus,
666 3518 725 3568 et
748 3510 1007 3582 operariis
1032 3508 1087 3563 in
1119 3518 1248 3577 agro
1278 3505 1415 3574 ejus.
1454 3503 1511 3557 In
1539 3502 1639 3555 hac
1664 3500 1805 3555 enim
1836 3498 1977 3568 agri—

388 3606 596 3663 cultura
628 3602 948 3675 operabatur
991 3599 1083 3670 qui
1125 3596 1332 3652 dicebat
1367 3612 1381 3649 :
1427 3592 1557 3647 Plus
1602 3591 1831 3645 omnibus
1877 3589 1979 3642 illis

388 3698 637 3753 dehortari.
666 3696 773 3752 Sed
796 3695 941 3750 vires
974 3693 1023 3747 ei
1054 3690 1317 3745 dabantur
1356 3684 1423 3741 ad
1466 3682 1792 3755 uperandum
1820 3696 1849 3735 a
1874 3682 1980 3735 Do-

397 3792 549 3846 mine
568 3787 765 3844 messis
797 3804 810 3840 :
842 3785 964 3840 ideo
1001 3780 1257 3852 subjecit,
1302 3777 1425 3831 Non
1451 3792 1540 3847 ego
1575 3784 1707 3842 sum,
1745 3775 1833 3829 sed
1866 3787 1982 3843 gra-

390 3885 464 3937 tia
490 3881 586 3937 Dei
611 3895 807 3936 mecum
834 3876 898 3950 (1
922 3877 1036 3931 Cor.
1071 3886 1160 3941 xv,
1190 3870 1303 3943 i0).
1331 3870 1465 3926 Nam
1496 3884 1554 3924 se
1579 3868 1632 3922 in
1662 3865 1981 3937 agricultura

392 3976 595 4033 Μεδινί
635 3975 765 4030 satis
797 3969 1047 4037 ostendit,
1079 3968 1170 4023 ubi
1212 3968 1327 4023 ait:
1362 3962 1474 4038 Ego
1515 3962 1762 4033 plantavi,
1796 3959 1984 4029 Apollo

395 4069 581 4140 rigavit
625 4065 735 4141 (ιά.
771 4081 850 4133 ιιι,
896 4064 976 4136 6).
1023 4060 1119 4118 ilic
1161 4068 1337 4116 autem
1381 4057 1667 4128 Apostolus
1715 4054 1783 4110 de
1824 4053 1984 4109 Saulo

396 4159 613 4223 Paulus,
645 4157 748 4211 hoc
785 4163 869 4211 est
914 4152 981 4209 de
1020 4149 1253 4223 superbo
1282 4148 1536 4204 minimus
1571 4164 1584 4200 :
1617 4145 1810 4200 Saulus
1840 4144 1983 4199 enim

397 4260 428 4307 a
456 4247 1015 4307 Seuledenominatur
1046 4263 1060 4299 :
1088 4243 1301 4314 patrium
1332 4249 1509 4294 autem
1549 4237 1818 4293 modicum
1856 4244 1936 4291 est
1970 4254 1982 4291 :

398 4344 544 4400 unde
571 4352 766 4397 nomen
794 4346 950 4395 suum
975 4336 1204 4409 quodam
1229 4332 1390 4390 modo
1426 4333 1807 4401 interpretatus
1832 4371 1846 4395 ,
1890 4328 1983 4396 ait,

404 4434 515 4507 Ego
544 4451 655 4488 sum
682 4433 919 4487 minimus
938 4428 1296 4495 Apostolorum
1324 4425 1436 4496 (Id.
1471 4440 1561 4487 xv,
1594 4422 1651 4493 9)
1676 4440 1686 4475 :
1718 4422 1832 4491 ipse
1856 4428 1985 4489 ergo

402 4527 619 4594 Patrius,
650 4525 703 4579 id
728 4516 830 4590 eﬂ,
864 4522 1105 4578 modicus
1132 4529 1186 4575 et
1225 4519 1477 4573 minimus
1500 4514 1695 4570 missus
1735 4512 1800 4567 ad
1840 4511 1986 4567 Gen-

402 4627 505 4687 tes,
536 4617 801 4689 praecipue
825 4614 891 4669 ad
918 4613 1115 4669 Gentes
1145 4622 1202 4665 se
1224 4610 1442 4664 missum
1465 4604 1612 4662 dicit.
1638 4604 1757 4674 Ipse
1784 4603 1986 4669 scribit,

404 4724 505 4767 nos
540 4710 787 4781 legimus,
819 4705 1109 4772 credinms,
1142 4700 1511 4773 praedicamus.
1550 4697 1669 4768 ipse
1699 4708 1825 4765 ergo
1864 4694 1991 4749 dicit

470 4826 485 4857 ι
512 4824 649 4882 aditi,
675 4819 833 4872 credis
848 4825 894 4870 te
910 4817 1011 4869 sine
1030 4825 1127 4882 Deo
1149 4813 1327 4880 posse?
1350 4812 1537 4862 Planius
1568 4824 1686 4863 vero
1710 4818 1787 4859 Ms.
1814 4824 1940 4882 unus
1963 4824 1993 4882 e

404 4873 717 5001 Ψ,
754 4882 916 4934 credis
959 4887 1013 4930 tu
1048 4873 1160 4929 sine
1182 4886 1281 4928 Deo
1318 4888 1416 4925 non
1453 4888 1587 4938 posse
1627 4885 1818 4924 servare
1852 4873 1995 4934 justi-

506 4962 550 4999 ιέ

473 4995 832 5057 ii‘ossatensis
884 5007 1029 5055 vetus
1079 5001 1235 5051 codex
1277 5014 1288 5048 :
1323 4996 1548 5048 Conversi
1599 4996 1662 5046 ad
1708 4995 1959 5046 Dominum
1976 5036 1990 5057 ,

406 5072 569 5141 ipsum.
590 5072 910 5141 μαντείων,
923 5077 1015 5137 ηηο
1032 5062 1382 5141 ηἲθῖἶδνβέηιζνθ
1401 5060 1541 5141 (ΞἿἮῩῩ.
1560 5057 1705 5141 "Eii
1714 5072 1817 5141 3531‘}
1839 5065 1997 5141 "3"?"

408 5120 738 5186 tre'nobisc'um
778 5130 829 5181 in
864 5120 1001 5179 atriis
1042 5120 1211 5178 domus
1234 5120 1373 5186 8ui_1.’,_
1399 5135 1545 5185 quam
1563 5120 1815 5186 custodire
1838 5130 1996 5186 prote-

411 5181 620 5261 gereaue
657 5193 882 5261 dignetur
909 5192 1017 5261 per
1056 5197 1221 5259 Jesum
1244 5181 1498 5261 inrisum:
1531 5181 1728 5261 filium.
1758 5181 1862 5253 ejus
1894 5183 1999 5261 unli-

599 5266 665 5307 m
668 5243 801 5305 ,,,«,.,,,
812 5243 1148 5318 nostrum._qui
1168 5244 1478 5318 amco?“
1499 5251 1545 5318 et
1560 5251 1728 5318 rem!
1748 5243 1799 5318 ’1'?
1822 5244 1999 5318 διεςυία

411 5319 717 5373 secuturum.
742 5330 900 5366 amen.
921 5308 1144 5363 Eamdem
1158 5310 1515 5373 conclusionem
1527 5308 1678 5359 habet
1697 5308 2001 5359 Culbertiuus

412 5372 495 5433 iis.
519 5382 631 5441 543,
654 5380 743 5431 sed
764 5379 1041 5428 recentiore
1064 5373 1244 5425 calamo
1262 5372 1510 5441 adjectam,

477 5447 493 5464 '
520 5450 571 5494 In
595 5434 699 5493 sies.
724 5442 900 5491 frustra
919 5441 1045 5489 hunc
1066 5448 1344 5487 sermonem
1364 5434 1690 5495 quaesivitnus.

498 5508 551 5567 a)
575 5506 717 5565 Alias,
739 5506 803 5554 de
824 5504 1020 5561 sanctis,
1044 5500 1121 5567 κῇ.
1418 5558 1444 5567 ._
1476 5550 1493 5567 ρ

500 5551 550 5632 55
576 5551 934 5632 ﬁuic'scrmuni
949 5551 1209 5613 manifeste
1233 5558 1452 5632 congruit
1475 5551 1559 5632 ille
1594 5553 1761 5627 titulus
1782 5567 1832 5602 1n
1854 5562 2003 5604 Possu-

415 5618 735 5689 rﬁi'lnificulu,
758 5640 859 5689 cap.
882 5628 930 5688 9,
963 5645 983 5673 α
1007 5634 1069 5689 Ex
1090 5618 1347 5689 Evangelia
1365 5620 1493 5683 quod
1516 5618 1745 5689 scriptum
1772 5624 1863 5677 est,
1890 5625 2005 5666 Mes-

426 5679 711 5810 uput'lta
764 5679 928 5754 usque
942 5689 1003 5741 ad
1025 5688 1073 5738 id
1094 5679 1331 5750 quodwait,
1354 5679 1461 5735 t’ax
1483 5686 1639 5734 vestra
1658 5679 1726 5732 ad
1746 5692 1825 5733 vos
1847 5692 2005 5733 rever-

425 5770 451 5808 ι
469 5767 611 5809 tetur.
628 5769 653 5801 1

597 5862 722 5882 ινιρ..

1848 270 2077 329 8εῆΜο
2113 268 2196 323 Cl.

3527 258 3633 318 606

2062 386 2114 439 in
2139 381 2372 453 Epistula
2415 397 2507 437 sua
2541 397 2660 453 qua
2695 388 2780 437 est
2806 380 2872 437 ad
2897 379 3133 446 Galatas,
3164 384 3410 435 vocatum
3440 391 3498 431 se
3524 376 3638 447 jam

2058 492 2088 530 a
2124 476 2345 531 Domino
2378 475 2504 530 Jesu
2540 476 2749 530 venisse
2766 472 3176 544 Jerosolymam,
3207 479 3261 526 et
3292 467 3636 538 Evangelium

2058 584 2180 624 cum
2202 568 2471 638 Atpostolis
2495 567 2807 634 contulisse,
2834 566 3086 622 dexteras
3126 564 3227 619 sibi
3259 562 3412 618 datas
3450 560 3633 628 fuisse,

2056 672 2111 719 et
2140 664 2349 734 signum
2385 662 2713 729 concordiae,
2736 663 2944 733 signum
2972 658 3357 722 consonantiae,
3398 654 3539 727 quod
3568 654 3635 708 ah

2055 768 2115 811 se
2151 755 2251 824 ipsi
2279 754 2597 820 didicerant,
2640 754 2799 809 eisin
2843 753 3009 807 nihilo
3034 751 3387 821 discrepabat.
3436 745 3638 801 Deinde

2058 847 2318 917 placuisse
2344 847 2475 903 dicit
2522 847 2662 902 inter
2689 861 2747 901 se
2776 854 2831 902 et
2872 846 3038 916 ipsus,
3078 852 3133 900 ut
3166 843 3281 913 ipse
3309 842 3381 897 ad
3417 841 3636 905 Gentes.

2059 942 2132 996 illi
2159 951 2336 997 autem
2378 942 2431 996 in
2464 939 2931 996 circumcisionem
2983 939 3120 993 irent
3146 935 3339 1007 (ﬂutat.
3371 950 3441 999 ιι,
3483 931 3636 1004 1-9);

2059 1032 2147 1087 ille
2173 1032 2481 1100 seminator,
2526 1032 2601 1086 illi
2654 1044 2940 1085 messores.
2995 1029 3184 1084 Merito
3228 1028 3388 1083 etiam
3414 1023 3639 1080 Atheni-

2058 1138 2245 1189 enses,
2290 1124 2531 1194 quamvis
2574 1122 2906 1187 nescientes,
2952 1135 3151 1175 nomen
3201 1133 3356 1173 suum
3398 1118 3448 1172 ei
3492 1114 3642 1170 dixe-

2058 1225 2202 1270 runt.
2230 1215 2519 1271 Audientes
2559 1215 2701 1271 enim
2752 1214 2820 1269 ab
2868 1228 2934 1269 eo
2982 1212 3243 1267 verbum:
3278 1210 3403 1278 Quis
3428 1218 3535 1276 at,
3560 1208 3642 1263 in-

2062 1308 2245 1376 quiunt
2265 1348 2279 1370 ,
2312 1306 2392 1360 hic
2418 1307 2689 1360 seminator
2714 1305 2974 1359 verborum
3002 1302 3137 1376 (Act.
3168 1317 3301 1369 xvn,
3332 1299 3447 1371 18).

2131 1399 2357 1455 CAPUT
2384 1398 2448 1454 li.
2479 1429 2550 1440 —
2586 1398 2640 1453 2.
2672 1398 2860 1453 Messes
2905 1398 3055 1462 dum,
3094 1393 3470 1449 Judworumet
3508 1390 3643 1447 Cen-

2062 1491 2206 1543 tium.
2276 1490 2544 1547 Attendite
2597 1506 2760 1562 ergo,
2798 1499 2852 1545 et
2902 1490 3131 1544 delectet
3179 1502 3276 1542 vos
3310 1501 3521 1541 meeum
3556 1485 3644 1539 in-

2062 1584 2268 1652 Spicere
2318 1585 2689 1654 agriculturam
2748 1583 2875 1649 Dei,
2931 1591 2985 1637 et
3031 1582 3084 1635 in
3139 1594 3201 1635 ea
3243 1593 3446 1635 messes
3491 1576 3643 1643 duas,

2064 1692 2223 1731 unam
2259 1686 2577 1732 transactam
2597 1718 2612 1742 ,
2650 1676 2805 1730 aliam
2831 1675 3059 1729 futuram
3086 1692 3099 1728 :
3126 1680 3443 1727 transactam
3469 1670 3523 1724 in
3549 1684 3641 1739 po-

2066 1770 2191 1839 pulo
2221 1769 2549 1837 Judteorum,
2578 1769 2811 1824 futuram
2838 1769 2889 1823 in
2912 1767 3120 1838 populis
3145 1766 3413 1822 Gentium.
3444 1762 3647 1818 Probe-

2066 1876 2184 1916 mus
2214 1861 2314 1915 huc
2345 1880 2355 1915 :
2390 1870 2444 1917 et
2467 1861 2606 1915 unde
2636 1860 2737 1914 nisi
2759 1860 2824 1915 de
2853 1859 3123 1929 Scriptura
3151 1858 3246 1912 Dei
3274 1855 3483 1911 Domini
3509 1866 3641 1909 mes-

2066 1955 2179 2009 sis?
2202 1955 2335 2008 Ecce
2360 1954 2620 2008 habemus
2649 1953 2717 2006 ibi
2745 1951 2994 2021 prmsenti
3020 1949 3252 2020 capitulo
3280 1947 3479 2002 dictum
3505 1960 3647 2011 esse,

2070 2044 2251 2099 Messis
2279 2046 2434 2098 multa
2453 2086 2469 2112 ,
2499 2044 2719 2114 operarii
2745 2052 2911 2097 autem
2940 2042 3105 2110 pauci.
3147 2039 3341 2110 Rogata
3377 2037 3651 2092 Dominum

2069 2138 2242 2191 messis
2268 2178 2282 2203 ,
2323 2146 2375 2190 ut
2402 2138 2563 2190 mittat
2589 2136 2844 2206 operarios
2864 2137 2915 2189 in
2952 2150 3158 2188 messem
3183 2148 3348 2185 suam.
3388 2130 3491 2186 Sed
3530 2130 3652 2199 quia

2070 2229 2122 2283 in
2155 2230 2239 2283 illa
2279 2243 2452 2283 messe
2481 2228 2641 2282 futuri
2670 2236 2822 2282 erant
2851 2226 3269 2281 contradictores
3310 2230 3365 2277 et
3402 2235 3653 2291 persecu-

2071 2329 2217 2376 tores
2258 2320 2429 2376 Jlldilli
2458 2338 2471 2375 :
2506 2320 2674 2387 Ecce,
2706 2320 2905 2388 inquit,
2949 2318 3089 2370 mitto
3126 2331 3213 2370 vos
3249 2315 3376 2369 sicut
3413 2328 3570 2383 agnos
3601 2312 3655 2366 in

2072 2414 2238 2467 medio
2292 2414 2546 2482 luporum.
2603 2412 2909 2466 Evidentius
2961 2409 3027 2463 de
3075 2408 3175 2462 hac
3228 2420 3407 2461 messe
3460 2403 3656 2473 aliquid

2074 2506 2421 2560 ostendamus
2470 2506 2522 2559 in
2573 2505 2861 2573 Evangeliu
2907 2501 3197 2557 secundum
3248 2499 3549 2554 Joannem:
3588 2496 3657 2551 ad

2076 2606 2294 2667 puteum
2323 2598 2411 2651 ubi
2441 2596 2687 2666 fatigatus
2714 2595 2967 2649 Dominus
2997 2593 3168 2657 sedit,
3216 2606 3404 2661 magna
3443 2588 3658 2658 quidem

2076 2702 2191 2745 acta
2223 2700 2347 2745 sunt
2372 2698 2704 2744 sacramenta
2728 2730 2741 2751 ,
2774 2687 2869 2742 sed
2901 2695 3182 2755 angustum
3215 2692 3423 2753 tempus
3445 2689 3560 2745 est,
3602 2686 3660 2734 ut

2078 2784 2253 2837 omnia
2285 2789 2691 2851 pertractentur.
2735 2778 2887 2845 Quod
2911 2787 3086 2831 autem
3114 2776 3179 2830 ad
3208 2782 3525 2845 praesentem
3546 2785 3659 2826 rem

2080 2874 2329 2942 pertinet,
2361 2870 2556 2924 audite.
2583 2868 2925 2937 Suscepimus
2947 2867 3087 2921 enim
3115 2879 3347 2920 messem
3376 2861 3661 2917 ostendere

2084 2966 2137 3019 in
2167 2965 2400 3035 pupulis,
2442 2964 2493 3016 in
2524 2962 2716 3032 quibus
2747 2961 3025 3030 Propheta:
3050 2958 3472 3029 praedicaverunt
3499 2973 3512 3008 :
3546 2953 3664 3009 ideo

2079 3058 2223 3114 enim
2254 3058 2327 3111 illi
2352 3056 2700 3111 scminatores
2719 3094 2733 3119 ,
2788 3064 2843 3107 ut
2876 3053 3114 3122 Apostoli
3140 3059 3360 3122 possent
3381 3064 3501 3105 esse
3524 3061 3664 3104 mes-

2078 3165 2249 3206 sores.
2289 3150 2616 3205 Samaritana
2638 3147 2833 3201 mulier
2862 3146 3094 3215 loquitur
3117 3160 3237 3198 cum
3267 3142 3492 3197 Domino
3515 3140 3661 3203 Jesu,

2080 3252 2135 3298 et
2163 3243 2299 3297 inter
2325 3250 2514 3296 caetera
2557 3256 2676 3295 cum
2720 3239 2940 3294 dixisset
2973 3240 3022 3293 ei
3067 3238 3357 3302 Dominus,
3398 3232 3666 3304 quomodo

2081 3336 2278 3390 debeat
2318 3333 2529 3387 adorari
2580 3334 2759 3397 Deus;
2818 3332 2890 3386 ait
2929 3331 3056 3398 illa,
3106 3331 3309 3385 Scimus
3351 3330 3472 3400 quia
3510 3326 3667 3381 veniet

2084 3426 2300 3481 Messias
2319 3468 2332 3491 ,
2360 3427 2450 3498 qui
2475 3426 2657 3478 dicitur
2683 3424 2909 3478 Christus
2930 3464 2943 3489 ,
2969 3433 3018 3478 et
3046 3424 3214 3477 omnia
3240 3436 3331 3476 nos
3357 3420 3568 3475 docebit.
3600 3418 3669 3474 Et

2087 3520 2346 3575 Dominus
2374 3519 2438 3572 ad
2467 3520 2608 3571 illam
2640 3536 2653 3570 :
2687 3517 2798 3586 Ego
2833 3532 2945 3570 sum
2984 3515 3068 3585 qui
3094 3516 3268 3585 loquor
3286 3524 3465 3569 tecum.
3495 3511 3668 3568 Crede

2088 3611 2228 3681 quod
2270 3609 2422 3663 audis
2454 3627 2466 3662 :
2498 3608 2624 3677 quid
2658 3607 2857 3691 quieris
2893 3606 3031 3675 quod
3059 3606 3241 3661 vides?
3285 3606 3397 3676 Ego
3433 3621 3547 3660 ann
3580 3603 3668 3673 qui

2088 3702 2269 3779 loquor
2297 3710 2477 3755 tecum.
2525 3699 2677 3765 Quod
2706 3707 2881 3752 autem
2922 3697 3008 3750 illa
3038 3696 3275 3761 dixerat,
3324 3696 3527 3750 Scimus
3550 3694 3669 3763 quia

2091 3791 2306 3847 Messias
2336 3792 2516 3858 veniet,
2559 3805 2714 3860 quem
2744 3789 3193 3863 atinuntiaverunt
3220 3787 3428 3858 Moyses
3453 3798 3507 3841 et
3533 3787 3667 3842 Pro-

2090 3887 2267 3958 phetae
2289 3926 2303 3949 ,
2330 3886 2415 3956 qui
2456 3884 2642 3937 dicitur
2681 3882 2929 3938 Christus.
2976 3882 3092 3937 Jam
3135 3881 3278 3936 enim
3308 3882 3451 3950 spica
3479 3880 3670 3935 messis

2092 3986 2206 4035 erat
2235 3978 2274 4031 ί.
2328 3976 2597 4047 Gignenda
2640 3984 2916 4045 acceperat
2956 3974 3251 4043 Prophetas
3296 3973 3667 4036 seminatures,

2090 4073 2376 4144 Apostolus
2400 4070 2742 4140 exspectabat
2777 4077 2979 4123 matura
3008 4082 3294 4123 messores.
3340 4067 3458 4121 Mox
3485 4073 3544 4120 ut
3571 4065 3673 4123 hoc

2092 4163 2293 4219 audivit
2317 4161 2575 4228 credidit,
2627 4169 2681 4215 et
2718 4160 2959 4231 hydriam
3004 4159 3240 4226 dimisit,
3281 4168 3335 4213 et
3361 4157 3674 4213 festinanter

2092 4258 2359 4323 cucurrit,
2388 4258 2701 4310 annuntiare
2727 4254 3008 4307 Dominum
3045 4253 3226 4321 erepit.
3270 4252 3521 4322 Discipuli
3550 4261 3674 4306 tunc

2092 4351 2266 4405 ierant
2292 4349 2358 4404 ad
2397 4346 2650 4402 emendos
2678 4362 2842 4416 panes
2872 4365 2885 4398 :
2913 4346 3003 4415 qui
3040 4346 3320 4400 redeuntes
3362 4346 3675 4398 invenerunt

2096 4444 2377 4498 Dominum
2423 4441 2723 4509 loquentem
2766 4453 2887 4494 cum
2925 4436 3181 4503 muliere,
3225 4445 3278 4492 et
3315 4438 3491 4491 mirati
3529 4446 3670 4491 sunt.

2095 4536 2210 4590 Non
2252 4543 2376 4588 sunt
2420 4544 2593 4588 tamen
2630 4532 2743 4586 ausi
2784 4530 2960 4585 dicere
2986 4530 3077 4585 ei:
3116 4529 3252 4594 Quid
3280 4528 3357 4583 vel
3380 4545 3534 4598 quare
3562 4538 3669 4583 cum

2096 4629 2187 4683 illa
2217 4627 2471 4697 loqueris?
2514 4624 2931 4679 Admirationem
2961 4621 3102 4692 apud
3127 4636 3185 4675 se
3212 4621 3542 4686 habuerunt,
3584 4634 3670 4673 au-

2099 4721 2303 4776 daciam
2336 4719 2495 4773 corde
2522 4727 2849 4788 presserunt.
2889 4716 3022 4770 Huic
3048 4730 3176 4784 ergo
3205 4714 3545 4768 Samaritana:
3574 4724 3674 4765 nua

2098 4822 2215 4868 erat
2236 4827 2429 4866 novum
2455 4825 2647 4865 nomen
2675 4808 2906 4874 Christi,
2950 4808 3058 4877 jam
3084 4806 3423 4875 exspectabat
3459 4806 3673 4858 venien-

2101 4914 2228 4969 tem,
2257 4904 2366 4973 jam
2396 4901 2693 4956 crediderat
2717 4914 2836 4955 esse
2861 4906 3161 4954 venturum.
3185 4896 3335 4952 Unde
3359 4895 3665 4966 crediderat.

2102 4997 2149 5052 si
2178 5011 2281 5050 non
2327 4995 2536 5065 Moyses
2561 4989 2951 5047 seminaverat?
2992 4987 3099 5043 Sed
3128 4990 3229 5041 hoc
3256 4986 3557 5057 expressius
3583 5002 3679 5040 au-

2104 5090 2233 5145 dite.
2280 5088 2536 5142 Dominus
2584 5095 2711 5141 tunc
2752 5084 2818 5139 ad
2859 5082 3148 5152 discipulus
3188 5096 3314 5135 suos
3357 5080 3431 5133 ait
3465 5078 3682 5133 :Dicitis

2103 5182 2221 5251 quia
2256 5180 2423 5232 adhuc
2459 5179 2606 5249 longe
2647 5189 2721 5232 est
2758 5184 2940 5241 aestas,
2992 5174 3149 5229 levate
3184 5172 3353 5226 oculos
3390 5179 3606 5237 vestros,
3634 5176 3686 5225 et

2106 5273 2265 5328 videte
2293 5272 2434 5325 albas
2466 5270 2693 5341 regiones
2735 5269 2802 5322 ad
2825 5283 3051 5322 messem.
3084 5266 3152 5320 Et
3175 5264 3412 5335 adjungit
3435 5282 3449 5319 :
3479 5265 3585 5318 Atii
3610 5265 3688 5318 ta-

2107 5366 2407 5421 boraverunt
2431 5404 2447 5429 ,
2497 5372 2543 5417 et
2583 5378 2668 5416 vos
2699 5362 2753 5415 in
2797 5360 2992 5414 labores
3030 5374 3203 5413 eorum
3234 5358 3463 5412 intrastis
3508 5356 3684 5429 (tm.

2108 5475 2191 5525 iv,
2225 5454 2399 5523 6-58).
2438 5451 3025 5519 LaburavitAhraham,
3059 5449 3430 5519 lsaac,Jacob,
3457 5449 3686 5522 Moyses,

2177 5614 2192 5645 ί
2214 5619 2286 5661 Er.
2314 5620 2431 5660 ven.
2460 5618 2511 5659 et
2533 5618 2639 5658 nov.
2665 5610 2734 5657 sic
2758 5604 3581 5657 exhibeuthunclocuszamenim
3657 5603 3695 5643 '-

2188 5673 2356 5721 messis
2379 5679 2481 5721 erat
2497 5671 2751 5721 aianenda.
2767 5676 3018 5721 acceperat
3038 5668 3353 5721 etpraan
3365 5619 3695 5721 Macies.

3619 5678 3696 5731 τε»

2058 5710 2071 5717 ι
2110 5688 2171 5728 ca
2188 5673 2356 5724 messis
2379 5679 2481 5722 erat
2497 5671 2751 5735 gignenda,
2767 5676 3018 5733 acceperat
3038 5676 3083 5720 et
3094 5668 3353 5734 Prophetas

2115 5735 2356 5803 Apostolus
2377 5735 2678 5800 exspectabat
2700 5739 2891 5786 matura
2910 5744 3160 5787 messem.
3222 5739 3281 5801 tt.

3677 5822 3720 5855 η.
