4006 6438
527 313 631 376 607

526 430 841 503 Prophette;
871 433 1247 493 laboraverunt
1275 437 1627 506 seminando;
1659 440 1712 496 in
1738 441 1967 498 adventu
1994 443 2105 499 Do-

527 527 658 581 mini
688 537 895 583 matura
925 531 1118 586 messis
1151 531 1366 586 inventa
1391 540 1492 588 est.
1521 532 1663 588 Missi
1693 549 1959 590 messores
1987 551 2106 611 cum

523 618 658 674 falce
705 621 1017 692 Evangelii,
1071 633 1418 694 portaverunt
1468 623 1767 696 manipulos
1815 626 1882 682 ad
1919 627 2140 684 aream.

520 709 862 778 dominicam,
889 711 980 768 ubi
1004 713 1307 784 Stephanus
1336 715 1694 772 trituraretur.
1835 723 1838 726 ’
1878 798 1880 800 ν
1963 800 1967 802 η
2019 717 2026 750 ~'

588 801 812 858 CAPUT
840 803 927 860 ΙΙΙ.
957 833 1029 845 -——
1056 805 1111 861 5.
1143 806 1325 892 Semen
1359 807 1626 880 Evangelii
1667 809 1906 866 Gentibus
1936 801 2105 892 iraa;-

517 894 740 949 missum.
795 895 893 952 Hic
930 905 1108 953 autem
1156 891 1360 956 acoedit
1387 901 1582 957 Paulus
1611 901 1698 957 ille
1723 944 1739 970 ,
1784 911 1839 958 et
1860 903 1928 958 ad
1957 896 2101 958 Geti-

516 993 595 1040 tes
621 987 868 1044 mittitur.
900 989 968 1045 Et
1005 1007 1111 1048 non
1150 1001 1290 1050 tacet
1315 993 1417 1051 hoc
1445 995 1499 1051 in
1525 995 1948 1052 commendando
1976 998 2099 1068 gra-

516 1076 640 1132 tiam
665 1120 680 1144 ,
712 1094 870 1150 quam
902 1084 1166 1154 praecipue
1203 1086 1523 1158 proprieque
1547 1088 1799 1159 suscepit.
1837 1088 1928 1143 Ait
1954 1088 2096 1144 enim
2128 1087 2136 1090 ’

513 1168 565 1224 in
594 1169 884 1242 Scripturis
913 1175 1023 1230 suis
1041 1216 1057 1240 ,
1107 1176 1329 1233 missum
1357 1193 1417 1234 se
1446 1193 1569 1235 esse
1597 1179 1889 1249 praedicare
1915 1179 2094 1236 Evan-

509 1261 735 1331 gelium,
769 1264 860 1320 ubi
886 1263 1130 1322 Christus
1166 1284 1272 1324 non
1317 1279 1434 1326 erat
1468 1273 1792 1328 nominatus.
1840 1271 1948 1328 Sed
1983 1273 2092 1344 ja'm

507 1355 631 1425 quia
660 1356 794 1413 facta
832 1367 916 1414 est
957 1359 1045 1416 illa
1075 1363 1264 1418 messis
1290 1404 1304 1429 ,
1346 1373 1400 1419 et
1439 1379 1626 1421 omnes
1669 1366 1839 1422 Judaei
1879 1367 1970 1438 qui
1995 1364 2092 1423 re-

506 1456 818 1503 manserunt
844 1448 946 1520 (a),
969 1465 1199 1507 messem
1227 1454 1564 1511 attendamus
1589 1457 1732 1528 quod
1757 1472 1856 1512 nos
1884 1471 2086 1514 sumus.

507 1536 839 1595 Seminatum
865 1550 947 1596 est
988 1543 1129 1598 enim
1158 1543 1226 1599 ab
1261 1546 1531 1616 Apostolis
1553 1556 1607 1602 et
1634 1547 1932 1619 Prophetis.
1971 1548 2088 1620 Ipse

507 1629 766 1688 Dominus
787 1635 1084 1690 seminavit.
1118 1635 1236 1707 Ipse
1263 1639 1403 1693 enim
1431 1639 1483 1694 in
1513 1639 1782 1710 Apostolis
1814 1640 1930 1706 fuit,
1959 1642 2085 1712 quia

504 1731 559 1779 et
584 1725 696 1795 ipse
723 1729 947 1784 messuit
970 1728 1232 1785 Christus.
1275 1731 1389 1787 Non
1431 1735 1575 1789 enim
1619 1734 1692 1788 illi
1733 1734 1929 1805 aliquid
1970 1735 2087 1792 sine

507 1815 600 1872 illo
630 1836 645 1872 :
678 1818 764 1875 ille
803 1821 1067 1890 perfectus
1104 1831 1185 1878 est
1213 1823 1328 1879 sine
1356 1823 1480 1879 illis.
1527 1823 1644 1895 Ipse
1671 1827 1810 1881 enim
1839 1826 1942 1881 illis
1971 1828 2082 1884 ait:

505 1905 638 1972 Quia
662 1909 770 1963 sine
787 1927 868 1964 me
899 1911 1026 1966 nihil
1077 1914 1282 1984 potestis
1326 1915 1490 1985 facere
1515 1916 1534 1986 (
1564 1915 1651 1971 Id.
1682 1933 1772 1985 xv,
1805 1918 1881 1988 5).
1911 1917 2084 1974 Semi-

502 2013 637 2055 nans
669 2015 794 2072 ergo
821 2002 1063 2058 Christus
1084 2005 1193 2074 jam
1225 2007 1277 2060 in
1307 2006 1563 2063 Gentibus
1587 2009 1712 2078 quid
1737 2009 1902 2064 dicit?
1941 2009 2084 2066 Exiit

500 2094 754 2148 seminans
795 2097 1060 2151 seminare.
1109 2096 1183 2152 lbi
1227 2099 1508 2154 mittuntur
1545 2115 1811 2156 messores
1856 2112 2078 2172 metere,

497 2180 584 2237 hic
611 2184 740 2238 exiit
767 2186 1038 2256 se‘sninans
1062 2188 1326 2244 seminare
1352 2189 1593 2260 impiger.
1625 2191 1761 2259 Quid
1790 2193 1932 2248 enim
1961 2208 2081 2264 per-

496 2272 710 2342 timuit,
742 2277 882 2345 quod
919 2277 1062 2333 aliud
1093 2279 1283 2334 cecidit
1318 2281 1370 2335 in
1397 2283 1536 2337 viam
1556 2325 1572 2350 ,
1616 2284 1758 2339 aliud
1784 2285 1836 2339 in
1865 2295 2077 2355 petrosa

496 2365 609 2422 loca
632 2408 647 2433 ,
677 2368 818 2423 aliud
844 2369 984 2425 inter
1019 2371 1242 2440 spinas?
1286 2371 1342 2427 Si
1378 2373 1505 2429 istas
1538 2374 1783 2432 difﬁciles
1812 2384 1980 2433 terras
2009 2378 2076 2433 ti-

494 2469 702 2526 meret,
753 2463 818 2517 ad
860 2471 1054 2518 terram
1099 2463 1291 2519 bonam
1322 2481 1427 2520 non
1476 2469 1795 2537 perveniret.
1843 2469 1980 2538 Quid
2008 2471 2076 2528 ad

493 2566 612 2619 nos,
642 2553 768 2624 quid
798 2554 951 2609 nobis
973 2563 1053 2610 est
1076 2555 1184 2626 jam
1212 2557 1280 2612 de
1309 2557 1506 2613 Judaeis
1532 2559 1824 2630 disputare,
1851 2570 1906 2618 et
1933 2563 2074 2634 loqui

489 2641 557 2698 de
587 2644 776 2713 palea?
799 2645 912 2701 lloe
932 2647 1104 2702 solum
1127 2647 1192 2703 ad
1219 2662 1336 2716 nos,
1365 2665 1433 2704 ne
1453 2651 1534 2704 via
1561 2651 1749 2722 simus,
1773 2669 1842 2710 ne
1863 2669 2071 2724 saxum,

488 2749 557 2788 ne
582 2735 768 2805 spinae,
800 2738 894 2794 sed
924 2746 1065 2794 terra
1087 2739 1242 2796 bona.
1275 2741 1519 2798 Paratum
1536 2759 1629 2800 cor
1649 2753 1908 2811 nostrum,
1933 2747 2074 2804 unde

485 2827 746 2901 tricenum
767 2873 781 2897 ,
814 2830 956 2886 unde
992 2846 1312 2903 sexagenum
1337 2876 1352 2898 ,
1393 2835 1535 2891 unde
1563 2834 1834 2894 mlilenum
1861 2847 1914 2895 et
1941 2854 2071 2895 cen-

485 2927 666 2973 tenum
697 2939 708 2975 :
736 2921 864 2977 illud
897 2923 1071 2978 minus
1095 2932 1210 2992 est,
1243 2933 1296 2980 et
1321 2925 1450 2980 illud
1479 2927 1597 2996 plus
1620 2937 1731 2995 est;
1780 2931 1874 2986 scd
1899 2940 2066 2989 totum

493 3010 723 3067 triticum
760 3024 858 3069 est.
905 3015 998 3070 Via
1029 3032 1136 3071 non
1173 3017 1280 3085 sit,
1313 3017 1401 3073 ubi
1436 3021 1800 3077 conculcatum
1829 3039 2009 3081 semen
2037 3043 2067 3081 a

487 3106 882 3162 transeuntibus
906 3107 1053 3164 velut
1070 3109 1182 3163 avis
1208 3108 1413 3165 auferat
1438 3111 1703 3168 inimicus.
1735 3113 1930 3172 Saxum
1959 3133 2064 3175 non

481 3194 579 3263 sit,
625 3197 713 3253 ubi
749 3199 959 3255 modica
999 3209 1139 3256 terra
1185 3201 1363 3256 statim
1394 3201 1519 3258 facit
1555 3205 1853 3274 germinare
1877 3250 1892 3276 ,
1923 3211 2064 3280 quod

481 3301 586 3340 non
627 3291 794 3357 possit
821 3290 988 3345 solem
1031 3298 1261 3361 portare.
1302 3292 1479 3364 Spinte
1507 3310 1613 3351 non
1641 3297 1778 3366 sint,
1807 3302 2067 3371 cupidita-

481 3386 562 3433 tes
602 3381 782 3436 saeculi
808 3424 822 3447 ,
870 3383 1254 3441 sollicitudines
1282 3386 1404 3441 vita:
1449 3386 1653 3444 vitiosae
1699 3391 1915 3462 (Matth.
1947 3411 2060 3465 xm,

479 3471 658 3538 3-23).
689 3475 849 3544 .Quid
880 3479 1021 3534 enim
1048 3481 1198 3552 pejus
1232 3484 1584 3543 sollicitudine
1610 3489 1730 3544 vitae
1749 3532 1764 3558 ,
1793 3507 1912 3562 qua:
1943 3509 2064 3564 per-

481 3565 664 3620 venire
695 3583 798 3622 non
827 3572 1087 3639 permittit
1110 3574 1175 3629 ad
1209 3576 1408 3632 vitam?
1433 3579 1570 3645 Quid
1598 3583 1868 3652 miserius,
1900 3601 2058 3655 quam

475 3657 712 3712 curando
740 3662 922 3729 vitam,
951 3665 1196 3722 amittere
1221 3667 1417 3722 vitam?
1437 3669 1571 3739 Quid
1590 3671 1869 3742 infelicius,
1899 3692 2058 3748 quam

476 3747 711 3804 timendo
740 3763 965 3810 mortem
991 3795 1006 3819 ,
1049 3757 1244 3813 cadere
1281 3759 1334 3813 in
1370 3764 1641 3817 mortem?
1689 3764 2060 3838 Exstirpentur

472 3840 639 3908 spime
663 3883 677 3903 ,
727 3853 943 3913 paretur
985 3862 1148 3919 ager,
1193 3850 1550 3921 suscipiantur
1581 3857 1781 3911 semina
1805 3897 1821 3924 ,
1867 3874 2056 3929 perve-

471 3931 649 3986 niatur
685 3934 752 3988 ad
793 3951 1062 4005 messem,
1089 3940 1342 3996 horreum
1371 3942 1738 4015 desideretur,
1780 3964 1886 4005 non
1918 3952 2054 4022 ignis

471 4023 740 4080 timeatur.

539 4113 766 4172 CAPUT
795 4117 882 4175 ιγ.
914 4151 985 4161 -
1011 4122 1064 4176 4.
1095 4121 1327 4179 Pastoris
1374 4136 1538 4196 partes
1579 4131 1764 4200 populo
1799 4134 2052 4203 explicare

467 4210 590 4278 quid
615 4212 791 4280 prosit.
835 4213 915 4267 Ad
946 4229 1043 4269 nos
1070 4215 1246 4286 itaque
1277 4221 1526 4288 pertinet,
1557 4238 1689 4291 quos
1713 4226 2049 4295 qualescum-

467 4315 572 4370 que
601 4301 852 4359 Dominus
876 4305 930 4359 in
958 4321 1086 4378 agro
1110 4322 1207 4363 suo
1235 4311 1509 4366 constituit
1535 4317 1838 4384 operarios,
1869 4317 2049 4377 dicere

468 4391 565 4445 ista
587 4393 755 4460 vobis,
783 4396 1071 4465 seminare,
1103 4399 1364 4469 plantare,
1383 4404 1577 4475 rigare,
1605 4406 1868 4478 aliquibus
1886 4411 2047 4468 etiam

466 4483 747 4539 arboribus
773 4486 1181 4554 circumfodere,
1213 4502 1266 4547 et
1290 4494 1574 4563 c0pliinum
1609 4501 1862 4556 stercoris
1890 4502 2045 4559 adhi-

466 4573 630 4639 bere;
679 4578 908 4646 pertinet
942 4579 1009 4634 ad
1049 4595 1147 4635 nos
1190 4582 1304 4637 haec
1332 4583 1560 4642 ﬁdeliter
1598 4601 1756 4659 agere
1785 4611 1798 4646 :
1824 4593 1889 4648 ad
1925 4609 2040 4662 vos,

464 4668 694 4724 ﬁdeliter
717 4685 908 4742 capere
941 4690 954 4726 :
988 4673 1056 4729 ad
1082 4675 1386 4744 Dominum,
1418 4694 1516 4736 nos
1539 4680 1789 4752 adjuvare
1817 4701 2044 4758 operan-

462 4766 563 4826 tes,
596 4775 690 4816 vos
710 4762 1024 4830 credentes,
1067 4781 1256 4823 omnes
1288 4769 1588 4828 laborantes
1615 4817 1630 4842 ,
1668 4776 1760 4832 sed
1785 4781 2039 4838 mundum

463 4851 515 4904 in
547 4851 640 4907 illo
664 4852 956 4910 vincentes.
1006 4857 1142 4925 Quid
1182 4873 1312 4930 ergo
1345 4861 1412 4915 ad
1441 4877 1536 4918 vos
1575 4866 1838 4935 pertinet.
1883 4872 1990 4927 dixi
2025 4891 2040 4929 :

459 4942 584 5011 quid
612 4944 678 4999 ad
710 4961 809 5001 nos
851 4948 1152 5017 pertineat,
1180 4952 1300 5006 volo
1337 4952 1534 5011 dicere.
1579 4957 1684 5013 Sed
1724 4949 2038 5021 forteinlicui

460 5048 525 5088 ex
552 5037 702 5093 vobis
721 5037 930 5094 videtur
965 5041 1086 5111 quia
1113 5041 1220 5098 dixi
1241 5045 1566 5116 superﬂuunt
1588 5051 1785 5122 aliquid
1808 5035 1902 5110 ιιιὲ
1905 5057 2040 5114 velle

456 5124 656 5192 dicere,
687 5135 740 5183 et
765 5130 903 5198 apud
927 5145 986 5187 se
1010 5133 1183 5204 ipsum
1213 5134 1438 5208 loquens
1467 5141 1517 5196 in
1539 5143 1857 5213 cogitatione
1872 5147 2034 5206 dicit:

455 5212 501 5267 0
528 5215 573 5269 sl
601 5215 706 5286 jam
737 5218 966 5278 dimittat
995 5227 1126 5280 nos!
1177 5227 1292 5282 Jam
1321 5229 1455 5286 dixit
1501 5212 1627 5304 quid
1670 5239 1933 5306 pertineat
1969 5241 2036 5298 ad

457 5317 592 5370 nos;
621 5309 763 5376 quod
787 5310 852 5366 ad
886 5311 1057 5382 ipsum
1080 5319 1328 5386 pertinet,
1359 5321 1483 5391 quid
1505 5323 1570 5378 ad
1602 5328 1738 5380 nos?
1765 5327 1900 5382 Puto
1926 5347 2037 5387 me-

453 5393 556 5449 lius
599 5410 717 5452 esse
761 5401 813 5454 in
856 5404 1057 5460 alterna
1094 5417 1148 5463 et
1178 5419 1358 5465 mutua
1389 5412 1647 5471 cltaritate
1677 5419 2034 5488 pertincamus

454 5486 522 5541 ad
549 5503 663 5560 vos.
704 5490 781 5546 De
810 5509 915 5550 una
938 5497 1097 5553 modo
1140 5502 1352 5571 quidem
1384 5521 1478 5560 vos
1522 5506 1718 5564 familia
1742 5513 1869 5568 estis
1892 5557 1907 5582 ,
1936 5531 2034 5572 nos

1761 327 1818 384 S.
1859 321 2224 386 AUGUSTINI
2266 328 2570 395 EPISCOPI

2212 446 2279 502 de
2304 464 2425 506 meo
2453 452 2550 518 do;
2593 455 2687 512 sed
2711 458 2778 515 de
2805 457 2943 518 illius
2967 479 2998 520 a
3027 480 3134 537 quo
3175 471 3378 542 accipio
3403 481 3456 530 et
3492 491 3608 549 ego.
3655 481 3792 541 Nam

2210 539 2254 594 si
2280 541 2348 598 de
2375 558 2495 600 meo
2520 545 2738 619 dedero,
2766 556 3101 615 mendacium
3130 539 3420 635 dabo.qui
3448 539 3588 626 enim
3619 539 3795 646 loqui;

2191 630 2297 742 "tur
2343 637 2716 710 mendacium,
2764 646 2833 704 de
2874 663 2971 706 suo
3011 653 3245 725 loquitur
3294 630 3471 732 (Icari.
3502 680 3620 734 vm,
3667 630 3789 742 λι).

2203 723 2423 831 ,ῐξεὺθιίε
2451 745 2578 803 ergo
2606 737 2790 794 audire
2812 743 2937 812 quid
2963 723 3227 815 pertineat
3251 723 3315 808 ad
3338 723 3790 832 dispensatorem,

2207 819 2319 876 sive
2346 830 2406 878 ut
2427 823 2480 879 in
2505 827 2653 884 vobis
2680 831 2842 903 ipsis,
2871 837 2916 891 si
2944 839 3077 895 tales
3120 842 3426 904 inveneritis
3444 890 3459 917 ,
3505 863 3791 922 congratu-

2205 909 2416 981 lemini,
2466 917 2580 974 sive
2619 922 2780 978 etiam
2824 926 2879 981 in
2917 927 3020 986 hoc
3056 931 3174 1002 ipso
3214 935 3566 998 instruamini.
3612 945 3787 1014 Quam

2202 1003 2354 1060 multi
2382 1007 2523 1064 enim
2550 1011 2603 1066 in
2629 1012 2733 1070 hoc
2759 1020 2953 1088 populo
2986 1021 3146 1081 futuri
3184 1038 3309 1085 sunt
3344 1003 3741 1104 dispensatores
3761 1038 3790 1094 ?

2203 1094 2271 1192 lit
2288 1113 2387 1154 nos
2414 1101 2487 1157 ibi
2516 1102 2712 1162 fuimus
2734 1109 2824 1165 ubi
2846 1113 2975 1170 estis
3005 1131 3020 1170 :
3047 1124 3102 1172 et
3128 1135 3227 1176 nos
3248 1123 3337 1192 qui
3360 1094 3601 1183 videmur
3618 1131 3788 1188 modo

2200 1186 2268 1243 de
2292 1193 2568 1261 superiore
2596 1197 2714 1254 loco
2739 1206 3010 1263 conservis
3033 1196 3207 1267 metiri
3236 1186 3454 1283 cibaria,
3496 1230 3619 1276 ante
3650 1239 3787 1294 pau—

2198 1294 2292 1337 cos
2316 1298 2484 1342 annos
2511 1287 2564 1344 in
2604 1291 2855 1353 inferiore
2890 1297 3010 1356 loco
3034 1316 3154 1359 cum
3184 1310 3454 1366 conservis
3477 1315 3785 1385 accipieba-

2197 1386 2318 1428 mus
2346 1376 2564 1436 cibaria.
2616 1383 2913 1459 Episcopus
2938 1391 3088 1449 laicis
3117 1397 3306 1468 loquor
3336 1418 3351 1456 :
3387 1404 3480 1459 sed
3508 1376 3633 1463 inde
3664 1409 3785 1465 scio

2195 1477 2352 1534 quam
2373 1469 2554 1526 multis
2580 1473 2769 1534 futuris
2790 1482 3052 1555 episcopis
3079 1487 3286 1558 loquor.

2265 1556 2494 1616 CAPUT
2610 1596 2682 1607 —
2695 1569 2748 1625 5.
2769 1570 3034 1648 Praecepta
3049 1556 3461 1649 praedicatoribus
3477 1592 3778 1659 constituta,

2195 1661 2296 1701 non
2340 1654 2614 1710 carnaliter
2660 1662 2974 1732 accipienda.
3026 1669 3168 1742 Ergo
3194 1673 3465 1734 videamus
3504 1685 3780 1752 quomodo

2195 1755 2294 1795 nos
2323 1742 2674 1818 intelligamus
2698 1795 2714 1821 ,
2760 1759 2900 1826 quod
2948 1765 3199 1843 praecepit
3229 1767 3484 1828 Dominus
3523 1742 3600 1829 eis
3637 1792 3782 1848 quos

2191 1832 2432 1891 mittebat
2461 1838 2806 1912 Evangelium
2852 1832 3142 1918 przedicare
3163 1897 3179 1923 ,
3214 1867 3269 1913 et
3306 1871 3484 1917 mente
3530 1832 3777 1935 para'tam

2189 1939 2420 1982 messem
2446 1932 2739 1992 videamus.
2772 1937 2982 2012 Nolite,
3015 1946 3212 2018 inquit,
3245 1955 3376 2022 ferre
3398 1932 3655 2012 sacculum
3685 1971 3781 2016 aut

2185 2199 2306 2257 Pax
2338 2204 2456 2260 huic
2475 2208 2668 2267 domui.
2699 2213 2764 2270 Si
2794 2227 2866 2272 est
2891 2219 2997 2274 illic
3014 2222 3156 2292 ﬁlius
3185 2229 3324 2296 pacis
3346 2271 3361 2297 ,
3389 2199 3657 2303 requiescet
3686 2199 3781 2292 su;

2183 2313 2274 2368 per
2299 2299 2444 2356 illum
2471 2321 2575 2374 pax
2596 2316 2758 2362 vestra
2779 2327 2797 2365 :
2819 2313 2864 2366 si
2891 2330 2989 2385 quo
3027 2319 3194 2373 minus
3212 2361 3227 2386 ,
3274 2323 3342 2376 ad
3365 2299 3772 2386 vosvreuertetur.

2183 2389 2238 2446 Si
2261 2395 2548 2464 requievit,
2580 2401 2846 2470 perdidit?
2868 2406 3023 2463 Absit
3045 2409 3146 2466 hoc
3171 2427 3201 2466 a
3225 2424 3413 2489 mente
3433 2431 3770 2478 sanctorum.

2182 2481 2325 2554 Ergo
2371 2502 2468 2543 nec
2520 2489 2650 2546 illud
2693 2497 3058 2566 accipiendum
3101 2513 3183 2559 est
3225 2486 3509 2566 carnaliter
3538 2529 3552 2566 :
3579 2527 3644 2569 ac
3671 2531 3776 2586 per

2181 2573 2284 2631 hoc
2312 2577 2446 2635 forte
2485 2597 2585 2638 nec
2629 2599 2816 2642 saccus
2839 2629 2854 2654 ,
2905 2606 3004 2647 nec
3031 2595 3388 2655 calceamenta
3412 2641 3429 2669 ,
3474 2619 3574 2659 nec
3601 2619 3769 2675 pera;

2179 2671 2519 2744 maximeque
2547 2675 2675 2733 illud
2701 2679 2792 2735 ubi
2814 2682 2988 2750 nobis,
3021 2687 3066 2741 si
3088 2688 3537 2760 simplicitersine
3556 2671 3775 2753 discus?

2179 2760 2330 2818 sione
2350 2767 2693 2837 accipiamus,
2715 2774 2962 2844 superbia
2980 2778 3193 2836 videtur
3210 2782 3476 2856 imposita,
3501 2803 3568 2844 ne
3579 2804 3773 2860 quem-

2177 2869 2333 2924 quam
2355 2857 2410 2912 in
2431 2859 2515 2914 via
2539 2861 2852 2922 salutemus.

2247 2946 2299 3002 6.
2330 2948 2648 3024 Praeceptum
2673 2958 2736 3011 de
2762 2947 2964 3017 sacculo
2997 2981 3098 3020 non
3135 2966 3361 3037 ferendo.
3410 2972 3769 3034 Attendamus

2176 3040 2453 3099 Dominum
2495 3055 2735 3104 nostrum
2766 3055 3070 3123 exemplum
3101 3074 3284 3115 verum
3325 3071 3379 3118 et
3413 3064 3762 3135 adjutorium.

2173 3132 2467 3192 Probemus
2517 3140 2638 3206 quia
2683 3143 3047 3214 adjutorium:
3094 3151 3219 3207 Sine
3262 3171 3341 3208 me
3382 3132 3510 3212 nihil
3551 3163 3768 3224 potestis

2171 3229 2355 3296 facere.
2398 3227 2694 3290 Probemus
2729 3236 2852 3306 quia
2879 3242 3181 3312 exemplum
3212 3263 3226 3299 :
3256 3245 3483 3305 Christus
3499 3268 3591 3321 pro
3616 3254 3766 3310 nobis

2170 3335 2351 3388 passus
2370 3331 2443 3376 est
2459 3365 2475 3390 ,
2505 3323 2692 3380 Petrus
2717 3328 2866 3397 dicit,
2898 3333 3039 3390 nobis
3063 3337 3348 3409 relinquens
3370 3344 3679 3415 exemplum,
3701 3357 3766 3402 ut

2167 3427 2435 3482 sequamur
2469 3419 2674 3489 vestigia
2705 3423 2814 3492 ejus
2841 3423 2885 3497 (Ι
2913 3424 3056 3482 Petr.
3082 3444 3152 3496 ιι,
3178 3430 3293 3502 2!).
3340 3433 3458 3505 lpse
3495 3436 3761 3497 Domintn

2166 3511 2350 3559 noster
2390 3505 2594 3565 loculos
2620 3509 2806 3569 habuit
2846 3515 2897 3570 in
2927 3517 3046 3585 via,
3086 3529 3140 3575 et
3177 3521 3325 3593 ipsos
3365 3526 3569 3583 loculos
3596 3528 3759 3588 ludas

2165 3599 2650 3658 commendaverat.
2677 3604 2986 3681 Patiehatur
3011 3613 3225 3684 quidem
3249 3615 3418 3673 furem
3448 3619 3628 3689 (Joan.
3652 3639 3752 3692 xu,

2165 3686 2224 3758 6)
2255 3705 2268 3742 :
2296 3689 2392 3746 sed
2437 3707 2538 3763 ego
2573 3708 2603 3749 a
2652 3696 2877 3755 Domino
2925 3717 3048 3759 meo
3088 3705 3294 3764 discere
3339 3686 3560 3781 cupiens
3603 3686 3754 3786 dico,

2165 3779 2391 3840 Domine
2411 3825 2425 3851 ,
2468 3787 2753 3856 patiebaris
2793 3791 2996 3862 furem,
3028 3797 3169 3855 unde
3196 3779 3430 3859 habebas
3461 3805 3605 3862 unde
3643 3779 3754 3864 ωιὶ

2162 3874 2334 3931 leret?
2376 3877 2458 3935 Me
2497 3879 2764 3939 hominem
2803 3886 3057 3944 miserum
3097 3900 3151 3946 et
3191 3893 3457 3952 inﬁrmum
3493 3900 3752 3969 monuisti

2159 3981 2261 4044 nec
2283 3971 2549 4027 sacculum
2576 3985 2788 4044 portare
2820 3996 2833 4032 :
2866 3986 2922 4034 tu
2950 3983 3170 4050 portasti
3190 3983 3411 4054 loculos,
3439 3998 3496 4045 et
3515 4000 3630 4046 erat
3655 3993 3750 4049 ubi

2158 4059 2328 4116 furem
2358 4067 2634 4131 patereris.
2676 4067 2732 4123 Si
2763 4084 2869 4126 non
2906 4080 3180 4143 portares,
3224 4093 3327 4134 nec
3353 4080 3444 4136 ille
3483 4081 3750 4140 inveniret

2159 4153 2298 4221 quod
2322 4155 2572 4235 auferret.
2616 4159 2751 4226 Quid
2777 4171 2944 4219 restat
2966 4206 2983 4232 ,
3015 4167 3117 4222 nisi
3145 4169 3285 4240 quod
3315 4171 3399 4227 hic
3423 4172 3565 4229 dicat
3585 4176 3744 4246 mihi,

2158 4243 2396 4318 Intellige
2427 4250 2568 4319 quod
2601 4252 2752 4309 audis
2774 4294 2791 4321 ,
2841 4254 3018 4312 Nolite
3040 4268 3244 4330 portare
3281 4265 3558 4321 sacculum.
3601 4243 3744 4335 Quid

2153 4346 2236 4392 est
2263 4342 2544 4398 sacculus?
2572 4344 2801 4402 Pecunia
2824 4349 3003 4406 clausa
3024 4394 3039 4416 .
3077 4353 3129 4409 id
3158 4364 3259 4422 est,
3287 4359 3496 4414 occulta
3517 4363 3739 4432 sapien-

2151 4431 2243 4485 tia.
2273 4431 2406 4500 Quid
2427 4444 2528 4502 est,
2563 4436 2740 4494 Nolite
2759 4451 2960 4510 portare
2980 4447 3278 4502 sacculum?
3301 4448 3475 4506 Nolite
3500 4431 3616 4509 ﬁeri
3646 4469 3739 4511 sa-

2151 4524 2359 4593 pientes
2405 4543 2572 4598 penes
2614 4535 2986 4606 vosmetipsos.
3042 4538 3283 4612 Accipite
3326 4542 3582 4612 Spiritnm
3612 4561 3741 4604 san-

2150 4624 2314 4674 ctum.
2362 4619 2504 4676 Fons
2545 4624 2596 4678 in
2637 4633 2689 4680 te
2723 4626 2882 4683 debet
2920 4644 3077 4699 esse,
3125 4648 3231 4690 non
3267 4636 3546 4706 sawulus;
3595 4640 3740 4697 unde

2147 4718 2431 4780 erogatur,
2478 4728 2584 4769 non
2624 4716 2714 4771 ubi
2759 4717 3079 4778 includatur.
3129 4723 3244 4782 Hoc
3270 4737 3354 4782 est
3391 4743 3550 4800 pera,
3591 4732 3736 4802 quod

2147 4809 2227 4856 est
2261 4803 2522 4861 sacculus.

2215 4894 2439 4952 CAPUT
2468 4897 2554 4953 Vl.
2595 4930 2666 4940 —
2708 4901 2760 4957 7.
2791 4901 2872 4958 De
2893 4905 3243 4965 calceamentis
3287 4928 3389 4967 non
3434 4913 3733 4975 induendis.

2143 4986 2510 5045 Calceamenta
2532 4991 2656 5061 quid
2702 4996 2860 5050 sunt?
2895 4998 3264 5058 Calceamenta
3290 5004 3480 5072 quibus
3504 5008 3731 5077 utimur,

2143 5078 2285 5133 coria
2325 5091 2655 5138 mortuorum
2703 5095 2862 5156 sunt,
2902 5090 3056 5146 nobis
3088 5095 3317 5164 tegmina
3362 5097 3581 5166 pedum.
3625 5100 3737 5158 Per

2142 5169 2244 5227 hoc
2269 5187 2397 5243 ergo
2431 5174 2683 5245 jubemur
2720 5182 3026 5256 renuntiare
3054 5188 3278 5243 mortuis
3313 5190 3587 5260 operibus.
3615 5191 3734 5250 Hoc

2142 5265 2193 5318 in
2223 5264 2388 5336 ﬁgura
2426 5267 2632 5339 Moyses
2667 5270 3085 5346 admonebatur,
3124 5279 3336 5350 quando
3367 5283 3621 5339 Dominus
3651 5285 3734 5342 lo-

2138 5373 2306 5427 quens
2349 5369 2442 5426 att,
2486 5360 2637 5417 Solve
2676 5366 3011 5422 calceamenta
3049 5370 3113 5425 de
3146 5372 3354 5442 pedibus
3401 5375 3502 5429 tuis
3529 5392 3550 5431 :
3584 5378 3732 5433 locus

2139 5451 2268 5504 enim
2310 5450 2364 5506 in
2401 5469 2498 5523 quo
2525 5463 2628 5510 stas
2663 5466 2797 5512 terra
2833 5473 3007 5516 sancta
3031 5472 3103 5516 est
3128 5463 3318 5534 (Exod.
3352 5484 3408 5523 ιιι
3430 5510 3445 5533 ,
3475 5467 3552 5540 5).
3586 5469 3730 5538 Quid

2138 5550 2243 5596 tam
2282 5552 2424 5600 terra
2467 5556 2683 5617 sancta,
2711 5567 2869 5622 quam
2911 5554 3001 5610 Dei
3043 5555 3318 5612 Ecclesia?
3366 5558 3421 5614 ιιι
3467 5545 3556 5615 illa
3596 5576 3730 5634 ergo

2137 5641 2342 5690 stemus
2369 5679 2384 5700 ,
2413 5639 2771 5697 calceamenta
2801 5645 3086 5713 solvamus,
3119 5646 3170 5702 id
3202 5658 3304 5706 est.
3338 5654 3562 5706 mortuis
3589 5668 3726 5724 ope-

2137 5723 2281 5780 ribus
2302 5730 2679 5787 renuntiemus.
2713 5732 2844 5789 Nam
2872 5734 2940 5790 de
2968 5735 3050 5791 his
3075 5737 3446 5796 calceamentis
3465 5785 3482 5809 ,
3512 5745 3712 5812 quibus

2139 5817 2356 5876 caleeati
2375 5820 2710 5882 ambulamus
2734 5867 2750 5896 ,
2781 5827 3086 5887 consolatur
3110 5845 3196 5888 me
3223 5833 3360 5889 idem
3391 5835 3506 5912 ipse
3525 5838 3721 5903 Domi<
