4126 6322
340 309 446 370 609

341 441 444 483 nus
468 434 640 479 meus.
682 417 740 476 Si
769 417 913 473 enim
950 413 1064 485 ipse
1096 410 1363 467 calceatus
1391 421 1497 463 non
1528 411 1692 472 esset,
1724 416 1831 458 non
1858 400 1927 457 de

341 516 436 573 illo
477 514 713 570 Joannes
749 508 952 564 diceret
979 521 995 559 :
1020 502 1141 559 Non
1183 517 1294 558 sum
1330 500 1511 570 dignus
1554 496 1742 551 solvere
1767 493 1929 549 corri-

342 610 480 682 giam
507 606 959 661 calceamentorum
986 600 1093 669 ejus
1124 596 1273 668 (Luc.
1303 610 1381 659 ιιι,
1408 591 1520 663 16).
1550 589 1631 646 Sit
1650 602 1777 659 ergo
1800 586 1929 682 obe-

342 679 575 767 dientia,
611 712 718 754 non
746 694 1004 765 subrepat
1043 689 1273 761 superba
1310 685 1523 743 duritia.
1563 683 1711 753 Ego,
1738 679 1928 750 inquit,

344 793 693 866 Evangelium
721 787 919 859 impleo
936 826 951 852 ,
982 784 1105 856 quia
1133 782 1276 838 nudo
1304 779 1441 852 pede
1461 776 1694 833 ambulo.
1724 774 1802 829 Tu
1832 786 1929 842 po-

344 897 447 954 tes,
491 899 592 956 ego
614 896 723 939 non
763 893 1001 951 possum.
1041 873 1195 943 Quod
1222 871 1379 929 simul
1406 868 1713 938 accipimus,
1754 871 1930 921 custo-

345 980 576 1036 diamus.
635 970 961 1045 Quomodo?
1011 968 1285 1025 Charitate
1327 963 1646 1035 ﬂagremus,
1705 957 1931 1013 invicem

344 1073 629 1143 diligamus
666 1086 679 1124 :
707 1083 772 1124 ac
794 1066 871 1123 sic
899 1065 959 1121 fit
980 1072 1037 1119 ut
1055 1077 1155 1134 ego
1181 1074 1357 1117 amem
1385 1055 1745 1114 fortitudinem
1762 1061 1929 1120 tuam,

345 1173 395 1218 et
431 1172 487 1218 tu
515 1169 699 1232 portes
725 1157 1089 1213 inﬁrmitatem
1116 1167 1312 1209 meam.

418 1253 472 1308 8.
504 1251 583 1305 De
609 1249 772 1305 salute
800 1246 986 1303 nemini
1027 1244 1241 1299 dicenda
1262 1243 1316 1297 in
1336 1242 1436 1297 via.
1486 1237 1750 1308 Expositio
1771 1236 1933 1307 primo

347 1345 513 1400 obvia.
545 1340 684 1409 Quid
710 1349 886 1395 autem
918 1337 1012 1393 tibi
1034 1336 1261 1403 videtur,
1283 1333 1373 1405 qui
1402 1347 1508 1388 non
1538 1331 1616 1386 vis
1639 1329 1935 1400 intelligere

348 1432 797 1504 quemadmodum
824 1430 923 1485 ista
946 1429 1086 1484 dicta
1109 1428 1233 1492 sint,
1268 1434 1323 1480 et
1346 1422 1553 1495 cogeris
1578 1421 1809 1492 praviter
1835 1420 1934 1490 ipsi

350 1526 578 1582 Domino
603 1521 915 1582 calumniari
950 1520 1019 1576 de
1048 1518 1236 1575 loculis
1261 1524 1315 1573 et
1339 1512 1761 1572 calceamentis?
1807 1510 1935 1583 quid

352 1617 443 1674 tibi
472 1615 723 1673 videtur?
771 1616 917 1670 Itane
944 1613 1116 1684 placet
1144 1619 1201 1667 ut
1230 1612 1328 1666 iter
1354 1617 1572 1680 agentes
1596 1618 1938 1662 occurramus

349 1710 529 1765 charis
559 1708 755 1764 nostris
778 1747 795 1775 ,
840 1713 896 1761 et
922 1720 1016 1761 eos
1045 1719 1153 1759 non
1192 1702 1484 1758 salutemus
1517 1698 1785 1769 majores,
1830 1710 1937 1751 non

351 1801 702 1857 resalutamus
755 1796 1033 1854 minores?
1101 1795 1290 1852 Jamne
1334 1792 1679 1863 Evangelium
1726 1789 1934 1860 imples,

350 1893 473 1963 quia
494 1890 740 1947 salutaris
768 1897 824 1945 et
851 1886 1032 1945 taces?
1052 1886 1109 1943 Si
1128 1902 1257 1943 vero
1286 1901 1393 1940 non
1412 1883 1599 1939 viatori
1621 1883 1720 1938 iter
1739 1881 1935 1951 agenti,

360 1984 453 2040 sed
482 1984 728 2039 milliario
766 1982 954 2038 similis
980 1982 1088 2036 eris
1117 1980 1218 2035 iter
1243 1977 1565 2034 ostendenti.
1629 1976 1769 2046 Ergo
1794 1974 1940 2031 stoli-

354 2078 575 2133 ditatem
601 2076 950 2147 deponamus,
973 2084 1028 2129 et
1053 2073 1213 2129 verba
1242 2070 1452 2127 Domini
1478 2069 1855 2139 intelligamus,
1887 2076 1943 2123 et

354 2169 411 2226 in
440 2169 525 2224 via
555 2168 823 2224 neminem
852 2165 1166 2223 salutemus.
1205 2162 1321 2219 Non
1345 2161 1487 2218 enim
1513 2161 1629 2216 sine
1651 2174 1809 2215 causa
1840 2158 1942 2215 hoc

358 2260 632 2332 jubcmur,
662 2267 755 2314 aut
778 2258 947 2313 nollet
974 2271 1073 2313 nos
1098 2254 1279 2311 facere
1295 2252 1436 2325 quod
1459 2252 1691 2323 juberet.

428 2349 655 2407 CAPUT
692 2349 802 2404 Vll.
835 2378 904 2388 -—
927 2347 1063 2416 Quid
1112 2360 1239 2416 ergo
1267 2353 1379 2413 est,
1425 2342 1695 2398 Neminem
1746 2340 1942 2395 saluta-

358 2443 527 2497 veritis
569 2441 621 2495 in
658 2440 775 2495 via?
811 2440 991 2496 Potest
1035 2436 1251 2509 quidem
1290 2445 1343 2493 et
1384 2435 1696 2505 simpliciter
1733 2433 1809 2489 sic
1856 2446 1946 2487 ac-

357 2536 463 2606 cipi
490 2577 504 2601 ,
556 2534 645 2605 qui
692 2532 851 2604 jussit
917 2546 1016 2588 nos
1074 2530 1386 2586 festinanter
1436 2542 1594 2599 agere
1641 2526 1874 2597 injuncta
1926 2540 1941 2579 :

361 2636 418 2683 et
448 2627 550 2681 hoc
588 2626 661 2680 ita
705 2624 876 2690 dixit,
923 2622 1193 2678 Neminem
1243 2638 1332 2693 per
1386 2621 1521 2675 viam
1574 2618 1941 2682 salutaverilis,

361 2727 612 2788 tanquam
652 2716 884 2783 diceret,
914 2714 1101 2771 Omnia
1145 2712 1579 2785 praetermittatis,
1629 2710 1756 2766 dum
1805 2710 1947 2781 quod

363 2812 656 2881 injunctum
708 2819 790 2864 est
843 2807 1138 2879 peragatis;
1191 2822 1253 2861 ea
1309 2804 1572 2861 locutione
1617 2820 1721 2875 qua
1771 2804 1948 2859 solent

363 2902 502 2957 dicta
548 2899 856 2971 exaggerari
908 2896 1292 2954 consuetudine
1364 2895 1777 2951 sermocinandi.
1841 2895 1949 2951 Nec

365 2994 521 3064 longe
548 3006 828 3063 pergamus
858 3009 872 3047 :
904 2990 959 3045 in
985 2989 1172 3045 eodem
1204 3003 1454 3044 sermone
1482 2988 1635 3058 paulo
1657 2997 1775 3058 post
1799 2986 1944 3054 dicit,

364 3086 436 3142 Et
462 3097 513 3141 lu
543 3086 900 3158 Capharnaum
919 3126 934 3151 ,
965 3099 1077 3154 quia
1105 3098 1259 3153 usque
1299 3082 1367 3135 ad
1404 3082 1585 3135 cwlum
1621 3080 1841 3135 exaltata
1861 3097 1911 3135 es
1931 3121 1946 3147 ,

365 3197 523 3251 usque
548 3181 601 3233 in
646 3180 896 3250 infernum
933 3175 1227 3246 deprimeris
1267 3174 1287 3247 (
1308 3173 1398 3228 Id.
1442 3175 1631 3245 1,15).
1662 3173 1799 3242 Quid
1823 3182 1903 3227 est
1933 3213 1948 3241 ,

367 3290 521 3343 usque
546 3272 614 3326 ad
640 3272 816 3326 cretum
844 3269 1067 3324 exaltata
1109 3267 1204 3322 es?
1246 3265 1513 3337 Numquid
1553 3265 1785 3321 civitatis
1815 3265 1951 3319 illius

367 3360 564 3420 moenia
590 3362 757 3417 nubes
785 3360 1091 3431 tetigerunt,
1124 3366 1216 3413 aut
1249 3356 1316 3411 ad
1341 3356 1517 3411 sidera
1544 3364 1904 3426 pervenerunt
1928 3355 1951 3409 ?

368 3456 475 3515 Sed
496 3456 621 3527 quid
649 3465 762 3522 est,
789 3455 843 3508 in
876 3453 1057 3507 caelum
1086 3451 1307 3506 exaltata
1331 3451 1425 3505 es?
1448 3449 1678 3505 Nimium
1708 3449 1801 3504 tibi
1826 3448 1954 3503 felix

368 3550 587 3616 videris,
610 3549 832 3603 nimium
856 3555 1066 3617 potens,
1086 3544 1306 3599 nimium
1326 3542 1549 3613 superba
1564 3556 1644 3596 es.
1664 3541 1810 3595 Sicut
1829 3554 1956 3609 ergo

368 3643 473 3697 hoc
498 3639 847 3713 exaggerandt
869 3637 1037 3709 gratia
1072 3637 1271 3691 dictum
1296 3644 1397 3701 est,
1419 3635 1472 3689 in
1490 3634 1669 3688 caelum
1693 3633 1952 3697 exaltaris,

368 3735 422 3792 ei
447 3734 674 3802 civitati,
699 3748 818 3803 qua:
847 3746 956 3787 non
981 3743 1148 3799 usque
1175 3727 1230 3782 in
1257 3727 1451 3783 etelum
1481 3724 1837 3792 exaltabatur,
1868 3734 1960 3779 aut

370 3827 692 3883 ascendebat
724 3843 737 3879 :
765 3825 844 3879 sic
887 3837 984 3893 pro
1029 3820 1367 3877 festinatione
1413 3818 1835 3889 exaggerationis
1876 3817 1958 3871 di-

373 3928 515 3975 ctum
546 3927 631 3974 est
655 3957 668 3982 ,
716 3916 791 3971 ιω
836 3914 1070 3981 currite,
1103 3914 1180 3969 sic
1207 3912 1347 3983 agite
1379 3910 1520 3982 quod
1549 3910 1769 3980 injunxi,
1800 3917 1858 3963 ut
1894 3925 1961 3964 ne

372 4012 653 4066 minimum
678 4006 895 4080 quidem
912 4022 1007 4062 vos
1018 4004 1289 4062 retardent
1304 4011 1522 4074 agentes
1541 4002 1651 4074 (a);
1673 4001 1765 4058 sed
1782 4003 1958 4057 omnia

372 4109 798 4168 contemnentes,
833 4099 899 4155 ad
928 4100 1086 4155 linem
1116 4096 1446 4167 propositum
1476 4095 1742 4151 festinate.

444 4197 500 4253 9.
530 4196 722 4252 Sensus
750 4194 878 4248 alter
902 4191 1222 4247 reconditior.
1257 4189 1587 4261 Evangelium
1609 4206 1697 4259 per
1732 4190 1961 4245 occasio-

376 4306 489 4342 nem
518 4285 811 4357 prtedicare.
844 4283 951 4339 Sed
977 4290 1060 4338 est
1084 4280 1229 4336 aliud
1256 4280 1398 4351 quod
1431 4280 1517 4335 hic
1551 4279 1719 4350 magis
1755 4281 1961 4351 recogi-

379 4392 485 4435 tcm
508 4394 615 4433 non
636 4375 892 4432 dissimile
907 4372 1204 4444 intelligere
1225 4371 1325 4444 (ὁ),
1349 4370 1490 4442 quod
1507 4371 1623 4441 plus
1644 4371 1871 4440 pertinet
1897 4371 1963 4426 ad

376 4487 465 4528 me
490 4480 545 4526 et
568 4469 635 4525 ad
659 4483 844 4524 omnes
868 4467 1263 4541 dispensatores
1282 4506 1298 4533 ,
1325 4464 1421 4520 sed
1445 4473 1499 4520 et
1523 4462 1591 4519 ad
1616 4478 1710 4521 vos
1753 4464 1963 4519 audito-

378 4579 486 4621 res.
534 4562 634 4630 Qui
671 4560 902 4627 salutat,
946 4558 1170 4614 salutem
1215 4556 1359 4613 dicit.
1405 4555 1539 4611 Nam
1581 4565 1636 4611 et
1670 4556 1872 4627 antiqui
1908 4556 1967 4612 in

379 4656 619 4728 epistolis
648 4653 760 4710 suis
787 4653 865 4709 sic
890 4651 1192 4707 scribebant
1220 4667 1234 4704 :
1264 4650 1357 4705 llle
1383 4648 1458 4704 illi
1483 4648 1725 4704 salutem.
1753 4647 1966 4706 Saluta-

384 4750 456 4803 tio
482 4763 512 4801 a
539 4747 708 4802 salute
745 4759 940 4800 nomen
976 4742 1204 4813 accepit.
1247 4740 1384 4810 Quid
1415 4756 1543 4812 ergo
1570 4749 1670 4807 est,
1702 4738 1969 4797 Neminem

380 4842 434 4897 in
460 4843 542 4896 via
576 4839 954 4895 salutaveritis?
986 4836 1084 4906 Qui
1114 4836 1347 4891 salutant
1391 4834 1446 4889 in
1474 4834 1578 4901 via,
1609 4849 1704 4905 per
1728 4834 1969 4889 occasio-

383 4951 504 4991 nem
534 4935 787 4990 salutant.
821 4931 986 4987 Video
1019 4944 1115 4985 vos
1154 4929 1261 4985 cito
1288 4927 1637 4996 intellexisse,
1668 4943 1768 4983 nec
1793 4936 1969 4986 tamen

381 5028 554 5084 debeo
578 5025 689 5097 jam
714 5023 888 5079 linire.
920 5021 1035 5077 Non
1073 5020 1217 5077 enim
1254 5034 1443 5076 omnes
1474 5018 1580 5073 cito
1611 5018 1968 5075 intellexistis.

383 5118 506 5175 Vidi
556 5117 612 5173 in
655 5131 788 5172 voce
832 5113 1187 5183 intelligentes
1213 5153 1229 5179 ,
1271 5110 1449 5181 plures
1471 5109 1625 5165 video
1654 5110 1866 5165 silentio
1889 5125 1973 5165 re-

384 5210 679 5283 quirentes.
710 5204 819 5263 Sed
848 5205 973 5277 quia
996 5202 1064 5259 de
1090 5203 1174 5258 via
1204 5200 1476 5272 loquimur
1493 5241 1510 5268 ,
1536 5209 1782 5269 tanquam
1811 5200 1865 5255 in
1892 5201 1974 5255 via

385 5300 718 5358 ambulemus
751 5314 764 5351 :
806 5295 1021 5352 veloces
1064 5290 1247 5347 tardos
1294 5299 1639 5361 exspectate,
1668 5299 1741 5367 et
1778 5290 1978 5360 pariter

386 5394 679 5453 ambulate.
722 5389 862 5460 Quid
906 5401 1036 5459 ergo
1077 5384 1225 5452 dixi,
1270 5382 1371 5451 Qui
1412 5382 1466 5437 in
1504 5382 1590 5437 via
1631 5382 1841 5447 salutat,
1881 5397 1978 5451 per

388 5487 727 5546 occasionem
752 5480 984 5538 salutat?
1015 5478 1130 5534 Non
1170 5476 1236 5532 ad
1275 5490 1397 5532 eum
1437 5474 1547 5530 ibat
1579 5489 1732 5544 quem
1759 5474 1974 5529 salutat.

390 5580 549 5639 Aliud
574 5576 786 5649 agebat,
816 5572 960 5629 aliud
998 5570 1229 5628 occurrit
1266 5587 1278 5625 :
1308 5566 1451 5623 aliud
1478 5567 1709 5637 petebat,
1740 5566 1882 5621 aliud
1911 5566 1980 5623 de

454 5719 530 5846 iii
544 5722 709 5840 3%.":
1153 5766 1299 5836 facile
1317 5773 1386 5822 est
1410 5764 1693 5831 iruelligere.

1795 283 2029 343 SERMO
2065 284 2148 341 Cl.

3508 294 3614 353 610

2040 410 2344 457 transverso
2388 402 2528 472 quod
2567 412 2749 476 ageret
2800 406 3020 463 invenit.
3060 406 3197 478 Quid
3238 417 3319 465 est
3361 424 3489 481 ergo
3522 428 3619 483 per

2037 499 2372 554 Occasionem
2409 500 2675 556 salutare?
2719 502 2822 557 Per
2861 504 3198 560 occasionem
3244 504 3467 559 salutem
3518 520 3617 561 an-

2037 591 2304 647 nuntiare.
2331 590 2468 659 Quid
2493 601 2575 647 est
2596 602 2771 648 autem
2802 594 2967 662 aliud,
3007 595 3233 651 salutem
3259 594 3576 652 annuntiare
3598 636 3615 663 ,

2037 698 2196 754 quam
2226 685 2566 755 Evangelium
2608 687 2929 756 prmdicare?
2953 688 3008 744 Si
3035 704 3163 760 ergo
3192 689 3449 760 praedicas
3471 731 3487 757 ,
3515 690 3620 746 hoc

2037 790 2135 846 age
2163 791 2258 846 per
2284 775 2647 844 dilectionem,
2677 793 2782 833 non
2814 794 2910 849 per
2936 782 3291 836 occasionem.
3334 780 3469 837 Sunt
3492 795 3621 852 ergo

2038 866 2284 924 homines
2334 870 2423 940 qui
2461 884 2555 925 sua
2607 880 2935 941 quaerentes,
2986 889 3096 929 non
3140 874 3303 941 aliud,
3333 875 3622 945 praedicant

2038 958 2383 1030 Evangelium
2406 960 2499 1017 :de
2516 960 2703 1032 quibus
2727 962 3012 1033 Apostolus
3031 980 3250 1035 gemens
3268 966 3415 1029 dicit,
3436 966 3623 1023 Omnes

2040 1050 2173 1105 enim
2212 1068 2305 1106 sua
2344 1062 2593 1124 quwrunt,
2625 1069 2727 1108 non
2755 1070 2867 1125 qua:
2892 1053 3017 1110 Jesu
3040 1055 3226 1111 Christi
3264 1055 3521 1130 (Philipp.
3562 1073 3620 1125 ιι,

2039 1140 2155 1215 21).
2186 1143 2253 1199 Ει
2278 1143 2334 1198 hi
2359 1143 2679 1213 salutabant,
2712 1144 2812 1201 hoc
2837 1156 2938 1213 est,
2972 1146 3197 1203 salutem
3217 1148 3622 1211 annuntiabant.

2040 1233 2383 1305 Evangelium
2436 1236 2793 1307 praedicabant
2834 1238 2970 1295 :sed
3007 1240 3149 1295 aliud
3191 1240 3532 1311 qurerebant;
3571 1250 3626 1297 et

2042 1324 2163 1382 ideo
2205 1343 2301 1398 per
2340 1329 2674 1385 occasionem
2723 1329 3043 1386 salutabant.
3095 1331 3162 1387 Et
3203 1331 3329 1403 quid
3357 1341 3440 1387 est
3481 1331 3625 1389 hoc?

2040 1418 2097 1475 Si
2124 1418 2243 1473 talis
2265 1418 2447 1487 fueris,
2473 1420 2712 1492 quisquis
2735 1437 2793 1478 es
2811 1420 2942 1478 facis
2962 1440 2974 1477 :
2994 1423 3103 1476 imo
3116 1436 3221 1477 non
3244 1422 3361 1477 talis
3381 1422 3621 1495 quisquis

2042 1508 2195 1577 facis,
2227 1510 2319 1566 sed
2347 1512 2481 1567 forte
2516 1512 2708 1584 aliquis
2744 1512 2862 1569 talis
2900 1513 2990 1585 qui
3017 1511 3167 1571 facis.
3193 1512 3250 1570 Si
3276 1513 3398 1571 talis
3419 1514 3622 1583 fueris,

2042 1616 2146 1657 non
2170 1601 2321 1669 facis,
2343 1602 2436 1658 sed
2464 1604 2522 1659 fit
2550 1604 2618 1661 de
2643 1613 2714 1661 te.

2112 1692 2338 1749 CAPUT
2379 1693 2512 1749 Vlll.
2556 1724 2627 1735 —
2668 1695 2756 1752 10.
2798 1694 3169 1752 Prtedicatores
3216 1714 3313 1753 sua
3354 1707 3628 1769 querentes

2042 1784 2292 1853 quomodo
2320 1787 2578 1841 audiendi.
2611 1787 2744 1843 Nam
2773 1796 2828 1844 et
2870 1788 3001 1845 tales
3045 1789 3259 1846 admisit
3296 1790 3625 1861 Apostolus:

2044 1891 2149 1930 non
2178 1885 2352 1933 tamen
2379 1888 2435 1932 ut
2460 1879 2590 1934 tales
2618 1888 2819 1945 essent,
2845 1880 3117 1952 prmcepit.
3140 1881 3208 1936 Et
3231 1881 3330 1951 ipsi
3349 1889 3511 1953 agunt
3533 1881 3630 1938 ali-

2044 1967 2190 2038 quid,
2214 1978 2269 2023 et
2293 1970 2565 2039 perﬁcitur
2584 1987 2647 2027 ex
2671 1971 2800 2043 ipsis
2828 1991 2840 2028 :
2868 1954 3012 2029 a'liud
3036 1982 3297 2045 quaerunt,
3328 1984 3381 2031 et
3409 1975 3628 2031 verbum

2044 2060 2379 2117 annuntiant.
2406 2062 2545 2131 Quid
2571 2073 2774 2134 quaerat
2799 2066 3162 2135 annuntiator,
3187 2081 3254 2122 ne
3273 2082 3428 2123 cures
3452 2085 3465 2122 :
3489 2068 3629 2139 quod

2045 2154 2353 2221 annuntiat,
2389 2165 2569 2211 tenere
2612 2156 2781 2223 velis;
2824 2157 2965 2227 quod
3002 2173 3130 2214 vero
3155 2158 3397 2229 attendit,
3429 2174 3535 2215 non
3565 2159 3630 2215 ad

2047 2254 2101 2302 te
2147 2248 2428 2317 pertineat.
2478 2248 2715 2304 Salutem
2764 2249 2887 2304 audi
2926 2251 2993 2305 ab
3032 2266 3129 2307 ore
3172 2251 3360 2322 ipsius,
3405 2252 3630 2308 salutem

2048 2346 2171 2393 tene
2194 2339 2262 2395 ab
2290 2354 2382 2393 ore
2407 2340 2590 2409 ipsius.
2634 2339 2755 2396 Noli
2779 2339 2942 2411 jndex
2976 2355 3096 2397 esse
3135 2342 3312 2398 cordis
3349 2343 3535 2414 ipsius.
3576 2344 3633 2400 Si

2047 2430 2196 2485 vides
2242 2447 2365 2486 eum
2409 2431 2510 2485 alia
2554 2432 2937 2503 requirentem,
2966 2433 3091 2504 quid
3116 2434 3183 2490 ad
3214 2435 3302 2489 te?
3326 2434 3462 2489 Audi
3488 2436 3633 2491 salu-

2050 2530 2157 2577 tem
2188 2538 2203 2576 :
2237 2522 2364 2589 Qua:
2387 2522 2578 2586 dicunt,
2603 2524 2769 2593 facite.
2796 2523 3052 2579 Securum
3084 2533 3135 2580 te
3158 2523 3316 2592 fecit,
3345 2526 3435 2597 qui
3463 2526 3596 2582 dixit
3618 2565 3634 2589 ,

2053 2613 2181 2680 Qua:
2209 2614 2411 2678 dicunt,
2446 2615 2617 2685 facite.
2646 2614 2781 2670 Mala
2810 2615 3008 2670 faciunt
3034 2634 3048 2670 :
3082 2617 3208 2683 Qua:
3234 2617 3445 2691 faciunt,
3474 2618 3639 2687 facere

2050 2704 2206 2760 nolite
2234 2705 2444 2777 (Matth.
2486 2722 2637 2771 χχιιι,
2680 2705 2757 2777 5).
2799 2706 2945 2762 Bona
2971 2707 3188 2777 faciunt,
3220 2725 3325 2764 non
3355 2710 3411 2765 in
3440 2710 3521 2765 via
3549 2727 3638 2767 sa-

2051 2797 2240 2863 lutant,
2258 2812 2363 2852 non
2405 2814 2499 2868 per
2533 2799 2870 2862 occasionem
2902 2799 3247 2871 Evangelium
3278 2804 3595 2858 annuntiant
3622 2822 3636 2859 :

2053 2892 2346 2946 imitatores
2375 2907 2560 2947 eorum
2592 2900 2785 2959 estote,
2816 2892 2955 2948 sicut
2982 2902 3035 2948 ct
3075 2894 3177 2964 ipsi
3215 2893 3411 2951 Christi
3442 2896 3496 2966 (l
3519 2895 3639 2952 Cor.

2052 2998 2125 3049 tv,
2158 2982 2270 3054 16).
2309 2985 2487 3039 Bonus
2529 2983 2624 3038 tibi
2670 2982 2952 3054 praedicat;
2994 3000 3153 3056 carpe
3199 3001 3354 3041 uvam
3400 2985 3468 3041 de
3513 2988 3640 3044 vite.

2054 3075 2221 3129 Malus
2252 3075 2343 3131 tibi
2372 3075 2624 3144 praedicat
2644 3091 2659 3142 ;
2679 3091 2838 3146 carpe
2866 3092 3023 3131 uvam
3052 3077 3372 3148 pendentem
3416 3079 3469 3134 in
3492 3095 3638 3149 sepe.

2056 3166 2246 3221 Botrus
2287 3167 2542 3236 implicite
2582 3167 2634 3223 in
2666 3168 2885 3238 palmite
2915 3169 3054 3224 inter
3079 3169 3261 3239 Spinas
3288 3171 3473 3236 crevit,
3498 3181 3551 3226 et
3578 3172 3644 3227 de

2057 3256 2224 3325 spinis
2241 3272 2343 3311 non
2360 3258 2693 3327 germinavit.
2713 3257 2878 3314 Plane
2898 3260 3110 3331 quando
3137 3261 3242 3316 tale
3270 3262 3468 3333 aliquid
3498 3263 3646 3320 vides

2058 3356 2112 3402 et
2142 3348 2315 3403 esuris
2340 3388 2355 3415 ,
2400 3348 2626 3403 sollicite
2661 3364 2854 3419 carpe,
2889 3365 2958 3405 ne
2986 3366 3107 3406 cum
3142 3351 3209 3407 ad
3240 3368 3395 3407 uvam
3432 3369 3645 3413 nianum

2059 3437 2246 3502 mittis,
2279 3439 2529 3494 lacereris
2559 3455 2588 3493 a
2619 3439 2786 3509 spinis
2816 3438 2914 3513 (a).
2953 3440 3063 3495 Hoc
3092 3452 3176 3496 est
3201 3443 3343 3513 quod
3371 3442 3490 3500 dico
3520 3463 3533 3498 :
3558 3443 3647 3512 Sic

2061 3528 2183 3581 audi
2240 3528 2382 3597 quod
2444 3528 2642 3582 bonum
2680 3538 2789 3594 est,
2838 3545 2905 3583 ne
2972 3531 3140 3586 malos
3182 3548 3360 3589 mores
3399 3533 3641 3596 imiteris.

2061 3618 2322 3673 Prmdicct
2350 3633 2415 3672 ex
2444 3619 2744 3685 occasione,
2786 3619 2977 3675 salutet
3021 3621 3074 3675 in
3119 3622 3200 3675 via
3251 3640 3265 3675 :
3311 3624 3388 3678 illi
3440 3625 3649 3682 nocebit

2063 3712 2205 3783 quod
2236 3727 2339 3767 non
2366 3712 2565 3767 audivit
2598 3720 2920 3783 praeceptum
2955 3713 3175 3783 Christi,
3199 3714 3465 3770 Neminem
3490 3717 3544 3771 in
3571 3718 3651 3772 via

2064 3803 2401 3860 salutaveritis
2418 3819 2438 3867 ;
2467 3802 2557 3858 tibi
2584 3817 2691 3858 non
2722 3805 2951 3869 nocebit,
2991 3805 3078 3875 qui
3107 3806 3218 3861 sive
3242 3822 3272 3861 a
3304 3815 3607 3864 transeunte
3632 3852 3647 3878 ,

2066 3899 2179 3953 sive
2203 3913 2232 3950 a
2259 3896 2504 3952 veniente
2528 3896 2754 3952 salutem
2778 3897 2950 3962 audis,
2976 3898 3203 3953 salutem
3232 3910 3401 3955 tenes.
3427 3901 3653 3971 Aposto-

2067 3990 2175 4045 lnm
2204 3989 2346 4054 audi,
2376 3989 2513 4043 sicut
2540 3989 2927 4058 praemiseram,
2957 3989 3335 4046 admonentem
3363 3990 3483 4049 ista.
3518 3992 3653 4058 Quid

2067 4082 2199 4135 enim
2220 4084 2245 4134 1’
2270 4079 2405 4134 Dum
2432 4081 2569 4134 omni
2607 4080 2756 4135 modo
2778 4122 2793 4147 ,
2847 4082 2949 4136 sive
2989 4082 3245 4137 occasione
3269 4123 3284 4148 ,
3325 4082 3427 4137 sive
3450 4084 3655 4138 veritate

2067 4170 2297 4227 Christus
2322 4172 2665 4239 annuntietur,
2698 4180 2745 4226 et
2771 4173 2823 4226 in
2849 4173 2943 4226 hoc
2968 4174 3181 4245 gaudeo,
3212 4176 3300 4230 sed
3331 4184 3376 4229 et
3404 4176 3649 4246 gaudebo.

2071 4264 2191 4319 Scio
2222 4266 2353 4318 enim
2382 4266 2547 4335 ipsum
2576 4266 2700 4319 mihi
2732 4267 2980 4337 proﬁcere
3005 4269 3058 4321 in
3087 4270 3300 4324 salutem
3328 4286 3417 4341 per
3444 4279 3653 4326 vestram

2071 4358 2467 4413 obsecrationem
2491 4357 2746 4431 (Philipp.
2771 4376 2807 4425 ι,
2838 4361 2927 4426 18,
2955 4361 3068 4434 19).

2142 4449 2370 4505 CAPUT
2407 4448 2498 4505 IX.
2529 4479 2599 4490 -—
2628 4452 2718 4507 11.
2752 4451 3119 4510 Prtedicatores
3146 4472 3320 4526 pacem
3348 4461 3483 4530 ferre
3498 4459 3654 4527 jussi.

2072 4543 2228 4598 Tales
2262 4543 2421 4613 igitur
2446 4544 2685 4614 Apostoli
2725 4544 2917 4602 Christi
2957 4549 3332 4618 prmdicatores
3361 4551 3656 4622 Evangelii,

2072 4651 2178 4690 non
2218 4635 2509 4692 salutantes
2558 4638 2610 4692 in
2656 4638 2758 4705 via,
2787 4639 2892 4696 hoc
2916 4650 3014 4709 est,
3056 4657 3163 4698 non
3190 4643 3335 4700 aliud
3359 4653 3660 4716 quaerentes

2073 4729 2159 4787 vel
2201 4738 2439 4801 agentes,
2468 4731 2561 4786 sed
2589 4734 3127 4817 germanacharitate
3164 4738 3507 4808 Evangelium
3560 4754 3660 4794 an-

2074 4823 2404 4890 nuntiantes,
2436 4825 2659 4879 veniant
2688 4826 2754 4881 ad
2802 4827 3017 4884 domum
3063 4837 3118 4885 et
3160 4829 3358 4897 dicant,
3402 4830 3519 4886 Paa:
3544 4832 3662 4886 huic

2076 4915 2267 4969 domui.
2312 4915 2428 4970 Non
2454 4931 2548 4971 ore
2573 4917 2743 4972 solum
2784 4918 2965 4975 dicunt
3006 4937 3019 4974 :
3058 4936 3164 4993 quo
3200 4921 3346 4993 pleni
3371 4933 3515 4990 sunt,
3545 4922 3661 4979 fun‘

2078 5007 2241 5073 dunt;
2274 5008 2562 5076 praedicant
2591 5025 2796 5080 pacem,
2830 5020 2884 5067 et
2908 5010 3107 5069 habent
3152 5030 3356 5084 pacem.
3394 5014 3511 5072 Non
3538 5026 3664 5073 sunt

2082 5099 2215 5155 tales
2239 5099 2306 5154 de
2331 5099 2522 5170 quibus
2549 5100 2747 5157 dictum
2779 5111 2860 5158 est
2878 5144 2893 5171 ,
2926 5103 3072 5171 Pax,
3104 5122 3224 5175 pax,
3259 5115 3307 5160 et
3331 5123 3432 5162 non
3460 5117 3533 5163 est
3561 5126 3665 5179 par

2085 5189 2297 5261 (Jerem.
2326 5207 2438 5259 vni,
2469 5193 2578 5263 11).
2603 5193 2738 5261 Quid
2768 5202 2870 5261 est,
2904 5193 3040 5262 Pam,
3070 5212 3195 5268 pax,
3222 5206 3272 5252 et
3296 5214 3398 5253 non
3423 5210 3495 5254 est
3518 5203 3667 5271 pax?

2082 5280 2470 5350 Praedicantes,
2499 5299 2602 5338 non
2642 5284 2868 5348 habent;
2910 5285 3145 5355 laudant,
3194 5294 3250 5344 et
3292 5304 3399 5346 non
3441 5303 3662 5359 amant;

2084 5372 2287 5440 dicunt,
2314 5383 2368 5429 et
2395 5390 2496 5429 non
2522 5372 2741 5430 faciunt.
2801 5375 2905 5431 Sed
2938 5385 3111 5433 tamen
3140 5387 3195 5435 tu
3220 5382 3405 5454 accipe
3434 5398 3616 5454 pacem
3648 5400 3664 5451 ;

2087 5466 2200 5521 sive
2237 5468 2535 5530 occasione,
2588 5467 2700 5522 sive
2747 5469 2970 5525 veritate
3015 5469 3261 5531 Christus
3302 5478 3665 5532 annuntietur.

2088 5558 2186 5625 Qui
2218 5574 2342 5627 ergo
2368 5557 2554 5627 plenus
2581 5566 2662 5613 est
2685 5573 2815 5628 pace
2834 5600 2849 5627 ,
2878 5570 2931 5615 et
2952 5563 3167 5632 salutat,
3192 5563 3312 5620 Pax
3335 5567 3453 5621 huic
3471 5566 3668 5632 domui;

2089 5653 2132 5706 si
2159 5662 2231 5706 est
2258 5651 2360 5705 illic
2384 5651 2521 5720 ﬁlius
2544 5652 2681 5721 pacis
2704 5694 2718 5720 ,
2764 5654 3036 5724 requiescet
3059 5674 3213 5731 super
3234 5676 3346 5719 eum
3367 5674 3469 5731 pax
3486 5660 3627 5735 illius
3647 5676 3666 5715 :

2154 5766 2228 5829 (a)
2251 5765 2365 5815 vide
2386 5775 2535 5836 supra
2554 5776 2834 5818 sermonem
2848 5767 2928 5821 74.
3366 5746 3370 5755 λ
