4006 6464
494 328 604 390 8ιῦ

493 448 652 506 Certe
677 442 910 503 Trinitas
932 449 1018 500 est
1042 441 1184 498 Deus
1221 447 1425 496 noster.
1457 437 1617 494 Pater
1643 449 1750 492 non
1781 442 1866 490 est
1893 434 2080 502 Filius,

495 541 665 598 Filius
690 555 796 597 non
826 546 908 595 est
931 537 1092 594 Pater
1110 577 1126 604 ,
1157 533 1385 606 Spiritus
1413 539 1627 589 sanctus
1656 544 1755 586 nec
1779 529 1937 585 Pater
1965 537 2082 597 est,

495 650 595 691 nec
620 632 806 700 Filius,
837 629 934 687 sed
957 628 1238 684 amborum
1263 624 1494 696 Spiritus
1523 641 1537 679 :
1564 632 1621 680 et
1649 631 1828 679 tamen
1853 622 1952 677 ista
1981 620 2083 677 tria

496 741 604 783 non
628 736 734 781 tres
773 723 869 790 dii,
907 737 1016 777 non
1045 729 1170 782 tres
1202 719 1616 789 omnipotentes,
1646 713 1742 772 sed
1781 727 1918 769 unus
1945 712 2086 769 Deus

493 819 861 889 omnipotens,
913 815 1025 886 ipsa
1059 812 1292 870 Trinitas
1333 827 1472 867 unus
1511 811 1653 866 Deus
1693 825 1708 863 :
1752 807 1876 878 quia
1921 819 2085 861 unum

494 909 852 967 necessarium
876 916 979 964 est.
1003 906 1088 962 Ad
1111 905 1215 961 hoc
1237 919 1402 961 unum
1429 919 1539 961 non
1569 915 1668 960 nos
1694 900 1953 973 perducit,
1983 897 2084 954 nisi

493 1003 645 1059 multi
670 1000 959 1058 habeamus
991 1013 1086 1056 eor
1114 1011 1298 1054 unum.

563 1091 790 1150 CAPUT
828 1091 918 1149 lV.
953 1119 1026 1132 -—
1061 1091 1117 1147 5.
1156 1088 1359 1145 Bonum
1398 1087 1655 1153 Martius,
1700 1084 2034 1141 ministerium
2065 1098 2084 1138 :

493 1188 668 1244 melior
704 1202 825 1259 pars
853 1183 1056 1240 Mariae.
1088 1183 1234 1238 Bona
1279 1190 1402 1237 sunt
1441 1179 1734 1235 ministeria
1769 1178 1912 1234 circa
1950 1191 2085 1247 pau-

494 1293 682 1350 peres,
712 1285 768 1335 et
805 1275 1038 1332 maxime
1069 1275 1209 1330 circa
1254 1281 1465 1328 sanctos
1491 1271 1587 1327 Dei
1628 1268 1846 1326 servitia
1882 1267 2079 1336 debita,
2171 1304 2182 1310 -

494 1368 756 1440 obsequia
803 1366 1072 1438 religiosa.
1121 1363 1434 1421 Reddantur
1478 1362 1620 1419 enim
1641 1401 1656 1427 ,
1704 1375 1810 1416 non
1856 1361 2082 1428 dantur,

493 1461 707 1518 dicente
731 1457 1008 1529 Apostolo,
1039 1456 1101 1512 Si
1124 1473 1216 1512 nos
1241 1455 1376 1511 vobis
1395 1455 1682 1525 spiritualia
1706 1452 2080 1519 seminavimus,

493 1567 734 1624 magnum
758 1560 830 1606 est
855 1550 899 1606 si
927 1549 1154 1604 carnalia
1173 1558 1332 1603 uestra
1355 1557 1597 1602 metamus
1624 1544 1676 1617 (ι
1699 1543 1816 1600 Cor.
1847 1559 1928 1608 rx,
1958 1541 2084 1615 ii)?

492 1643 640 1700 Bona
667 1650 824 1710 sunt,
851 1639 1204 1697 exhortamur
1240 1638 1308 1694 ad
1347 1637 1481 1706 haec,
1511 1646 1565 1693 et
1592 1637 1642 1692 in
1666 1635 1830 1692 verbo
1869 1635 2084 1691 Domini

492 1737 818 1794 aediﬁcamus
852 1749 966 1801 vos,
996 1733 1160 1789 nolite
1179 1732 1315 1803 pigri
1334 1746 1456 1788 esse
1479 1733 1547 1786 ad
1569 1729 1935 1800 suscipiendos
1963 1743 2085 1784 san-

493 1837 628 1886 ctos.
659 1827 956 1897 Aliquando
997 1825 1315 1890 nescientes,
1348 1821 1684 1892 suscipiendo
1712 1835 1846 1892 quos
1875 1819 2084 1876 nescie-

493 1920 643 1990 bant,
673 1920 908 1991 Angelos
937 1924 1288 1987 susceperunt
1319 1913 1502 1987 (Hebr.
1531 1929 1645 1977 xm,
1671 1912 1752 1983 2).
1785 1911 1933 1968 Bona
1961 1918 2085 1966 sunt

492 2012 609 2068 haec
640 2030 654 2066 :
685 2012 874 2068 melius
899 2019 980 2066 est
1010 2019 1184 2065 tamen
1211 2007 1353 2078 quod
1381 2005 1544 2076 elegit
1571 2004 1755 2060 Maria.
1779 2002 1912 2064 Illud
1937 2002 2082 2058 enim

493 2103 654 2160 habet
695 2119 758 2159 ex
800 2101 1118 2158 necessitate
1157 2099 1560 2170 occupationem
1595 2115 1607 2152 :
1640 2095 1781 2153 istud
1810 2103 1989 2152 autem
2018 2111 2085 2150 ex

491 2196 750 2252 charitate
800 2194 1136 2251 suavitatem.
1171 2191 1296 2247 Vult
1340 2190 1502 2245 homo
1547 2203 1831 2245 occurrere
1873 2187 2085 2257 quando

492 2288 792 2353 ministrat;
837 2293 896 2342 et
921 2283 1203 2355 aliquando
1243 2296 1350 2338 non
1388 2288 1565 2352 potest
1598 2297 1610 2333 :
1656 2279 1912 2349 quzeritur
1941 2275 2084 2348 quod

495 2381 678 2446 deest,
713 2387 926 2450 paratur
951 2377 1091 2449 quod
1129 2375 1310 2441 adest;
1341 2372 1661 2429 distenditur
1689 2371 1916 2426 animus.
1950 2368 2084 2423 Nam

494 2473 540 2529 si
580 2471 782 2528 Martha
827 2471 893 2525 ad
920 2471 1007 2526 illa
1036 2467 1328 2536 suﬂiceret,
1373 2464 1696 2536 adjutorium
1743 2461 1944 2517 sororis
1978 2475 2086 2515 non

495 2575 757 2640 posceret.
803 2565 963 2620 Multa
1013 2571 1169 2630 sunt,
1218 2561 1426 2616 diversa
1471 2566 1628 2624 sunt,
1676 2555 1798 2626 quia
1853 2553 2085 2609 carnalia

493 2669 636 2727 sunt,
677 2658 798 2729 quia
837 2655 1148 2727 temporalia
1183 2660 1308 2708 sunt
1341 2669 1354 2706 :
1387 2651 1488 2707 etsi
1529 2650 1668 2705 bona
1706 2655 1849 2714 sunt,
1894 2642 2087 2700 transi-

495 2750 629 2808 toria
668 2756 810 2804 sunt.
849 2745 1068 2802 Marthae
1096 2753 1275 2800 autem
1315 2741 1440 2813 quid
1477 2741 1549 2796 ait
1586 2736 1883 2794 Dominus?
1915 2734 2086 2788 Maria

494 2844 748 2898 meliorem
776 2849 970 2910 partem
994 2837 1160 2908 elegit.
1190 2835 1304 2890 Non
1336 2843 1391 2888 tu
1420 2831 1634 2896 malam,
1665 2827 1760 2885 sed
1785 2827 1873 2883 illa
1900 2825 2086 2881 melio-

495 2955 632 2997 rem.
663 2936 797 2992 Audi
829 2935 969 2990 unde
999 2931 1273 2987 meliorem
1309 2946 1321 2981 :
1354 2928 1480 2992 Quae
1505 2940 1603 2978 non
1625 2923 1886 2992 auferetur
1913 2920 1976 2973 ab
2002 2935 2082 2974 ea.

495 3033 541 3088 Α
572 3040 625 3088 te
661 3028 933 3085 auferetur
963 3022 1246 3094 aliquando
1282 3034 1417 3076 onus
1458 3015 1789 3072 necessitatis
1829 3029 1843 3066 :
1875 3020 2086 3094 aeterna

497 3133 583 3180 est
601 3119 830 3179 dulcedo
848 3117 1104 3174 veritatis.
1129 3114 1244 3169 Non
1266 3110 1540 3167 auferetur
1559 3108 1627 3164 ab
1647 3121 1711 3161 ea
1736 3104 1880 3176 quod
1902 3104 2081 3174 elegit.

495 3215 611 3272 Non
666 3211 932 3276 aufertur,
980 3208 1073 3264 sed
1127 3215 1302 3260 tamen
1354 3211 1594 3273 augetur.
1643 3197 1703 3256 In
1755 3198 1854 3253 hac
1908 3206 2085 3253 autem

496 3307 604 3363 vita
634 3311 876 3375 augetur,
907 3300 961 3355 in
989 3297 1092 3353 alia
1119 3297 1224 3352 vita
1249 3292 1572 3366 perﬁcietur,
1640 3303 1910 3361 nunquam
1939 3287 2086 3344 aufe-

496 3405 794 3544 ωἙζΡῐΠ
820 3485 970 3539 γ.-
985 3481 1038 3539 6.
1061 3480 1281 3535 Mart/tae
1301 3475 1631 3532 ministerium
1656 3473 1724 3528 ad
1745 3471 1928 3527 Maria:
1943 3471 2086 3544 quie-

498 3591 596 3635 tem
625 3578 801 3633 tendit.
843 3575 1110 3631 Caeterum
1156 3580 1210 3626 tu
1252 3568 1489 3634 Martha,
1527 3581 1659 3638 pace
1696 3575 1786 3620 tua
1822 3564 2084 3632 dixerim,

499 3675 551 3731 in
590 3674 730 3729 bono
769 3668 1064 3725 ministerio
1111 3664 1420 3728 benedicta,
1484 3676 1582 3732 pro
1623 3660 1724 3715 isto
1769 3657 1950 3712 labore
1998 3665 2086 3710 tuo

500 3764 800 3823 mercedem
832 3760 1056 3833 quaeris,
1089 3758 1342 3828 quietem.
1374 3753 1529 3810 Modo
1561 3760 1817 3822 occupata
1851 3764 1910 3804 es
1947 3749 2086 3804 circa

500 3859 725 3915 multum
755 3852 1138 3917 ministerium,
1175 3861 1394 3920 pascere
1435 3846 1516 3901 vis
1549 3844 1791 3900 mortalia
1824 3856 2084 3910 corpora,

500 3953 622 4008 licet
675 3955 980 4004 sanctorum
1036 3960 1050 3996 :
1103 3938 1357 4010 numquid
1405 3952 1525 3994 eum
1573 3937 1784 3991 veneris
1834 3934 1900 3988 ad
1944 3933 2089 3988 illam

505 4043 730 4114 patriam
763 4081 778 4105 ,
857 4037 1094 4092 invenies
1163 4032 1536 4103 peregrinum,
1611 4044 1768 4100 quem
1832 4026 2088 4096 suscipias

506 4131 770 4204 hospitio?
809 4128 1051 4185 invenies
1088 4125 1441 4186 esurientem,
1483 4121 1566 4176 cui
1607 4135 1797 4191 panem
1842 4118 2089 4188 frangas?
2177 4137 2179 4139 ί

501 4226 768 4283 sitientem
787 4264 802 4290 ,
832 4221 917 4277 cui
940 4228 1120 4290 potum
1143 4216 1381 4287 porrigas
1401 4216 1642 4284 Magram
1657 4253 1671 4278 ,
1696 4227 1850 4282 quem
1868 4211 2090 4267 visites?

504 4317 828 4387 litigantem,
858 4326 1016 4383 quem
1050 4305 1382 4363 concordes?
1408 4313 1675 4360 mortuum
1695 4344 1708 4367 ,
1738 4319 1894 4372 quem
1933 4317 2088 4373 sepe-

505 4408 640 4465 lias?
668 4403 859 4461 Omnia
897 4402 997 4457 ista
1034 4398 1107 4455 ibi
1145 4412 1251 4452 non
1289 4405 1443 4452 erunt
1481 4413 1493 4448 :
1534 4395 1629 4449 sed
1668 4393 1794 4464 quid
1839 4393 1911 4448 ibi
1952 4392 2090 4447 erit?

506 4498 659 4568 Quod
702 4495 866 4551 Maria
913 4491 1073 4563 elegit
1116 4507 1131 4544 :
1179 4487 1254 4544 ibi
1290 4503 1604 4559 pascemur,
1645 4502 1750 4542 non
1789 4499 2086 4558 pascemus.

509 4593 634 4649 Ideo
657 4589 762 4646 hoc
787 4587 859 4642 ibi
888 4586 988 4641 erit
1015 4584 1234 4654 plenum
1270 4591 1429 4651 atque
1463 4579 1789 4650 perfectum,
1828 4577 1971 4648 quod
2005 4576 2092 4633 hic

508 4683 671 4755 elegit
697 4679 859 4737 Maria
887 4695 900 4732 :
928 4677 996 4732 de
1024 4675 1111 4730 illa
1146 4687 1329 4728 mensa
1368 4671 1646 4740 opulenta,
1685 4670 1753 4725 de
1791 4670 1954 4724 verbo
1982 4669 2090 4726 Do-

509 4776 641 4833 mini
667 4775 834 4830 micas
861 4767 1158 4840 colligebat.
1186 4765 1318 4820 Nam
1342 4763 1500 4819 vultis
1526 4777 1682 4818 nosse
1708 4762 1834 4832 quid
1866 4762 1937 4817 ibi
1967 4762 2091 4817 erit?

510 4868 767 4924 Dominus
783 4864 898 4935 ipse
915 4861 1042 4916 dicit
1056 4859 1122 4914 de
1138 4856 1308 4913 servis
1322 4855 1432 4910 suis
1454 4872 1466 4908 :
1487 4854 1646 4908 Amen
1671 4853 1781 4907 dico
1797 4852 1949 4918 vobis,
1974 4854 2093 4925 quia

511 4960 661 5032 faciet
697 4973 779 5012 eos
818 4951 1100 5008 recumbere
1119 4991 1133 5016 ,
1177 4957 1224 5002 et
1261 4945 1526 5013 transibit,
1563 4954 1609 4999 et
1649 4944 1948 4998 ministrabit
1989 4944 2092 4999 illis

512 5052 662 5123 (Luc.
689 5065 786 5114 ιιι,
804 5045 918 5118 57).
934 5041 1237 5098 Recumbere
1255 5038 1383 5109 quid
1399 5047 1501 5104 est,
1521 5037 1622 5091 nisi
1641 5037 1853 5093 vacare?
1871 5037 2091 5092 Recum-

513 5149 623 5201 bere
652 5140 779 5212 quid
799 5146 901 5204 est,
920 5136 1023 5192 nisi
1042 5129 1415 5204 requiescere?
1433 5128 1569 5198 Quid
1585 5138 1667 5184 est
1684 5169 1700 5196 ,
1727 5127 1980 5184 Transibit
2001 5171 2017 5195 ,
2045 5137 2094 5184 et

512 5233 816 5290 ministrabit
848 5229 992 5284 illis?
1026 5226 1178 5282 Prius
1212 5224 1436 5290 transit,
1475 5231 1530 5277 et
1563 5222 1641 5278 sic
1668 5222 1952 5277 ministrat.
1989 5222 2093 5278 Sed

514 5328 638 5383 ubi?
681 5325 737 5379 in
782 5323 873 5378 illo
909 5317 1151 5376 convivio
1191 5320 1456 5386 superno,
1495 5313 1563 5370 de
1597 5329 1702 5384 quo
1738 5313 1865 5369 dicit
1894 5331 1907 5366 :
1936 5313 2096 5366 Amen

518 5422 630 5474 dico
659 5417 794 5472 vobis
814 5456 829 5483 ,
853 5413 998 5468 multi
1025 5411 1087 5465 ab
1107 5410 1294 5466 oriente
1323 5419 1368 5462 et
1388 5407 1641 5462 occidente
1673 5407 1864 5460 uenient
1883 5447 1896 5471 ,
1932 5414 1977 5458 et
2012 5421 2095 5458 re-

521 5509 751 5568 cumbent
776 5523 890 5562 cum
909 5503 1186 5570 Abraham,
1200 5511 1244 5556 et
1265 5499 1436 5568 Isaac,
1455 5510 1502 5554 et
1517 5497 1679 5554 Iacob
1700 5500 1754 5552 in
1771 5514 1922 5568 regno
1942 5497 2095 5552 coelo-

519 5619 633 5658 rum
649 5599 862 5668 (Matth.
876 5613 990 5663 vtu,
1012 5597 1072 5651 M
1086 5596 1125 5667 ).
1140 5595 1217 5650 lbi
1230 5594 1488 5650 Dominus
1505 5593 1690 5663 pascit,
1704 5591 1798 5646 sed
1815 5591 1962 5661 prius
1979 5589 2098 5646 hinc

522 5694 728 5758 transit.
744 5691 875 5748 Nam
894 5699 952 5745 ut
982 5688 1255 5752 noveritis,
1269 5686 1474 5744 Pascha
1486 5685 1763 5742 Transitus
1777 5685 2098 5755 interpreta-

523 5806 625 5851 tur.
659 5787 811 5845 Venit
833 5782 1120 5852 Dominus,
1141 5781 1267 5842 fecit
1286 5779 1490 5848 divina,
1519 5793 1708 5851 passus
1733 5787 1818 5835 est
1840 5777 2091 5835 humana.

1735 314 1797 374 S.
1835 313 2197 375 AUGUSTXNI
2236 313 2536 375 EPISCOPI

3671 317 3779 381 6M

2192 434 2463 507 Numquid
2499 432 2674 490 adhuc
2715 433 3062 505 conspuitur?
3097 433 3352 507 numquid
3387 435 3561 494 adhuc
3594 438 3776 510 expal-

2193 527 2406 583 matur?
2447 525 2703 597 numquid
2741 525 2914 582 adhuc
2949 526 3116 598 spinis
3154 530 3477 584 coronatur?
3514 528 3775 603 numquid

2193 622 2368 678 adhuc
2395 620 2729 693 ﬂagellatur?
2756 622 3012 694 numquid
3032 621 3209 680 adhuc
3231 623 3556 694 crucifigitur
3569 626 3594 678 τ
3613 639 3770 680 nurn-

2192 713 2320 785 quid
2341 714 2516 770 adhuc
2539 714 2720 770 lancea
2752 714 3100 773 vulneratur?
3133 715 3418 770 Transivit.
3458 715 3699 786 Denique
3721 726 3779 774 et

2197 805 2555 878 Evangelium
2588 807 2665 862 sic
2689 806 2958 877 loquitur,
2993 806 3207 878 quando
3232 807 3440 864 Pascha
3479 806 3606 864 fecit
3644 823 3771 864 cum
3806 830 3837 896 ρ·

2192 899 2468 971 discipulis
2501 900 2633 957 suis.
2675 900 2811 970 Quid
2847 899 2974 956 dicit
3011 900 3399 971 Evangelium?
3442 901 3568 955 Cum
3609 912 3778 956 autem
3816 897 3818 899 ’

2191 996 2403 1051 uenisset
2433 995 2558 1050 hora
2575 1035 2592 1063 ,
2618 1005 2673 1050 ut
2695 993 2847 1050 Jesus
2875 995 3108 1051 transiret
3139 993 3201 1048 de
3224 995 3320 1049 hoc
3344 994 3532 1049 mundo
3559 995 3628 1049 ad
3665 978 3796 1049 Pa-I

2191 1095 2318 1140 trem
2345 1086 2364 1157 (
2393 1084 2548 1140 Joan.
2589 1101 2700 1154 xut,
2734 1084 2813 1158 1).
2855 1086 2996 1156 Ergo
3028 1085 3120 1142 ille
3161 1085 3432 1154 transivit,
3463 1095 3521 1141 ut
3553 1095 3775 1157 pascat:

2191 1191 2290 1232 nos
2317 1192 2628 1249 sequamur,
2645 1187 2704 1234 ut
2732 1192 3032 1250 pascamur.

2704 1313 2935 1371 διεκιιο
2971 1313 3083 1371 CIV
3111 1317 3132 1339 ·
3157 1312 3259 1387 (a).

2190 1444 2389 1501 Rursus
2433 1446 2488 1500 in
2528 1444 2659 1500 illud
2706 1444 2969 1517 Evangelii
3005 1444 3196 1513 Lucae,
3245 1445 3330 1500 ubi
3374 1446 3438 1502 de
3475 1445 3690 1503 Martha
3729 1457 3780 1504 et

2595 1536 2784 1592 Maria.
2814 1537 2942 1609 Cap.
2969 1554 3034 1608 ι,
3080 1538 3117 1608 ᾗ
3141 1578 3155 1592 .
3188 1537 3376 1595 58-42.

2261 1651 2487 1710 CAPUT
2531 1652 2818 1712 PRIMUM.
2843 1656 2999 1710 ——-“l.
3032 1654 3255 1711 Martha:
3295 1664 3341 1712 et
3379 1655 3560 1713 Maria:
3597 1659 3772 1729 ofﬁcia

2189 1759 2630 1817 compararantur.
2663 1748 2916 1806 Sanctum
2946 1749 3289 1820 Evangelium
3319 1765 3440 1806 cum
3469 1752 3741 1822 legeretur
3760 1792 3777 1818 ,

2189 1840 2487 1898 audivimus
2520 1857 2550 1897 a
2589 1841 2784 1897 femina
2819 1842 3066 1914 religiosa
3100 1852 3402 1912 susceptum
3431 1857 3553 1900 esse
3593 1844 3782 1900 Domi-

2189 1949 2316 1989 num
2349 1933 2579 2005 hospitio
2599 1975 2614 2001 ,
2638 1949 2805 2004 eaque
2825 1933 3026 1989 Martha
3055 1944 3360 1991 vocabatur.
3393 1935 3605 1993 Etcum
3629 1948 3781 1994 esset

2188 2024 2304 2094 ipsa
2344 2034 2598 2094 occupata
2635 2028 2689 2080 in
2722 2039 2849 2081 cura
2890 2026 3222 2082 ministrandi
3242 2069 3256 2094 ,
3286 2043 3441 2084 soror
3468 2029 3586 2098 ejus
3609 2029 3782 2086 Maria

2189 2115 2409 2171 sedebat
2436 2117 2502 2171 ad
2528 2116 2692 2187 pedes
2721 2117 2966 2185 Domini,
3009 2130 3064 2173 et
3095 2118 3343 2175 audiebat
3377 2120 3599 2176 verbum
3632 2123 3782 2192 ejus.

2189 2207 2488 2264 Laborabat
2532 2209 2658 2276 illa,
2707 2208 2928 2264 vacabat
2971 2209 3070 2265 ista
3121 2228 3134 2264 :
3190 2209 3278 2266 illa
3329 2211 3614 2282 erogabat,
3662 2212 3786 2270 haec

2189 2302 2529 2372 implebatur.
2560 2301 2941 2359 Verumtamen
2967 2301 3172 2358 Martha
3196 2302 3443 2360 laborans
3467 2304 3697 2361 multum
3725 2306 3784 2363 in

2189 2394 2277 2449 illa
2302 2395 2646 2465 occupatione
2679 2405 2735 2451 et
2768 2395 2982 2466 negotio
3017 2396 3392 2465 ministrandi,
3421 2397 3788 2470 interpellavit

2189 2487 2472 2542 Dominum
2489 2527 2505 2555 ,
2539 2496 2592 2542 et
2615 2485 2683 2543 de
2705 2502 2891 2543 sorore
2913 2502 3008 2544 sua
3029 2498 3318 2558 conqueSta
3344 2497 3456 2558 est,
3484 2488 3628 2559 quod
3657 2505 3784 2547 eam

2190 2579 2520 2635 laborantem
2545 2595 2650 2635 non
2677 2579 2972 2651 adjuvaret.
2999 2580 3257 2636 Dominus
3283 2589 3457 2637 autem
3485 2596 3581 2651 pro
3614 2581 3787 2639 Maria

2189 2672 2464 2743 respondit
2489 2671 2744 2739 Marthae;
2771 2681 2827 2729 et
2855 2672 2968 2743 ipse
2999 2673 3117 2743 ejus
3141 2673 3312 2730 factus
3340 2683 3422 2730 est
3451 2674 3785 2746 advocatus,

2189 2763 2279 2834 qui
2307 2762 2472 2834 judex
2516 2762 2688 2819 fuerat
2729 2763 3116 2834 interpellatus.
3145 2763 3351 2818 Mart/ta
3370 2806 3385 2830 ,
3414 2765 3615 2836 inquit,
3641 2767 3789 2822 circa

2189 2855 2349 2909 multa
2370 2871 2421 2910 es
2442 2864 2708 2925 occupata,
2732 2854 2934 2926 quando
2952 2871 3109 2909 unum
3129 2863 3201 2910 est
3225 2858 3580 2912 necessariam.
3604 2857 3788 2913 Maria

2190 2945 2447 3000 meliorem
2469 2955 2661 3017 partem
2689 2947 2853 3017 elegit,
2876 2961 2990 3015 qua:
3012 2962 3112 3000 non
3138 2951 3398 3019 auferetur
3421 2947 3482 3002 ab
3502 2965 3582 3002 ea.
3607 2950 3786 3006 Audi-

2187 3038 2361 3092 vimus
2409 3039 2550 3092 enim
2603 3047 2656 3093 et
2708 3037 3187 3108 interpellationem
3245 3039 3666 3110 interpellantis,
3725 3053 3789 3100 et

2189 3129 2509 3188 sententiam
2550 3128 2766 3199 judicis.
2809 3129 2940 3198 Quae
2978 3130 3241 3185 sententia
3280 3131 3640 3202 interpellanti
3686 3149 3786 3190 re-

2189 3219 2428 3290 spondit,
2461 3229 2764 3289 susccptam
2790 3219 3045 3274 defendit.
3069 3220 3200 3275 Erat
3218 3221 3360 3276 enim
3380 3221 3544 3277 Maria
3572 3223 3788 3281 intenta

2190 3310 2455 3366 dulcedini
2486 3311 2638 3368 verbi
2661 3312 2893 3367 Domini.
2924 3311 3132 3368 lntenta
3151 3322 3265 3369 erat
3280 3313 3485 3370 Martha
3504 3317 3790 3387 quomodo

2188 3413 2432 3475 pasceret
2452 3405 2736 3460 Dominum
2765 3423 2778 3459 :
2812 3405 3015 3462 intenta
3043 3406 3205 3462 Maria
3235 3409 3503 3479 quomodo
3528 3425 3788 3481 pascere-

2192 3505 2276 3550 tur
2307 3511 2336 3550 a
2371 3495 2618 3552 Domino.
2655 3499 2700 3551 A
2727 3497 2934 3556 Martha
2957 3499 3260 3555 convivium
3294 3501 3519 3560 Domino
3545 3503 3789 3574 paraba-

2191 3596 2296 3655 tur,
2329 3588 2380 3642 in
2415 3589 2566 3658 cujus
2591 3589 2833 3645 convivio
2857 3590 3024 3646 Maria
3049 3591 3599 3666 jam‘jucundabatur.
3636 3596 3782 3654 Cum

2190 3695 2317 3751 ergo
2339 3680 2503 3735 Maria
2530 3681 2763 3736 suaviter
2787 3681 2993 3738 audiret
3032 3667 3256 3740 verbum
3288 3683 3656 3743 dulcissimum
3678 3730 3694 3755 ,
3725 3700 3790 3746 et

2191 3769 2352 3826 corde
2382 3770 2739 3827 intentissimo
2769 3782 3097 3842 pasceretur,
3128 3774 3462 3846 interpellate
3489 3778 3720 3836 Domino
3751 3797 3788 3837 a

2192 3877 2377 3917 sorore
2416 3875 2543 3927 sua,
2574 3861 2840 3932 quomodo
2871 3871 3116 3932 putamus
3141 3879 3258 3920 eam
3287 3865 3558 3934 timuisse,
3594 3884 3663 3924 ne
3694 3870 3789 3926 di-

2191 3964 2337 4010 ceret
2372 3955 2422 4010 ei
2461 3955 2717 4010 Dominus
2737 3996 2752 4021 ,
2781 3953 2979 4026 Surge,
3019 3965 3074 4012 et
3102 3956 3294 4028 adjuva
3324 3973 3565 4015 sororem
3595 3966 3791 4019 tuam?

2193 4048 2324 4104 Mira
2359 4050 2501 4104 enim
2533 4049 2791 4104 suavitate
2825 4049 3108 4105 tenebatur
3140 4068 3155 4105 :
3185 4066 3304 4122 qua:
3336 4052 3579 4123 profecto
3603 4056 3791 4127 major

2193 4151 2278 4197 est
2297 4143 2490 4196 mentis
2518 4155 2675 4211 quem
2693 4141 2913 4196 ventris.
2939 4142 3201 4198 Excusata
3219 4153 3302 4199 est
3316 4185 3331 4211 ,
3353 4145 3490 4201 sedit
3513 4149 3789 4206 securior.

2193 4231 2470 4301 Quomodo
2494 4243 2670 4287 autem
2695 4233 2982 4288 excusata?
3005 4234 3355 4292 Attendamus
3374 4278 3388 4303 ,
3410 4237 3789 4310 inspiciamus,

2194 4332 2588 4395 perscrutemur
2612 4323 2752 4395 QUOd
2777 4338 3089 4395 possumus;
3117 4335 3176 4381 ut
3201 4341 3481 4396 pascamur
3506 4337 3562 4385 et
3587 4345 3711 4388 nos.

2263 4414 2318 4469 2.
2353 4414 2692 4470 Ministerium
2727 4413 2949 4472 Martha
2979 4433 3082 4471 non
3112 4418 3469 4489 reprehensum
3495 4437 3528 4474 a
3554 4420 3787 4480 Christo.

2198 4507 2337 4574 Quid
2391 4507 2572 4562 enim?
2627 4516 2872 4577 putamus
2924 4505 3307 4579 reprehensum
3355 4524 3476 4568 esse
3529 4514 3791 4573 ministe-

2197 4599 2335 4653 rium
2365 4597 2583 4652 Marthze
2604 4639 2620 4666 ,
2652 4613 2809 4668 quam
2835 4614 2966 4654 cura
2992 4599 3366 4670 hospitalitatis
3391 4615 3792 4674 occupaverat,

2195 4706 2315 4761 qure
2353 4690 2524 4759 ipsum
2565 4689 2844 4745 Dominum
2885 4691 3116 4762 hospitio
3155 4694 3465 4763 receperat?
3499 4694 3796 4764 Quomodo

2196 4791 2342 4838 recte
2367 4781 2882 4850 reprehendebatur,
2908 4798 3025 4853 qua:
3052 4791 3200 4839 tanto
3227 4783 3435 4856 hospite
3459 4787 3751 4846 laetabatur
3767 4792 3797 4848 2

2198 4875 2310 4930 Hoc
2331 4875 2374 4928 si
2400 4889 2583 4929 verum
2612 4883 2724 4940 est,
2751 4874 3016 4931 dimittant
3037 4876 3282 4934 homines
3301 4879 3444 4950 quod
3471 4883 3804 4942 ministrant

2196 4965 2507 5037 egentibus;
2545 4965 2743 5037 eligant
2783 4967 2882 5022 sibi
2926 4977 3131 5038 partem
3175 4970 3452 5027 meliorem
3475 5012 3490 5037 ,
3516 4986 3640 5044 qua:
3676 4993 3800 5032 non

2197 5061 2465 5116 auferetur
2493 5059 2560 5115 ab
2585 5061 2696 5124 eis;
2730 5070 2919 5116 vacent
2938 5062 3120 5127 verbo,
3149 5062 3355 5119 inhient
3379 5064 3640 5122 doctrinae
3665 5069 3804 5126 dur-

2196 5151 2401 5217 cedini;
2421 5159 2749 5220 occupentur
2762 5151 2901 5206 circa
2918 5151 3193 5208 scientiam
3209 5154 3497 5211 salutarem
3514 5173 3529 5221 ;
3551 5158 3688 5216 nihil
3710 5162 3809 5219 eis

2197 5261 2338 5301 cura:
2359 5246 2448 5307 sit,
2481 5244 2600 5314 quis
2620 5245 2930 5316 peregrinus
2957 5244 3010 5299 in
3033 5247 3151 5301 vico
3175 5247 3264 5313 sit,
3297 5249 3415 5319 quis
3441 5259 3599 5320 egeat
3625 5267 3807 5322 pane,

2198 5337 2317 5407 quis
2353 5335 2696 5402 indumento,
2728 5335 2848 5405 quis
2883 5335 3211 5405 visitandus,
3246 5339 3364 5408 quis
3401 5339 3761 5398 redimendus
3784 5385 3807 5411 ,

2200 5431 2317 5500 quis
2334 5427 2667 5498 sepeliendus
2683 5446 2694 5481 :
2709 5436 3069 5498 vaeentopera
3083 5429 3481 5500 misericordia,
3507 5433 3598 5487 uni
3615 5433 3808 5492 inste-

2204 5531 2288 5576 tur
2323 5520 2576 5576 scientian.
2608 5518 2664 5575 Si
2690 5519 2878 5574 melior
2904 5535 3026 5590 pars
3056 5530 3138 5575 est
3156 5562 3171 5589 ,
3195 5537 3291 5576 cur
3325 5536 3433 5577 non
3463 5537 3656 5581 omnes
3685 5523 3817 5584 hoc

2266 5657 2289 5718 ’ί
2324 5655 2603 5704 necensitus
2635 5653 2699 5718 ad_
2731 5660 2836 5703 tres
2878 5653 2960 5701 bn.
2988 5661 3039 5704 et
3068 5663 3271 5718 quatuor
3293 5655 3354 5708 cl.
3378 5654 3440 5707 ad
3460 5669 3508 5708 a.
3544 5658 3608 5709 ὼ
3662 5658 3687 5708 f
3734 5658 3823 5716 Ib.

2205 5735 2254 5785 ε.
2279 5717 2339 5785 _lr_.
2364 5731 2437 5785 In...
2457 5731 2502 5778 p.
2526 5729 2614 5785 rm.
2639 5715 2847 5785 νᾶκιιιι]ἒ
2869 5720 2954 5785 Er.
2970 5715 3205 5785 Patior.

2269 5782 2340 5847 (tt)
2375 5777 2522 5840 Alias,
2546 5779 2611 5828 de
2633 5777 2803 5828 verbis
2826 5778 3008 5830 Domini
3032 5777 3106 5834 27.
