4126 6322
367 301 472 360 617

368 415 592 478 faciunt,
605 407 817 483 quando
832 407 1002 480 ipsum
1016 404 1295 462 Dominum
1312 403 1366 461 in
1385 403 1484 458 hac
1499 415 1655 457 causa
1669 409 1948 470 patronum

368 502 666 563 habemus?
679 500 794 557 Non
819 499 960 555 enim
979 499 1227 553 timemus
1244 495 1298 551 in
1316 495 1415 550 hac
1433 509 1514 560 re,
1531 507 1600 549 ne
1622 491 1952 548 offendamus

370 592 898 669 ejusjustitlam,cum
912 599 1186 661 patronam
1201 581 1474 644 teneamus
1485 586 1604 655 ejus
1615 581 1950 640 sententiam.

440 684 668 742 CAPUT
695 682 758 738 ll.
789 683 936 738 —-'5.
985 679 1170 735 Melior
1218 695 1338 751 pars
1395 677 1598 732 Μαι-ἕω.
1654 675 1720 730 Ει
1775 681 1953 728 tamen

372 778 444 832 ita
473 791 578 830 nou
600 783 685 828 est
710 789 724 826 :
745 770 839 826 sed
860 770 1000 826 sicut
1017 768 1150 824 dixit
1169 767 1444 832 Dominus,
1463 766 1534 821 ita
1553 773 1654 821 est.
1678 762 1956 832 Quomodo

373 865 657 938 intelligis,
697 879 807 918 non
842 869 926 917 est
970 877 985 916 :
1022 867 1107 915 est
1141 868 1318 915 autem
1352 857 1622 928 quomodo
1660 855 1960 924 intelligere

370 959 556 1016 debes.
594 957 732 1013 Ecce
759 953 978 1010 adverte
1005 970 1019 1008 :
1042 951 1189 1009 Circa
1215 951 1374 1006 multa
1399 967 1452 1004 es
1469 957 1734 1018 occupata,
1753 946 1956 1017 quando

374 1067 531 1108 unum
564 1059 636 1105 est
676 1046 1031 1103 necessarium.
1071 1044 1243 1100 Maria
1279 1041 1538 1096 meliorem
1562 1048 1758 1111 partem
1785 1037 1952 1109 elegit.

374 1143 492 1199 Non
519 1150 576 1196 tu
606 1139 799 1194 malam
835 1153 850 1192 :
888 1135 984 1192 sed
1017 1135 1108 1190 illa
1146 1135 1444 1191 meliorem.
1471 1132 1577 1188 Sed
1603 1131 1744 1186 unde
1770 1130 1960 1186 melio-

379 1234 534 1288 rem?
555 1231 687 1300 Quia
714 1237 769 1284 tu
800 1229 944 1284 circa
970 1227 1155 1292 multa,
1187 1226 1275 1281 illa
1299 1225 1438 1280 circa
1468 1239 1652 1278 unum.
1682 1219 1957 1291 Przeponi-

377 1334 464 1380 tur
488 1338 653 1378 unum
680 1321 880 1376 multis.
911 1319 1027 1376 Non
1053 1319 1195 1374 enim
1222 1333 1252 1372 a
1270 1317 1450 1372 multis
1470 1330 1652 1379 unum,
1679 1313 1770 1370 sed
1793 1312 1958 1368 multa

377 1417 448 1472 ab
464 1429 596 1470 uno.
619 1413 778 1469 Multa
801 1422 927 1467 sunt
953 1427 1072 1482 qua:
1097 1409 1237 1465 facta
1267 1417 1411 1473 sunt,
1436 1422 1572 1462 unus
1596 1414 1680 1462 est
1705 1405 1794 1476 qui
1815 1405 1955 1460 fecit.

377 1511 608 1575 Ctelum,
644 1515 806 1572 terra,
835 1520 1005 1572 mare,
1031 1513 1083 1560 et
1111 1502 1289 1558 omnia
1314 1517 1434 1572 qua:
1457 1501 1509 1556 in
1530 1499 1609 1555 eis
1636 1507 1780 1564 sunt,
1801 1511 1957 1569 quam

380 1601 544 1657 multa
568 1599 718 1654 sunt!
749 1597 880 1666 Quis
905 1596 1004 1652 ista
1030 1591 1344 1650 enumeret?
1369 1592 1486 1664 quis
1507 1590 1695 1646 horum
1723 1589 1960 1645 multitu-

379 1692 558 1748 dinem
579 1688 808 1760 cogltet?
825 1687 953 1756 Quis
973 1686 1087 1741 btec
1109 1684 1268 1740 fecit?
1292 1684 1431 1739 Deus
1455 1680 1651 1736 omnia.
1669 1680 1806 1737 Ecce
1824 1680 1959 1735 bona

380 1782 532 1837 valde
552 1779 702 1852 (Gen.
735 1795 772 1844 ι,
807 1778 921 1849 3|).
941 1777 1087 1833 Bona
1103 1777 1254 1832 valde
1270 1791 1386 1848 qum
1402 1775 1547 1831 fecit:
1563 1783 1759 1843 quanto
1776 1772 1962 1827 melior

382 1874 472 1930 ille
495 1873 585 1942 qui
611 1871 773 1928 fecit?
799 1869 1150 1926 Attendamus
1179 1869 1336 1941 igitur
1355 1867 1728 1937 occupationes
1752 1875 1962 1920 nostras

379 1970 522 2022 circa
566 1965 750 2020 multa.
795 1961 1164 2018 Necessarium
1210 1971 1294 2016 est
1339 1959 1694 2015 ministerium
1737 1969 1961 2026 corpora

381 2058 683 2116 refecturis.
726 2057 903 2125 Quare
941 2054 1080 2110 hoc?
1120 2054 1253 2121 Quia
1296 2053 1554 2113 esuritor.
1597 2052 1718 2123 quia
1763 2049 1960 2104 sititur.

381 2147 739 2206 Misericordia
781 2145 991 2201 miseris
1030 2143 1330 2199 necessaria
1368 2150 1470 2198 est.
1514 2141 1736 2213 Frangis
1774 2153 1961 2209 panem

383 2239 671 2305 esurienti;
695 2237 818 2310 quia
838 2236 1084 2292 invenisti
1111 2235 1468 2291 esurientem:
1493 2233 1615 2288 tolle
1640 2231 1853 2296 famem;
1877 2233 1962 2285 cui

384 2333 582 2405 frangis
622 2331 852 2402 panem?
885 2328 1034 2384 Tolle
1074 2326 1579 2398 peregrinationem;
1621 2324 1705 2381 cui
1743 2323 1964 2379 exhibes

385 2421 834 2494 hospitalitatem?
879 2419 1032 2475 Tolle
1075 2418 1398 2481 nuditatem;
1433 2418 1518 2472 cui
1564 2424 1829 2487 prteparas
1871 2430 1962 2470 ve-

385 2515 565 2571 stem?
585 2514 698 2570 Non
726 2514 797 2568 sit
818 2511 1098 2584 :egriludo;
1125 2527 1284 2581 quem
1312 2508 1534 2564 visitas?
1559 2507 1673 2563 Non
1703 2508 1771 2563 sit
1792 2505 1965 2576 capti-

385 2609 554 2674 vitas;
584 2621 741 2677 quem
763 2603 1013 2660 redimis?
1042 2603 1158 2659 Non
1187 2603 1255 2656 sit
1278 2602 1425 2664 rixa;
1452 2616 1607 2673 quem
1639 2598 1966 2656 concordas?

383 2699 502 2756 Non
534 2697 604 2752 sit
630 2710 797 2761 mors;
823 2711 982 2766 quem
1009 2692 1301 2764 sepelis?ln
1328 2690 1418 2747 illo
1443 2691 1638 2746 saeculo
1664 2689 1839 2744 futuro
1861 2685 1964 2743 non

385 2800 544 2848 erunt
570 2790 665 2844 ista
702 2788 842 2843 mala
869 2803 885 2841 :
916 2801 1044 2857 ergo
1075 2799 1172 2840 nec
1201 2785 1299 2840 ista
1330 2782 1641 2838 ministeria.
1675 2781 1816 2836 Bene
1841 2795 1968 2851 ergo

386 2882 590 2940 Martha
629 2881 770 2936 circa
811 2879 1144 2950 corporalem
1183 2877 1427 2940 Domini,
1465 2875 1589 2945 quid
1623 2873 1829 2938 dicam,
1869 2890 1965 2928 ne-

388 2977 696 3033 cessitatem
729 2989 797 3028 an
822 2970 1173 3028 voluntatem?
1201 2968 1531 3023 ministrabat
1561 2967 1704 3022 carui
1736 2965 1964 3022 mortali.

389 3070 496 3126 Sed
517 3069 636 3142 quis
659 3078 774 3125 erat
804 3069 855 3122 in
883 3081 1043 3131 carne
1073 3063 1315 3120 mortali?
1342 3059 1407 3116 In
1429 3061 1677 3132 principio
1697 3069 1803 3114 erat
1845 3059 1967 3114 Ver-

389 3161 529 3226 bum,
551 3171 599 3215 et
627 3157 843 3215 Verbum
860 3168 969 3213 erat
989 3155 1126 3228 apud
1151 3155 1332 3220 Deum,
1355 3162 1400 3208 et
1421 3150 1558 3208 Deus
1578 3161 1685 3207 erat
1713 3150 1968 3207 Verbum:

389 3270 516 3308 ecce
544 3251 686 3322 quod
706 3251 865 3306 Maria
896 3247 1163 3304 audiebat.
1199 3245 1411 3300 Verbum
1440 3260 1558 3298 caro
1583 3246 1776 3315 factum
1797 3252 1891 3308 est,
1921 3251 1970 3297 et

391 3344 629 3419 habitavit
651 3345 703 3400 in
720 3341 861 3399 nobis
882 3340 1057 3417 (Joan.
1079 3357 1117 3406 ι,
1141 3337 1306 3412 1-14).
1328 3339 1466 3394 Ecce
1483 3336 1684 3392 Martha
1705 3336 1788 3392 cui
1816 3335 1970 3391 mini-

389 3437 608 3492 strabat.
633 3435 772 3505 Ergo
791 3477 806 3502 ,
835 3433 1004 3489 Maria
1031 3433 1288 3488 meliorem
1315 3440 1508 3503 partem
1535 3429 1716 3501 elegit,
1740 3443 1852 3500 quae
1869 3444 1970 3483 non

389 3533 648 3603 auferetur
672 3528 734 3583 ab
761 3545 840 3583 ea.
872 3528 982 3583 lloc
1004 3526 1145 3584 enim
1175 3524 1352 3594 elegit,
1383 3522 1524 3594 quod
1548 3537 1762 3591 semper
1790 3535 1972 3575 mane-

392 3619 467 3674 hit
490 3639 503 3673 :
524 3637 622 3673 non
650 3623 904 3692 auferetur
923 3617 985 3672 ab
1000 3634 1078 3672 ea.
1093 3616 1245 3670 Circa
1261 3629 1425 3669 unum
1442 3628 1501 3668 se
1517 3612 1682 3666 voluit
1699 3611 1967 3680 occupari.

389 3710 508 3764 Jam
549 3709 762 3766 tenebat
793 3727 806 3763 :
840 3707 971 3762 Mihi
1021 3717 1189 3760 autem
1217 3703 1475 3759 adltwrere
1513 3702 1651 3770 Deo,
1683 3702 1867 3756 bonum
1899 3713 1972 3756 est

391 3799 563 3864 (ρεηι.
595 3816 773 3864 uxn,
801 3797 918 3868 28).
960 3797 1192 3854 Sedebat
1230 3795 1295 3850 ad
1341 3793 1507 3866 pedes
1550 3794 1739 3864 capitis
1784 3794 1970 3849 nostri.

392 3893 600 3958 Quanto
616 3890 867 3945 humilius
883 3889 1122 3957 sedebat,
1140 3898 1288 3944 tanto
1306 3888 1534 3958 amplius
1550 3887 1808 3958 capiebat.
1827 3887 1973 3944 Con-

394 3983 503 4036 fluit
522 3983 667 4038 enim
685 3996 816 4052 aqua
835 3979 898 4034 ad
919 3979 1267 4034 humilitatem
1289 3978 1562 4045 convallis,
1581 3977 1796 4033 denatat
1814 3977 1881 4032 de
1901 3988 1974 4033 tu-

395 4073 632 4127 moribus
642 4072 810 4128 collis.
826 4069 938 4126 Non
950 4087 1077 4142 ergo
1089 4071 1346 4125 Dominus
1359 4084 1494 4141 opus
1512 4068 1806 4140 reprehend
1815 4068 1972 4132 it,sed

397 4180 589 4219 IllllllllS
614 4163 876 4218 distinxit.
909 4161 1054 4217 Circa
1080 4163 1237 4216 multa
1261 4179 1312 4216 es
1336 4170 1577 4233 occupata
1598 4178 1617 4216 :
1641 4177 1791 4232 porro
1820 4178 1974 4215 unum

394 4270 466 4311 est
489 4257 840 4312 necessarium.
855 4256 972 4312 Jam
990 4257 1090 4310 hoc
1105 4254 1206 4310 sibi
1229 4253 1388 4311 Maria
1406 4255 1581 4324 elegit.
1597 4253 1809 4310 Transit
1827 4253 1977 4309 labor

396 4349 769 4416 multitudinis,
800 4358 854 4405 et
880 4359 1118 4404 remanet
1145 4348 1377 4403 charitas
1404 4347 1637 4403 unitatis.
1668 4347 1805 4418 Ergo
1835 4347 1976 4418 quod

387 4441 576 4512 elegit,
603 4457 704 4494 non
732 4439 983 4510 auferetur
1007 4438 1070 4492 ab
1090 4456 1169 4494 ea.
1198 4439 1242 4493 A
1264 4447 1315 4494 te
1343 4446 1522 4493 autem
1552 4437 1691 4508 quod
1721 4438 1928 4508 elegisti
1960 4455 1972 4492 :

396 4533 578 4602 utique
606 4528 706 4585 hoc
734 4530 972 4599 sequitur
995 4571 1010 4594 ,
1037 4530 1218 4600 utique
1253 4528 1355 4583 hoc
1382 4528 1789 4598 subintelligitur
1821 4546 1834 4582 :
1865 4545 1893 4583 a
1927 4538 1978 4583 te

396 4621 536 4690 quod
565 4619 770 4691 elegiin
801 4617 1094 4674 auferetur.
1133 4617 1238 4674 Sed
1278 4618 1418 4673 bono
1452 4627 1543 4672 tuo
1583 4617 1888 4680 auferetur,
1919 4628 1979 4673 ut

397 4710 537 4782 quod
566 4711 755 4766 melius
783 4720 864 4765 est
888 4710 1062 4766 detur.
1094 4709 1376 4764 Auferetur
1399 4709 1542 4764 enim
1569 4725 1598 4764 a
1631 4720 1680 4765 te
1709 4709 1890 4776 labor,
1924 4719 1982 4765 ut

398 4802 609 4873 requies
629 4801 802 4857 detur.
826 4800 904 4856 Tu
930 4801 1174 4872 navigas,
1199 4800 1286 4858 illa
1308 4800 1417 4869 jam
1446 4800 1497 4855 in
1527 4811 1678 4870 portu
1709 4809 1810 4855 est.

467 4893 692 4950 CAPUT
717 4893 805 4949 III.
843 4923 898 4933 —
917 4894 969 4949 d.
1002 4893 1130 4948 Duae
1181 4894 1296 4948 vita:
1328 4894 1380 4948 in
1405 4891 1610 4948 Martha
1639 4903 1684 4948 et
1713 4892 1882 4947 Maria
1910 4893 1978 4963 ﬁ-

397 4994 612 5057 gurata.
654 4984 857 5040 Videtis
897 5000 1045 5056 ergo,
1089 4984 1410 5052 charissimi,
1446 4993 1504 5040 et
1537 4994 1791 5056 quantum
1832 4985 1978 5040 arbi-

401 5087 542 5145 tror,
567 5077 680 5146 jam
707 5077 1031 5149 intelligitis,
1061 5078 1112 5133 in
1139 5078 1222 5132 his
1255 5077 1460 5133 duabus
1490 5079 1832 5146 mulieribus,
1860 5095 1980 5151 qua:

398 5171 570 5226 amba:
594 5168 808 5226 fuerant
842 5170 1064 5225 Domino
1093 5179 1278 5240 gratae,
1303 5170 1473 5225 amba:
1505 5171 1779 5235 amabiles,
1807 5171 1981 5226 amba:

399 5259 676 5332 discipula:
704 5279 718 5316 :
742 5260 934 5317 videtis
970 5277 1126 5332 ergo,
1149 5270 1205 5317 et
1231 5276 1479 5332 magnum
1507 5261 1703 5332 aliquid
1729 5262 1981 5334 intelligi-

403 5352 490 5418 tis,
520 5353 844 5424 quicumque
867 5353 1176 5424 intelligitis,
1199 5352 1338 5424 quod
1363 5353 1550 5408 audire
1575 5361 1628 5408 et
1655 5353 1793 5408 scire
1815 5351 1981 5409 debe-

403 5445 492 5510 tis,
525 5445 686 5500 etiam
713 5445 803 5516 qui
835 5460 941 5500 non
972 5443 1299 5515 intelligitis;
1329 5445 1379 5498 in
1411 5444 1494 5498 bis
1513 5444 1719 5500 duabus
1746 5445 1982 5502 mulieri-

405 5537 524 5605 bus,
550 5537 684 5593 duas
707 5540 844 5594 vitas
871 5553 991 5594 esse
1017 5538 1285 5608 figuratas,
1311 5547 1622 5607 praesentem
1647 5545 1701 5592 et
1731 5537 1983 5600 futuram,

407 5628 726 5684 laboriosam
747 5638 803 5685 et
830 5629 1062 5701 qulctam
1081 5670 1096 5694 ,
1125 5642 1476 5682 aerumnosam
1504 5635 1558 5682 et
1576 5628 1784 5681 beatam
1806 5669 1820 5692 ,
1845 5636 1984 5682 temo

409 5724 643 5793 pomlem
685 5734 742 5778 et
787 5734 1058 5780 :eternam.
1109 5723 1234 5776 Duae
1273 5730 1395 5775 sum
1438 5722 1557 5776 vita:
1589 5739 1602 5775 :
1634 5719 1702 5776 de
1742 5721 1845 5777 illis
1891 5736 1987 5776 vos

607 5819 832 5891 siser.
875 5823 1150 5877 Λιωυετ.
1188 5817 1261 5875 ν.

1830 283 2059 343 SERM’J
2098 282 2201 340 CV.

3527 271 3631 336 ιιι-ιι

2057 391 2326 461 copiosius
2359 389 2604 461 cogitate.
2641 389 2779 457 Quid
2816 387 3008 444 habeat
3050 385 3166 442 luce
3198 385 3325 449 vita,
3367 400 3470 450 non
3511 384 3632 440 dico

2061 483 2197 539 mala
2221 522 2238 546 ,
2267 497 2376 536 non
2411 482 2588 552 iniqua
2607 523 2622 547 ,
2660 498 2764 538 non
2790 481 2988 538 nefaria
3009 521 3025 545 ,
3057 494 3163 536 non
3189 463 3458 554 luxuriosa
3477 516 3494 544 ,
3527 490 3631 532 non

2060 573 2254 643 impia;
2284 573 2376 628 sed
2404 573 2664 627 laboriosa
2689 583 2746 630 et
2774 573 3024 628 utrumuis
3046 571 3220 642 plena,
3244 569 3526 624 timoribus
3545 586 3633 624 ca-

2059 667 2278 736 stigata,
2309 666 2686 721 mutationibus
2715 666 2941 720 sollicita
2977 684 2990 719 :
3017 665 3153 720 hanc
3184 664 3348 733 ipsam
3381 663 3633 716 innocen-

2062 765 2170 812 tem
2208 756 2368 812 vitaru
2409 755 2558 817 dico,
2597 756 2809 826 qualem
2841 755 3063 811 decebat
3107 755 3304 810 habere
3327 753 3584 807 Martbam
3614 769 3630 805 :

2062 846 2201 902 hanc
2223 862 2371 917 ergo,
2403 855 2656 916 quantmn
2682 846 2926 916 potestis,
2957 845 3228 915 inspicite;
3252 853 3306 899 et
3327 843 3397 901 de
3425 844 3544 909 hac,
3575 836 3636 898 ut

2060 936 2194 1000 dixi,
2233 935 2502 1007 copiosius
2538 951 2697 1007 quam
2741 935 3008 1006 loquimur
3051 936 3297 1005 cogitate.
3347 935 3460 989 Vita
3507 949 3635 988 vero

2062 1028 2240 1099 iniqua
2263 1029 2450 1085 aberat
2473 1029 2546 1082 ab
2568 1029 2654 1084 illa
2681 1027 2862 1093 domo,
2892 1044 2987 1083 nec
3007 1043 3126 1084 cum
3150 1027 3349 1084 Martha
3377 1037 3513 1092 erat,
3537 1042 3636 1082 nec

2061 1135 2182 1175 cum
2211 1119 2374 1174 Maria
2405 1137 2418 1173 :
2447 1128 2504 1176 et
2521 1120 2564 1175 si
2585 1120 2868 1190 aliquando
2890 1119 3006 1184 fuit,
3039 1119 3262 1176 Domino
3292 1120 3522 1174 intrante
3551 1117 3636 1172 fu-

2063 1210 2157 1282 git.
2182 1210 2573 1268 Remanscrunt
2595 1226 2724 1283 ergo
2762 1211 2814 1266 in
2850 1211 2935 1264 illa
2963 1211 3153 1275 domo,
3179 1225 3297 1280 qua:
3329 1218 3641 1278 susceperat

2065 1301 2350 1358 Dominum
2369 1341 2383 1365 ,
2415 1299 2482 1355 in.
2500 1300 2708 1355 duabus
2735 1299 2947 1354 feminis
2972 1299 3092 1354 dua:
3117 1300 3264 1366 vitae,
3282 1299 3451 1354 amba:
3481 1298 3638 1353 inno-

2062 1401 2266 1456 centes,
2284 1393 2456 1448 ambae
2477 1391 2768 1446 laudabiles
2789 1413 2801 1446 :
2823 1408 2924 1446 una
2947 1391 3230 1452 laboriosa,
3247 1390 3411 1444 altera
3433 1390 3636 1451 otiosa;

2065 1483 2211 1538 nulla
2237 1483 2564 1547 facinorosa,
2595 1481 2734 1536 nulla
2766 1481 3053 1537 desidiosa.
3084 1480 3268 1536 Ambae
3294 1481 3634 1540 innocentes.

2064 1573 2255 1638 amba-3,
2289 1572 2522 1642 inquam,
2555 1571 2846 1627 laudabiles
2875 1612 2886 1624 .
2912 1571 3005 1626 sed
3032 1587 3134 1626 una
3161 1569 3444 1635 laboriosa,
3470 1570 3636 1624 altera

2065 1664 2236 1718 otiosa
2257 1681 2270 1718 :
2289 1664 2432 1719 nulla
2457 1663 2773 1728 facinorosa,
2787 1680 2944 1734 quam
2965 1679 3154 1719 cavere
3173 1663 3330 1718 debet
3352 1662 3636 1720 laboriosa:

2066 1755 2208 1811 nulla
2257 1754 2559 1820 desidiosa,
2605 1769 2764 1825 quam
2809 1770 2998 1810 cavere
3039 1755 3198 1811 debet
3233 1755 3425 1810 otiosa.-
3475 1753 3639 1809 Erant

2066 1861 2198 1918 ergo
2221 1848 2272 1902 in
2303 1847 2388 1902 illa
2417 1846 2577 1902 domo
2604 1846 2720 1902 ista:
2743 1845 2863 1901 dua:
2885 1846 3244 1917 vitze,'et"ipse
3269 1846 3388 1900 fons
3407 1845 3549 1900 vitae.
3582 1844 3637 1899 ln

2067 1937 2266 1992 Martha
2291 1945 2408 1993 erat
2442 1937 2618 2006 imago
2639 1937 2979 2006 prmsentium
3002 1976 3017 2001 ,
3055 1937 3108 1990 in
3134 1936 3294 1992 Maria
3323 1935 3641 1990 futurorum.

2065 2027 2216 2095 Quod
2239 2027 2427 2098 agebat
2453 2026 2679 2090 Martha,
2712 2027 2782 2080 ibi
2811 2043 2999 2082 sumus
3032 2044 3054 2080 :.
3077 2026 3218 2098 quod
3245 2027 3434 2096 agebat
3461 2027 3644 2087 Maria.
3713 2011 3718 2016 ’

2068 2118 2170 2174 hoc
2195 2133 2492 2188 speramus.
2531 2117 2642 2172 Hoc
2666 2133 2884 2188 agamus
2911 2119 3045 2174 bene
3065 2159 3079 2181 ,
3114 2127 3172 2172 ut
3198 2119 3325 2173 illud
3356 2118 3646 2174 habeamus

2070 2210 2242 2280 plene.
2261 2209 2393 2264 Nam
2414 2209 2540 2278 quid
2561 2209 2684 2265 inde
2706 2210 2986 2267 habemus?
3006 2210 3060 2264 In
3081 2219 3334 2281 quantum
3364 2209 3647 2264 habemus?

2067 2301 2330 2370 Quamdiu
2352 2301 2441 2357 hic
2458 2317 2663 2363 sumus.
2685 2313 2940 2372 quantum
2960 2310 3043 2358 est
3061 2303 3204 2373 quod
3224 2301 3343 2357 inde
3366 2303 3648 2360 habemus?

2068 2393 2201 2451 Nam
2229 2403 2284 2450 et
2305 2394 2465 2450 modo
2490 2393 2611 2450 inde
2637 2395 2837 2465 aliquid
2865 2395 3102 2465 agimus,
3129 2395 3318 2449 remoti
3341 2411 3370 2448 a
3401 2394 3646 2464 negotiis.

2067 2487 2318 2556 sepositis
2336 2485 2683 2540 familiaribus
2701 2487 2864 2550 curis,
2879 2485 3224 2548 convenistis,
3245 2485 3418 2549 statis,
3432 2485 3647 2540 auditis.

2073 2577 2128 2632 In
2152 2585 2406 2647 quantum
2428 2575 2530 2632 hoc
2552 2577 2728 2646 agitis,
2758 2576 2936 2631 Mariae
2955 2577 3156 2632 similes
3179 2577 3326 2632 estis.
3353 2577 3419 2632 Et
3441 2577 3646 2631 facilius

2069 2684 2165 2727 vos
2189 2671 2204 2701 ⁸
2227 2669 2367 2739 quod
2391 2669 2499 2739 agit
2523 2668 2706 2731 Maria,
2724 2683 2880 2738 quam
2911 2682 3012 2738 ego
3039 2667 3129 2738 qui
3145 2683 3417 2739 przurogo.
3444 2667 3502 2722 Si
3521 2667 3650 2738 quid

2073 2769 2248 2814 tamen
2269 2759 2418 2824 dico,
2434 2758 2634 2813 Christi
2661 2766 2742 2812 est
2760 2775 2772 2810 :
2789 2757 2908 2812 ideo
2932 2773 3025 2811 vos
3053 2759 3239 2828 pascit,
3252 2758 3372 2828 quia
3391 2757 3648 2813 Cbristi’.

2069 2851 2202 2920 Quia
2223 2851 2374 2920 panis
2389 2849 2689 2906 communis
2709 2859 2785 2905 est
2804 2891 2820 2917 ,
2839 2849 2982 2904 unde
3002 2859 3059 2905 et
3079 2864 3181 2920 ego
3205 2851 3476 2907 vobiscum
3505 2850 3646 2905 vivo.

2071 2941 2220 2998 Nunc
2243 2952 2420 2997 autem
2447 2941 2696 3007 vivimus,
2720 2941 2765 2995 si
2792 2955 2908 3006 vos,
2937 2937 3142 3006 fratres,
3160 2942 3311 2995 statis
3335 2941 3388 2996 in
3419 2941 3649 2995 Domino

2072 3035 2330 3108 (IT/less.
2378 3050 2477 3102 tu,
2528 3034 2607 3104 8).
2652 3033 2787 3088 Nolo
2831 3034 2882 3087 in
2935 3033 3119 3097 nobis,
3165 3033 3258 3088 sed
3312 3033 3363 3088 in
3405 3033 3648 3088 Domino.

2071 3125 2205 3194 Quia
2234 3139 2407 3196 neque
2430 3124 2520 3196 qui
2549 3124 2747 3193 plantat
2770 3133 2851 3178 est
2876 3121 3072 3192 aliquid
3100 3162 3114 3186 ,
3153 3138 3322 3193 neque
3364 3123 3452 3194 qui
3483 3124 3650 3195 rigat;

2073 3216 2166 3272 sed
2189 3215 2279 3288 qui
2310 3217 2697 3270 incrementum
2720 3213 2809 3269 dat
2838 3213 2978 3269 Deus
3005 3214 3059 3284 (Ι
3083 3213 3199 3270 Cor.
3225 3230 3312 3280 ιιι,
3335 3215 3414 3283 7).

2601 3347 2830 3404 saeuo
2867 3347 2955 3403 cv
2986 3351 3002 3370 ο
3030 3347 3129 3421 (η).

2075 3445 2153 3502 De
2163 3447 2320 3502 verbis
2335 3445 2595 3518 Evangelii
2608 3445 2780 3514 Luae,
2793 3446 2922 3514 Quis
2933 3455 3168 3502 vestrum
3181 3447 3391 3504 habebit
3404 3449 3655 3514 amicum,

2151 3548 2204 3592 et
2221 3539 2392 3593 ibitad
2410 3539 2555 3594 illum
2579 3538 2750 3592 media
2773 3547 2947 3606 nocte,
2970 3548 3090 3606 etc.,
3113 3556 3227 3611 cap.
3246 3556 3298 3596 χι
3326 3542 3359 3612 3'
3385 3582 3398 3595 .
3428 3542 3582 3600 5-l5.

2144 3648 2368 3706 CAPUT
2428 3650 2709 3707 PRIMUM.
2753 3651 2904 3706 —l.
2972 3651 3055 3705 Ad
3109 3654 3376 3721 petendum
3425 3671 3458 3708 a
3522 3655 3650 3721 Deo,

2074 3740 2485 3795 similitudinibus
2503 3739 2732 3796 Christus
2748 3739 2995 3797 hortatur.
3021 3743 3329 3798 Audivimus
3356 3761 3454 3800 nos
3466 3745 3662 3803 exhor-

2079 3841 2276 3887 tantem
2303 3833 2583 3886 Dominum
2611 3843 2848 3888 nostrum
2869 3876 2884 3901 ,
2914 3835 3188 3891 cmlestem
3214 3837 3521 3906 magistrum
3541 3878 3556 3903 ,
3605 3850 3662 3894 et

2079 3920 2442 3977 fidelissimum
2483 3923 2877 3992 consiliarium,
2922 3923 3167 3981 eumdem
3215 3926 3569 3995 bortatorem,
3599 3941 3657 3984 ιιι

2079 4025 2352 4087 petamus,
2377 4025 2430 4072 et
2446 4014 2688 4072 datorem
2716 4033 2836 4072 cum
2883 4019 3130 4088 petimus.
3179 4018 3492 4076 Audivimus
3536 4038 3658 4080 eum

2081 4107 2134 4163 in
2162 4108 2456 4180 Evangelio
2485 4107 2783 4166 hortantem
2811 4125 2908 4164 nos
2927 4125 3050 4165 eum
3083 4119 3263 4180 petere
3289 4112 3564 4179 instanter,
3604 4124 3662 4170 et

2080 4199 2293 4269 pulsare
2310 4213 2474 4269 usque
2494 4198 2560 4253 ad
2576 4198 2977 4264 similitudinem
2998 4199 3366 4270 improbitatis.
3379 4202 3664 4275 Proposuit

2081 4289 2222 4345 enim
2254 4290 2426 4355 nobis,
2450 4290 2677 4360 exempli
2701 4290 2864 4361 gratia
2890 4309 2904 4345 :
2951 4291 3007 4346 Si
3030 4293 3149 4362 quis
3169 4301 3405 4348 vestrum
3441 4295 3663 4355 haberet

2069 4384 2347 4448 amicum,
2376 4397 2407 4439 a
2433 4398 2540 4453 quo
2570 4393 2726 4440 nocte
2769 4392 2974 4454 peteret
3019 4393 3126 4440 tres
3178 4401 3359 4456 panes,
3414 4402 3536 4442 cum
3589 4389 3663 4444 illi

2082 4477 2283 4532 amicus
2307 4475 2376 4530 de
2398 4476 2480 4530 via
2508 4476 2778 4542 venisset,
2803 4487 2857 4531 et
2879 4477 3018 4546 quod
3044 4477 3091 4533 ci
3108 4489 3403 4549 apponeret
3431 4496 3540 4535 non
3563 4482 3662 4536 ba—
3711 4539 3715 4543 ,
3755 4527 3760 4532 .

2085 4569 2236 4625 heret
2267 4585 2279 4622 :
2309 4569 2545 4624 siautem
2582 4569 2668 4624 ille
2697 4569 3018 4638 respondeat
3053 4569 3162 4640 jam
3205 4586 3264 4627 se
3307 4573 3661 4642 requiescere,

2083 4667 2139 4716 et
2165 4674 2348 4716 servos
2374 4673 2500 4716 suos
2525 4674 2703 4714 secum
2719 4695 2735 4725 ,
2777 4674 2872 4718 nec
2891 4659 3089 4716 debere
3123 4662 3262 4716 illius
3286 4663 3532 4733 precibus
3577 4664 3661 4718 in-

2084 4749 2342 4819 quietari,
2391 4749 2478 4804 ille
2520 4759 2696 4806 autem
2746 4749 3002 4818 pulsando
3049 4751 3208 4806 instet
3253 4761 3306 4807 et
3337 4764 3659 4821 perseveret,

2087 4853 2188 4893 nec
2218 4837 2420 4908 pudore
2446 4839 2660 4893 territus
2683 4838 2957 4905 abscedat,
2989 4840 3081 4896 sed
3111 4841 3424 4897 necessitate
3449 4853 3663 4899 coactus

2067 4929 2394 4985 immineat:
2426 4938 2786 4985 surrecturum
2813 4930 2958 4986 illum
2977 4973 2991 4995 ,
3017 4933 3115 4988 etsi
3137 4947 3240 4986 non
3269 4942 3483 5003 propter
3525 4938 3663 4990 ami-

2084 5020 2261 5076 citiam
2278 5061 2294 5086 ,
2315 5029 2460 5075 certe.
2479 5028 2696 5090 propter
2717 5021 2860 5077 illius
2891 5022 3308 5092 improbitatem,
3335 5035 3389 5081 et
3415 5026 3661 5084 daturum

2086 5111 2134 5166 ei
2161 5120 2386 5182 quantos
2412 5113 2656 5168 voluerit.
2687 5112 2924 5182 Quantos
2953 5122 3132 5170 autem
3155 5115 3351 5171 voluit?
3380 5118 3518 5175 Nihil
3547 5121 3664 5190 plus

2088 5203 2179 5260 ille
2216 5203 2382 5258 voluit
2417 5219 2577 5274 quam
2621 5214 2750 5262 tres.
2797 5206 2852 5261 In
2889 5205 2986 5262 hac
3018 5221 3147 5278 ergo
3185 5207 3533 5268 similitudine
3564 5213 3664 5268 ad-

2081 5293 2258 5365 iunxit
2301 5293 2654 5352 hortationem
2697 5297 2983 5359 Dominus.
3031 5306 3086 5352 et
3125 5299 3342 5356 omnino
3381 5303 3671 5360 stiumlavit

2153 5423 2172 5494 ξ
2197 5423 2280 5494 ille
2297 5423 2412 5494 editi
2433 5423 2630 5484 addunt,
2657 5423 2936 5494 intenditis;
2956 5425 3138 5494 quod__a
3162 5435 3241 5478 ais.
3265 5430 3422 5494 abest.

2091 5487 2326 5597 ettutsgv”
2348 5485 2461 5537 ideo
2479 5499 2560 5538 eos
2580 5486 2734 5549 pascit
2754 5485 3006 5548 Christus}
3028 5489 3385 5552 retragantibns
3403 5495 3546 5546 editis
3565 5499 3674 5547 aliis

2154 5609 2172 5626 '
2197 5608 2477 5658 Itecensitus
2501 5614 2576 5678 est
2592 5608 2650 5678 ad
2672 5621 2850 5678 omnes
2865 5610 3055 5678 codices
3087 5614 3288 5678 scriptos
3322 5623 3374 5667 et
3397 5630 3548 5672 exeas
3578 5635 3602 5670 s
3625 5623 3670 5672 in

2090 5681 2321 5733 sermone
2343 5671 2636 5733 praecedenti
2659 5672 2800 5721 modo
2819 5673 3119 5733 designates.
3183 5671 3198 5678 '
3447 5699 3452 5704 -

2152 5732 2224 5794 (ιι)
2261 5729 2381 5779 Alias
2401 5731 2464 5780 39
2483 5731 2546 5782 de
2573 5733 2740 5782 Verbis
2763 5729 2962 5785 Domini.

3094 5823 3388 5906 (ViuglJ
