4006 6454
522 338 625 397 619

523 465 621 506 nos
678 458 887 521 petere,
940 456 1204 515 quzrrere,
1254 442 1502 513 pulsare,
1548 441 1717 495 donec
1773 441 2092 509 accipiamus

522 542 661 612 quod
684 541 937 612 petimus,
959 536 1097 606 quod
1118 535 1405 605 qumrimus
1423 574 1438 600 ,
1477 533 1617 600 quod
1645 532 1935 601 pulsamus,
1967 546 2093 585 usus

522 632 767 701 exemplo
801 645 829 684 a
859 627 1168 683 contrario:
1223 625 1358 679 sicut
1404 624 1472 679 de
1517 625 1606 677 illo
1646 622 1822 693 judice
1861 622 1950 691 qui
1994 636 2092 676 nec

524 724 688 778 Deum
717 720 951 784 timebat,
1002 732 1099 772 nec
1127 717 1367 771 homines
1414 715 1770 780 reverebatur,
1818 724 1872 768 et
1917 723 2090 768 tamen

519 830 637 869 cum
669 828 789 867 eum
819 809 1060 881 qucedam
1090 808 1241 862 vidua
1266 807 1622 877 interpellaret
1649 805 1904 875 quotidie,
1934 805 2091 860 taedio

521 904 686 957 vietus
713 901 859 956 dedit
883 899 1023 969 quod
1051 898 1309 953 beneficio
1332 912 1436 952 non
1485 898 1655 967 potuit
1699 897 1891 950 invitus
1938 894 2087 966 (Luc.

519 989 845 1062 svm,l-8).
894 989 1147 1044 Dominus
1186 997 1363 1044 autem
1419 997 1601 1043 noster
1648 987 1804 1042 lesus
1848 986 2088 1041 Christus

518 1086 656 1139 inter
680 1098 777 1139 nos
805 1084 1016 1152 petitor,
1044 1096 1162 1136 cum
1195 1081 1350 1135 Patre
1390 1079 1574 1145 dator,
1623 1094 1728 1133 non
1768 1078 1949 1146 utique
1990 1091 2087 1131 nos

520 1185 721 1230 tantum
775 1173 1075 1228 hortaretur
1112 1180 1169 1227 ut
1214 1180 1513 1241 peteremus
1539 1208 1554 1233 ,
1594 1170 1693 1223 nisi
1740 1169 1866 1222 dare
1906 1166 2082 1222 vellet.

517 1268 811 1323 Erubescat
833 1265 1058 1320 humana
1089 1264 1291 1335 pigritia
1325 1280 1339 1317 :
1368 1264 1486 1333 plus
1514 1262 1624 1317 vult
1647 1262 1735 1316 ille
1753 1262 1902 1325 dare,
1927 1274 2083 1331 quam

516 1366 616 1406 nos
639 1350 918 1420 accipere:
965 1349 1085 1418 plus
1122 1348 1231 1402 vult
1258 1347 1345 1402 ille
1391 1345 1664 1409 misereri,
1709 1360 1867 1414 quam
1917 1359 2013 1397 nos
2054 1354 2084 1398 a

517 1441 725 1497 miseria
752 1439 960 1494 liberari
989 1456 1001 1491 :
1030 1447 1083 1493 et
1110 1438 1289 1508 utique
1317 1438 1360 1492 si
1395 1451 1500 1492 non
1544 1436 1749 1491 liberati
1795 1433 2080 1497 fuerimus,

517 1546 615 1585 nos
642 1529 819 1585 miseri
846 1527 1251 1583 remanebimus.
1273 1526 1402 1582 Nam
1422 1527 1507 1581 ille
1534 1524 1673 1596 quod
1695 1540 1791 1581 nos
1819 1524 2080 1589 hortatur,

520 1628 735 1689 propter
763 1634 861 1675 nos
886 1618 1146 1671 hortatur.

584 1708 810 1765 CAPUT
848 1706 1065 1762 lI.—2.
1107 1708 1310 1761 Amicus
1356 1708 1418 1760 de
1460 1707 1541 1760 via
1599 1706 1797 1760 veniens
1851 1705 2081 1772 reﬁcien-

511 1800 628 1855 ἀρα.
678 1799 1020 1869 Evigilemus,
1063 1805 1120 1853 et
1154 1797 1383 1852 hortanti
1420 1797 1727 1859 credamus,
1769 1797 2081 1865 promitten-

514 1890 551 1943 ti
584 1891 958 1959 obsequamur,
995 1899 1049 1942 et
1083 1887 1150 1942 ad
1187 1887 1397 1943 dantem
1439 1886 1778 1957 gaudeamus.
1823 1885 2083 1940 Fortassis

514 1981 657 2035 enim
685 1988 741 2035 et
768 1980 919 2034 nobis
953 1979 1236 2049 aliquando
1259 1979 1403 2033 venit
1426 1979 1627 2033 amicus
1652 1978 1719 2032 de
1740 1978 1821 2031 via
1842 2018 1857 2043 ,
1889 1986 1944 2031 et
1974 1992 2078 2031 non

512 2071 811 2127 invenimus
857 2071 996 2141 quod
1038 2070 1090 2126 ei
1129 2066 1517 2139 apponeremus
1557 2085 1573 2133 ;
1616 2078 1672 2123 et
1713 2068 2079 2124 necessitatem

511 2167 653 2235 passi
676 2180 878 2230 sumus,
908 2174 961 2221 et
984 2166 1282 2234 accepimus
1302 2172 1356 2218 et
1385 2163 1536 2217 nobis
1557 2170 1609 2217 et
1637 2161 1730 2215 illi.
1762 2160 1900 2215 Fieri
1938 2161 2079 2215 enim

512 2271 617 2312 non
648 2264 840 2326 potest,
863 2256 963 2311 nisi
994 2264 1049 2309 ut
1075 2256 1265 2325 aliquis
1294 2268 1481 2324 passus
1528 2253 1685 2307 fuerit
1726 2252 1952 2305 amicum
1986 2250 2081 2304 ali-

507 2349 635 2419 quid
658 2350 1067 2418 interrogantem
1091 2388 1106 2408 .
1134 2347 1275 2417 quod
1295 2344 1616 2415 respondere
1640 2359 1743 2398 non
1772 2342 1938 2412 possit
1964 2358 1976 2394 :
2028 2350 2083 2396 et

491 2450 636 2497 tunc
659 2456 718 2496 se
742 2442 941 2496 invenit
967 2456 1071 2494 non
1097 2440 1288 2494 habere
1304 2478 1317 2502 ,
1362 2436 1575 2508 quando
1598 2445 1811 2491 coactus
1825 2444 1906 2489 est
1931 2433 2078 2488 dare.

510 2532 668 2588 Venit
687 2532 993 2587 tibiamicus
1006 2531 1074 2585 de
1103 2531 1214 2595 via,
1248 2529 1298 2583 id
1332 2538 1447 2596 est,
1471 2528 1539 2583 de
1560 2528 1666 2582 vita
1695 2526 1849 2596 hujus
1876 2524 2076 2591 sazculi,

509 2622 562 2677 in
588 2638 691 2692 qua
738 2637 925 2678 omnes
948 2622 1091 2676 velut
1140 2620 1397 2691 peregrini
1439 2627 1750 2680 transeunt,
1802 2633 1899 2671 nec
1944 2616 2081 2670 ullus

507 2716 657 2785 quasi
699 2729 973 2785 possessor
1007 2723 1220 2778 manet;
1270 2713 1364 2767 sed
1412 2712 1557 2767 omni
1596 2711 1794 2765 homini
1834 2710 2025 2765 dicitur
2064 2726 2077 2762 :

508 2802 742 2875 [ἔθραυε
768 2822 819 2859 es
840 2846 855 2870 ,
886 2805 1083 2870 transi,-
1129 2821 1222 2875 age
1244 2804 1363 2867 iter,
1397 2803 1464 2856 da
1485 2813 1689 2856 venturo
1709 2801 1869 2854 locum
1886 2799 2075 2870 (Eat-li.

509 2911 643 2949 ut!
664 2936 679 2961 ,
710 2892 836 2967 33).
872 2898 977 2948 Aut
1010 2896 1143 2949 forte
1166 2894 1231 2948 de
1253 2895 1335 2948 via
1376 2894 1511 2946 mala
1532 2933 1547 2955 ,
1590 2892 1693 2946 hoc
1722 2900 1833 2952 est,
1860 2890 1927 2944 de
1973 2890 2077 2944 vita

415 3044 421 3051 δ
508 2986 644 3038 mala
668 3025 684 3050 ,
728 2985 969 3055 fatigatus
999 2980 1177 3039 nescio
1204 2986 1325 3054 quis
1363 2985 1566 3039 amicus
1600 2993 1753 3047 tuus,
1796 2998 1899 3036 non
1924 2982 2076 3037 inve-

507 3077 658 3130 niens
683 3076 989 3141 veritatem,
1027 3092 1125 3145 qua
1159 3076 1337 3129 audita
1361 3084 1414 3129 et
1435 3084 1679 3145 percepta
1728 3075 1911 3128 beatus
1953 3075 2073 3138 ﬁat,

501 3166 599 3221 sed
635 3167 864 3221 lassatus
909 3165 961 3219 in
996 3168 1139 3218 omni
1168 3165 1451 3234 cupiditate
1478 3174 1532 3221 et
1574 3175 1809 3235 egestate
1860 3165 2071 3229 seculi,

507 3256 650 3311 venit
676 3256 741 3310 ad
773 3263 843 3319 te,
880 3265 1125 3326 tanquam
1154 3256 1218 3310 ad
1247 3256 1630 3321 christianum,
1658 3266 1711 3310 et
1734 3256 1895 3311 dicit:
1938 3256 2078 3311 Red-

502 3348 574 3403 de
598 3347 725 3401 mihi
748 3347 1005 3401 rationem
1032 3388 1047 3413 ,
1098 3346 1181 3401 fac
1209 3362 1293 3401 me
1332 3346 1710 3401 Christianum.
1746 3346 1811 3401 Et
1846 3348 2074 3401 interro-

501 3446 592 3505 gat
620 3437 758 3507 quod
790 3437 924 3491 forte
951 3452 1003 3492 tu
1047 3454 1140 3508 per
1182 3436 1567 3507 simplicitatem
1613 3437 1729 3490 fidei
1760 3437 2030 3491 nesciebas
2061 3455 2074 3491 :

500 3538 558 3581 et
585 3544 687 3581 non
717 3534 799 3582 est
830 3528 965 3581 unde
996 3526 1201 3582 reficias
1229 3528 1545 3581 esurientem
1567 3568 1582 3594 ,
1612 3538 1665 3581 et
1696 3536 1744 3581 te
1777 3526 2075 3582 admonitus

506 3618 709 3671 invenis
739 3618 1087 3688 indigentem;
1113 3626 1297 3674 etcum
1320 3620 1397 3673 vis
1417 3616 1609 3672 docere
1627 3658 1643 3684 ,
1675 3620 1878 3689 cogeris
1904 3619 2076 3675 discea

499 3724 561 3763 re
594 3726 606 3762 :
639 3717 693 3763 et
732 3708 855 3763 dum
887 3710 1154 3764 erubescis
1190 3725 1313 3765 eum
1364 3709 1454 3780 qui
1508 3710 1883 3780 interrogavit,
1932 3711 2074 3781 quod

503 3799 773 3869 quaerebat
802 3815 904 3854 non
929 3800 980 3854 in
1012 3808 1063 3855 te
1098 3800 1395 3867 inveniens,
1428 3802 1768 3871 compelleris
1796 3818 2035 3872 quaerere
2056 3844 2069 3868 ,

497 3899 561 3943 ut
587 3891 839 3945 merearis
864 3890 1118 3946 invenire.

574 3984 630 4037 5.
667 3986 870 4039 Amicus
890 3985 1021 4041 alius
1047 3986 1209 4039 media
1238 3996 1379 4043 nocte
1417 3987 1760 4061 interpellatus
1785 3998 1837 4044 ut
1869 3990 1949 4044 det
1977 4001 2075 4046 tres

498 4092 679 4144 panes.
722 4077 785 4130 Et
814 4077 901 4131 ubi
956 4080 1199 4147 qureras?
1238 4079 1373 4144 Ubi,
1429 4080 1528 4134 nisi
1559 4081 1611 4135 in
1660 4082 1939 4138 dominicis
1984 4083 2074 4139 Li-

510 4164 659 4218 bris?
692 4165 954 4220 Fortassis
978 4168 1118 4237 quod
1148 4168 1233 4223 ille
1265 4171 1642 4239 interrogavit,
1668 4172 1721 4225 in
1748 4173 1883 4227 libro
1935 4174 2075 4243 posi-

499 4265 615 4309 tum
634 4265 735 4321 est,
766 4257 859 4311 sed
886 4258 1164 4312 obscurum
1194 4267 1293 4313 est.
1324 4260 1481 4315 Forte
1504 4260 1631 4315 dixit
1668 4261 1767 4315 hoc
1794 4265 2074 4332 Apostolus

502 4348 557 4400 in
585 4348 819 4416 Epistola
844 4363 957 4403 sua.
983 4349 1072 4403 Sic
1094 4350 1225 4405 dixit
1244 4390 1258 4413 .
1289 4360 1347 4405 ut
1367 4351 1540 4421 legere
1561 4354 1749 4420 possis,
1779 4353 2073 4425 intelligere

506 4454 608 4492 non
636 4441 808 4510 possis
833 4456 849 4495 :
875 4442 1102 4497 transire
1132 4458 1233 4497 non
1262 4445 1602 4512 permitteris.
1631 4444 1792 4515 Urget
1821 4448 1961 4501 enim
1994 4450 2074 4503 in-

502 4539 836 4600 terrogator;
882 4531 1051 4599 ipsum
1107 4532 1356 4600 Paulum,
1408 4544 1499 4589 aut
1543 4535 1783 4598 Petrum.
1834 4547 1925 4591 aut
1972 4540 2070 4594 ali-

500 4634 660 4690 quem
691 4622 1000 4693 prophetam
1036 4623 1358 4693 interrogare
1384 4639 1488 4678 non
1518 4626 1726 4680 sineris.
1778 4627 1893 4682 Jam
1931 4630 2071 4683 enim

504 4710 789 4779 requiescit
814 4710 1006 4766 familia
1036 4712 1132 4765 ista
1182 4728 1302 4768 cum
1354 4713 1579 4768 Domino
1628 4729 1759 4787 suo,
1802 4726 1855 4771 et
1894 4719 2071 4773 saaculi

506 4802 664 4871 hujus
687 4802 980 4872 ignorantia
1011 4804 1179 4858 valida
1202 4814 1303 4867 est,
1333 4804 1434 4859 hoc
1460 4814 1535 4861 est
1561 4845 1576 4870 ,
1618 4821 1721 4861 nox
1771 4808 1968 4872 media,
2018 4818 2074 4865 et

504 4904 654 4962 urget
678 4895 880 4949 amicus
901 4894 1158 4950 esuriens.
1190 4895 1304 4952 Tibi
1336 4898 1469 4951 forte
1517 4897 1808 4953 sufficiebat
1849 4900 2071 4970 simplex

505 4984 657 5050 fides,
687 4985 761 5039 illi
784 5000 888 5041 non
909 4985 1121 5041 sufficit.
1154 4987 1414 5058 Numquid
1440 4989 1763 5045 deserendus
1788 4993 2074 5047 est?num-

502 5075 627 5144 quid
658 5074 724 5130 de
747 5076 909 5131 domo
931 5078 1284 5148 projicieudus
1304 5089 1385 5133 est
1404 5080 1427 5133 ?

572 5167 801 5223 CAPUT
852 5163 942 5223 ΙΙΙ.
985 5196 1057 5210 -—
1104 5169 1246 5239 Ergo
1293 5170 1358 5224 ad
1409 5172 1577 5240 ipsum
1626 5172 1902 5229 Dominum
1935 5214 1950 5239 ,
2005 5176 2070 5230 ad

504 5255 678 5325 ipsum
731 5273 852 5313 cum
913 5275 1018 5329 quo
1078 5259 1271 5314 familia
1333 5262 1613 5331 requiescit
1647 5301 1662 5326 ,
1714 5265 1858 5331 pulsa
1907 5279 2068 5321 oran-

506 5346 615 5413 do,
670 5356 789 5417 pete
817 5389 833 5415 ,
887 5349 1045 5404 insta.
1109 5350 1224 5405 Non
1289 5352 1558 5419 quomodo
1612 5353 1813 5410 amicus
1877 5357 1963 5411 ille
2018 5359 2068 5413 in

506 5434 852 5493 similitudine
900 5440 1131 5509 positus,
1180 5440 1335 5494 tzedio
1376 5442 1545 5496 victus
1585 5455 1761 5513 surget
1804 5457 1857 5502 et
1903 5447 2066 5503 dabit.

508 5524 647 5580 Dare
688 5527 797 5580 vult
845 5544 859 5580 :
909 5537 962 5581 tu
1013 5529 1228 5598 pulsans
1266 5531 1496 5585 nondum
1530 5535 1777 5603 accepisti
1813 5553 1827 5599 ;
1880 5538 2025 5607 pulsa
2050 5581 2064 5605 ,

508 5614 640 5670 dare
683 5617 809 5670 vult.
860 5617 925 5672 Et
964 5620 1101 5688 quod
1144 5620 1269 5677 dare
1309 5622 1450 5689 vult,
1492 5624 1703 5691 diﬂ'ert,
1743 5638 1805 5683 ut
1843 5632 2069 5700 amplius

514 5705 782 5763 desideres
808 5708 1043 5778 dilatum,
1068 5726 1133 5766 ne
1162 5713 1371 5768 vilescat
1389 5714 1494 5770 cito
1514 5716 1714 5772 datum.

1746 329 1801 384 S.
1844 325 2204 383 AUGUSTlM
2244 325 2540 383 EPISCOPI

3660 330 3767 385 6'10

2270 436 2323 489 4.
2370 434 2494 489 Tres
2554 451 2708 503 panes
2744 435 2867 488 dati.
2928 432 3058 490 (Iun
3111 420 3286 497 autem
3339 438 3643 507 perveneris
3701 441 3769 497 ad

2198 532 2305 577 tres
2336 539 2519 592 panes,
2548 523 2650 577 hoc
2676 536 2786 588 est,
2813 525 2877 579 ad
2906 526 3079 579 cibqu
3108 537 3160 581 et
3209 528 3608 598 intelligentiam
3644 529 3767 584 Tri-

2196 615 2409 679 nitatis,
2458 616 2621 671 habes
2654 624 2707 670 et
2733 615 2868 671 unde
2896 617 3037 671 vivas
3060 659 3075 681 ,
3134 627 3187 672 et
3214 618 3351 695 unde
3402 634 3608 689 pascas.
3655 620 3769 676 Nec

2203 708 2541 775 peregrinum
2583 708 2876 761 venientem
2918 708 2983 762 de
3020 709 3097 761 via
3120 710 3447 774 reformides,
3488 712 3583 765 sed
3622 712 3771 765 esci-

2196 796 2387 864 piendo
2415 796 2583 850 civem
2632 797 2977 851 domesticum
3002 798 3161 851 facias
3192 816 3205 851 :
3235 814 3332 852 nec
3373 800 3557 853 timeas
3583 816 3650 856 ne
3701 802 3768 854 fi-

2191 888 2326 938 nias.
2371 887 2483 939 Non
2517 888 2665 955 panis
2691 887 2778 941 ille
2807 888 3049 951 finietur,
3091 889 3183 942 sed
3231 889 3572 959 indigentiam
3620 900 3768 945 tuam

2191 976 2358 1030 finiet.
2390 977 2545 1031 Panis
2569 987 2684 1043 est,
2737 990 2789 1032 et
2837 982 2988 1050 panis
3027 989 3128 1046 est,
3172 993 3227 1036 et
3270 984 3417 1051 panis
3453 994 3534 1038 est
3567 1002 3581 1037 :
3624 985 3769 1038 Deus

2192 1066 2366 1131 Pater,
2401 1068 2539 1123 Deus
2565 1070 2750 1133 Filius.
2800 1072 2935 1125 Deus
2971 1071 3197 1141 Spiritus
3223 1084 3455 1129 sanctus.
3508 1073 3769 1131 rEternus

2189 1158 2367 1226 Pater,
2392 1169 2686 1216 eoa-ternos
2717 1163 2899 1226 Filius,
2943 1173 3236 1218 coaeternus
3261 1164 3490 1233 Spiritus
3525 1177 3763 1221 sanctus.

2188 1247 2639 1306 lncommutabilis
2668 1252 2841 1319 Pater,
2875 1253 3319 1310 incommutabilis
3349 1257 3532 1325 Filius,
3556 1259 3767 1313 ineoru-

2187 1339 2458 1394 mutabilis
2484 1340 2710 1411 Spiritus
2747 1354 2979 1398 sanctus.
3012 1346 3233 1399 Creatur
3256 1355 3310 1400 ct
3351 1347 3539 1416 Pater,
3575 1360 3631 1404 et
3668 1349 3765 1403 Fi-

2188 1428 2310 1495 lius,
2341 1439 2395 1483 et
2419 1429 2644 1500 Spiritus
2672 1441 2905 1487 sanctus.
2932 1435 3118 1489 l’astor
3147 1447 3200 1490 et
3225 1438 3343 1492 vita:
3365 1438 3538 1504 dator,
3563 1449 3618 1494 et
3661 1440 3767 1494 Pa-

2189 1528 2292 1585 ter,
2322 1529 2375 1574 et
2422 1520 2616 1587 Filius,
2650 1531 2704 1575 et
2748 1522 2977 1591 Spiritus
3016 1535 3247 1579 sanctus.
3299 1526 3455 1581 Cibus
3501 1538 3555 1583 et
3608 1531 3765 1599 panis

2186 1619 2436 1675 aeternus,
2454 1620 2507 1666 et
2528 1611 2702 1678 Pater,
2723 1622 2775 1668 et
2797 1613 2981 1679 Filius,
3003 1624 3056 1668 et
3084 1615 3311 1684 Spiritus
3336 1628 3566 1672 sanctus.
3582 1614 3760 1684 Disce,

2186 1707 2241 1753 et
2263 1698 2398 1753 doce
2423 1716 2437 1764 ;
2472 1700 2609 1766 vive,
2628 1710 2681 1755 et
2702 1717 2876 1770 pasce.
2895 1704 3033 1758 Deus
3056 1706 3143 1775 qui
3169 1707 3257 1760 tibi
3279 1706 3387 1772 dat,
3410 1708 3541 1762 nihil
3569 1710 3763 1764 melius

2184 1804 2340 1856 quam
2362 1804 2421 1842 se
2452 1789 2541 1843 tibi
2566 1791 2673 1844 dat.
2702 1796 2897 1859 Arare,
2918 1794 3041 1863 quid
3070 1795 3210 1848 aliud
3238 1797 3549 1864 quwrebas‘t
3574 1800 3681 1852 Aut
3716 1802 3761 1854 si

2184 1880 2322 1932 aliud
2354 1890 2520 1948 petas,
2550 1884 2676 1952 quid
2708 1883 2799 1938 tibi
2828 1886 3055 1950 sufficit,
3081 1888 3168 1941 cui
3216 1888 3354 1942 Deus
3397 1906 3500 1943 non
3527 1890 3763 1944 sufficit?

2253 1971 2473 2027 CAPUT
2513 1974 2681 2028 lV.——
2801 1974 2976 2041 Fides,
3027 1994 3177 2048 spes,
3207 1979 3429 2033 Charitas
3461 2020 3476 2048 ,
3523 1980 3619 2034 Dei
3665 1984 3761 2033 do-

2184 2078 2270 2114 na.
2317 2063 2422 2118 Sed
2470 2080 2602 2135 opus
2655 2076 2737 2121 est
2787 2079 2841 2121 ut
2895 2068 3091 2123 habeas
3140 2071 3488 2139 charitatem,
3562 2073 3763 2127 habeas

2186 2154 2375 2221 fidem,
2407 2156 2602 2211 habeas
2622 2172 2767 2226 spem
2810 2177 2823 2211 :
2857 2168 2910 2213 ut
2930 2160 3093 2229 possit
3123 2162 3212 2215 tibi
3258 2161 3412 2219 dulce
3460 2178 3579 2218 esse
3614 2165 3761 2234 quod

2184 2243 2360 2299 datur.
2404 2245 2472 2299 Et
2492 2248 2605 2301 hinc
2632 2250 2742 2317 ipsa
2775 2250 2868 2302 tria
2892 2258 3052 2316 sunt,
3090 2251 3253 2316 fides,
3302 2268 3456 2322 spes,
3502 2255 3759 2309 cltaritas.

2190 2333 2254 2388 Et
2280 2333 2392 2391 haec
2414 2336 2524 2407 ipsa
2546 2338 2682 2392 dona
2716 2339 2808 2394 Dei
2839 2350 2980 2394 sunt.
3011 2341 3139 2394 Nam
3166 2344 3320 2397 fidem
3361 2345 3429 2398 ab
3457 2344 3571 2414 ipso
3600 2359 3762 2399 acce-

2185 2426 2356 2494 pimus
2406 2443 2418 2479 :
2470 2426 2612 2481 Sicut
2655 2427 2824 2497 Deus,
2873 2431 3069 2500 inquit,
3115 2432 3379 2502 unicuique
3422 2436 3636 2505 partitus
3684 2447 3762 2489 est

2185 2531 2469 2569 mensuram
2499 2518 2615 2587 ﬁdei
2647 2517 2823 2588 (Rom.
2851 2537 2944 2587 xu,
2973 2523 3051 2591 5).
3082 2523 3146 2577 Ει
3165 2540 3310 2593 spem
3338 2524 3404 2580 ab
3441 2526 3556 2595 ipso
3603 2542 3763 2582 acce-

2192 2605 2385 2673 pitnus,
2417 2608 2499 2660 cui
2529 2607 2720 2661 dicitur
2748 2627 2760 2662 :
2791 2608 2855 2662 In
2878 2627 2975 2679 quo
3001 2629 3138 2682 spent
3183 2614 3361 2667 dedisti
3409 2616 3532 2668 milii
3577 2616 3757 2687 (Psal.

2183 2709 2372 2759 can,
2401 2695 2512 2767 l9).
2540 2694 2604 2750 Et
2627 2697 2933 2754 eharitatem
2958 2702 3024 2755 ab
3049 2703 3162 2773 ipso
3181 2707 3483 2774 accepimus
3506 2748 3520 2771 ,
3551 2707 3617 2763 de
3648 2725 3764 2779 quo

2182 2784 2373 2839 dicitur
2409 2788 2673 2842 :Charitns
2697 2787 2791 2843 Dei
2812 2789 2999 2858 diﬂ'usa
3027 2805 3095 2846 est
3122 2794 3172 2846 in
3193 2797 3422 2850 cordibus
3444 2799 3626 2853 nostris
3666 2817 3764 2870 per

2183 2875 2430 2947 Spiritum
2480 2892 2736 2946 sanctum,
2766 2882 2852 2951 qui
2876 2883 3024 2937 datus
3068 2893 3141 2938 est
3183 2887 3323 2940 nobis
3368 2887 3542 2960 (Rom.
3578 2907 3629 2957 v,
3673 2891 3758 2964 5).

2182 2968 2289 3025 Sed
2314 2970 2427 3023 haec
2456 2971 2633 3025 itidem
2664 2974 2759 3025 tria
2786 2974 3163 3044 aliquantulum
3188 2989 3311 3034 sunt
3351 2980 3557 3037 diversa
3583 3000 3598 3049 ;
3656 2986 3760 3041 sed

2182 3061 2356 3112 ontuia
2386 3060 2478 3115 Dei
2507 3062 2664 3115 dona.
2696 3062 2901 3118 Manent
2948 3067 3085 3121 enim
3118 3069 3211 3122 tria
3240 3072 3368 3138 Ittvc,
3420 3073 3566 3141 ﬁdes,
3610 3091 3757 3142 spes,

2180 3151 2437 3204 c/tnrittts:
2467 3154 2628 3222 major
2679 3166 2843 3208 autent
2896 3159 3073 3209 horum
3126 3160 3343 3214 clnzritas
3384 3161 3424 3234 (Ι
3466 3160 3579 3217 Cor.
3637 3182 3757 3232 xm,

2183 3241 2301 3312 15).
2335 3240 2388 3294 lu
2419 3244 2522 3296 illis
2544 3245 2763 3312 panibus
2794 3263 2897 3300 non
2918 3258 2999 3302 est
3027 3248 3198 3304 dictus
3219 3252 3408 3322 aliquis
3437 3254 3585 3324 panis
3639 3273 3762 3310 tua-

2175 3331 2261 3401 jor
2285 3333 2441 3388 aliis:
2472 3336 2565 3390 sed
2604 3336 2911 3408 simpliciter
2939 3342 3119 3409 petiti,
3159 3352 3212 3397 et
3253 3345 3360 3399 dati
3415 3354 3519 3402 tres
3562 3363 3756 3418 panes.

2250 3423 2301 3476 6.
2344 3422 2464 3476 Tria
2488 3426 2658 3479 eadem
2706 3444 2882 3483 rursus
2914 3430 3216 3501 signiﬁcata.
3283 3432 3459 3503 Panis,
3503 3438 3755 3494 Charitas.

2183 3510 2365 3575 Piscis,
2389 3515 2534 3581 ﬁdes.
2592 3517 2727 3571 Ecce
2753 3519 2854 3572 alia
2882 3521 2977 3573 tria
3011 3539 3023 3573 :
3058 3522 3181 3587 Quis
3215 3534 3282 3579 est
3309 3534 3553 3595 vestrum,
3593 3546 3625 3582 a
3653 3548 3761 3600 quo

2179 3609 2297 3677 pulit
2321 3610 2457 3677 [ilius
2475 3627 2594 3664 suus
2621 3628 2819 3680 panem,
2849 3616 3091 3685 numquid
3126 3615 3344 3687 lapidem
3385 3620 3602 3692 porriget
3659 3624 3707 3676 ei
3728 3627 3760 3679 .’

2179 3698 2279 3753 Aut
2317 3701 2425 3771 quis
2454 3713 2525 3755 est
2551 3715 2761 3758 vestrum
2780 3748 2794 3772 ,
2822 3724 2853 3759 α
2872 3725 2967 3778 quo
2989 3710 3109 3779 petit
3137 3712 3350 3781 piscem,
3373 3717 3615 3784 numquid
3634 3735 3753 3772 ser-

2180 3803 2376 3861 pentem
2402 3796 2627 3866 porriget
2656 3797 2745 3849 ei?
2773 3799 2870 3851 Aut
2903 3817 2935 3851 a
2980 3818 3079 3872 quo
3131 3804 3254 3871 petit
3280 3820 3461 3871 ovum,
3506 3811 3760 3879 numquid

2180 3885 2398 3955 porriget
2436 3886 2480 3939 ei
2526 3887 2882 3956 scorpionem?
2918 3890 2973 3944 Si
2995 3908 3111 3962 ergo
3153 3910 3272 3961 eos,
3308 3911 3420 3948 cum
3443 3898 3549 3950 sitis
3591 3902 3755 3970 mali,

2182 3978 2337 4029 nostis
2379 3976 2508 4030 bona
2537 3980 2655 4031 (luta
2685 3979 2807 4033 dare
2827 3982 2947 4049 ﬁliis
2975 3984 3182 4050 vestris;
3217 3994 3407 4056 quanto
3432 3992 3593 4060 magis
3646 3991 3759 4047 Pa-

2180 4079 2251 4124 ter
2277 4082 2434 4126 vester
2461 4073 2544 4144 qni
2597 4073 2645 4125 in
2672 4076 2806 4127 cwlis
2848 4086 2938 4142 est,
2988 4076 3123 4130 dabit
3163 4077 3291 4132 bona
3334 4082 3608 4148 petentibus
3650 4087 3758 4138 se?

2178 4160 2302 4217 'l'ria
2329 4180 2456 4235 ergo
2483 4180 2664 4219 rursus
2707 4166 2801 4219 ista
2832 4168 3246 4237 conside-rentius,
3280 4188 3345 4226 ne
3375 4177 3506 4227 forte
3545 4174 3614 4228 ibi
3643 4178 3759 4231 sint

2180 4252 2266 4307 illa
2292 4253 2388 4307 tria
2410 4295 2425 4318 ,
2455 4254 2604 4317 fides,
2648 4271 2789 4325 spes,
2816 4256 3044 4313 eharitas
3070 4274 3089 4311 :
3116 4258 3283 4329 major
3318 4272 3493 4316 autem
3551 4264 3746 4321 horum

2178 4344 2429 4399 eharitas.
2462 4345 2603 4400 Pone
2640 4362 2765 4416 ergo
2797 4347 2891 4400 tria
2912 4389 2927 4415 ,
2973 4364 3162 4418 panem
3187 4391 3202 4414 ,
3250 4351 3446 4420 piscem
3469 4394 3485 4421 ,
3534 4370 3698 4411 ovum
3732 4376 3748 4411 :

2182 4435 2353 4504 major
2378 4437 2565 4491 horum
2592 4437 2757 4506 panis.
2789 4437 2911 4493 Ideo
2932 4438 3065 4494 bene
3094 4455 3279 4509 panem
3308 4442 3649 4514 intelligimus
3695 4449 3753 4502 in

2179 4529 2260 4581 his
2288 4529 2454 4583 tribus
2480 4530 2812 4585 eharitatem.
2843 4530 3122 4601 Propterea
3154 4535 3270 4604 pani
3313 4535 3538 4605 lapidem
3575 4555 3751 4610 oppo-

2177 4622 2313 4687 suit,
2346 4621 2465 4691 quia
2496 4620 2689 4675 duritia
2727 4625 2988 4677 contraria
3017 4635 3099 4679 est
3121 4625 3382 4680 charitati.
3426 4627 3635 4685 Piscent
3684 4634 3751 4685 li-

2176 4713 2294 4765 dem
2319 4713 2671 4783 intelligimus.
2706 4713 2845 4768 Dixit
2868 4715 3080 4785 quidam
3104 4728 3337 4784 sanctus,
3365 4730 3417 4774 et
3447 4737 3545 4776 nos
3564 4722 3750 4780 dicere

2175 4802 2435 4856 delectat:
2462 4802 2625 4857 Piscis
2655 4803 2844 4870 bonus,
2874 4805 2953 4874 pia
2982 4815 3062 4859 est
3112 4805 3261 4861 fides.
3296 4807 3433 4863 Vivit
3484 4812 3623 4868 inter
3648 4815 3751 4869 llu-

2174 4904 2311 4959 ctus,
2341 4910 2438 4948 nec
2457 4893 2711 4964 frangitur
2735 4905 2825 4949 aut
2867 4896 3085 4950 solvitur
3111 4897 3373 4954 fluctibus.
3418 4900 3561 4959 Vivit
3609 4906 3752 4963 inter

2178 4985 2492 5039 tentatioues
2522 4994 2963 5057 tempestatesque
2992 4987 3149 5057 hujus
3182 4992 3360 5045 sa2euli
3381 5032 3396 5057 ,
3432 4996 3514 5064 pia
3568 4995 3745 5054 fides:

2174 5076 2321 5129 satvit
2365 5075 2625 5141 mundus,
2674 5082 2729 5131 et
2772 5077 2969 5145 integra
3008 5087 3105 5131 est.
3148 5078 3371 5134 Tantum
3417 5090 3748 5143 contrarium

2176 5165 2294 5219 tidei
2322 5176 2621 5235 serpentem
2645 5166 2789 5220 Illum
2820 5168 3062 5222 observa.
3093 5169 3146 5223 In
3173 5171 3273 5226 fide
3298 5175 3436 5229 cuitu
3459 5178 3668 5250 despou
3686 5201 3751 5237 .a-

2177 5267 2227 5313 ta
2252 5270 2333 5313 est
2363 5258 2447 5312 illa
2469 5301 2483 5324 ,
2514 5260 2594 5313 cui
2624 5259 2817 5315 dicitur
2846 5262 2897 5315 in
2929 5264 3155 5319 Canticis
3194 5268 3518 5325 canticorum
3549 5292 3563 5325 :
3624 5274 3750 5329 chi

2174 5349 2237 5402 de
2271 5348 2479 5412 Libano,
2501 5367 2683 5419 sponsa
2709 5369 2836 5417 mea,
2880 5355 3073 5407 veniens
3106 5366 3152 5408 et
3179 5362 3514 5426 pertransiens
3544 5365 3606 5416 ab
3642 5367 3749 5420 ini-

2174 5440 2240 5491 tio
2265 5441 2381 5507 [idet
2410 5440 2574 5510 (Cant.
2605 5456 2655 5494 tv
2676 5483 2690 5507 ,
2710 5441 2785 5511 8).
2817 5440 2936 5497 Ideo
2964 5452 3017 5497 et
3056 5445 3392 5513 desponsata.
3441 5449 3561 5520 quia
3614 5454 3748 5510 des-

2176 5536 2497 5606 ponsatiouis
2544 5536 2747 5589 initium
2781 5537 2909 5591 fides
2962 5546 3061 5591 est.
3104 5539 3427 5595 Promittitur
3472 5547 3617 5601 enim
3677 5553 3752 5605 ab

2174 5643 2370 5697 sprnso
2399 5627 2592 5697 aliquid
2614 5670 2628 5693 ,
2658 5633 2712 5681 et
2740 5627 2995 5696 jromissa
3027 5630 3128 5684 title
3170 5630 3450 5687 detinetur.
3481 5635 3753 5708 Opposuit

2174 5729 2346 5772 autem
2377 5719 2625 5774 Dominus
2651 5731 2947 5790 serpentem
2972 5722 3118 5792 pisci,
3143 5723 3406 5780 diabolum
3438 5727 3583 5783 fidei.
3617 5732 3751 5790 l‘ro—
