4126 6322
407 292 501 355 θὶι
1853 277 2082 340 SERMO
2121 277 2222 337 CV.

410 422 592 481 pterea
625 407 958 478 desperante
1001 405 1118 459 huic
1153 403 1279 457 dicit
1324 401 1640 472 Apostolus,
1677 397 1983 468 Desponsavi

409 519 495 558 vos
519 502 609 555 ttm'
640 501 745 555 viro
777 540 791 565 ,
837 498 1079 569 virginem
1122 506 1311 549 castam
1338 495 1566 548 exhibere
1599 492 1795 546 Christo
1829 505 1847 542 :
1897 498 1979 552 et,

408 591 583 647 Timeo
626 589 825 644 nesicut
854 605 1058 656 serpens
1088 584 1246 640 Evam
1283 584 1484 639 seduxit
1529 583 1714 637 astutia
1757 597 1870 644 sua,
1916 578 1986 631 sic

410 694 459 739 et
481 683 631 738 vestri
673 698 847 736 sensus
899 687 1286 749 corrumpantur
1320 694 1351 729 a
1402 675 1629 731 castitate
1670 690 1783 746 qua:
1824 682 1897 728 est
1936 672 1988 725 in

410 777 609 831 Christo
658 774 724 844 (ll
752 774 867 828 Cor.
901 788 987 839 tu,
1030 772 1086 838 ‘2,
1120 769 1175 843 ὅ)
1201 788 1215 837 ;
1244 769 1295 825 id
1347 778 1448 833 est,
1483 782 1601 839 qua:
1647 775 1731 822 est
1781 766 1835 819 in
1886 762 1989 819 lidc

408 866 629 925 Christi.
664 866 906 922 Habitare
931 865 1072 921 enim
1095 906 1109 931 ,
1139 863 1337 934 inquit,
1368 860 1620 916 Christum
1650 875 1736 928 per
1761 858 1911 927 ﬁdem
1938 857 1989 910 in

412 960 647 1015 cordibus
676 958 851 1013 vestris
882 955 902 1031 (
930 955 1123 1027 Ephes.
1154 971 1208 1009 Ill
1231 997 1244 1020 ,
1276 955 1388 1025 l7).
1424 952 1671 1007 Diabolus
1717 964 1844 1021 ergo
1884 965 1988 1003 non

409 1059 720 1122 corrumpat
740 1049 895 1105 fidem
917 1090 932 1116 ,
966 1063 1070 1103 non
1098 1046 1317 1102 devoret
1344 1044 1561 1116 piscem.

481 1140 708 1199 CAPUT
773 1139 838 1195 V.
886 1169 959 1180 --
1006 1140 1060 1194 7.
1119 1137 1322 1201 Ovum,
1376 1152 1510 1205 spes.
1582 1132 1771 1187 Restat
1841 1145 1987 1201 spes,

409 1249 552 1305 qum,
583 1239 839 1302 quantum
876 1225 1251 1292 mibividetur,
1296 1239 1398 1279 ovo
1450 1230 1806 1292 comparatur.
1857 1221 1991 1289 Spes

410 1326 553 1380 enim
583 1319 816 1377 nondum
844 1318 1082 1391 pervenit
1110 1320 1174 1373 ad
1204 1334 1316 1372 rem
1350 1334 1364 1369 :
1393 1324 1447 1370 et
1475 1330 1631 1369 ovum
1661 1323 1740 1368 est
1767 1310 1988 1382 aliquid,

411 1415 507 1470 sed
534 1413 766 1468 nondum
798 1423 877 1467 est
902 1411 1095 1482 pullus.
1119 1405 1500 1478 Quadrupedes
1548 1419 1676 1475 ergo
1724 1403 1859 1459 filios
1904 1418 1993 1473 pa-

412 1505 738 1570 riunt,-aves
760 1511 937 1557 autem
964 1516 1115 1571 spem
1159 1498 1410 1553 filiorum.
1452 1496 1585 1567 Spes
1614 1510 1742 1567 ergo
1783 1494 1849 1549 ad
1894 1494 1994 1549 hoc

399 1591 513 1650 ‘ﬁos
573 1594 840 1657 hortatur,
895 1601 952 1647 ut
996 1591 1275 1663 prmsentia
1331 1598 1734 1645 contemnamus
1763 1627 1777 1653 ,
1819 1588 1993 1641 futura

410 1699 811 1757 exspectemus;
841 1699 902 1740 ea
932 1700 1049 1755 qua:
1093 1694 1237 1738 retro
1266 1690 1388 1736 sunt
1429 1680 1823 1746 obliviscentes,
1871 1694 1992 1734 cum

413 1778 669 1848 Apostolo
720 1777 771 1831 in
799 1776 1065 1830 anteriora
1109 1773 1478 1829 extendamur.
1507 1770 1596 1828 Sic
1649 1771 1790 1826 enim
1817 1770 1991 1824 dicit:

416 1870 588 1926 Unum
630 1880 829 1935 autem,
879 1883 991 1941 qua:
1010 1878 1144 1920 retro
1187 1866 1387 1930 oblitus,
1413 1865 1464 1918 in
1492 1881 1548 1917 ea
1572 1878 1685 1934 ante
1726 1870 1842 1916 ante
1880 1871 1994 1915 sunt

412 1972 658 2026 extentus,
690 1957 964 2014 secundum
1007 1956 1329 2010 intentionem
1368 1970 1545 2025 sequor
1563 1955 1631 2006 ad
1651 1952 1872 2023 palmam
1902 1969 1993 2007 su-

412 2067 583 2121 perna:
601 2048 873 2104 vocationis
919 2046 1014 2099 Dei
1033 2046 1084 2099 in
1112 2043 1311 2100 Christo
1341 2042 1465 2097 Jesu
1495 2041 1750 2114 (Philipp.
1780 2057 1856 2108 Ill,
1906 2040 1992 2108 ’δέ

414 2141 527 2213 14).
556 2140 695 2195 Nihil
733 2153 860 2208 ergo
901 2145 1007 2192 tam
1038 2136 1306 2190 inimicum
1337 2143 1419 2188 est
1453 2133 1598 2203 spei,
1642 2148 1798 2203 quam
1853 2142 1996 2187 retro

413 2232 701 2302 reSpicere,
759 2229 810 2283 id
838 2238 954 2293 est,
985 2227 1036 2281 in
1067 2226 1144 2280 eis
1170 2226 1349 2291 rebus,
1383 2240 1500 2293 qum
1554 2223 1997 2293 praeter-labuntur

413 2335 469 2380 et
494 2331 787 2388 transeunt,
811 2336 959 2390 spem
1000 2333 1200 2389 ponere
1230 2334 1242 2369 :
1272 2316 1367 2372 sed
1395 2316 1448 2370 in
1478 2315 1561 2369 his
1586 2331 1705 2385 quae
1758 2315 1994 2370 nondum

412 2416 552 2470 data.-
588 2423 741 2473 sunt,
774 2411 869 2467 sed
915 2406 1103 2465 dandae
1145 2407 1461 2479 quandoque
1512 2421 1782 2476 nunquam
1824 2416 1996 2460 trans-

415 2504 583 2561 ibunt.
611 2504 833 2572 Quando
875 2510 1052 2557 autem
1100 2508 1269 2554 scatet
1315 2498 1693 2553 tentationibus
1746 2497 1994 2563 mundus,

414 2599 561 2654 velut
580 2595 753 2667 pluvia
775 2593 1025 2650 Sodomat
1051 2592 1305 2653 sulfurea.
1338 2587 1682 2645 metuendum
1709 2598 1791 2644 est
1815 2604 1999 2643 exem-

416 2692 563 2763 plum
600 2690 782 2744 uxoris
812 2686 969 2742 Loth.
1000 2685 1163 2739 Retro
1200 2683 1343 2738 enim
1374 2681 1637 2752 respexit;
1670 2690 1723 2734 et
1767 2679 1855 2734 ubi
1883 2695 1997 2734 res-

420 2782 600 2854 pexit,
628 2780 699 2836 ibi
725 2778 1002 2835 remansit.
1036 2776 1090 2830 In
1120 2774 1287 2829 salem
1318 2787 1576 2829 conversa
1597 2778 1681 2827 est
1703 2769 1853 2841 (Gen.
1880 2786 1996 2838 xix,

416 2874 547 2945 26),
577 2884 633 2929 ut
662 2869 949 2943 prudentes
973 2866 1216 2923 condiret
1243 2865 1505 2934 exemplo.
1532 2864 1816 2933 Apostolus
1863 2861 2000 2915 Pau-

418 2964 502 3019 lus
514 2965 579 3020 de
602 2964 701 3018 hac
717 2978 811 3033 spe
832 2961 903 3015 ita
931 2958 1162 3029 loquitur
1186 2975 1198 3011 :
1228 2954 1335 3026 Spe
1360 2956 1493 3009 enim
1516 2953 1643 3008 salvi
1661 2954 1785 3024 facti
1801 2970 1997 3007 sumus.

421 3058 552 3129 Spes
576 3066 744 3110 autent
763 3069 876 3124 qua:
903 3051 1117 3118 videtur,
1149 3056 1342 3103 nonest
1364 3062 1513 3118 spes:
1539 3044 1676 3117 quod
1715 3045 1848 3099 enim
1873 3044 2002 3098 videt

418 3150 551 3220 quis,
573 3146 694 3211 quid
722 3136 929 3215 sperat?
952 3139 1013 3196 Si
1061 3150 1225 3194 autent
1253 3136 1387 3210 quod
1415 3153 1515 3190 non
1565 3135 1787 3189 videmus
1830 3151 2003 3204 spera-

422 3255 556 3303 mus,
584 3254 671 3307 per
701 3236 993 3305 patientmm
1030 3238 1373 3301 exspectamus
1425 3224 1605 3297 (Rom.
1636 3241 1745 3290 vm,
1775 3224 1864 3290 24,
1883 3222 1999 3296 25).

425 3330 573 3397 Quod
618 3328 751 3381 enint
796 3326 926 3378 videt
967 3321 1099 3393 quis,
1136 3318 1258 3390 quid
1298 3315 1512 3389 sperat?
1548 3330 1705 3371 ovum
1754 3322 1856 3369 est.
1909 3313 2006 3367 Est

422 3436 620 3487 ovum,
663 3429 717 3474 et
766 3416 941 3488 pullus
988 3410 1222 3468 nondum
1252 3418 1353 3465 est.
1404 3408 1468 3463 Et
1496 3406 1759 3462 testudine
1809 3414 2001 3460 tectum

422 3523 506 3569 est
538 3531 553 3567 :
594 3527 698 3565 non
724 3508 949 3571 videtur,
975 3505 1098 3576 quia
1123 3501 1399 3571 operitur:
1429 3513 1549 3552 cum
1598 3497 1845 3566 patientia
1907 3510 2003 3548 ex-

424 3599 1028 3677 spectetur;fervescat,
1084 3602 1143 3648 ut
1160 3593 1398 3646 viviseat.
1445 3586 1683 3653 Intende,
1716 3587 2005 3642 extendere

426 3697 481 3752 in
522 3693 810 3759 anteriora,
839 3688 1155 3745 obliviscere
1184 3682 1468 3754 praeterita.
1498 3681 1627 3747 Quae
1659 3681 1801 3734 enim
1825 3678 2008 3732 viden-

428 3801 534 3856 tur,
567 3782 877 3858 temporalia
902 3789 1046 3835 sunt.
1095 3775 1216 3831 Non
1257 3774 1593 3844 respicientes,
1648 3770 1857 3841 inquit,
1899 3785 2009 3838 quae

427 3884 679 3945 videntur,
723 3876 810 3931 sed
835 3889 947 3946 quia
973 3886 1074 3925 non
1115 3868 1366 3922 uidentur.
1413 3865 1537 3930 Qua:
1579 3864 1711 3916 enim
1756 3862 2000 3927 videntur,

430 3970 730 4042 temporalia
757 3975 873 4022 sunt
900 3982 914 4029 ;
941 3977 1054 4032 qua:
1073 3971 1239 4014 autent
1281 3974 1381 4011 non
1415 3956 1666 4019 videntur,
1714 3952 1940 4025 wterna(
1968 3952 2008 4007 ll

428 4064 547 4119 Cor.
599 4076 675 4125 tv,
707 4056 826 4131 18).
853 4057 911 4111 In
962 4054 1052 4108 illa
1082 4065 1211 4121 ergo
1239 4065 1357 4119 qua:
1386 4062 1490 4100 non
1532 4045 1794 4111 videntur,
1822 4051 2008 4098 exten-

430 4156 498 4210 de
550 4167 698 4225 spem
734 4170 748 4206 :
778 4157 1057 4217 exspecta,
1113 4144 1337 4198 sustine.
1382 4138 1501 4195 Noli
1543 4147 1684 4193 retro
1722 4136 2008 4206 respicere.

431 4250 545 4300 Uvo
575 4256 662 4298 tuo
685 4239 950 4311 scorpium
975 4238 1121 4291 time.
1151 4228 1284 4288 Vide
1313 4232 1432 4303 quia
1459 4231 1525 4285 de
1564 4228 1730 4284 cauda
1760 4228 2007 4297 percutit,

431 4354 589 4408 quam
619 4345 760 4390 retro
790 4332 963 4387 habet.
989 4327 1105 4384 Non
1136 4340 1263 4396 ergo
1299 4322 1539 4392 scorpius
1584 4320 1807 4390 perimat
1851 4333 2009 4371 ovum

436 4440 581 4482 tuum
602 4465 619 4491 ,
656 4424 881 4480 mundus
905 4424 1004 4477 iste
1025 4434 1173 4490 Spem
1204 4423 1348 4470 tuam
1371 4452 1387 4481 ,
1417 4422 1475 4467 ut
1503 4413 1573 4466 ita
1594 4410 1764 4465 dicam
1787 4451 1802 4476 ,
1845 4424 2008 4463 vene.

434 4538 505 4577 no
548 4520 614 4575 eo
637 4515 905 4574 contrario
929 4554 943 4579 ,
973 4527 1079 4583 quo
1105 4507 1349 4564 retrario.
1381 4504 1585 4572 Quanta
1638 4501 1730 4555 tibi
1781 4500 2012 4569 loquitur

436 4614 887 4681 mundus,quanta
903 4615 1016 4677 post
1048 4604 1265 4659 dorsum
1278 4598 1486 4668 strepit,
1517 4606 1570 4649 ut
1582 4602 1724 4649 retro
1738 4594 2008 4663 resipicias:

439 4708 628 4770 idest,
676 4713 734 4758 ut
770 4704 824 4757 in
867 4696 1028 4754 rebus
1076 4690 1429 4765 prasentibus
1474 4687 1595 4761 (nec
1630 4683 2008 4756 przesentibus;

436 4815 543 4856 non
570 4798 715 4852 enim
742 4791 967 4849 dicenda
1017 4795 1142 4843 sunt
1180 4781 1458 4854 praesentia
1484 4792 1753 4847 nunquam
1782 4774 2011 4843 stantia)

434 4906 585 4963 spem
614 4899 755 4944 tuam
784 4898 953 4956 ponas
980 4898 994 4946 ;
1018 4890 1072 4935 et
1100 4878 1167 4932 ab
1186 4891 1250 4932 eo
1277 4873 1415 4946 quod
1436 4870 1675 4942 promisit
1690 4869 1934 4923 Christus
1961 4876 2014 4921 et

435 4956 671 5039 nondum
692 4978 858 5040 dedit,
891 4972 984 5028 sed
1008 4971 1129 5042 quia
1154 4966 1323 5022 fidelis
1353 4973 1433 5018 est
1460 4963 1625 5029 dabit,
1654 4969 1863 5016 avertas
1899 4956 2012 5013 ani-

434 5090 581 5132 mum
625 5080 795 5135 luutn,
833 5074 888 5121 et
916 5063 1048 5119 velis
1076 5058 1410 5128 requiescere
1434 5054 1487 5107 in
1516 5050 1713 5106 mundo
1734 5058 2009 5121 pereunte.

505 5160 731 5220 CAPUT
772 5158 859 5213 γι.
897 5183 968 5195 —-
1005 5153 1058 5207 8.
1099 5148 1277 5204 Clades
1324 5154 1369 5199 et
1424 5143 1719 5197 vastationes
1765 5140 2013 5210 quomodo

435 5253 734 5314 Christianis
778 5248 944 5304 utiles.
999 5244 1122 5299 Ideo
1158 5238 1300 5295 enim
1346 5232 1484 5290 Deus
1529 5232 1863 5287 felicitatibus
1909 5238 2014 5284 ter-

434 5348 581 5406 renis
607 5342 986 5401 amaritudines
1014 5336 1233 5397 miscet,
1262 5339 1321 5385 ut
1347 5329 1447 5383 alia
1477 5334 1744 5396 quaeratur
1767 5322 2008 5387 felicitas,

436 5441 591 5511 cuius
620 5435 847 5494 dulcedo
877 5448 981 5488 non
1007 5435 1091 5485 est
1130 5425 1289 5481 fallax
1331 5441 1344 5477 :
1382 5428 1436 5476 et
1453 5419 1520 5475 de
1550 5417 1676 5489 ipsis
1705 5414 2012 5470 amaritudi-

439 5506 599 5589 nibus
634 5538 861 5585 conatur
901 5521 1132 5580 mundus
1158 5526 1400 5573 avertere
1425 5514 1492 5567 ab
1516 5526 1582 5567 eo
1601 5508 1742 5580 quod
1784 5506 2013 5563 intendis

444 5626 498 5679 in
523 5622 816 5687 anteriora,
845 5628 899 5675 et
924 5625 1068 5672 retro
1091 5618 1420 5668 convertere.
1456 5606 1531 5660 De
1548 5603 1675 5674 ipsis
1702 5599 2012 5657 amaritudi-

443 5717 598 5771 nibus
622 5756 637 5781 ,
681 5713 750 5775 de
776 5711 904 5782 ipsis
933 5702 1357 5764 tribulationibus
1386 5710 1684 5753 murmuras
1710 5733 1725 5763 ,
1756 5704 1811 5749 et
1834 5691 1966 5747 dicis
1996 5710 2008 5745 :

3568 288 3672 349 ϐυ

2095 395 2230 449 Ecce
2285 404 2507 463 pereunt
2555 395 2729 451 omnia
2780 396 3084 452 ehristianis
3141 401 3484 471 temporibus.
3532 402 3671 476 Quid

2093 486 2323 555 strepis?
2352 487 2464 541 Non
2498 488 2596 543 hoc
2622 490 2859 558 promisit
2890 491 3016 544 mihi
3060 492 3199 547 Deus
3226 535 3242 560 ,
3272 495 3413 564 quod
3440 497 3537 552 ista
3565 514 3671 553 non

2097 576 2344 647 peribunt
2376 594 2388 629 :
2429 591 2531 631 non
2582 577 2682 631 hoc
2723 580 2847 633 mihi
2877 582 3120 649 promisit
3158 583 3419 639 Christus.
3449 585 3670 644 Aiterna

2096 669 2335 737 promisit
2360 678 2620 725 aalernus:
2651 672 2693 727 si
2725 673 3098 738 credidero,cx
3128 679 3335 732 mortali
3365 679 3483 735 liam
3511 696 3671 738 atter-

2096 774 2215 814 nus.
2239 760 2373 828 Quid
2400 760 2615 830 Sll'CpiS,
2645 777 2679 815 ο
2707 764 2903 819 munde
2931 764 3247 821 immundo?
3278 770 3401 839 quid
3434 775 3627 843 strepis
3653 776 3674 829 ‘t

2095 851 2230 920 Quid
2252 860 2490 907 avertere
2515 853 2762 908 conaris?
2790 855 2994 911 Tenere
3036 858 3115 910 vis
3159 862 3367 928 periens
3396 881 3409 917 :
3445 866 3570 934 quid
3603 869 3674 921 fa-

2095 956 2283 1008 ceres,
2335 942 2379 997 si
2420 944 2699 998 numeres?
2724 944 2889 1013 Quem
2926 962 3028 1001 non
3068 949 3345 1019 deciperes
3385 954 3550 1011 dulcis
3574 999 3589 1022 ,
3630 959 3675 1013 si

2096 1047 2313 1087 amarus
2337 1033 2587 1088 alimenta
2629 1036 2943 1091 ‘tnentiris?
2986 1038 3098 1108 Ego
3126 1041 3170 1094 si
3208 1041 3375 1098 habeo
3408 1060 3557 1116 spem
3584 1091 3599 1113 ,
3630 1052 3675 1103 sl

2099 1132 2255 1179 teneo
2299 1138 2445 1194 spem
2471 1166 2484 1189 ,
2520 1140 2677 1180 ovum
2707 1144 2756 1181 m
2771 1143 2883 1182 eum
2912 1145 3016 1185 non
3043 1141 3124 1186 est
3150 1134 3217 1215 ab
3245 1138 3523 1207 scorpione
3552 1155 3675 1211 per-

2096 1229 2331 1270 cussum.
2372 1215 2674 1272 Benedicam
2710 1218 2982 1275 Dominum
3010 1224 3063 1276 in
3089 1227 3225 1278 omni
3251 1235 3510 1298 tempore;
3540 1250 3674 1288 sem.

2098 1322 2188 1375 per
2208 1306 2319 1361 laus
2352 1308 2459 1377 ejus
2476 1308 2528 1360 in
2555 1324 2641 1361 ore
2667 1326 2774 1363 meo
2794 1309 2962 1381 (Psal.
2984 1315 3259 1386 XXXIII,9).
3278 1317 3419 1373 Felix
3438 1321 3506 1375 sit
3525 1339 3676 1377 mnu-

2099 1397 2220 1464 dus,
2245 1409 2516 1454 evertatur
2536 1401 2794 1456 mundus:
2819 1403 3119 1458 Benedicam
3141 1406 3434 1475 Dominum,
3453 1414 3537 1483 qui
3559 1413 3679 1470 fecit

2102 1489 2379 1544 mundum.
2405 1489 2701 1545 Benedicatn
2722 1508 2960 1563 prorsus.
2984 1496 3285 1553 Secundum
3308 1515 3521 1556 carnem
3541 1504 3679 1560 bene

2099 1579 2188 1644 sit,
2207 1580 2498 1635 secundum
2515 1596 2729 1637 carnem
2752 1585 2887 1638 male
2904 1586 2972 1640 sit
2990 1604 3001 1640 :
3023 1586 3323 1643 Benedicam
3342 1590 3611 1647 Dominum
3629 1597 3679 1651 in

2100 1671 2237 1725 ωηηὲ
2249 1678 2492 1742 tempore;
2506 1690 2701 1744 semper
2712 1676 2822 1728 laus
2836 1677 2946 1743 ejus
2959 1676 3009 1731 in
3022 1694 3108 1733 ore
3119 1696 3245 1735 meo.
3261 1680 3389 1737 Nam
3407 1684 3448 1738 si
3468 1684 3683 1742 benedio

2101 1773 2165 1814 eo
2185 1761 2398 1831 quando
2412 1763 2545 1819 bene
2558 1774 2659 1829 est,
2678 1774 2729 1820 et
2752 1766 3059 1837 blaspheme
3076 1771 3287 1840 quando
3308 1775 3444 1829 male
3471 1784 3579 1840 est;
3604 1794 3683 1831 su~

2101 1855 2245 1923 scepi
2283 1856 2577 1925 scorpionis
2603 1858 2862 1924 aculeum,
2892 1872 3238 1931 compunctus
3267 1872 3409 1921 retro
3434 1872 3639 1938 respexi
3666 1890 3678 1930 ;

2101 1943 2241 2013 quod
2264 1944 2399 2001 absit
2424 1960 2453 2000 a
2481 1947 2651 2001 nobis.
2681 1947 2929 2005 Dominus
2966 1951 3130 2018 dedit,
3166 1950 3411 2011 Dominus
3440 1956 3684 2021 abstulit:

2100 2036 2227 2089 sicut
2257 2036 2470 2092 Domino
2492 2041 2713 2109 placuit,
2743 2041 2815 2094 ita
2840 2045 3030 2111 factum
3049 2054 3122 2098 est
3147 2046 3248 2099 :sit
3276 2063 3454 2103 nomen
3480 2048 3685 2106 Domini

2102 2127 2412 2182 benedictum
2444 2129 2596 2202 (Job.
2628 2146 2675 2195 ι,
2701 2132 2815 2203 21).

2172 2215 2400 2271 CAPUT
2432 2216 2613 2272 VII.-—
2634 2218 2686 2272 9.
2707 2205 2891 2275 Civitas
2907 2229 2954 2275 et
2969 2237 3175 2293 regnum
3199 2224 3250 2278 in
3276 2225 3414 2280 ccelis
3443 2238 3682 2284 (sternunt

2102 2325 2185 2395 eos
2210 2321 2429 2365 manent.
2468 2311 2641 2367 Manet
2669 2313 2854 2368 civitas
2882 2331 2998 2385 qua:
3029 2331 3127 2371 nos
3165 2320 3451 2376 earualiter
3478 2325 3682 2393 genuit.

2106 2399 2215 2487 Deo
2243 2402 2459 2471 gratias.
2485 2401 2694 2457 Utinam
2721 2415 2774 2459 et
2804 2405 3149 2474 spiritualiter
3178 2420 3482 2479 generetur,
3512 2422 3563 2467 et
3591 2429 3686 2468 ηοι

2104 2490 2305 2547 hiscum
2338 2501 2571 2549 transeat
2613 2494 2679 2549 ad
2709 2497 3081 2553 ceternitatem.
3108 2499 3163 2555 Si
3196 2517 3298 2555 non
3345 2514 3525 2559 manet
3554 2508 3685 2560 civi-

2109 2592 2188 2639 tas
2216 2602 2335 2656 qutc
2364 2601 2461 2642 nos
2491 2588 2774 2643 carnaliter
2800 2591 3013 2660 genuit,
3044 2602 3222 2647 manet
3249 2610 3365 2664 qua:
3404 2611 3500 2651 nos
3527 2599 3685 2668 Spiri-

2114 2677 2324 2732 tualiler
2351 2678 2552 2747 genuit.
2584 2677 2874 2747 rEdi/icans
2899 2679 3181 2736 Jerusalem
3226 2682 3473 2740 Dominus
3502 2688 3519 2758 (
3543 2686 3684 2742 Psal.

2110 2783 2309 2833 CXLVI,
2354 2766 2452 2840 2).
2503 2768 2766 2838 Numquid
2818 2770 3153 2826 dormitando
3197 2773 3479 2831 {editicium
3533 2792 3687 2833 suum

2107 2860 2369 2929 perdidit,
2410 2869 2503 2915 aut
2546 2876 2651 2915 non
2696 2863 3044 2918 custodiendo
3074 2862 3253 2919 hostes
3282 2854 3538 2922 admisit?
3571 2868 3688 2923 Nisi

2106 2952 2355 3007 Dominus
2374 2952 2660 3008 custodierit
2694 2956 2940 3009 civitatem
2962 2996 2978 3021 ,
3007 2957 3058 3011 in
3092 2974 3275 3011 vanum
3303 2959 3474 3028 vigilat
3493 2962 3578 3026 qui
3602 2978 3690 3015 ιἰιι

2106 3046 2259 3099 stodit
2284 3063 2394 3100 eam
2425 3046 2597 3116 (Psal.
2628 3062 2794 3101 cxxvr
2815 3090 2830 3113 ,
2855 3047 2928 3119 ι).
2957 3043 3025 3104 Ει
3050 3062 3207 3119 quam
3237 3041 3687 3113 civitatcmiNon

2107 3138 2307 3199 dormit,
2334 3154 2490 3205 neque
2513 3136 2823 3205 dormitabit,
2845 3140 2930 3209 qui
2954 3140 3167 3195 custodit
3187 3138 3351 3195 Israel
3372 3138 3541 3211 (Psal.
3562 3160 3687 3209 cxx,

2108 3231 2141 3285 4
2162 3228 2202 3302 ).
2234 3229 2370 3298 Quid
2410 3239 2492 3284 est
2538 3230 2698 3285 Israel
2722 3271 2737 3296 ,
2791 3230 2891 3286 nisi
2924 3248 3105 3287 semen
3147 3215 3416 3289 Abralue?
3445 3234 3579 3303 Quid
3611 3252 3640 3291 e
3673 3246 3691 3291 t

2109 3338 2291 3378 semen
2331 3321 2599 3378 Abrahtc?
2632 3324 2728 3377 nisi
2775 3322 3058 3378 Christus?
3098 3322 3165 3378 Et
3207 3325 3384 3378 semini
3431 3334 3518 3379 tuo
3545 3368 3559 3389 ,
3613 3327 3690 3380 iu-

2109 3413 2260 3484 quit,
2315 3412 2452 3484 quod
2491 3423 2566 3468 est
2604 3408 2855 3469 Christus.
2891 3415 2952 3468 Et
2984 3415 3135 3469 nobis
3162 3416 3331 3485 quid?
3384 3413 3481 3471 Vos
3527 3427 3692 3472 autem

2111 3504 2296 3558 Christi
2323 3519 2342 3558 :
2366 3521 2483 3575 ergo
2512 3518 2677 3558 semen
2720 3500 2935 3556 Abraha:
2962 3504 3078 3556 estis
3100 3543 3117 3569 ,
3164 3506 3439 3559 secundum
3470 3510 3688 3577 promis-

2111 3594 2300 3648 sionem
2314 3593 2532 3646 Iueredes
2546 3590 2739 3661 (Colat.
2760 3608 2834 3658 ιιι,
2860 3590 2944 3658 16,
2958 3591 3048 3663 ‘29)
3061 3634 3072 3645 .
3093 3592 3119 3646 l
3128 3611 3157 3648 ιι
3172 3597 3357 3649 sentinc
3369 3606 3473 3661 tuo,
3489 3599 3653 3668 inquit
3676 3640 3690 3662 ,

2111 3682 2466 3736 benedicentur
2508 3698 2677 3735 omnes
2716 3691 2885 3753 gentes
2925 3682 3091 3752 (Cen.
3141 3690 3247 3738 xxxi
3274 3724 3288 3752 ,
3340 3688 3467 3757 i8).
3495 3688 3694 3757 Civitas

2116 3782 2334 3837 sancta,
2367 3772 2553 3826 civitas
2584 3772 2791 3837 tidelis,
2823 3772 3009 3827 civitas
3036 3774 3088 3827 in
3118 3782 3257 3828 terra
3288 3762 3561 3846 peregrina
3587 3762 3607 3843 ,ν
3643 3779 3693 3831 in

2113 3865 2251 3920 cmlo
2277 3862 2491 3917 fuitdata
2522 3872 2624 3918 est.
2659 3862 2703 3918 Ο
2731 3863 2897 3917 fidelis
2923 3905 2938 3927 ,
2973 3864 3077 3917 noli
3123 3854 3464 3935 corrumpere
3508 3882 3655 3937 Spem
3678 3907 3692 3931 .

2116 3955 2222 4009 noli
2240 3954 2481 4008 amittere
2494 3953 2821 4016 charitatem.
2839 3955 3053 4024 accinge
3067 3955 3273 4010 lumbos
3289 3965 3427 4022 tuos,
3444 3959 3693 4024 ascende,

2117 4044 2385 4115 prmtende
2413 4043 2655 4098 lucernas
2686 4052 2799 4097 tuas
2818 4085 2832 4109 ,
2862 4054 3110 4114 exspecta
3146 4045 3456 4110 Dominum,
3487 4050 3696 4117 quando

2116 4136 2292 4191 veniat
2306 4151 2334 4189 a
2354 4136 2569 4206 nuptiis‘
2588 4135 2739 4207 (Luc.
2753 4136 2942 4203 xu,55',
2961 4135 3215 4204 36).Quid
3229 4139 3558 4207 expavescis,
3575 4140 3695 4210 quia

2120 4238 2339 4299 pereunt
2374 4244 2530 4299 regna
2561 4229 2812 4283 terrena?
2857 4227 2981 4283 Ideo
3012 4229 3104 4282 tibi
3134 4227 3351 4283 caeleste
3377 4230 3696 4300 promissum

2117 4328 2223 4385 est,
2242 4336 2308 4375 ne
2323 4335 2442 4374 cum
2461 4319 2685 4374 terrenis
2703 4320 2919 4388 perires.
2940 4318 3069 4373 Nam
3090 4320 3184 4372 ista
3205 4320 3433 4390 peritura
3452 4322 3697 4390 praulicta

2116 4420 2276 4474 sunt,
2309 4410 2554 4479 prmdicta
2600 4410 2837 4463 omnino.
2885 4410 2999 4463 Non
3031 4411 3172 4465 enim
3196 4427 3389 4481 negare
3421 4428 3699 4480 possumus

2116 4502 2257 4571 quod
2290 4501 2597 4571 praedictum
2627 4510 2728 4555 est.
2764 4500 3022 4555 Dominus
3052 4511 3170 4555 tuus
3199 4518 3353 4571 quem
3382 4511 3657 4572 exSpectas
3680 4544 3695 4565 ,

2117 4594 2247 4648 dixit
2274 4594 2363 4647 tibi
2400 4612 2412 4648 :
2445 4584 2696 4663 [insurget
2720 4609 2840 4663 gens
2867 4610 3017 4663 super
3041 4602 3259 4665 gentem,
3293 4603 3338 4647 et
3368 4608 3581 4668 regnum
3612 4610 3696 4646 su-

2118 4703 2207 4756 per
2224 4702 2430 4756 regnum
2461 4684 2648 4758 (Marc.
2678 4701 2791 4749 xm,
2818 4685 2898 4765 ‘8).
2919 4685 3121 4741 Ilabent
3146 4687 3464 4740 mutationes
3492 4696 3695 4740 terrena

2118 4795 2280 4849 regna
2318 4797 2330 4832 :
2364 4779 2538 4833 veniet
2569 4779 2654 4833 ille
2681 4779 2747 4832 de
2798 4795 2905 4848 quo
2933 4779 3130 4834 dictum
3154 4788 3233 4834 est
3259 4819 3275 4846 ,
3322 4778 3385 4832 Et
3415 4781 3556 4850 regni
3585 4782 3693 4851 ejus

2118 4888 2216 4925 non
2254 4871 2349 4925 erit
2371 4867 2488 4939 linis
2510 4868 2659 4942 (Luc.
2694 4886 2730 4935 t,
2765 4868 2874 4940 ‘55).

2189 4963 2275 5017 10.
2295 4960 2515 5016 Terrena
2540 4977 2689 5031 regno
2715 4961 2967 5014 a'ternitas
2999 4961 3278 5013 adulatorie
3304 4958 3569 5031 promissa.
3599 4960 3697 5029 Qui

2119 5054 2220 5108 hoc
2259 5052 2484 5106 terrenis
2514 5051 2689 5120 regnis
2734 5051 3116 5119 promiserunt,
3155 5064 3258 5103 non
3298 5050 3518 5104 veritate
3554 5050 3697 5106 ducti

2119 5155 2262 5210 sum,
2285 5142 2377 5197 sed
2408 5141 2709 5196 adulatione
2740 5141 2941 5195 mentiti
2970 5148 3111 5194 sunt.
3138 5140 3298 5195 Poeta
3330 5139 3537 5195 illorunt
3582 5144 3698 5211 qui-

2118 5236 2241 5292 dam
2291 5234 2495 5289 induxit
2533 5232 2717 5288 JoVem
2755 5232 3088 5302 loquentem,
3117 5237 3169 5285 et
3200 5232 3271 5285 ait
3312 5230 3379 5287 de
3418 5232 3694 5299 Romanis,

2244 5325 2323 5373 Itis
2341 5337 2435 5386 ego
2457 5336 2549 5372 nec
2568 5330 2721 5386 metas
2742 5328 2922 5386 rerum,
2948 5334 3039 5372 nec
3059 5328 3272 5385 tempora
3294 5336 3449 5385 pono:

2242 5382 2496 5448 Imperium
2512 5385 2618 5448 sine
2642 5385 2738 5448 line
2749 5382 2883 5448 dedi.

2579 5443 2774 5508 (t‘irgil.
2800 5443 2882 5494 lib.
2904 5445 2952 5502 1,
2977 5442 3160 5494 κπηρὶά.
3186 5457 3309 5496 vers.
3334 5446 3442 5506 278,
3469 5446 3603 5509 9.79.)

2118 5531 2234 5587 Non
2264 5530 2416 5601 plane
2442 5530 2511 5583 ita
2552 5528 2834 5597 respondet
2864 5529 3078 5583 veritas.
3120 5529 3357 5599 Regnum
3392 5532 3489 5584 hoc
3509 5571 3524 5598 ,
3555 5526 3695 5601 quod

2186 5648 2198 5675 ι
2229 5649 2274 5692 In
2298 5642 2563 5691 ltossatcnsi
2586 5640 2749 5689 calice
2772 5640 2976 5699 additur,
3004 5640 3185 5690 dulcia.

2184 5708 2202 5736 ¹
2226 5716 2403 5752 (mines
2422 5710 2546 5761 Mss,
2572 5702 2635 5750 Iul
2660 5702 2863 5764 nuptias.
