4006 6432
489 367 601 426 623

492 481 610 535 sine
634 479 740 535 fine
758 476 971 544 dedisti,
1001 491 1034 529 ο
1058 476 1147 548 qui
1179 474 1308 529 nihil
1334 468 1565 543 dedisti,
1596 475 1650 531 ln
1677 484 1818 533 terra
1844 489 1927 533 est
1948 521 1962 543 .
1998 497 2064 535 an

493 571 546 626 in
574 570 754 626 ctelo?
784 568 973 639 Utique
1003 568 1053 623 in
1083 577 1243 620 terra.
1278 566 1346 619 Et
1373 581 1416 620 SI
1442 576 1585 621 esset
1610 568 1660 620 in
1692 568 1849 634 cmlo,
1879 569 2071 623 Casium

492 672 539 717 et
565 674 698 715 terra
728 663 968 714 transient
998 656 1161 730 (Luc.
1194 673 1280 711 xxi
1306 698 1322 723 ,
1349 658 1460 728 35).
1492 657 1778 713 Transient
1805 676 1923 729 qua:
1951 661 2074 715 fecit

495 754 609 823 ipse
641 752 822 818 Deus;
872 759 1070 820 quanto
1116 750 1271 804 citius
1308 748 1449 819 quod
1495 750 1732 804 condidit
1769 750 2073 806 Romulus?

492 845 654 903 Forte
678 845 722 900 si
752 843 1008 899 vellemus
1036 842 1158 896 hinc
1194 842 1463 911 exagitare
1494 840 1791 910 Virgilium,
1820 850 1874 896 et
1902 843 2067 895 insul-

488 944 623 1000 tare.
653 946 820 1005 quare
848 933 949 987 hoc
973 931 1206 996 dixerit;
1241 931 1292 984 in
1318 939 1470 1002 parte
1499 931 1707 985 tolleret
1733 946 1828 985 nos
1850 972 1867 997 ,
1913 942 1964 986 et
1993 931 2072 985 di-

485 1026 815 1085 ceretnobis
839 1037 858 1079 ':
890 1025 954 1080 Et
983 1040 1083 1094 ego
1112 1024 1263 1089 scio;
1296 1022 1536 1093 sedquid
1568 1021 1798 1078 facerem
1835 1024 1924 1093 qui
1966 1022 2071 1077 Ro-

493 1121 665 1177 manis
692 1117 853 1174 verba
879 1116 1174 1172 vendebam
1201 1156 1217 1181 ,
1265 1115 1366 1168 nisi
1397 1113 1498 1168 hac
1525 1113 1827 1168 adulatione
1873 1114 2071 1184 aliquid

487 1208 853 1280 promitterem
885 1206 1026 1277 quod
1060 1206 1250 1260 falsum
1279 1204 1440 1259 erat?
1478 1204 1544 1259 Et
1591 1211 1770 1259 tamen
1796 1212 1852 1259 et
1879 1203 1934 1258 in
1967 1204 2072 1259 hoc

484 1312 673 1358 cautus
700 1300 794 1367 fui,
820 1298 1034 1370 quando
1059 1296 1169 1352 dixi
1204 1336 1219 1361 ,
1250 1314 1268 1348 ι
1302 1294 1589 1365 Imperium
1616 1294 1731 1350 sine
1759 1294 1863 1349 llne
1886 1291 2065 1359 dedi,»

482 1393 667 1450 Jovem
690 1393 923 1464 ipsorum
954 1386 1158 1454 induxi,
1187 1387 1277 1457 qui
1309 1386 1409 1440 hoc
1448 1384 1670 1440 diceret.
1696 1383 1812 1439 Non
1854 1395 1918 1438 ex
1951 1399 2072 1454 pcr-

484 1502 613 1543 sona
641 1499 757 1541 mea
778 1483 887 1539 dixi
915 1495 1027 1536 rem
1056 1479 1241 1535 falsam
1266 1520 1280 1544 ,
1303 1477 1395 1533 sed
1426 1477 1541 1532 Jovi
1571 1477 1801 1546 imposui
1830 1475 2071 1531 falsitatis

488 1591 767 1649 personam
798 1592 810 1628 :
839 1558 975 1629 sicut
1007 1572 1144 1627 Deus
1173 1569 1338 1625 falsus
1375 1579 1525 1634 erat,
1561 1569 1628 1622 ita
1668 1568 1895 1623 mendax
1923 1575 2070 1622 vates

483 1678 619 1725 erat.
642 1667 773 1723 Nam
796 1665 955 1719 vultis
978 1676 1136 1718 nosse
1168 1660 1289 1731 quia
1332 1661 1427 1714 ista
1453 1659 1746 1714 noveram?
1768 1659 1887 1713 Alio
1909 1659 2026 1713 loco
2052 1699 2067 1719 .

482 1761 694 1832 quando
722 1774 826 1814 non
857 1757 1043 1812 Jovem
1071 1753 1299 1825 lapidem
1329 1752 1507 1807 induxi
1532 1753 1858 1823 loquentem,
1884 1751 1976 1806 sed
2003 1766 2067 1805 ex

471 1859 710 1926 persona
734 1862 855 1908 mea
877 1848 1085 1906 locutus
1105 1862 1222 1903 sum
1239 1887 1255 1911 ,
1283 1845 1389 1900 dixi
1415 1863 1429 1899 :

606 1975 703 2016 mn
724 1976 809 2015 res
830 1972 1047 2013 “mw
1618 2017 1667 2078 2,
1692 2023 1816 2068 vers.
1842 2014 1975 2080 498.)

483 2132 671 2188 Videte
703 2129 824 2201 quia
856 2125 966 2182 dixi
999 2125 1230 2197 peritura
1261 2136 1445 2191 regna.
1478 2120 1592 2174 Dixi
1620 2119 1855 2190 petitura
1882 2130 2066 2189 regna,

482 2242 587 2281 non
606 2222 764 2280 tacui.
786 2220 1047 2283 Pcritura,
1066 2216 1288 2271 veritate
1320 2229 1425 2269 non
1455 2212 1659 2268 tacuit:
1683 2224 1895 2282 semper
1914 2223 2068 2265 man-

480 2334 627 2384 sura,
655 2312 959 2370 adulatione
982 2309 1249 2381 promisit.

550 2404 777 2464 CAPUT
798 2402 932 2458 Vlll.
962 2431 1035 2442 —
1058 2400 1147 2457 ll.
1176 2396 1472 2455 Constantia
1500 2396 1552 2450 in
1578 2394 1797 2469 ferendis
1826 2390 2065 2448 adversis.

485 2499 703 2554 Sursum
727 2509 832 2550 cor.
862 2490 1067 2547 Gallina
1090 2489 1395 2560 evangelica.
1427 2486 1543 2542 Non
1570 2500 1697 2557 ergo
1722 2484 2066 2549 deficiamus,

481 2588 674 2645 fratres
706 2603 720 2640 :
755 2583 873 2639 fluis
899 2581 1002 2638 erit
1029 2579 1258 2635 terrenis
1286 2577 1534 2633 omnibus
1578 2576 1774 2646 regnis.
1824 2573 1975 2629 Nunc
2020 2572 2068 2628 si

484 2680 602 2736 linis
624 2685 728 2744 est,
754 2676 893 2732 Deus
918 2673 1084 2729 videt.
1123 2671 1287 2728 Forte
1322 2671 1463 2726 enim
1494 2669 1729 2739 nondum
1760 2677 1840 2723 cst
1860 2709 1874 2734 ,
1906 2674 1959 2722 et
1985 2666 2069 2720 in-

484 2773 734 2829 firmitate
762 2769 1010 2841 quadam,
1040 2764 1122 2821 vel
1151 2762 1513 2819 misericordia
1538 2803 1554 2827 ,
1595 2761 1677 2816 vel
1724 2759 1936 2815 miseria
1967 2757 2071 2812 hoc

484 2876 732 2936 optamus
756 2904 771 2928 ,
817 2869 874 2918 ut
917 2856 1150 2913 nondum
1171 2856 1279 2911 sit:
1313 2851 1566 2924 numquid
1613 2861 1788 2906 tamen
1816 2849 1935 2905 ideo
1964 2863 2068 2903 non

482 2956 627 3011 erit?
672 2952 841 3024 Figite
884 2964 1034 3021 spem
1078 2948 1131 3003 in
1176 2946 1380 3012 Deum,
1421 2951 1619 2998 mterna
1672 2938 2066 3009 concupiscite,

483 3056 683 3101 acterna
735 3047 1061 3110 exspectate.
1109 3032 1392 3091 Christiani
1454 3033 1622 3097 estis,
1668 3030 1894 3095 fratres,
1930 3029 2071 3084 chri-

484 3138 642 3194 stiani
690 3149 896 3191 sumus.
944 3130 1058 3186 Non
1105 3127 1172 3184 ad
1215 3125 1437 3183 delicias
1478 3123 1724 3179 Christus
1764 3121 1815 3176 in
1854 3136 2071 3176 carnem

485 3226 763 3286 descendit
811 3241 825 3280 :
866 3222 1157 3277 toleremus
1184 3217 1357 3290 potius
1387 3213 1663 3286 prmsentia
1690 3229 1847 3284 quam
1879 3213 2068 3282 diliga-

487 3336 608 3377 mus
638 3337 650 3373 :
684 3316 1031 3373 adversorum
1059 3320 1141 3368 est
1165 3308 1447 3367 manifesta
1473 3306 1755 3378 pernicies,
1784 3321 2071 3378 pr05pero-

478 3426 601 3467 rum
644 3407 777 3465 falsa
803 3403 1109 3462 blandities.
1137 3402 1288 3458 Time
1317 3414 1467 3456 mare
1511 3407 1566 3454 et
1594 3399 1805 3470 quando
1847 3398 2069 3453 malacia

484 3512 569 3557 est
596 3501 640 3554 ¹.
666 3497 901 3556 Omnino
931 3509 1036 3549 non
1086 3492 1284 3549 frustra
1327 3490 1644 3556 audiamus,
1696 3503 1905 3543 sursum
1953 3503 2067 3542 cor.

483 3592 619 3662 Quid
635 3585 1359 3664 ponimuscorinterra,cum
1383 3581 1654 3637 videamus
1677 3580 1794 3650 quia
1816 3578 2072 3633 evertitur

478 3697 626 3743 terra
640 3685 664 3739 2
676 3683 785 3740 Nos
802 3696 907 3737 non
922 3691 1210 3751 possumus
1226 3676 1325 3731 nisi
1342 3673 1610 3730 exhortari
1629 3687 1743 3736 vos,
1762 3681 1822 3726 ut
1837 3670 2070 3726 habeatis

481 3774 623 3848 quod
652 3772 861 3840 dicatis,
891 3779 945 3826 et
967 3768 1109 3840 quod
1139 3781 1236 3838 pro
1256 3781 1350 3836 spe
1368 3774 1544 3819 vestra
1588 3760 1955 3832 respOndeatis
1986 3762 2070 3815 in-

476 3864 827 3924 sultatoribus
859 3869 914 3918 et
940 3855 1453 3930 blaSphematoribus
1494 3853 1727 3909 nominis
1770 3851 2066 3907 christiani.

481 3958 650 4014 Nemo
675 3971 770 4012 vos
800 3949 1185 4010 murmurando
1218 3956 1421 4004 avertat
1446 3946 1513 4002 ab
1552 3945 1953 4015 exspectatione
1983 3945 2068 3999 fu-

478 4060 741 4108 tororum.
762 4046 969 4106 Omnes
1010 4045 1099 4117 qui
1131 4050 1346 4116 propter
1388 4041 1514 4095 istas
1558 4038 1908 4094 adversitatcs
1950 4038 2067 4093 bla-

478 4142 766 4213 sphemant
801 4136 1070 4193 Christum
1108 4143 1343 4190 nostrum
1369 4171 1383 4195 ,
1413 4127 1579 4183 cauda
1606 4128 1902 4197 scorpionis
1925 4136 2066 4182 sunt.

482 4236 596 4292 Nos
623 4246 785 4290 ovum
819 4238 1061 4286 nostrum
1108 4223 1209 4279 sub
1235 4222 1336 4277 alis
1374 4220 1515 4274 illius
1558 4218 1767 4291 gallina:
1812 4234 2071 4288 ponamus

484 4324 806 4397 evangelicze
825 4364 840 4392 ,
872 4336 991 4391 qua:
1019 4317 1216 4373 clamat
1248 4330 1260 4367 :
1291 4311 1615 4378 Jerusalem,
1641 4309 1924 4365 Jerusalem
1945 4353 1960 4377 ,
1990 4311 2067 4366 illi

485 4418 634 4475 falsa:
668 4424 724 4471 et
771 4411 1030 4485 perditze,
1075 4407 1263 4477 quoties
1308 4403 1440 4459 volui
1482 4402 1720 4474 colligere
1762 4403 1896 4472 ﬁlios
1923 4413 2064 4469 tuos,

478 4515 728 4579 utiquam
764 4502 955 4575 gallina
996 4496 1162 4571 pullos
1189 4511 1305 4550 suos
1329 4536 1345 4561 ,
1377 4503 1426 4547 et
1462 4494 1665 4548 noluisti
1690 4493 1864 4566 (Matt.
1896 4510 2025 4549 xxm
2048 4535 2067 4563 ,

485 4599 643 4671 δην
671 4596 791 4653 Non
828 4591 983 4649 nobis
1028 4590 1258 4655 dicatur,
1290 4586 1495 4655 Quoties
1536 4585 1700 4652 volui,
1728 4595 1775 4641 et
1819 4586 2070 4641 noluisti?

488 4678 583 4745 Illa
611 4688 753 4744 enim
791 4683 983 4758 gallina
1003 4680 1179 4744 divina
1208 4677 1476 4749 Sapientia
1501 4686 1584 4733 est
1610 4694 1623 4729 :
1651 4677 1743 4731 sed
1786 4677 2073 4747 assumpsit

490 4796 728 4845 carnem,
761 4788 818 4833 ut
848 4776 1004 4849 pullis
1026 4778 1367 4843 congrueret.
1398 4768 1581 4823 Videte
1610 4768 1859 4838 gallinam
1901 4767 2069 4837 hispi-

491 4878 614 4931 dam
644 4871 859 4945 plumis,
884 4865 1119 4923 dimissis
1146 4864 1243 4918 alis
1264 4864 1307 4931 ’,
1333 4877 1464 4918 voce
1486 4862 1673 4924 fracta,
1698 4868 1751 4916 et
1780 4875 1992 4931 quassa,
2016 4871 2070 4916 et

487 4971 627 5024 lassa
652 5009 667 5033 ,
710 4973 765 5022 et
810 4959 1058 5033 languida
1110 4957 1405 5027 congruere
1435 4953 1671 5025 parvulis
1711 4953 1841 5008 suis.
1893 4952 2068 5009 Ovum

491 5077 620 5132 ergo
646 5065 912 5120 nostrum,
936 5053 986 5108 id
1007 5059 1110 5118 est,
1134 5064 1283 5120 spem
1311 5055 1550 5102 nostram
1568 5044 1776 5101 subalis
1801 5044 1941 5098 illius
1960 5044 2071 5114 gal-

486 5153 613 5208 lina:
638 5160 919 5221 ponamus.

561 5240 785 5300 CAPUT
825 5238 915 5293 IX.
949 5266 1018 5277 -
1046 5235 1131 5291 l2.
1164 5232 1339 5286 Roma:
1366 5239 1573 5285 vastatio
1599 5227 1827 5301 religioni
1849 5226 2072 5281 christia-

494 5349 574 5389 na:
593 5334 694 5387 sive
727 5329 1028 5385 idololatria
1056 5324 1377 5380 exstinctioui
1416 5320 1549 5391 [also
1574 5320 1777 5374 tributa.
1813 5318 2069 5373 Animad-

495 5423 730 5480 vertistis
755 5421 912 5485 forte,
931 5415 1200 5490 quomodo
1228 5415 1423 5485 gallina
1443 5410 1690 5466 concidat
1713 5410 2067 5479 scorpionem.

502 5517 718 5575 Utinam
742 5528 874 5585 ergo
897 5520 951 5567 et
976 5511 1108 5565 istos
1131 5509 1582 5579 blasphemantes,
1607 5504 1658 5557 in
1686 5512 1822 5557 terra
1856 5511 2070 5572 reptan-

496 5622 580 5667 tes
602 5650 619 5675 ,
641 5606 710 5664 de
732 5604 974 5663 cavernis
1000 5601 1322 5673 prodeuntes
1345 5640 1360 5664 ,
1389 5607 1436 5654 et
1465 5595 1600 5651 male
1630 5601 1920 5664 pungentes
1942 5634 1955 5657 ,
1985 5592 2070 5645 illa

560 5701 575 5731 ¹
602 5705 735 5759 ιρι,
757 5702 801 5749 et
823 5692 1015 5758 quando
1036 5689 1347 5759 tranquillatis
1366 5694 1452 5739 est.
1484 5696 1577 5735 Itm.
1605 5693 1656 5759 et
1690 5691 1790 5741 En,
1811 5682 2076 5759 etantanto

499 5746 906 5813 nzollitles'est.'t\t
925 5760 1052 5812 Mss,
1080 5746 1261 5804 malitia
1282 5758 1349 5802 est
1370 5765 1381 5775 ·
1404 5764 1496 5801 seu
1520 5750 1699 5810 verius,
1724 5746 1930 5798 malacia
1952 5751 2038 5795 cet.

567 5826 588 5857 ⁸
613 5830 749 5883 \‘en.,
773 5814 993 5870 denissis
1016 5814 1122 5865 alis.
1191 5823 1244 5861 Μ.

1729 369 1788 422 S.
1829 367 2192 426 AUGUSTINI
2231 369 2532 430 EPISCOPI

3657 386 3764 443 625

2182 484 2377 554 gallina
2405 487 2649 541 concidat
2675 498 2725 542 et
2754 489 2994 558 devoret,
3027 491 3080 547 in
3106 507 3299 564 corpus
3319 510 3473 551 suum
3498 499 3759 570 trajiciat,

2179 586 2233 629 et
2276 579 2326 631 in
2369 593 2529 633 ovum
2575 589 2764 635 vertat.
2813 582 2929 637 Non
2970 585 3302 641 irascantur:
3332 592 3582 645 commoti
3614 592 3762 647 vide-

2181 683 2331 733 nmr;
2382 669 2477 723 sed
2530 671 2807 727 maledicta
2845 675 3140 731 maledictis
3183 693 3287 731 non
3316 679 3609 735 reddimus.
3649 682 3760 737 Ma-

2179 756 2456 814 ledicimur
2482 771 2538 816 et
2573 761 2933 819 benedicimus
2962 807 2978 834 ,
3021 766 3366 836 blasphemati
3406 771 3761 844 deprecamur

2184 848 2223 920 (Ι
2256 850 2372 904 Cor.
2406 868 2475 917 tv,
2511 853 2605 917 l2,
2637 855 2747 927 l3).
2779 857 2882 912 Sed
2911 874 3012 913 non
3040 860 3182 915 dicat
3206 861 3273 916 de
3305 862 3469 919 Ruina
3493 908 3510 932 ,
3552 866 3756 922 dictum

2178 942 2349 997 estde
2376 959 2459 997 me
2485 962 2498 998 :
2526 944 2570 1000 Ο
2590 946 2635 1001 si
2662 955 2834 1002 taceat
2854 949 2923 1005 de
2950 950 3118 1006 Roma
3147 954 3161 984 ¹
3198 970 3212 1006 :
3243 956 3394 1025 quasi
3436 972 3538 1029 ego
3582 958 3756 1015 insul-

2180 1040 2317 1087 tator
2341 1035 2463 1103 sim,
2491 1045 2670 1093 etnon
2704 1042 2878 1109 potius
2907 1043 3112 1099 Domini
3143 1046 3475 1117 deprecator,
3502 1060 3557 1105 et
3578 1062 3757 1106 vester

2176 1126 2573 1197 qualiscumque
2603 1129 2934 1185 exhortator.
2976 1135 3127 1189 Absit
3166 1151 3197 1189 a
3240 1153 3355 1204 me,
3396 1148 3453 1194 ut
3482 1139 3755 1197 insultem.

2176 1213 2395 1268 Avertat
2440 1214 2578 1271 Deus
2622 1234 2652 1273 a
2681 1221 2841 1276 corde
2882 1238 3001 1278 meo
3022 1266 3039 1291 ,
3067 1233 3119 1280 et
3146 1241 3176 1280 a
3200 1226 3387 1284 dolore
3412 1232 3757 1289 conscientia:

2177 1314 2329 1358 meae.
2386 1304 2458 1359 lbi
2507 1306 2707 1364 multos
2746 1310 2940 1369 fratres
2962 1330 3067 1370 non
3093 1314 3419 1376 habuimus?
3444 1338 3549 1377 non
3579 1324 3757 1379 adhuc

2178 1391 2475 1449 habemus?
2513 1397 2692 1455 Portio
2741 1404 3127 1474 peregrinantis
3175 1404 3470 1466 Jerusalem
3526 1412 3759 1469 civitatis

2176 1501 2282 1541 non
2312 1486 2380 1542 ibi
2412 1504 2600 1561 magna
2639 1492 2820 1564 degit?
2863 1511 2969 1552 non
2997 1496 3065 1553 ibi
3098 1502 3409 1570 temporalia
3445 1506 3711 1574 pertulit”
3733 1506 3758 1558 2

2175 1576 2269 1631 sed
2289 1586 2485 1635 a-terna
2526 1597 2629 1636 non
2679 1584 2925 1653 perdidit.
2951 1586 3086 1656 Quid
3129 1602 3259 1660 ergo
3305 1588 3428 1647 dico
3456 1634 3473 1659 ,
3520 1609 3642 1648 cum
3687 1595 3765 1651 de

2177 1665 2264 1723 illa
2294 1685 2397 1725 non
2427 1681 2574 1727 taceo
2598 1716 2613 1742 ,
2651 1676 2751 1730 nisi
2778 1679 2902 1747 quia
2927 1678 3116 1734 falsum
3140 1691 3223 1736 est
3260 1684 3399 1753 quod
3453 1684 3638 1739 dicunt
3686 1686 3757 1741 de

2175 1756 2387 1815 Christo
2414 1773 2598 1818 nostro
2621 1807 2636 1831 ,
2673 1767 2815 1836 quod
2856 1769 2968 1837 ipse
2994 1766 3217 1825 Romam
3250 1773 3578 1842 perdiderit,
3608 1777 3755 1846 quod

2174 1851 2246 1907 dii
2297 1853 2485 1923 lapidci
2518 1855 2742 1912 Romani
2792 1860 3069 1916 tuebantur
3108 1873 3162 1918 et
3189 1864 3390 1933 lignei?
3432 1866 3585 1921 Adde
3628 1885 3757 1938 prc-

2176 1942 2336 2010 tium,
2366 1947 2511 2001 terei.
2544 1948 2693 2003 Adde
2715 1950 2832 2021 plus
2854 1992 2869 2015 ,
2897 1954 3130 2023 argentei
3162 1964 3213 2009 et
3240 1956 3385 2011 aurei
3418 1974 3431 2010 :
3456 1955 3607 2011 Idula
3632 1976 3759 2029 geu-

2174 2035 2296 2089 tium
2326 2048 2587 2107 argentum
2608 2050 2655 2094 et
2683 2058 2882 2095 aurum.
2914 2044 3024 2098 Non
3047 2044 3200 2109 dixit,
3232 2046 3427 2117 Lapis;
3451 2064 3555 2103 non
3584 2049 3753 2118 dixit,

2175 2123 2394 2195 Lignum
2420 2143 2451 2199 ;_
2476 2144 2581 2183 non
2611 2130 2763 2199 dixit,
2791 2132 2948 2188 Testa
2982 2154 2994 2189 :
3025 2135 3120 2190 sed
3142 2138 3279 2207 quod
3309 2154 3405 2208 pro
3431 2156 3623 2208 magno
3655 2140 3760 2193 ha-

2171 2213 2332 2284 bent,
2359 2229 2621 2288 argentum
2651 2230 2698 2275 et
2724 2239 2919 2277 aurum.
2955 2223 3156 2281 Tamen
3196 2227 3366 2297 ipsum
3396 2241 3673 2300 argentum
3702 2240 3763 2285 et

2172 2315 2358 2361 aurum
2384 2309 2557 2363 oculos
2583 2310 2779 2378 habent,
2813 2322 2859 2367 et
2886 2330 2987 2368 non
3016 2316 3181 2370 vident
3205 2315 3376 2387 (Psal.
3408 2335 3533 2375 cxm
3553 2361 3567 2380 .
3596 2321 3649 2383 4,
3674 2320 3757 2391 5).

2175 2396 2254 2451 Dii
2271 2399 2412 2454 aurei
2425 2409 2478 2455 et
2491 2400 2561 2455 dii
2581 2402 2737 2472 lignei
2747 2403 2812 2458 ad
2825 2405 3049 2474 pretium
3065 2405 3303 2477 dispares
3315 2418 3460 2464 sunt:
3475 2410 3541 2463 ad
3558 2410 3761 2466 habere

2173 2491 2354 2546 oculos
2370 2498 2542 2548 etnon
2564 2494 2760 2560 videre,
2778 2510 2837 2566 pa
2846 2513 2929 2551 res
2946 2507 3087 2552 sunt.
3099 2494 3235 2554 Ecce
3252 2500 3504 2570 qualibus
3528 2501 3758 2556 Ruinam

2174 2580 2316 2637 docti
2358 2582 2603 2640 homines
2638 2586 2946 2641 custodibus
2969 2586 3393 2653 commiserunt,
3436 2585 3763 2645 habentibus

2174 2672 2379 2738 oculos,
2396 2683 2451 2729 et
2489 2690 2591 2729 non
2620 2675 2942 2732 videntibus.
2975 2678 3138 2732 Autsi
3164 2678 3386 2733 Romam
3417 2696 3631 2735 servare
3665 2697 3765 2750 po—

2176 2769 2428 2830 luerunt,
2455 2775 2619 2835 quare
2662 2766 2758 2835 ipsi
2784 2777 2908 2822 ante
2953 2768 3263 2838 perierunt?
3292 2771 3572 2842 InQuiunt:
3605 2774 3763 2829 Tunc

2174 2853 2330 2925 pet-lit
2375 2856 2561 2911 Roma.
2590 2856 2787 2915 Tamen
2827 2860 3113 2929 perierunt.
3142 2862 3259 2918 Non
3290 2906 3304 2929 ,
3337 2863 3611 2934 inquiunt,
3654 2866 3760 2935 ipsi

2175 2949 2445 3019 perierunt
2467 2991 2483 3016 ,
2514 2947 2609 3006 sed
2654 2953 2934 3007 simulacra
2962 2969 3171 3008 eorum.
3202 2954 3481 3024 Quomodo
3510 2972 3636 3025 ergo
3662 2973 3762 3011 cu-

2175 3040 2435 3095 stodirent
2460 3048 2596 3097 tecta
2632 3053 2804 3097 vestra
2834 3084 2850 3110 ,
2894 3045 2983 3114 qui
3031 3062 3135 3099 non
3171 3057 3455 3116 potuerunt
3487 3049 3763 3104 custodire

2175 3132 2455 3187 simulacra
2500 3135 2635 3189 sua?
2666 3135 2982 3189 Alexandria
3022 3137 3149 3191 olim
3186 3137 3316 3193 tales
3345 3136 3474 3192 deos
3503 3139 3759 3207 perdidit.

2175 3220 2659 3293 Constantinoliolis
2686 3240 2749 3279 ex
2786 3240 2890 3294 quo
2914 3225 3125 3279 condita
3152 3236 3235 3281 est
3271 3227 3322 3280 in
3351 3242 3594 3297 magnam
3621 3227 3763 3281 civi-

2176 3319 2335 3366 tatem
2354 3353 2369 3377 ,
2399 3314 2648 3382 quoniam
2669 3329 2696 3366 a
2728 3312 3014 3369 christiano
3040 3314 3359 3386 imperatore
3391 3316 3602 3371 condita
3630 3326 3718 3372 est
3744 3358 3761 3378 .

2175 3402 2300 3456 olim
2327 3402 2457 3458 deos
2474 3402 2615 3473 ipsos
2644 3404 2805 3459 falsos
2835 3404 3091 3475 perdidit:
3118 3415 3171 3461 et
3197 3417 3372 3462 tamen
3400 3415 3452 3463 et
3472 3408 3640 3463 crevit
3664 3450 3678 3471 ,
3706 3418 3765 3464 et

2174 3494 2386 3559 crescit,
2404 3502 2458 3547 et
2472 3504 2668 3548 manet.
2683 3494 2943 3562 Quamdiu
2958 3496 3069 3548 vult
3088 3497 3245 3563 Deus,
3266 3507 3462 3553 manet.
3484 3498 3598 3554 Non
3612 3500 3763 3554 enim

2176 3595 2229 3639 et
2246 3586 2316 3639 illi
2333 3586 2551 3649 civitati,
2576 3586 2695 3656 quia
2720 3586 2821 3642 hoc
2846 3587 3094 3655 dicinms,
3122 3591 3470 3645 :eternilatem
3491 3593 3765 3661 promitti-

2174 3692 2312 3732 mus.
2329 3675 2591 3747 Carthago
2606 3679 2655 3732 in
2680 3679 2892 3733 nomine
2905 3678 3100 3734 Christi
3128 3690 3333 3746 manet,
3354 3691 3409 3738 et
3426 3682 3550 3737 olim
3570 3698 3765 3741 eversa

2174 3777 2258 3823 est
2276 3765 2577 3834 leestis‘,
2600 3770 2720 3839 quia
2741 3784 2846 3823 non
2871 3769 2965 3825 fuit
2986 3770 3242 3839 caalestis,
3263 3772 3355 3827 sed
3378 3775 3671 3829 terrestris.

2244 3857 2469 3914 CAPUT
2508 3859 2576 3913 X.
2596 3890 2663 3899 -—
2695 3860 2779 3913 l3.
2824 3858 3024 3914 Eversis
3051 3862 3200 3915 idolis
3226 3879 3326 3916 non
3356 3863 3537 3917 exinde
3564 3862 3768 3918 Roma-

2176 3966 2293 4003 nam
2320 3949 2513 4004 cladem
2550 3950 2809 4005 accidisse.
2854 3951 2917 4003 Et
2946 3950 3073 4006 illud
3115 3951 3254 4021 quod
3297 3951 3480 4007 dicunt
3524 3969 3629 4009 non
3677 3966 3766 4010 est

2175 4058 2379 4107 verum,
2402 4043 2521 4113 quia
2538 4044 2789 4099 continuo
2807 4044 2909 4099 diis
2932 4044 3149 4115 perditis
3171 4046 3337 4101 Roma
3367 4056 3519 4119 capta
3546 4058 3650 4115 est,
3680 4049 3767 4104 af-

2175 4134 2315 4189 flicta
2343 4143 2443 4189 est.
2475 4134 2697 4191 Prorsus
2718 4153 2821 4190 non
2844 4144 2926 4192 est
2946 4153 3128 4193 verum
3150 4156 3163 4192 :
3186 4148 3308 4194 ante
3333 4142 3615 4197 simulacra
3644 4144 3764 4213 ipsa

2175 4243 2360 4283 eversa
2386 4238 2536 4293 sunt;
2561 4239 2614 4285 et
2643 4230 2719 4285 sic
2746 4230 2868 4286 victi
2895 4242 3019 4288 sunt
3043 4231 3200 4288 Gothi
3227 4250 3347 4289 cum
3381 4235 3765 4309 Rhadagayso.

2174 4318 2514 4384 Mementote,
2564 4320 2787 4387 fratres,
2834 4333 3205 4381 mementote:
3238 4343 3341 4381 non
3390 4339 3471 4383 est
3514 4330 3763 4401 longum,

2176 4412 2326 4483 pauci
2371 4414 2495 4468 anni
2536 4422 2660 4468 sunt
2700 4415 2812 4483 (ὁ),
2856 4415 3225 4471 recordamini.
3276 4418 3493 4475 Evcrsis
3527 4420 3580 4475 in
3629 4424 3767 4479 urbe

2178 4505 2341 4558 lloma
2371 4503 2617 4559 omnibus
2644 4505 2959 4572 simulacris,
2991 4506 3368 4579 flltadagaysus
3411 4525 3503 4565 rex
3544 4510 3765 4568 Cotho-

2176 4612 2293 4651 rum
2336 4611 2454 4651 cum
2500 4597 2693 4667 ingenti
2720 4599 2974 4663 exercitu,
3013 4600 3181 4655 multo
3206 4603 3574 4660 numerosiore
3598 4620 3765 4676 quam

2176 4687 2368 4742 Alarici
2395 4687 2509 4751 fuit,
2537 4689 2698 4743 venit.
2723 4688 2963 4759 Paganus
3005 4689 3164 4745 homo
3202 4702 3318 4748 erat
3344 4694 3765 4769 Rhadagaysns:

2174 4776 2289 4832 Jovi
2317 4778 2646 4832 sacriﬁcabat
2672 4779 2924 4849 quotidie.
2954 4780 3305 4837 Nnntiabatur
3325 4784 3517 4854 ubique
3560 4789 3709 4857 quod
3737 4806 3769 4843 a

2176 4867 2450 4921 sacriﬁciis
2489 4883 2595 4922 non
2622 4867 2902 4923 desisteret
2942 4868 3341 4943 Rhadagaysus.
3383 4872 3532 4929 Tunc
3572 4891 3771 4933 omnes

2177 4956 2295 5011 isti:
2325 4956 2464 5012 Ecce
2507 4968 2603 5012 nos
2636 4974 2739 5035 non
2776 4957 3153 5024 sacrificamus,
3185 4963 3271 5017 ille
3305 4964 3586 5031 sacriﬁcat,
3622 4969 3767 5023 vinci

2240 5068 2254 5097 ³
2285 5066 2421 5124 ωὶιί,
2445 5066 2628 5119 dictum
2648 5068 2805 5118 estde
2825 5080 2945 5119 meo.
2972 5068 3062 5118 sed
3085 5074 3239 5121 taceat
3261 5069 3324 5122 de
3350 5080 3509 5122 Roma.

2226 5130 2283 5240 ἑ(
2276 5126 2461 5191 Aliquot
2482 5135 2833 5192 ttss.,tempora
2862 5128 3074 5193 pertulit.
3100 5132 3312 5193 Quidam,
3338 5135 3626 5198 temporalia
3649 5152 3771 5202 pro-

2242 5252 2276 5317 ³.
2286 5250 2422 5317 will,
2433 5256 2677 5317 eversaest
2693 5264 2724 5299 a
2738 5249 2963 5317 scelestis.
2979 5255 3270 5317 castigamus
3284 5254 3343 5304 ad
3368 5262 3497 5316 uss,
3512 5271 3683 5309 eversa
3696 5270 3772 5313 eat

2176 5311 2403 5384 Caelestis.
2428 5321 2541 5371 Quae
2564 5314 2787 5384 nimirum
2809 5314 2902 5384 dea
2921 5326 2950 5362 a
2980 5311 3182 5384 fagaﬁis
3212 5317 3337 5384 δτι-ῖς
3358 5311 3629 5384 colebatur.
3646 5311 3773 5384 eius

2176 5375 2718 5444 έηῳιειξηιιε-ωωιξζμίι
2752 5374 2801 5444 in
2821 5374 3009 5444 _libro_2
3027 5374 3092 5444 de
3127 5377 3328 5444 dvitate
3351 5381 3433 5444 Dei
3451 5413 3467 5437 ,
3486 5394 3603 5444 cap.
3626 5383 3660 5430 4
3674 5374 3704 5443 ,’
3718 5387 3769 5433 in

2177 5434 2396 5503 Psal._6'2,
2414 5436 2522 5503 n_.7,_
2539 5434 2695 5503 etDD,
2712 5449 2761 5503 n2
2783 5435 2855 5503 ll.
2872 5443 2939 5503 pe
2966 5437 3117 5503 ipsius
3138 5440 3262 5503 apud
3280 5434 3616 5503 Carthaginém
3640 5434 3772 5494 tem-

2181 5495 2259 5558 ilo
2290 5496 2605 5566 famosissjntp
2635 5495 2688 5547 in
2722 5495 2997 5566 cltristiange'
3016 5495 3282 5566 religionis
3311 5495 3477 5566 usum”
3492 5504 3769 5566 vindicato,

2178 5559 2307 5631 ενι)ςὲ
2336 5571 2462 5631 meo
2481 5560 2627 5631 9991.
2646 5558 2836 5631 θυεειίο
2865 5560 3084 5631 antistite
3105 5558 3336 5624 ὠηιίεςίι,
3358 5565 3525 5613 scribit
3558 5558 3773 5631 ρτοειιεέ

2180 5618 2229 5668 iit
2254 5618 2376 5683 tam
2394 5620 2460 5671 de
2481 5622 2697 5671 Praedict.
2722 5621 2771 5679 δ,
2793 5632 2898 5683 mp.
2922 5622 3000 5670 58.

2243 5679 2317 5749 (lg)
2348 5688 2529 5745 Nempe
2550 5683 2807 5749 cntharum
2829 5679 2937 5732 eum
2963 5683 3263 5749 nliadagayso
3283 5685 3407 5749 duce
3428 5693 3625 5749 strages
3650 5692 3771 5740 inci-

2178 5740 2321 5810 ditia
2356 5740 2534 5810 annum
2556 5745 2663 5795 406.
2699 5745 2835 5810 lvi-bis
2873 5757 2991 5795 vc.o
3020 5740 3233 5810 clades}
3256 5748 3414 5798 (mltis
3446 5740 3561 5797 sub"
3582 5751 3774 5805 Alarico

2182 5806 2393 5869 pertinet
2416 5805 2473 5854 ad
2497 5818 2675 5854 annum
2706 5806 2801 5855 ΗΟ.
