4126 6322
384 358 492 417 625

385 475 646 533 habemus
669 484 700 525 s
723 467 1075 534 sacriﬁcante,
1103 464 1293 538 quibus
1328 477 1431 520 non
1474 463 1595 518 licet
1639 460 1958 517 sacriﬁcare.

390 567 533 622 Dens
558 562 848 620 ostendens
871 560 994 631 quia
1035 574 1142 615 non
1186 557 1239 612 in
1286 556 1402 616 istis
1445 554 1717 611 sacriticiis
1743 562 1826 609 cst
1851 552 1965 623 ipsa

392 653 701 727 temporalis
737 652 901 715 salus,
928 650 1043 720 ipsa
1070 663 1227 719 regna
1261 658 1493 712 terrena,
1523 646 1696 700 victus
1721 653 1802 700 est
1826 642 1967 698 Rha.

389 746 677 817 dagaysus,
702 742 985 811 adjuvante
1012 740 1259 804 Domino,
1288 739 1425 794 miro
1450 736 1627 792 modo.
1656 736 1845 791 Postea
1873 749 1967 791 ve»

391 843 587 898 uerunt
612 833 771 890 Gothi
797 847 902 887 non
926 830 1301 893 sacriﬁcantes,
1325 829 1424 885 etsi
1446 827 1549 883 lide
1563 826 1845 883 christiana
1861 840 1966 887 non

393 918 674 985 Catholici,
705 926 881 972 tamen
910 915 1063 970 idolis
1090 914 1319 979 inimici;
1342 911 1768 972 veneruntidolis
1784 909 1972 972 adver-

392 1020 595 1075 santes,
622 1018 677 1064 et
696 1007 795 1078 ipsi
814 1014 1099 1077 ceperunt:
1131 1006 1367 1066 vicerunt
1386 1004 1451 1061 de
1475 1003 1629 1063 idolis
1650 1016 1973 1072 praesumen-

395 1113 494 1169 tes,
513 1112 567 1156 et
589 1099 791 1171 perdita
808 1099 945 1154 idola
963 1097 1136 1153 adhuc
1151 1105 1470 1167 quaerentes,
1495 1104 1548 1150 et
1564 1094 1782 1166 perditis
1801 1093 1974 1148 adhuc

395 1192 700 1248 sacrificare
723 1191 1013 1260 cupientes.
1040 1189 1145 1245 Sed
1167 1189 1237 1244 ibi
1257 1197 1408 1247 erant
1429 1196 1481 1243 ct
1503 1187 1688 1253 noswi,
1714 1196 1769 1241 ct
1791 1184 1971 1239 aﬂlicti

397 1292 523 1339 sunt
539 1300 552 1336 :
568 1282 662 1337 scd
685 1290 940 1337 noverant
951 1281 1151 1344 dicere,
1166 1278 1466 1339 Benedicam
1484 1277 1757 1332 Dominum
1771 1277 1823 1330 in
1838 1276 1975 1331 omni

399 1383 622 1444 tempore
661 1371 833 1445 (Psal.
879 1387 1068 1438 xum,
1114 1371 1195 1443 2).
1226 1370 1419 1426 ΑΠΙίειί
1447 1379 1570 1425 sunt
1599 1370 1651 1423 in
1676 1383 1839 1439 regno
1864 1376 1975 1424 ter-

399 1478 563 1521 reno:
589 1463 684 1519 sed
709 1477 931 1532 regnum
960 1462 1215 1518 cmlornm
1244 1478 1348 1517 non
1375 1462 1748 1533 perdiderunt:
1777 1462 1884 1517 imo
1909 1459 1976 1520 ad

402 1553 529 1614 illud
556 1554 941 1625 capessendum
961 1555 1338 1611 exercitatione
1365 1554 1758 1613 tribulationum
1789 1553 1977 1616 melio-

402 1662 490 1702 res
509 1648 681 1703 ellecti
709 1657 851 1703 sunt.
884 1649 951 1703 Et
978 1649 1022 1703 si
1052 1649 1103 1703 in
1136 1649 1567 1709 tribulationibus
1590 1665 1696 1704 non
1730 1648 1978 1718 blasphe-

403 1748 706 1803 maverunt,
730 1747 977 1809 tanquam
1003 1739 1208 1810 integra
1234 1755 1355 1799 vasa
1380 1740 1447 1795 de
1476 1740 1687 1800 fornace
1712 1739 1977 1805 exierunt,

403 1839 459 1887 et
481 1826 744 1883 dominica
766 1829 1131 1885 benedictione
1157 1831 1343 1901 repleti
1370 1840 1512 1885 sunt.
1536 1830 1628 1887 Isti
1642 1839 1818 1889 autem
1837 1830 1981 1889 blas-

404 1918 757 1991 phematores,
778 1931 984 1976 terrena
1000 1916 1284 1988 sectantes,
1300 1931 1507 1977 terrena
1528 1921 1911 1986 desiderantes,
1927 1919 1981 1979 in

409 2007 635 2067 teri-enis
663 2027 813 2081 spem
843 2022 1120 2084 ponentes,
1145 2030 1265 2070 cum
1293 2016 1389 2070 ista
1422 2015 1589 2070 velint
1613 2015 1781 2070 nolint
1807 2014 1983 2087 perdi-

405 2100 601 2168 derint,
632 2102 758 2172 quid
788 2104 1075 2159 tenebunt?
1115 2106 1202 2160 ubi
1231 2106 1612 2162 remanebunt?
1639 2107 1791 2170 Foris
1826 2107 1978 2176 nihil,

407 2191 551 2250 intus
576 2192 739 2247 nihil:
772 2192 944 2253 inanis
976 2210 1122 2262 arca,
1159 2195 1366 2251 inanior
1390 2197 1733 2254 conscientia.
1763 2197 1862 2257 Ubi
1894 2214 1981 2253 re-

406 2290 593 2359 quies?
626 2290 711 2349 nbi
739 2290 917 2349 salus?
962 2292 1048 2347 ubi
1077 2292 1232 2364 spes?
1280 2292 1508 2355 Veniant
1551 2308 1697 2363 ergo,
1737 2293 1985 2353 desntant

405 2380 798 2451 blasphemare,
844 2383 1050 2444 discant
1094 2384 1353 2445 adorare:
1381 2386 1574 2455 scorpii
1612 2395 1906 2457 pungentes
1951 2403 1983 2443 a

405 2472 600 2544 gallina
627 2474 993 2543 comedautnr,
1034 2477 1085 2532 in
1113 2492 1304 2548 corpus
1334 2477 1642 2548 trajicientis
1665 2488 1977 2535 convertan-

409 2572 523 2627 tur;
552 2564 606 2624 in
634 2573 770 2620 term
797 2576 1167 2635 exerceantur,
1194 2567 1246 2623 in
1266 2568 1403 2624 caelo
1430 2578 1771 2625 coronentur.

935 2678 1165 2735 SERMO
1213 2679 1328 2737 ενι
1367 2684 1384 2705 ·
1407 2680 1505 2752 (a).

408 2762 485 2819 De
524 2765 683 2822 verbis
710 2767 974 2840 Evangelii
1009 2770 1181 2839 Luae,
1220 2772 1371 2829 Nunc
1399 2788 1515 2841 vos,
1544 2774 1819 2842 Pharisaai,
1841 2776 1983 2847 quod

479 2860 608 2914 foris
635 2868 716 2915 est
737 2862 1034 2933 parapsidis
1063 2863 1269 2943 lavatis,
1312 2875 1431 2935 etc.,
1465 2883 1581 2939 cap.
1612 2884 1685 2935 ιι,
1710 2869 1743 2939 ᾖ
1767 2907 1781 2922 .
1801 2869 1979 2926 39-42.

476 2969 703 3026 CAPUT
740 2968 1020 3031 PRIMUM.
1039 3004 1110 3015 —-
1134 2977 1185 3032 l.
1206 2975 1581 3034 Pharisaeorum
1601 2981 1815 3035 exterior
1840 2994 1985 3037 mun-

407 3060 576 3115 dities.
619 3063 853 3120 Audistis
898 3074 1137 3122 sanctum
1175 3068 1547 3141 Evangelinm,
1584 3072 1849 3143 quomodo
1875 3074 1983 3129 Do—

407 3154 587 3209 minus
611 3154 786 3222 Jesns,
811 3157 863 3211 in
892 3172 958 3213 eo
986 3160 1126 3229 quod
1155 3160 1435 3217 Pharisaais
1474 3162 1701 3230 dicebat,
1729 3179 1855 3221 suos
1879 3165 1985 3221 nti-

406 3259 513 3313 que
539 3245 828 3317 discipulos
851 3252 1240 3317 commonebat,
1290 3268 1357 3309 ne
1394 3253 1448 3315 in
1494 3257 1733 3326 corporis
1763 3258 1986 3314 munda-

408 3336 555 3391 tione
581 3345 825 3407 putarent
839 3355 957 3401 esse
975 3342 1253 3411 justitiam.
1275 3344 1431 3406 Omni
1447 3346 1590 3401 enim
1607 3347 1691 3402 die
1706 3347 1980 3418 Pharisaei,

405 3419 689 3500 antequam
718 3431 1056 3501 pranderent,
1082 3434 1366 3491 abluebant
1394 3453 1453 3493 sc
1477 3454 1648 3509 aqua:
1675 3440 1823 3510 quasi
1850 3457 1983 3511 quo-

407 3518 603 3578 tidiana
641 3520 835 3591 lavatio
861 3524 1027 3594 possit
1064 3525 1241 3582 cordis
1281 3542 1397 3583 esse
1426 3529 1717 3584 mundatio.
1746 3532 1983 3601 Denique

405 3611 589 3685 quales
613 3623 809 3680 essent,
841 3616 1091 3671 ostendit.
1122 3616 1212 3672 Ille
1251 3617 1461 3674 diccbat
1488 3621 1577 3690 qui
1608 3621 1818 3677 videbat
1839 3641 1852 3678 :
1876 3638 1982 3679 non

404 3700 549 3755 enim
573 3710 776 3757 tantum
803 3704 963 3760 facies
987 3720 1194 3774 eorum,
1222 3708 1314 3763 sed
1339 3710 1497 3763 etiam
1526 3711 1772 3766 interiora
1798 3728 1985 3770 cerne-

403 3792 513 3848 bat.
546 3794 784 3866 Denique
805 3806 861 3852 ut
887 3797 988 3853 hoc
1012 3799 1212 3866 sciatis,
1236 3801 1321 3856 ille
1344 3803 1642 3859 Pharistcus
1656 3805 1738 3860 cui
1758 3821 1983 3877 respon-

404 3884 481 3939 dit
498 3884 766 3952 Christus,
790 3888 926 3958 apud
945 3904 1004 3945 se
1029 3890 1198 3961 ipsum
1213 3891 1477 3964 cogitavit,
1507 3910 1638 3952 voce
1658 3911 1762 3952 non
1784 3898 1979 3966 sonuit,

404 3984 459 4030 et
483 3976 575 4031 ille
599 3985 773 4033 tamen
800 3978 1018 4041 audivit.
1047 3981 1199 4057 Apud
1238 3997 1296 4040 se
1338 3984 1480 4041 enim
1508 3986 1848 4055 reprehendit
1874 3989 1980 4042 Do-

405 4068 607 4122 minum
624 4067 916 4136 Christum,
936 4073 1057 4143 quia
1074 4074 1150 4130 sic
1172 4075 1312 4129 venit
1327 4075 1393 4129 ad
1416 4076 1713 4132 convivium
1737 4079 1851 4149 ejus
1873 4095 1980 4137 non

402 4159 565 4217 lotus.
593 4160 686 4221 Ille
713 4161 995 4231 cogitabat.
1036 4163 1121 4219 hic
1158 4166 1419 4229 audiebat,
1452 4166 1573 4222 ideo
1603 4170 1976 4239 respondebat.

403 4246 542 4315 Quid
572 4264 701 4320 ergo
727 4252 1033 4321 respondit?
1060 4253 1212 4308 Nunc
1256 4271 1361 4322 vos,
1393 4255 1667 4327 Pharistei,
1693 4261 1830 4333 quod
1853 4264 1979 4333 [oris

402 4347 476 4392 est
502 4334 786 4411 paropsitlis
812 4342 989 4397 lavaris
1005 4359 1025 4398 :
1045 4345 1179 4400 intus
1200 4356 1365 4399 autent
1387 4347 1523 4417 pleni
1546 4349 1660 4404 estis
1685 4350 1802 4409 dolo
1821 4363 1866 4406 et
1895 4370 1982 4407 ra-

405 4430 544 4505 pina.
574 4431 617 4486 Ο
648 4433 828 4488 venire
854 4434 921 4488 ad
949 4436 1256 4505 prandium!
1286 4440 1552 4508 quomodo
1579 4458 1683 4496 non
1704 4445 1939 4523 pepercit
1958 4446 1975 4479 ι

404 4520 605 4582 homini
633 4537 661 4575 a
693 4538 797 4591 quo
825 4523 996 4578 fuerat
1031 4525 1314 4588 invitatus?
1338 4528 1501 4604 Magis
1528 4520 1854 4606 objurganda
1877 4549 1975 4612 pc..-

405 4614 593 4682 percit,
623 4623 681 4673 ut
715 4625 956 4675 correcto
996 4618 1048 4678 in
1089 4618 1287 4695 judicio
1324 4632 1583 4691 parceret.
1616 4624 1817 4690 Deinde
1850 4628 1975 4699 quid

402 4705 634 4762 ostendit
659 4706 812 4762 nobis
826 4706 855 4760 ἶλ
875 4708 1006 4781 Quia
1023 4718 1078 4765 et
1093 4710 1441 4787 Baptisnutm,
1461 4715 1604 4791 quod
1629 4718 1795 4775 semel
1824 4719 1976 4783 adhi-

402 4796 577 4861 betur,
606 4814 700 4868 per
725 4799 881 4855 ﬁdem
912 4801 1151 4858 mundat.
1190 4803 1349 4863 Fides
1368 4816 1545 4864 autem
1566 4808 1707 4866 intus
1736 4820 1839 4879 est,
1867 4830 1972 4870 non

403 4889 547 4943 foris.
585 4888 734 4946 Unde
759 4890 953 4946 dicitur
973 4902 1025 4946 et
1043 4894 1233 4967 legitur
1253 4896 1303 4949 in
1332 4897 1548 4954 Actibus
1575 4900 1971 4974 Apostolorum,

402 4976 533 5032 Fide
564 4980 813 5041 mandans
843 4982 995 5039 corda
1021 4999 1190 5044 eorum
1216 4984 1352 5055 (Act.
1386 5004 1475 5051 xv,
1498 4986 1573 5061 9).
1614 4990 1681 5045 Et
1704 4994 1972 5071 apostolus

402 5069 589 5124 Petrus
612 5069 664 5124 in
693 5071 926 5140 Epistula
953 5088 1046 5127 sua
1077 5074 1145 5134 ita
1175 5076 1439 5146 loquitur:
1467 5079 1573 5146 Sic,
1601 5069 1786 5153 inquit,
1814 5093 1976 5141 etvo-

402 5157 482 5212 bis
505 5158 653 5213 dedit
683 5161 1078 5217 similitudinem
1122 5164 1188 5219 de
1224 5181 1345 5221 arca
1385 5168 1515 5236 Noe,
1550 5174 1815 5242 quomodo
1853 5186 1974 5232 octo

399 5249 588 5306 anima:
615 5252 774 5306 salva:
804 5251 954 5308 facta:
988 5263 1110 5309 sunt
1145 5273 1237 5325 per
1261 5273 1472 5330 aquam.
1505 5263 1567 5318 Et
1594 5265 1830 5337 adjunin
1851 5287 1865 5324 :
1885 5269 1976 5324 Sic

398 5351 444 5393 et
461 5357 545 5395 vos
560 5342 713 5397 simili
735 5346 898 5415 forma
919 5343 1180 5417 Baptisma
1193 5347 1356 5404 salvos
1374 5352 1525 5423 faciet
1535 5370 1556 5418 ;
1576 5373 1675 5411 non
1695 5360 1861 5415 carnis
1881 5361 1974 5415 de-

460 5475 857 5563 '
873 5482 1411 5563 ltrcs_hn‘.‘_etnqua_tuor
1432 5488 1492 5538 cl.
1516 5493 1575 5543 ad
1607 5506 1653 5545 ιι.
1673 5496 1751 5546 ch.
1777 5495 1809 5546 f.
1836 5496 1894 5548 fs.
1919 5512 1972 5563 ε.

399 5534 456 5584 Ιι·.
483 5550 546 5585 tn.
574 5551 625 5601 p._
647 5534 739 5595 rm.
765 5540 845 5597 vd.
871 5550 923 5591 ct
953 5551 1051 5592 Am.
1077 5551 1150 5593 Er.
1176 5534 1274 5595 I’a'r.
1301 5534 1409 5599 nisi}

401 5618 705 5742 ώιὲἇιιὶετ.
730 5630 783 5672 et
804 5629 941 5684 Mss,
986 5629 1219 5689 quatme
1255 5640 1468 5693 pepercit
1487 5647 1505 5697 ,'
1542 5636 1726 5701 absque
1760 5650 1973 5705 negante

461 5741 532 5805 (tt)
565 5744 705 5809 Alias,
726 5744 791 5797 de
815 5748 982 5798 verbis
1003 5750 1180 5801 Domini
1203 5752 1281 5807 30.

1815 339 2045 400 SERMO
2082 338 2213 396 CVI.

2068 452 2249 521 positio
2266 453 2511 522 sordium,
2529 456 2618 511 sed
2634 458 2951 514 conscientia:
2962 456 3105 514 bona
3117 458 3439 532 interrogatio
3458 458 3505 531 (ι
3518 458 3639 518 Pet.

2070 558 2148 609 ιιι,
2176 541 2267 607 20,
2294 543 2410 616 2i).
2440 545 2586 602 Hanc
2625 549 2960 606 conscientia:
2995 549 3149 606 home
3177 552 3642 623 interrogationem

2073 631 2325 695 Pharisaei
2354 637 2781 704 contemnebant,
2826 648 2880 698 et
2901 640 3041 710 quod
3064 651 3179 697 erat
3205 640 3334 704 [oris
3360 642 3642 704 lambant:

2070 723 2213 779 intus
2236 724 2643 795 inquinatissimi
2664 732 3062 799 permanebant.

2143 815 2366 873 CAPUT
2403 817 2468 872 ll.
2498 818 2637 885 -τ2.
2680 819 3012 893 Eleemosyna
3050 840 3116 878 an
3147 825 3253 880 sine
3271 824 3373 895 [ide
3401 825 3648 887 ακιιὰιεε

2075 907 2249 977 possit.
2270 908 2469 979 thuid
2482 909 2560 964 eis
2569 910 2641 964 ait
2659 912 2865 980 postea?
2885 912 3230 973 Verumtamen
3241 918 3358 974 date
3372 921 3650 994 elemosy-

2074 1012 2211 1063 nam,
2240 1005 2287 1052 et
2323 1014 2434 1053 ecce
2451 1001 2619 1054 omnia
2642 1003 2830 1057 munda
2845 1014 2961 1059 sunt
2974 1004 3125 1060 vobis.
3154 1008 3383 1065 Laudata
3404 1021 3486 1068 est
3508 1013 3653 1071 elec-

2074 1103 2314 1156 mosvna,
2369 1088 2525 1147 facite
2570 1101 2622 1147 ct
2670 1095 2904 1165 probate.
2934 1096 3037 1153 Sed
3063 1100 3331 1170 pauliSpcr
3353 1105 3651 1162 attendite:

2076 1179 2358 1237 Phariszeis
2407 1182 2606 1239 dictum
2627 1195 2727 1241 est.
2747 1187 3001 1245 Pharisaei
3022 1190 3103 1245 isti
3125 1190 3291 1248 Judaei
3305 1204 3476 1262 erant,
3498 1200 3651 1267 quasi

2077 1272 2274 1341 egregii
2313 1270 2642 1330 Judteorum.
2683 1276 2980 1335 Nobiliores
3020 1281 3161 1336 enim
3189 1282 3346 1353 atque
3386 1284 3653 1343 doctiores

2079 1368 2202 1417 tunc
2227 1361 2480 1421 Pharisaei
2499 1366 2842 1423 vocabantur.
2862 1369 3135 1441 Baptismo
3152 1373 3346 1431 Christi
3362 1377 3527 1447 abluti
3545 1392 3651 1435 nan

2079 1463 2265 1509 erant:
2294 1455 2344 1509 in
2369 1454 2636 1515 Christum
2675 1459 2863 1519 Filium
2891 1462 2983 1519 Dei
3008 1464 3331 1535 unigenitum
3350 1508 3365 1535 ,
3404 1470 3491 1539 qui
3520 1471 3657 1529 inter

2079 1541 2199 1605 illos
2222 1544 2544 1614 ambulabat,
2569 1557 2621 1604 et
2645 1548 2713 1602 ab
2740 1549 2818 1608 cis
2855 1566 2958 1606 non
2984 1556 3385 1624 agnoscebatur,
3422 1560 3656 1625 nomium

2080 1633 2435 1696 crediderant.
2472 1636 2749 1706 Quomodo
2787 1656 2913 1713 ergo
2950 1643 3039 1698 eis
3056 1643 3205 1714 dicit,
3236 1646 3367 1703 Date
3389 1650 3660 1723 eleemosy-

2082 1742 2220 1791 nam,
2242 1736 2290 1785 et
2310 1744 2418 1783 ecce
2441 1731 2608 1783 omnia
2636 1734 2955 1794 munda,th
2972 1737 3141 1799 vobis?
3159 1739 3214 1796 Si
3237 1741 3484 1799 audirent
3509 1745 3656 1801 illum

2082 1817 2363 1886 Phariami,
2381 1830 2437 1881 et
2460 1820 2647 1885 darent
2674 1825 3059 1898 cleantosynas,
3084 1830 3193 1900 jam
3219 1834 3510 1891 secundum
3535 1852 3658 1893 ver-

2082 1907 2214 1969 bum
2235 1909 2353 1979 ejus
2376 1912 2573 1972 munda
2599 1913 2700 1970 illis
2726 1927 2904 1972 essent
2922 1920 3128 1987 omnia;
3155 1923 3280 1992 quid
3308 1939 3443 1995 Opus
3470 1937 3661 1983 eratut

2084 1998 2361 2059 crederent
2386 2001 2436 2057 in
2456 2005 2612 2058 eum?
2635 2005 2692 2061 Si
2717 2017 2892 2063 autem
2914 2010 3154 2067 mundari
3179 2029 3283 2070 non
3304 2028 3538 2085 possent,
3559 2022 3660 2076 nisi

2084 2089 2360 2147 credentes
2386 2091 2438 2147 in
2468 2109 2589 2149 eum
2618 2096 2706 2166 qui
2733 2096 2837 2152 llde
2860 2100 3077 2155 mundat
3099 2116 3220 2168 cor;
3252 2105 3376 2174 quid
3402 2117 3506 2173 est,
3535 2106 3663 2164 Date

2085 2180 2464 2253 eleemosynam,
2487 2194 2532 2239 et
2551 2202 2662 2240 ecce
2684 2188 2851 2243 omnia
2877 2191 3065 2245 munda
3088 2204 3202 2248 sunt
3221 2194 3393 2252 vobis?
3408 2198 3662 2256 Attenda-

2088 2288 2224 2341 mus,
2255 2287 2309 2330 et
2336 2274 2472 2332 forte
2500 2278 2613 2349 ipse
2635 2282 2883 2350 exponit?

2157 2364 2210 2418 ὅ.
2264 2365 2608 2438 Elcemosynw
2669 2368 3047 2430 Pharisteorum
3102 2377 3469 2450 irtsuﬁicientes.
3526 2381 3663 2439 Cum

2087 2454 2202 2509 lucc
2227 2456 2465 2525 dixisset,
2492 2461 2606 2517 sine
2628 2462 2791 2521 dubio
2812 2468 3174 2537 cogitaverunt
3209 2473 3284 2529 illi
3310 2476 3436 2546 quia
3465 2472 3664 2539 dabant

2086 2546 2470 2619 eleemosynas.
2505 2552 2568 2606 Et
2591 2555 2857 2623 quomodo
2896 2557 3125 2614 dabant?
3153 2561 3340 2619 Omnia
3379 2582 3472 2621 sua
3513 2568 3661 2629 deci-

2086 2636 2319 2729 mabant,
2340 2638 2409 2695 de
2447 2643 2696 2700 omnibus
2734 2645 2847 2703 suis
2888 2649 3145 2723 fructibus
3169 2653 3427 2712 decimam
3459 2669 3662 2729 partem

2085 2725 2455 2822 detrahebant,
2484 2740 2535 2788 et
2576 2732 2743 2803 ipsam
2769 2735 2985 2794 dabant.
3013 2740 3129 2798 Non
3170 2744 3323 2802 facile
3350 2725 3665 2822 hoc'aliquis

2089 2819 2213 2875 facit
2238 2820 2591 2880 Christianus.
2615 2827 2752 2883 Ecce
2770 2830 2912 2901 quod
2938 2833 3199 2892 iaciebant
3224 2838 3413 2896 Judaei.
3431 2819 3664 2899 Nontri-

2087 2912 2248 2968 ticum
2277 2915 2471 2982 solum,
2502 2917 2596 2974 sed
2634 2930 2691 2975 et
2710 2921 2887 2978 vinum
2912 2934 2967 2980 et
3003 2927 3211 2984 oleum:
3242 2946 3417 3004 neque
3448 2934 3549 2993 hoc
3577 2952 3664 2992 so-

2087 3003 2217 3073 lum,
2243 3005 2339 3062 sed
2366 3007 2524 3063 etiam
2553 3019 2608 3064 et
2647 3028 2734 3069 res
2766 3020 3194 3089 contemptibiles
3222 3003 3437 3096 propter
3460 3043 3665 3098 prince-

2086 3105 2234 3166 ptum
2258 3097 2367 3163 Dei,
2397 3101 2687 3171 cuminum,
2717 3114 2909 3173 rutam,
2941 3119 3173 3167 mentam
3201 3121 3258 3169 et
3281 3097 3535 3174 anethum
3578 3127 3666 3175 to-

2087 3195 2195 3242 tum
2212 3187 2575 3248 decitnabant:
2596 3192 2647 3248 id
2670 3204 2772 3259 est,
2794 3196 3054 3255 decimam
3072 3212 3273 3271 partem
3290 3204 3661 3277 detrahebant,

2085 3287 2141 3334 et
2164 3280 2526 3356 eleemosynas
2555 3286 2770 3344 dabant.
2796 3290 2969 3347 Credo
2983 3309 3111 3365 ergo
3134 3296 3256 3367 quia
3281 3312 3669 3360 revocaverunt

2085 3372 2152 3428 ad
2180 3388 2258 3439 se,
2290 3386 2344 3431 et
2375 3386 2692 3446 putaverunt
2726 3382 3004 3441 Dominum
3033 3386 3300 3446 Christum
3330 3391 3558 3451 inaniter
3584 3397 3667 3452 lo-

2085 3466 2195 3537 qui,
2223 3470 2373 3538 quasi
2392 3471 2472 3527 eis
2496 3474 2587 3542 qui
2610 3490 2715 3528 non
2743 3475 2977 3533 facerent
2999 3480 3366 3555 eleemosynas
3386 3504 3399 3539 :
3421 3502 3542 3543 cum
3566 3489 3665 3560 ipsi

2086 3559 2283 3614 scirent
2308 3575 2467 3631 opera
2506 3579 2621 3627 sua,
2653 3566 2794 3635 quod
2819 3577 2874 3622 et
2900 3570 3249 3629 minutissima
3270 3568 3326 3630 et
3352 3559 3667 3650 contempti-

2085 3647 2210 3703 bilia
2249 3649 2512 3708 fructuum
2554 3669 2770 3710 suorum
2807 3657 3172 3731 decimabant,
3208 3674 3264 3722 et
3297 3647 3665 3745 eleemosynas

2085 3740 2300 3797 dabant.
2338 3743 2619 3803 lrriserunt
2645 3748 2790 3804 illum
2810 3753 2949 3822 apud
2976 3770 3034 3810 se
3054 3757 3181 3812 talia
3196 3758 3481 3830 dicentem,
3511 3740 3661 3834 quasi

2088 3833 2391 3891 hominibus
2410 3839 2499 3908 qui
2528 3840 2893 3913 eleemosynas
2918 3861 3025 3904 non
3052 3847 3307 3906 lacerent.

2090 3942 2107 3981 ί
2154 3922 2378 3982 CAPUT
2418 3927 2502 3983 ΙΙΙ.
2532 3959 2603 3971 --
2629 3930 2738 3987 lloe
2781 3934 3034 3999 Dominus
3059 3938 3256 4007 sciens,
3273 3943 3666 4001 continuosuh—

2080 4011 2287 4082 junxit:
2322 4014 2667 4075 Verumtamen
2688 4037 2762 4077 me
2788 4024 2942 4093 nobis,
2980 4026 3173 4093 Scriba!
3198 4039 3244 4084 et
3278 4030 3545 4100 Pharisaei,
3577 4037 3665 4105 qui

2083 4106 2340 4162 decimatis
2361 4121 2606 4179 mentum,
2619 4115 2875 4178 cuminum
2898 4127 2947 4181 et
2968 4128 3153 4187 rutam,
3190 4131 3238 4176 et
3266 4140 3412 4179 omne
3434 4126 3564 4182 olus.
3599 4127 3665 4183 Ut

2083 4194 2283 4263 sciatis,
2326 4200 2455 4254 novi
2487 4201 2853 4277 eleentosynas
2898 4218 3123 4264 vestras.
3172 4211 3332 4269 Certe
3374 4204 3488 4271 ista:
3540 4228 3661 4274 sunt

2082 4287 2437 4361 elecmosynte
2464 4303 2670 4360 vestrae,
2697 4296 2811 4351 ista:
2834 4307 2956 4352 sunt
2981 4299 3235 4358 decima}:
3259 4305 3418 4360 etiam
3461 4308 3661 4364 minuta

2082 4391 2303 4448 (putaque
2325 4388 2380 4434 et
2416 4385 2831 4454 contemptibilia
2875 4386 3137 4447 fructuum
3182 4402 3476 4450 vestrorqu
3513 4398 3681 4455 (1εεί-⁵

2083 4468 2271 4524 matis:
2294 4470 2358 4525 Et
2383 4473 2661 4545 relinquitis
2684 4477 2917 4546 grauiora
2935 4478 3100 4552 Legis,
3112 4482 3367 4553 judicium
3381 4495 3428 4539 et
3441 4486 3675 4541 charitae'

2081 4569 2200 4615 tem.
2225 4564 2512 4621 Attendite.
2543 4566 2854 4640 Reliquistis
2883 4572 3139 4641 judicium
3170 4584 3225 4631 et
3251 4577 3583 4645 charitatem,
3607 4589 3663 4635 et

2080 4650 2356 4710 dccimatis
2383 4657 2551 4712 olera.
2586 4656 2700 4715 Non
2729 4670 2813 4716 est
2844 4664 2944 4719 hoc
2964 4663 3138 4722 facere
3154 4660 3571 4741 'eleemosynam.
3594 4670 3662 4726 Et

2082 4743 2207 4810 Iuec,
2240 4746 2425 4815 inquit,
2466 4759 2659 4819 oportet
2701 4754 2886 4824 facere,
2917 4765 2964 4809 et
3000 4756 3091 4810 illa
3119 4775 3219 4812 non
3246 4760 3489 4820 omittere.
3529 4761 3660 4828 Qum

2081 4833 2290 4891 facere?
2310 4837 2569 4894 Iudicium
2593 4852 2639 4895 et
2668 4844 2980 4911 charitatem,
3002 4848 3267 4916 justitiam
3293 4858 3339 4909 et
3372 4850 3658 4905 misericor-

2080 4926 2248 4991 diam;
2272 4939 2320 4982 et
2347 4929 2442 4983 illa
2479 4926 2579 4986 non
2622 4937 2862 4993 omittere.
2911 4936 3097 4996 Facito
3117 4938 3204 4995 illa
3229 4957 3257 4995 :-
3273 4939 3384 5001 sed,
3397 4939 3496 4997 ista
3525 4957 3662 5013 prte-

2080 5022 2276 5091 ponite.

2150 5112 2375 5170 CAPUT
2413 5113 2501 5170 IV.
2517 5116 2656 5172 —4.
2705 5116 2834 5172 Vera
2852 5119 3163 5195 elemosyna
3181 5139 3295 5195 qua
3308 5125 3657 5196 ﬁerijubetur.

2079 5204 2133 5259 Si
2164 5206 2277 5260 haec
2306 5205 2374 5260 ita
2403 5216 2548 5275 sunt,
2587 5209 2714 5280 quid
2741 5210 2842 5267 illis
2865 5212 3019 5280 dixit,
3059 5212 3235 5269 Facite
3269 5216 3653 5288 eleentosynam,

2081 5306 2127 5350 et
2147 5312 2258 5351 ecce
2279 5298 2449 5353 omnia
2481 5300 2669 5364 munda
2695 5311 2812 5365 sunt
2838 5303 3009 5364 vobis?
3032 5305 3168 5372 Quid
3194 5314 3297 5373 est,
3315 5306 3657 5381 Faciteeles-

2082 5390 2378 5460 mosyuam?
2404 5390 2583 5447 Facite
2607 5394 3040 5450 miscricordiam.
3067 5396 3203 5466 Quid
3229 5405 3329 5464 est,
3359 5398 3539 5456 Facite
3560 5401 3659 5456 mi-

2080 5481 2421 5545 sericordiam
2435 5484 2537 5540 745i
2566 5485 2828 5558 intelligis,
2851 5503 2880 5542 a
2914 5496 2963 5543 te
2991 5487 3181 5559 incipe.
3210 5491 3487 5560 Quomodo
3514 5494 3657 5555 enim

2081 5589 2141 5629 os
2170 5576 2470 5631 misericors
2496 5577 2670 5645 alteri,
2701 5580 2745 5633 si
2775 5581 3004 5636 crudelis
3033 5582 3108 5636 sis
3133 5583 3260 5639 tibi?
3292 5583 3419 5638 Date
3439 5586 3657 5640 clamo.-

2079 5684 2278 5737 syuam,
2307 5678 2353 5723 et
2376 5670 2544 5723 omnia
2565 5671 2752 5731 munda
2776 5682 2891 5727 stmt
2913 5673 3066 5744 voltis.
3100 5674 3278 5733 Facite
3304 5692 3482 5733 veram
3513 5677 3656 5734 clee-e

2082 5777 2376 5835 ruesynam.
2407 5762 2543 5831 Quid
2571 5772 2656 5828 est
2693 5765 3067 5827 electuosvna?
3106 5766 3479 5829 liisericordia.
3516 5771 3679 5837 Audi.
