4006 6432
534 409 641 464 627

540 523 865 595 scripturam
897 541 910 576 :
943 522 1181 576 Miserere
1215 521 1397 575 anima:
1438 530 1535 575 (tur
1569 522 1770 591 placens
1789 522 1895 577 Deo
1917 522 2101 594 (Eccli.

532 629 672 680 lxxx,
700 614 819 685 24).
846 613 948 669 Fac
964 614 1380 683 eleemosynam,
1408 613 1640 665 miserere
1663 613 1843 665 auiuue
1866 623 1966 665 tmr
1991 612 2104 681 pla-

532 718 651 760 cens
677 702 805 758 Deo.
848 702 1107 758 Mendicat
1134 711 1257 756 ante
1298 710 1351 755 te
1388 700 1560 754 auium
1592 710 1695 763 tua,
1738 701 1849 755 redi
1878 700 1944 754 ad
1971 715 2102 754 cou-

530 792 801 850 scientiam
830 802 989 847 tuam.
1036 790 1362 862 Quicumque
1408 792 1545 846 male
1589 791 1740 857 vivis,
1785 791 2101 860 quicumque

530 884 814 942 infideliter
850 883 1005 948 vivis,
1048 883 1157 937 redi
1202 882 1268 937 ad
1311 881 1685 939 conscientiam
1730 890 1905 934 tuam:
1937 889 1991 935 et
2030 879 2099 933 ibi

529 978 733 1035 iuvenis
753 976 1140 1032 mendicantem
1164 976 1394 1031 animam
1417 983 1577 1037 tuam,
1604 974 1807 1028 iuvenis
1832 981 2096 1041 egentem,

524 1068 734 1124 invenis
768 1082 1073 1138 pauperem,
1105 1066 1310 1124 invenis
1330 1078 1702 1130 aerumnosam,
1735 1063 1937 1119 invenis
1963 1061 2099 1116 forte

523 1172 623 1213 nec
650 1167 914 1228 egentem,
961 1157 1052 1212 sed
1095 1164 1328 1226 egestate
1373 1155 1844 1212 olnnuteseentem.
1893 1152 2024 1206 Nam
2053 1152 2095 1206 si

522 1249 808 1314 mendicat,
856 1249 1020 1304 esurit
1065 1247 1340 1318 justitiam.
1383 1246 1605 1314 Quando
1636 1245 1898 1300 inveneris
1938 1244 2094 1299 talem

517 1339 749 1397 animum
778 1348 919 1395 tuam
950 1336 1113 1411 (intus
1138 1339 1188 1393 in
1214 1336 1374 1393 corde
1403 1346 1492 1391 tuo
1518 1345 1641 1391 sunt
1679 1334 1811 1407 illa),
1841 1333 1922 1411 fac
1951 1333 2096 1404 prius

517 1432 931 1503 eleemosynam,
963 1430 1028 1485 da
1060 1431 1129 1485 illi
1158 1445 1364 1499 panem.
1391 1429 1556 1496 Quem
1586 1427 1808 1498 panem?
1837 1426 1889 1483 Si
1914 1426 2095 1483 Phari-

516 1535 659 1576 steus
688 1521 1056 1591 interrogaret,
1078 1520 1280 1575 diceret
1309 1519 1383 1573 illi
1416 1519 1704 1572 Dominus:
1732 1517 1838 1572 Fae
1860 1517 2095 1572 eleema-

516 1627 705 1683 synam
737 1627 857 1666 cum
882 1613 1059 1667 anima
1089 1619 1197 1665 tua.
1232 1610 1343 1663 Hoc
1380 1609 1520 1663 enim
1569 1608 1643 1662 illi
1687 1608 1849 1662 dixit:
1879 1607 1973 1663 sed
2002 1608 2094 1663 ille

515 1719 622 1759 non
650 1702 925 1767 intellexit,
949 1701 1158 1772 quando
1172 1701 1437 1757 enarravit
1452 1700 1555 1754 illis
1578 1699 1944 1771 eieemosynas
1960 1712 2090 1769 quas

514 1795 795 1859 faciebant,
822 1803 876 1849 et
910 1793 1163 1863 putabant
1192 1793 1354 1848 latere
1403 1790 1699 1855 Christum;
1741 1799 1795 1843 et
1833 1791 1907 1845 ait
1948 1790 2087 1845 illis:

512 1887 642 1948 Novi
670 1889 790 1958 quia
822 1886 1021 1950 facitis;
1052 1884 1324 1941 decimatis
1352 1892 1582 1939 mentum
1609 1892 1663 1937 et
1689 1882 1964 1947 anethum,
1988 1897 2087 1936 cu-

512 1980 712 2034 minum
734 1987 789 2034 et
808 1987 979 2034 rutam
1004 1994 1017 2030 :
1049 1976 1143 2031 sed
1170 1990 1272 2046 ego
1300 1975 1431 2029 alias
1460 1974 1825 2043 eleemosynas
1852 1973 2041 2043 loquor
2070 1991 2084 2027 :

509 2070 850 2125 contemnitis
866 2068 1122 2139 judicium
1152 2076 1207 2121 et
1232 2066 1568 2124 charitatem.
1598 2063 1653 2121 In
1674 2063 1874 2133 judicio
1888 2062 2085 2118 ctcha-

508 2162 661 2217 ritate
688 2160 769 2215 fac
796 2160 1187 2232 eleemosynam
1215 2172 1333 2212 cum
1379 2156 1553 2210 anima
1598 2163 1709 2209 tua.
1742 2152 1878 2222 Quid
1921 2162 1999 2208 est
2032 2153 2083 2207 in

502 2251 738 2324 judicio?
768 2251 1008 2321 Respice,
1034 2258 1089 2305 et
1118 2247 1321 2312 inveni;
1346 2246 1569 2317 displiee
1597 2246 1710 2311 tibi,
1734 2244 2011 2316 pronuntia
2032 2245 2082 2299 in

508 2352 580 2400 te.
603 2342 667 2397 Et
681 2340 804 2413 quid
825 2349 907 2395 est
928 2339 1193 2397 charitas?
1221 2338 1387 2407 Dilige
1413 2338 1690 2391 Dominum
1713 2336 1877 2390 Deum
1899 2334 1953 2389 in
1972 2343 2084 2391 toto

504 2432 664 2491 corde
686 2441 795 2496 tuo,
825 2440 879 2488 et
905 2438 1012 2487 tota
1039 2430 1214 2485 anima
1240 2437 1349 2494 tua,
1377 2437 1431 2483 et
1458 2435 1563 2482 tota
1585 2435 1763 2482 mente
1790 2434 1907 2492 tua;
1926 2426 2081 2495 dilige

504 2522 804 2593 proximum
831 2531 977 2577 tuum
1008 2528 1259 2590 tanquam
1288 2528 1341 2574 te
1368 2517 1539 2589 ipsum
1568 2516 1778 2589 (Matth.
1824 2532 1958 2582 χιιι,
1988 2516 2077 2584 57,

502 2614 632 2687 59):
663 2623 720 2669 et
743 2613 913 2669 fecisti
940 2609 1357 2667 misericordiam
1383 2608 1528 2680 prius
1552 2622 1672 2663 cum
1693 2607 1868 2663 anima
1898 2616 2004 2673 tua,
2026 2608 2079 2663 in

500 2704 823 2763 conscientia
850 2712 959 2758 tua.
990 2702 1136 2756 Hane
1161 2708 1338 2756 autem
1366 2699 1758 2769 eleemosynam
1787 2698 1830 2752 si
1860 2708 2078 2767 przeter-

499 2796 687 2863 mittis,
717 2797 783 2853 da
811 2794 953 2866 quod
981 2794 1078 2860 vis,
1110 2793 1247 2848 dona
1290 2799 1543 2862 quantum
1598 2791 1705 2855 vis;
1759 2787 1971 2844 retrahe
2011 2788 2079 2843 de

499 2886 759 2947 fructibus
776 2885 897 2951 tuis,
926 2900 1032 2943 non
1051 2883 1306 2948 decimas,
1332 2881 1426 2937 sed
1448 2879 1719 2944 dimidias;
1748 2894 1935 2934 novem
1959 2894 2079 2949 par-

498 2988 582 3035 tes
604 2976 694 3044 da,
723 2986 779 3031 et
813 2991 970 3033 uuam
1013 2974 1105 3032 tibi
1147 2972 1387 3029 dimitte:
1412 2970 1541 3027 nihil
1572 2969 1723 3038 facis,
1754 2968 1965 3040 quando
1996 2978 2076 3025 le-

497 3082 618 3127 eum
643 3082 751 3123 non
773 3066 921 3132 facis,
950 3074 1007 3121 et
1034 3075 1205 3123 tecum
1228 3078 1429 3135 pauper
1456 3077 1536 3117 es.
1566 3061 1754 3115 Anima
1782 3070 1869 3117 tua
1897 3075 2078 3116 vesca-

496 3168 602 3224 tun,
636 3172 705 3219 no
735 3156 874 3215 fame
916 3166 1120 3227 pereat.
1157 3154 1228 3210 Da
1272 3152 1346 3207 illi
1389 3166 1601 3222 panem.
1644 3152 1813 3219 Quem
1863 3166 2073 3221 panem,

495 3249 705 3321 inquit?
733 3249 851 3318 Ipse
880 3257 1054 3305 tecum
1078 3244 1330 3315 loquitur.
1357 3242 1438 3299 Tu
1460 3241 1508 3297 si
1534 3242 1770 3309 audires,
1797 3251 1851 3296 et
1875 3241 2075 3297 intelli.

493 3358 668 3416 acres,
712 3349 768 3401 et
807 3339 1056 3401 crederes
1085 3336 1311 3395 Domino
1340 3337 1380 3402 ί,
1413 3335 1527 3405 ipse
1558 3334 1650 3389 tibi
1695 3333 1928 3389 diceret:
1962 3332 2075 3404 Ego

493 3451 604 3497 sum
626 3434 773 3505 panis
795 3432 955 3497 rivus,
996 3429 1085 3500 qui
1120 3426 1353 3484 descendi
1390 3426 1453 3481 de
1478 3424 1604 3483 caelo
1647 3422 1825 3495 (Joan.
1856 3440 1925 3490 vi,
1956 3424 2070 3495 tl).

493 3527 682 3589 Nonne
702 3526 860 3585 istutn
894 3537 1081 3594 panem
1108 3521 1335 3593 primum
1363 3518 1521 3575 dares
1545 3517 1736 3574 anima:
1766 3525 1888 3583 tum,
1916 3524 1972 3570 et
1990 3515 2072 3570 fa-

493 3635 645 3681 ceres
676 3634 796 3677 cum
843 3617 933 3677 illa
974 3614 1404 3687 eleemosynami
1429 3611 1485 3668 Si
1526 3625 1653 3683 ergo
1681 3610 1876 3676 credis,
1906 3609 2074 3665 debes

492 3714 686 3779 facere,
718 3720 773 3771 ιιι
801 3710 947 3781 prius
974 3722 1159 3779 pascas
1185 3707 1415 3765 animam
1446 3714 1613 3758 tuam.
1638 3702 1810 3758 Crede
1835 3703 1885 3756 in
1912 3700 2069 3755 Chri-

495 3814 665 3869 stum;
695 3812 751 3860 et
776 3800 1175 3861 mundabuntur
1201 3812 1321 3869 qua:
1346 3798 1487 3852 intus
1511 3804 1655 3861 sunt,
1701 3801 1757 3849 et
1797 3808 1915 3862 qua:
1942 3791 2072 3847 foris

490 3906 616 3951 sunt
639 3893 830 3949 munda
857 3899 1035 3952 erunt.
1064 3887 1319 3949 Conversi
1351 3886 1419 3942 ad
1444 3887 1725 3944 Dominum
1752 3886 1794 3951 ³,
1826 3892 1923 3939 etc.

1020 4022 1248 4081 sanna
1285 4021 1417 4078 cvn
1451 4024 1469 4044 ο
1505 4022 1598 4091 (a).

496 4141 573 4203 De
617 4141 773 4195 verbis
818 4137 1078 4208 Evangelii
1119 4135 1302 4198 Luctv,
1338 4133 1467 4188 Dico
1495 4131 1675 4195 vobis,
1709 4130 1969 4187 abstinete
2003 4133 2072 4187 ab

776 4228 920 4285 omni
948 4226 1185 4281 avaritia.
1217 4223 1341 4293 Cap.
1371 4238 1462 4286 xu,
1505 4222 1539 4291 ᾗ
1564 4262 1578 4276 .
1610 4220 1789 4276 15ο21.

556 4342 781 4406 CAPUT
833 4337 1116 4403 PRIMUM.
1162 4367 1235 4383 -ο
1277 4337 1328 4392 ι.
1376 4333 1691 4405 Prwceptum
1746 4335 1809 4389 de
1852 4334 2073 4389 cavenda

489 4434 626 4489 omni
660 4432 891 4487 avaritia.
928 4429 1029 4501 Qui
1074 4429 1236 4484 Deum
1284 4426 1507 4491 timetis,
1558 4440 1666 4482 non
1717 4424 1900 4479 dubito
1942 4425 2070 4493 quin

486 4525 711 4585 verbum
748 4523 863 4593 ejus
889 4536 1010 4583 cum
1043 4521 1233 4576 timore
1268 4517 1527 4578 audiatis,
1556 4524 1611 4570 et
1648 4529 1766 4569 eum
1809 4513 2072 4569 hilaritate

487 4616 724 4681 faciatis;
754 4621 814 4669 ut
839 4610 980 4683 quod
1010 4610 1272 4686 promisit,
1308 4606 1467 4663 modo
1496 4605 1743 4675 speretis,
1777 4613 1895 4674 post
1926 4606 2068 4660 acci-

486 4708 663 4784 piatis.
686 4708 965 4763 Dominum
988 4702 1147 4761 modo
1160 4699 1455 4757 audivimus
1476 4696 1869 4768 prmcipientem
1888 4697 2063 4763 nobis,

485 4799 758 4859 Chrismm
785 4797 966 4853 Jesum
1003 4793 1167 4849 tilium
1206 4790 1320 4851 Dei.
1362 4788 1620 4857 Prmcepit
1644 4788 1798 4845 nobis
1829 4788 2065 4856 Veritas,

487 4907 606 4961 qua:
634 4905 734 4946 nec
762 4888 909 4953 fallit,
935 4901 1032 4943 nec
1056 4884 1254 4939 fallitur
1278 4901 1291 4936 :
1319 4881 1614 4946 audiamus,
1647 4881 1945 4945 timeamus,
1973 4896 2065 4935 ca-

492 4997 730 5043 veamus.
762 4979 896 5047 Quid
926 4992 1053 5048 ergo
1078 4974 1363 5047 praecepit?
1392 4972 1743 5042 Dico,inquit,
1771 4972 1925 5040 vobis,
1951 4975 2063 5029 abs-

486 5075 634 5131 tinete
672 5074 735 5127 ab
775 5072 910 5126 omni
955 5069 1187 5123 avaritia.
1230 5064 1368 5133 Quid
1408 5072 1521 5127 est,
1558 5065 1621 5118 ab
1649 5065 1784 5118 onmi
1818 5065 2070 5121 avaritia?

484 5165 620 5233 Quid
648 5172 749 5231 est,
765 5162 828 5216 ab
844 5160 977 5215 omni
992 5159 1017 5213 .9
1033 5158 1206 5230 Quare
1226 5155 1444 5219 addidit,
1460 5154 1523 5207 ab
1539 5154 1708 5211 omni?
1726 5153 1911 5213 Posset
1928 5155 2067 5209 enim

485 5256 564 5312 sic
598 5255 808 5320 dicere,
832 5251 1029 5309 Cavete
1059 5248 1127 5305 ab
1160 5246 1399 5303 avaritia.
1444 5245 1705 5307 Pcrliuuit
1733 5244 1800 5305 ad
1825 5260 1945 5301 eum
1967 5287 1983 5312 ,
2013 5254 2071 5300 ut

546 5385 564 5416 ί
592 5390 690 5431 Am.
712 5386 788 5429 Er.
815 5388 866 5431 et
884 5388 1016 5439 M88.,
1040 5382 1085 5429 et
1107 5376 1329 5427 crederes
1352 5372 1622 5439 Domimnn.

544 5447 566 5477 ι
590 5444 801 5493 Precatio
818 5448 927 5503 post
946 5435 1199 5503 sermones
1218 5445 1449 5503 consueta
1473 5437 1550 5487 hic
1571 5435 1787 5503 ineditis
1804 5441 1975 5489 etttss.
1994 5447 2073 5503 re-

501 5511 805 5554 wazsentatur
820 5497 1032 5564 integra,
1057 5501 1145 5551 sed
1170 5513 1263 5564 non
1280 5499 1421 5564 aliter
1458 5497 1835 5564 atqnehahetur
1856 5509 2004 5564 supra
2022 5498 2071 5547 iu

501 5520 805 5554 irascuntur
827 5520 1032 5564 Integra,
1057 5520 1145 5551 seu
1170 5520 1263 5551 nou
1280 5520 1421 5548 illltUl‘
1458 5520 1606 5560 atque
1630 5520 1834 5551 ιιειυυιιιτ
1856 5520 1999 5560 supra
2025 5520 2067 5547 tu

483 5520 581 5623 iine
607 5564 845 5626 sermonis
865 5564 944 5626 67,
979 5562 1227 5626 nisiquod
1249 5560 1326 5609 hic
1356 5561 1403 5609 in
1427 5556 1589 5626 multis
1614 5557 1753 5626 libris
1766 5559 1832 5626 ita
1853 5558 2029 5607 desinit
2054 5571 2067 5607 :

484 5618 577 5679 iter
597 5635 763 5679 Jesum
781 5618 1196 5679 Christumfiliimt
1218 5634 1372 5681 statin,
1397 5621 1480 5685 qui
1501 5633 1611 5675 cunt
1631 5632 1687 5671 eo
1708 5618 1816 5671 vitii
1836 5626 1881 5670 ct
1906 5626 2072 5684 regnat

481 5687 533 5748 in
555 5688 733 5740 alecula
756 5686 1080 5748 sa'culorttm,
1100 5697 1249 5734 mten.

549 5753 567 5769 ‘
584 5752 847 5809 castigatus
868 5756 943 5799 est
962 5749 1020 5796 ad
1041 5747 1101 5795 cl.
1128 5759 1200 5808 gr.
1226 5745 1359 5809 (ﬁlim.
1383 5752 1483 5809 Par.
1503 5750 1609 5793 Lov.

545 5816 619 5882 tu)
651 5804 791 5878 AliaS.
813 5812 876 5869 dc
901 5804 1273 5875 temperatus,
1301 5815 1353 5860 et
1373 5808 1437 5858 de
1462 5806 1670 5861 Diversis
1692 5804 1767 5860 28.

1757 411 1814 465 S.
1858 405 2214 465 AUGUS’HNI
2259 410 2559 469 lal’lSCOl‘l

3687 424 3788 480 69.8

2213 520 2462 588 adderet,
2494 527 2555 579 ab
2582 528 2752 593 omni;
2780 540 2829 584 et
2858 530 3087 596 diceret,
3110 531 3289 587 Cavete
3306 535 3368 586 ab
3391 535 3528 588 omni
3554 536 3787 591 avaritia.

2279 614 2332 667 2.
2377 615 2490 683 Qua
2519 622 2776 674 accesimus
2803 622 2975 676 datum
3005 640 3036 675 a
3060 623 3276 678 Christo.
3307 624 3484 692 Quare
3513 626 3615 682 hoc
3634 627 3785 683 dixe-

2207 706 2295 771 rit,
2328 707 2470 762 velnt
2499 712 2709 764 occasio
2740 712 2850 781 ipsa
2876 714 3016 770 unde
3044 724 3198 770 natus
3229 726 3311 771 est
3335 732 3544 785 sermo,
3567 731 3783 790 apparet

2206 796 2360 852 nobis
2407 799 2458 853 in
2499 812 2689 856 sancm
2727 803 3033 875 Evangelia.
3085 805 3436 876 Interpellavit
3480 811 3624 863 enim
3663 826 3784 865 eun:

2204 887 2415 955 quidam
2443 900 2620 946 contra
2653 893 2864 949 fratrem
2895 911 3070 963 suum,
3098 898 3185 967 qui
3214 907 3376 951 totum
3408 900 3782 972 patrimonium

2202 978 2509 1048 abstulerat,
2541 996 2593 1039 et
2638 986 2782 1042 fratri
2822 1004 2918 1043 suo
2963 1000 3161 1059 partem
3190 1008 3336 1046 suam
3373 1008 3475 1048 non
3502 994 3780 1051 reddebat.

2202 1070 2367 1136 Quam
2396 1074 2584 1131 bonam
2612 1094 2737 1149 ergo
2764 1095 2976 1136 causam
3004 1082 3247 1138 habuerit
3267 1085 3365 1141 iste
3395 1086 3779 1157 interpellatur,

2200 1166 2495 1223 advertitis.
2527 1169 2639 1224 Non
2679 1172 2818 1227 enim
2845 1190 3029 1244 rapere
3056 1176 3321 1245 (παίω-εδει
3345 1178 3533 1242 aliena,
3565 1178 3659 1233 sed
3686 1192 3782 1233 sua

2198 1271 2228 1309 a
2256 1260 2559 1326 parentibus
2585 1262 2681 1316 sibi
2706 1264 2884 1318 relicta
2914 1266 3182 1335 qumrehat
3206 1285 3219 1321 :
3245 1267 3352 1335 ipsa
3373 1267 3599 1321 Domino
3620 1268 3785 1324 inter.

2199 1350 2391 1419 pelluto
2426 1361 2479 1406 et
2504 1352 2773 1420 iudicante
2818 1357 3086 1426 poscebat.
3127 1357 3364 1413 Habebat
3393 1359 3631 1430 iniquum
3669 1358 3782 1414 fra-

2199 1449 2330 1494 trem
2357 1459 2370 1494 :
2399 1442 2491 1497 sed
2524 1444 2722 1513 justum
2757 1446 2987 1515 judicent
3025 1447 3298 1503 invenerat
3328 1458 3513 1503 contra
3541 1449 3781 1519 iniquum

2195 1527 2432 1585 fratrem.
2463 1532 2685 1589 Deberet
2701 1551 2827 1606 ergo
2844 1537 3063 1605 perdere
3089 1536 3138 1594 in
3158 1546 3262 1591 tam
3290 1538 3426 1595 bona
3446 1554 3604 1596 causa
3624 1539 3782 1596 istam

2193 1621 2566 1679 occasionem?
2593 1625 2697 1679 Aut
2718 1626 2835 1696 quis
2857 1626 3061 1682 diceret
3093 1627 3239 1682 fratri
3267 1628 3380 1698 eius
3398 1669 3413 1693 ,
3445 1628 3627 1683 Redde
3654 1645 3783 1699 par-

2194 1723 2299 1770 tem
2324 1731 2475 1771 suam
2506 1716 2652 1773 fratri
2679 1727 2786 1784 tuo,
2818 1720 2862 1774 si
2890 1720 3130 1775 Christus
3158 1735 3261 1774 non
3298 1720 3540 1776 diceret?
3573 1720 3667 1776 llle
3686 1721 3781 1788 ju-

2192 1800 2293 1861 dex
2325 1805 2426 1861 hoc
2448 1806 2683 1863 dicturus
2708 1818 2849 1875 erat,
2883 1824 3040 1881 quem
3076 1808 3211 1865 forte
3237 1810 3399 1865 frater
3422 1810 3582 1865 ditior
3607 1822 3662 1866 et
3687 1827 3780 1867 τεο

2193 1904 2312 1966 ptor
2332 1898 2549 1966 praemio
2572 1900 2983 1969 corrumpebat?
3002 1899 3158 1956 Miser
3178 1916 3303 1970 ergo
3329 1909 3382 1955 et
3408 1902 3640 1971 paternis
3660 1903 3779 1973 api-

2190 1988 2288 2043 bus
2312 1989 2594 2045 destitutus
2616 1990 2708 2045 tali
2735 2005 2798 2045 ac
2826 1999 2971 2046 tanta
2993 1991 3171 2062 judice
3200 1992 3412 2047 invento
3437 1992 3667 2065 accedit,
3694 1994 3787 2048 in-

2190 2080 2451 2150 terpellat,
2479 2090 2648 2152 rogat,
2676 2096 2891 2139 causam
2911 2097 3060 2137 snam
3081 2082 3392 2140 brevissime
3416 2084 3652 2153 exponit.
3680 2083 3781 2140 Ut-

2187 2173 2310 2243 qnid
2366 2174 2510 2228 enim
2552 2188 2687 2244 opus
2738 2183 2852 2229 erat
2898 2188 3109 2229 causam
3143 2190 3426 2245 perorare,
3472 2175 3686 2246 quando
3724 2174 3780 2231 ei

2188 2260 2522 2333 loquebatur,
2551 2265 2638 2334 qui
2660 2278 2753 2319 cor
2775 2272 2980 2333 poterat
3005 2273 3060 2318 et
3073 2263 3294 2319 videre?
3316 2262 3548 2327 Domine,
3583 2264 3779 2335 inquit,

2186 2354 2268 2408 dic
2291 2355 2438 2424 fratri
2462 2372 2569 2410 meo
2589 2398 2604 2423 ,
2640 2366 2695 2410 ut
2723 2355 2915 2409 dividat
2955 2372 3150 2410 mecum
3176 2357 3534 2411 hereditatem.
3566 2356 3685 2411 Non
3722 2358 3780 2413 ei

2184 2444 2317 2499 dixit
2356 2444 2628 2514 Dominus,
2664 2446 2852 2502 Veniat
2887 2446 3056 2504 frater
3086 2455 3225 2501 tuus.
3253 2446 3357 2502 Sed
3391 2462 3488 2502 nec
3518 2448 3682 2513 misit,
3715 2458 3783 2503 ut

2183 2533 2417 2601 adesset,
2440 2544 2532 2590 aut
2558 2552 2678 2592 eum
2701 2536 2977 2603 adfuisset,
3006 2537 3389 2607 interpellatori
3419 2537 3570 2603 dixit,
3598 2539 3779 2593 Proba

2183 2625 2324 2695 quod
2350 2625 2582 2682 dicebas.
2611 2628 2830 2683 Petebat
2850 2628 3120 2682 dimidiam
3143 2627 3522 2695 hereditatem,
3552 2629 3781 2699 petebat

2184 2716 2235 2769 in
2259 2726 2395 2771 terra
2425 2717 2696 2773 dimidiam
2722 2736 2736 2774 :
2762 2718 2813 2773 in
2845 2718 2987 2776 casio
3015 2718 3274 2775 Dominus
3297 2718 3552 2774 offerebat
3579 2728 3775 2776 tatam.

2182 2808 2305 2865 Plus
2330 2809 2583 2869 Dominus
2607 2808 2786 2876 dabat,
2816 2825 2971 2881 quam
3001 2810 3090 2867 ille
3110 2810 3427 2879 postulabat.

2250 2898 2476 2959 CAPUT
2513 2899 2577 2954 ll.
2591 2900 2726 2956 -—3.
2758 2898 2957 2961 Dieisor
2981 2900 3286 2959 Iuvrcditatis
3306 2899 3534 2954 Christus
3549 2916 3656 2955 esse
3676 2917 3774 2955 no-

2182 2991 2288 3046 lens
2312 2991 2433 3059 quid
2457 2992 2650 3051 doceat.
2680 2990 2960 3052 Donatista
2987 2983 3433 3047 natanata—Dic
3456 2994 3601 3064 fratri
3630 3010 3772 3061 meo,

2180 3093 2233 3137 ut
2260 3084 2447 3138 dividat
2469 3101 2660 3138 mecum
2680 3084 3038 3139 Itazrcdilalcm.
3070 3082 3239 3140 Causa
3264 3083 3427 3153 iusta,
3459 3098 3616 3138 causa
3640 3083 3775 3143 bro-

2178 3174 2278 3231 n‘s.
2310 3174 2413 3231 Sed
2436 3174 2712 3230 audiamus
2737 3184 2790 3230 et
2815 3174 3139 3244 iudicantem
3167 3183 3222 3229 et
3246 3173 3544 3231 docentem.
3573 3172 3773 3241 Homo,

2178 3267 2269 3333 ait,
2306 3265 2473 3320 Homo
2511 3282 2530 3321 :
2558 3267 2645 3337 qui
2671 3266 2811 3322 enim
2842 3280 2939 3336 pro
2969 3280 3163 3336 magno
3201 3265 3365 3321 habes
3403 3265 3558 3319 istam
3586 3263 3774 3324 haere~

2177 3356 2416 3421 ditatem,
2457 3356 2580 3427 quid
2603 3372 2660 3411 es
2686 3356 2784 3411 nisi
2815 3354 3014 3411 homo?
3044 3354 3266 3413 Volebat
3295 3355 3441 3410 illum
3471 3354 3644 3409 facere
3668 3354 3774 3410 alio

2177 3447 2301 3519 quid
2342 3448 2462 3519 plus
2499 3462 2655 3517 quam
2698 3454 2781 3502 est
2821 3447 2999 3501 homo.
3041 3445 3174 3513 Quid
3218 3445 3334 3516 plus
3374 3444 3520 3501 illum
3549 3443 3773 3503 volebat

2177 3522 2373 3603 facere,
2399 3538 2483 3591 cui
2509 3535 2717 3590 valebat
2755 3536 3028 3590 avaritiam
3070 3533 3302 3589 tollere?
3331 3533 3464 3599 Quid
3490 3549 3610 3588 eum
3640 3534 3771 3602 plus

2176 3627 2387 3681 valebat
2414 3626 2615 3681 facere?
2644 3627 2769 3682 Dico
2795 3625 2980 3680 vobis:
3012 3623 3125 3696 Ego
3156 3624 3284 3690 dixi,
3319 3624 3391 3677 dii
3433 3625 3570 3689 estis,
3597 3633 3641 3677 et
3664 3623 3771 3691 ﬁlii

2177 3716 2422 3771 Altissimi
2443 3733 2610 3771 omnes
2640 3715 2808 3787 (Psal.
2832 3713 3041 3787 LXXXI).
3067 3714 3205 3769 Ecce
3230 3713 3370 3785 quod
3400 3728 3520 3769 cum
3546 3713 3770 3777 volebat

2178 3809 2372 3881 facere,
2402 3810 2537 3864 inter
2554 3808 2681 3862 deos
2702 3822 2983 3862 numerare
3001 3805 3091 3877 qui
3115 3806 3387 3861 avaritiam
3411 3820 3513 3857 non
3537 3802 3708 3861 habet
3725 3806 3767 3860 '.

2178 3902 2365 3968 flama,
2396 3902 2505 3975 quis
2533 3918 2610 3955 me
2634 3900 2885 3954 constituit
2914 3899 3179 3953 divisorem
3212 3899 3340 3953 inter
3364 3896 3485 3951 vos!
3523 3896 3589 3951 Et
3616 3896 3768 3959 Pan,

2178 3995 2261 4049 lus
2286 3994 2555 4069 apostolus
2576 4006 2761 4048 servus
2790 3991 2953 4062 ipsius
2974 4032 2988 4057 ,
3024 3988 3236 4061 quando
3259 3988 3470 4048 dicebat
3487 4029 3503 4057 ,
3537 3988 3768 4045 Obsecro

2175 4102 2280 4150 vos,
2305 4089 2505 4155 fratres,
2533 4092 2588 4136 ut
2607 4082 2823 4152 idipsunt
2852 4081 3029 4134 dicatis
3051 4095 3221 4134 omnes
3240 4119 3256 4145 ,
3279 4089 3444 4133 etnon
3465 4078 3563 4133 sint
3584 4078 3635 4131 in
3668 4094 3767 4133 eo»

2178 4176 2250 4229 bis
2286 4175 2588 4240 schismata,
2621 4173 2833 4231 nolebat
2870 4186 2989 4226 esse
3025 4170 3248 4226 divisor.
3286 4163 3520 4240 Denique
3548 4170 3770 4226 monuit

2176 4281 2269 4322 eos
2294 4266 2380 4335 qui
2406 4265 2472 4319 ad
2503 4264 2663 4335 ipsius
2692 4278 2883 4319 nomen
2910 4260 3213 4326 currebant,
3242 4268 3295 4315 et
3319 4260 3586 4315 Christum
3615 4258 3765 4314 divi-

2175 4355 2407 4411 debant:
2447 4353 2794 4423 Unusquisque
2835 4362 3050 4406 vestrum
3079 4350 3230 4417 dicit,
3274 4350 3381 4423 Ego
3415 4366 3527 4404 sum
3566 4348 3764 4419 Pauli,

2175 4464 2264 4522 ego
2294 4447 2505 4519 Apollo,
2543 4463 2632 4519 ego
2661 4445 2868 4516 Ceplue,
2898 4461 2990 4516 ego
3030 4444 3232 4499 Christi.
3262 4441 3463 4496 Divisus
3498 4452 3568 4496 est
3602 4441 3764 4496 Citrio

2173 4539 2319 4592 stus?
2358 4536 2619 4608 Numquid
2646 4534 2841 4593 Paulus
2867 4552 2958 4605 ριό
2986 4534 3119 4588 vobis
3147 4532 3419 4601 cruci/imus
3453 4533 3565 4585 est?
3585 4541 3676 4586 aut
3708 4533 3767 4587 in

2174 4629 2372 4683 nomine
2399 4626 2554 4683 Pauli
2584 4626 2820 4698 baptizati
2849 4625 2965 4679 estis
2995 4624 3013 4693 (
3038 4624 3056 4678 1
3088 4623 3205 4678 Cor.
3238 4638 3275 4691 ι,
3300 4620 3535 4692 10-13)?
3566 4620 3765 4676 Videte

2171 4734 2298 4790 ergo
2317 4760 2332 4785 ,
2374 4732 2531 4788 quam
2562 4716 2686 4771 mali
2715 4717 2822 4770 sint
2850 4714 3090 4772 homines
3110 4754 3123 4778 ,
3151 4714 3238 4786 qui
3271 4715 3451 4767 volunt
3476 4728 3596 4767 esse
3620 4711 3768 4767 divi-

2172 4823 2311 4874 sum,
2338 4807 2427 4879 qui
2454 4806 2624 4861 noluit
2659 4821 2779 4861 esse
2811 4804 3029 4859 divisor.
3067 4804 3191 4873 Quis
3222 4820 3317 4871 me,
3349 4804 3535 4874 inquit,
3562 4804 3764 4860 consti~

2171 4902 2264 4955 luit
2285 4900 2546 4953 divisorem
2566 4899 2694 4954 inter
2713 4914 2797 4952 vos
2814 4897 2839 4957 1’
3794 4936 3799 4941 .

2242 4991 2469 5049 CAPUT
2508 4992 2593 5048 Ill.
2621 5022 2692 5031 —
2734 4993 2786 5046 4.
2827 4989 3063 5045 Avaritiae
3100 4990 3370 5043 damnatur
3408 4989 3493 5059 qui
3536 4988 3613 5042 vel
3660 5006 3767 5043 sua

2172 5087 2355 5159 cupide
2407 5093 2591 5140 servat.
2642 5083 2825 5140 Petisli
2871 5081 3183 5138 beneficium
3224 5097 3237 5133 :
3279 5080 3398 5134 audi
3444 5079 3763 5139 consilium.

2174 5179 2286 5252 Ego
2321 5178 2431 5231 dico
2460 5178 2595 5231 vobis
2615 5216 2628 5239 ,
2658 5185 2821 5228 cavete
2859 5175 2921 5227 ab
2960 5173 3095 5226 omni
3130 5172 3419 5242 cupiditate.
3449 5170 3640 5238 Forte,
3674 5171 3765 5227 in-

2173 5271 2307 5340 quit,
2340 5277 2393 5324 tu
2424 5282 2637 5321 avarum
2667 5274 2722 5319 et
2746 5264 2994 5335 cupidum
3021 5262 3245 5327 diceres,
3268 5262 3312 5317 si
3340 5271 3605 5333 qumreret
3622 5262 3767 5318 alie-

2176 5377 2239 5417 na
2267 5378 2279 5413 :
2314 5375 2411 5431 ego
2436 5366 2613 5414 autem
2640 5356 2780 5424 dico,
2811 5356 2999 5426 cupide
3024 5365 3078 5411 et
3100 5371 3257 5409 avare
3278 5371 3381 5411 non
3409 5363 3626 5425 appetas
3652 5370 3767 5413 nec

2176 5460 2283 5506 tua.
2314 5451 2425 5506 llnc
2450 5458 2551 5515 est,
2573 5449 2636 5503 ab
2661 5448 2815 5502 omni.
2845 5446 3041 5513 Cavete,
3068 5446 3255 5517 inquit,
3278 5445 3340 5499 ab
3361 5444 3496 5499 omni
3517 5445 3764 5501 avaritia.

2176 5543 2417 5612 Magnum
2446 5540 2673 5610 pondus.
2704 5538 2761 5596 Si
2790 5537 2927 5593 forte
2952 5536 3053 5592 hac
3087 5536 3293 5608 pondus
3332 5534 3556 5591 inﬁrmis
3583 5534 3768 5604 impoo

2176 5636 2346 5699 nitur;
2392 5641 2608 5703 rogetur
2641 5642 2697 5685 ut
2732 5630 2819 5701 qui
2859 5629 3101 5701 imponit,
3135 5629 3274 5686 vires
3315 5628 3441 5685 dare
3482 5626 3764 5700 dignetur.

2288 5812 2381 5856 tm.
2409 5810 2459 5855 et
2481 5809 2572 5865 En,
2598 5814 2688 5854 non
2710 5799 2895 5857 habent.
