4126 6322
425 326 528 384 629

424 446 539 502 Non
569 443 713 500 enim
743 443 926 500 leviter
946 442 1242 500 habendum
1280 451 1387 504 est,
1418 442 1605 496 fratres
1635 441 1758 507 mei,
1787 439 1998 511 quando

425 536 679 591 Dominus
719 543 920 608 uoster,
955 534 1275 604 Redemptor
1303 542 1502 598 noster,
1531 532 1773 588 Salvator
1799 539 1994 597 uoster,

423 628 510 698 qui
545 635 784 682 tuortuus
805 633 887 680 est
910 641 1007 695 pro
1031 625 1204 690 nobis,
1234 625 1321 695 qui
1362 624 1669 692 sanguinem
1697 637 1848 676 suum
1880 637 1999 691 prc-

424 721 551 776 tium
579 718 747 786 dcdit,
775 727 830 772 ut
859 716 1142 772 redimeret
1173 730 1268 770 nos
1286 758 1300 782 ,
1329 715 1614 769 advocatus
1637 722 1690 768 et
1712 713 1874 784 judcx
1903 727 1996 766 no-

421 821 564 877 stcr;
597 825 701 862 non
748 819 830 864 est
872 808 1022 874 leve,
1071 807 1282 877 quando
1311 805 1466 871 dicit,
1500 805 1691 860 Cavete.
1722 804 1874 859 Novit
1911 803 1997 858 ille

419 909 672 970 quantum
703 897 827 958 mali
861 898 929 953 sit
961 916 975 953 :
1021 914 1119 952 nos
1149 914 1251 951 non
1293 898 1565 960 novimus;
1596 896 1666 951 illi
1695 895 1992 951 credamus.

418 993 617 1057 Cavete,
667 991 853 1061 inquit.
883 989 1058 1056 Quid?
1085 989 1261 1044 unde?
1302 989 1374 1042 Ab
1403 988 1540 1042 omni
1566 987 1796 1042 avaritia.
1824 987 1992 1040 Meum

416 1098 595 1148 servo,
621 1098 724 1136 non
745 1080 974 1136 alienum
1001 1081 1145 1136 tollo.
1169 1078 1348 1134 Cavete
1373 1079 1433 1132 ab
1461 1078 1598 1133 omni
1621 1078 1850 1130 avaritia.
1877 1076 1992 1132 Non

417 1174 588 1228 solum
625 1187 818 1226 avarus
847 1172 1040 1242 estqui
1077 1172 1212 1242 rapit
1251 1171 1420 1224 aliena
1443 1188 1457 1236 ;
1484 1170 1578 1225 scd
1607 1179 1661 1224 ct
1687 1170 1771 1224 ille
1803 1184 1993 1225 avarus

416 1263 606 1332 estqui
635 1262 825 1332 cupide
856 1272 1031 1316 servat
1063 1276 1176 1315 sua.
1219 1260 1321 1316 Sed
1349 1261 1392 1316 si
1417 1261 1492 1314 sic
1517 1261 1759 1329 culpatur
1781 1259 1868 1329 qui
1895 1275 1990 1314 cu-

415 1350 537 1426 pide
566 1359 742 1406 servat
767 1365 892 1414 sua;
921 1350 1184 1420 quomodo
1204 1349 1485 1404 damnatur
1509 1349 1596 1420 qui
1628 1349 1763 1418 rapit
1785 1348 1990 1404 aliena?

414 1439 612 1507 Cavete,
645 1441 832 1511 inquit,
863 1441 924 1494 ab
943 1443 1044 1496 omi
1062 1441 1336 1512 cupiditate
1356 1459 1374 1494 :
1397 1441 1514 1511 quia
1534 1457 1633 1495 non
1655 1442 1705 1494 in
1725 1440 1989 1496 abundan-

415 1531 486 1583 tia
510 1531 723 1585 hominis
753 1541 824 1586 est
853 1531 951 1586 vita
975 1533 1084 1604 ejus
1110 1548 1174 1587 ea:
1194 1533 1269 1586 his
1297 1547 1407 1600 qua:
1432 1531 1496 1585 ibi
1525 1531 1687 1586 habet.
1719 1531 1873 1586 Multa
1900 1531 1988 1600 qui

415 1606 676 1684 recondit,
700 1630 952 1691 quantum
983 1621 1105 1677 inde
1127 1622 1261 1676 tollit
1282 1631 1338 1678 ut
1358 1621 1534 1676 vivat?
1558 1622 1688 1675 Cum
1712 1621 1887 1676 tulerit
1907 1621 1988 1675 in-

413 1710 503 1776 de,
555 1718 613 1764 et
657 1711 884 1782 quodam
935 1711 1092 1766 modo
1133 1711 1448 1782 cogitatione
1482 1711 1803 1782 separaverit
1845 1711 1986 1780 quod

412 1798 641 1853 sufliciat
669 1800 806 1855 unde
831 1801 989 1866 vivat,
1017 1801 1188 1856 videat
1214 1811 1401 1856 etetcra
1432 1801 1515 1855 cui
1546 1810 1888 1856 remaneant:
1920 1817 1988 1856 ne

413 1890 550 1945 forte
589 1905 708 1945 cunt
739 1906 921 1946 servas
947 1891 1086 1946 unde
1116 1891 1280 1960 vivas,
1307 1893 1522 1962 colligas
1553 1892 1692 1949 unde
1719 1893 1982 1948 moriaris.

412 1981 550 2036 Ecce
574 1981 836 2050 Christus,
852 1999 977 2038 ecce
1002 1982 1215 2049 veritas,
1243 1999 1368 2039 ecce
1384 1983 1659 2039 severitas.
1686 1984 1883 2052 Cavete,
1906 1986 1988 2039 di-

359 2103 374 2108 -
410 2073 484 2126 cit
508 2073 704 2129 veritas
729 2093 743 2128 :
765 2071 958 2138 Cavete,
999 2074 1124 2131 dicit
1151 2077 1425 2130 severitas.
1454 2075 1509 2129 Si
1540 2092 1643 2129 non
1672 2092 1816 2131 amas
1846 2077 1983 2131 veri-

412 2174 604 2229 tatem,
635 2165 760 2220 time
796 2167 1152 2220 severitatem.
1196 2166 1317 2220 Non
1357 2169 1407 2221 in
1437 2168 1742 2222 abundantia
1769 2170 1984 2223 hominis

409 2265 482 2308 est
508 2257 604 2310 rita
625 2258 733 2329 ejus
755 2275 820 2312 ea:
839 2258 916 2312 his
951 2274 1062 2324 qua:
1089 2259 1250 2313 habet.
1288 2259 1455 2316 Crede
1486 2260 1591 2324 illi,
1625 2276 1726 2314 non
1761 2269 1810 2316 te
1833 2261 1978 2314 fallit.

405 2344 602 2400 Contra
643 2357 694 2402 tu
731 2347 900 2404 dicis?
925 2349 1035 2404 lmo
1063 2349 1113 2404 in
1144 2349 1462 2404 abundantia
1493 2350 1720 2406 hominis
1757 2361 1838 2406 est
1877 2354 1981 2405 vita

406 2437 524 2508 ejus
549 2455 612 2494 ex
645 2440 726 2494 his
750 2457 868 2511 qua:
894 2441 1068 2496 habet.
1099 2441 1190 2497 llle
1226 2451 1277 2498 te
1311 2457 1415 2496 non
1454 2442 1586 2498 fallit
1615 2461 1628 2496 :
1663 2451 1717 2498 tu
1745 2453 1794 2498 tc
1823 2445 1978 2498 fallis.

479 2529 704 2588 CAPUT
745 2529 832 2585 IV.
881 2563 951 2571 â€”
990 2533 1043 2587 5.
1091 2531 1242 2588 Dives
1280 2533 1571 2602 imprudens
1611 2534 1697 2604 qui
1735 2551 1982 2588 reservare

409 2621 662 2691 amponit,
687 2638 786 2675 non
832 2637 1055 2693 erogare.
1102 2623 1181 2678 Ex
1211 2623 1308 2680 hac
1337 2640 1463 2695 ergo
1505 2625 1816 2691 occasione,
1859 2625 1980 2696 quia

412 2709 772 2778 iuterpellator
799 2710 888 2765 ille
911 2721 1111 2782 partem
1132 2727 1280 2768 suam
1305 2715 1596 2784 quaerebat,
1625 2730 1729 2768 non
1755 2714 1978 2769 alienam

406 2799 659 2854 invadere
683 2801 960 2870 cupiebat,
994 2811 1113 2857 nata
1145 2811 1230 2858 est
1254 2804 1352 2858 ista
1378 2806 1636 2858 sententia
1665 2805 1890 2870 Domini,
1924 2814 1980 2860 ut

403 2904 509 2942 non
537 2887 764 2954 diceret,
795 2889 971 2945 Cavete
993 2891 1060 2946 ab
1095 2892 1336 2960 avaritia,
1365 2893 1456 2948 sed
1487 2893 1723 2960 adderet,
1753 2894 1816 2947 ab
1844 2893 1980 2949 omni

402 2981 633 3034 avaritia.
665 2981 857 3048 [Rarum
884 2982 980 3038 fuit
1011 3000 1024 3036 :
1055 2983 1144 3038 dat
1177 2983 1401 3040 alterum
1433 2986 1730 3054 exemplum
1759 2985 1825 3041 de
1848 3002 1980 3056 quo-

401 3071 524 3126 dam
558 3071 741 3140 divite,
775 3073 860 3129 cui
887 3085 1214 3132 successerat
1244 3077 1408 3148 regio.
1436 3077 1580 3142 Erat,
1612 3072 1800 3150 inquit,
1830 3080 1978 3135 hoino

398 3164 555 3228 dives,
583 3164 667 3220 cui
689 3174 988 3220 successerat
1011 3168 1167 3238 regio.
1197 3168 1334 3235 Quid
1374 3177 1456 3224 est
1476 3210 1489 3235 ,
1513 3173 1856 3226 successerat?
1873 3171 1981 3226 Ma-

399 3269 534 3324 gnos
568 3254 773 3312 fructus
814 3258 1062 3315 attulerat
1103 3259 1249 3329 regio
1281 3275 1437 3331 quam
1461 3259 1783 3331 possidebat.
1810 3263 1977 3328 Quam

399 3361 620 3417 magnos
639 3345 878 3404 fructus?
909 3348 974 3406 Ut
995 3364 1098 3404 non
1123 3349 1384 3408 inveniret
1407 3351 1496 3406 ubi
1523 3361 1780 3421 poneret:
1810 3352 1977 3408 factus

397 3445 481 3492 est
507 3426 680 3492 subito
697 3453 792 3510 per
812 3439 1185 3496 abundantiam
1206 3451 1482 3512 angustus,
1503 3458 1692 3499 avarus
1709 3444 1976 3514 antiquus.

396 3528 538 3602 Quot
564 3531 707 3585 enim
735 3531 857 3586 anni
878 3531 988 3602 jam
1015 3531 1365 3597 transierant,
1389 3543 1441 3588 et
1468 3545 1642 3591 tamen
1669 3535 1857 3590 horrea
1890 3536 1976 3591 illa

396 3619 751 3685 sull'ecerant?
775 3621 998 3676 Tantum
1025 3637 1152 3692 ergo
1176 3632 1356 3678 natum
1384 3633 1486 3687 est,
1512 3632 1570 3678 ut
1598 3624 1711 3680 loca
1735 3639 1839 3679 non
1865 3626 1976 3680 suf-

396 3708 619 3765 ficerent
648 3727 768 3780 qua:
796 3710 1054 3766 solebant.
1094 3712 1159 3766 Et
1181 3713 1453 3782 quaerebat
1479 3713 1756 3767 consilium
1789 3715 1971 3780 miser,

394 3814 500 3854 non
547 3800 815 3874 quomodo
858 3810 1100 3871 erogaret
1142 3803 1281 3871 quod
1323 3804 1438 3872 plus
1466 3812 1646 3860 natum
1690 3814 1836 3871 erat,
1878 3805 1973 3860 sed

393 3890 664 3959 quomodo
689 3899 992 3946 reservaret
1015 3910 1027 3946 :
1060 3901 1116 3947 et
1138 3892 1417 3962 cogitando
1445 3895 1646 3949 invenit
1670 3895 1968 3949 consilium.

397 3981 561 4048 Quasi
592 3982 806 4050 sapiens
833 3983 932 4038 sibi
972 3983 1116 4038 visus
1148 3993 1260 4046 est,
1303 3985 1623 4040 inveniendo
1669 3986 1968 4041 consilium.

394 4070 689 4126 Prudenter
708 4072 974 4142 cogitavit,
1002 4073 1270 4142 sapienter
1289 4073 1434 4129 vidit.
1457 4074 1590 4142 Quid
1614 4075 1740 4130 vidit
1763 4076 1971 4145 sapien-

397 4163 510 4219 ter?
534 4161 824 4228 Destruam,
845 4163 1031 4234 inquit,
1053 4165 1232 4219 horrea
1245 4175 1427 4234 uetera,
1445 4175 1494 4221 et
1511 4167 1695 4236 faciant
1715 4184 1840 4220 nova
1860 4184 1970 4220 am-

395 4253 588 4322 pliora,
629 4267 676 4307 et
711 4255 932 4325 implebo"
951 4273 1010 4310 ea
1037 4272 1056 4310 :
1078 4265 1124 4311 et
1151 4257 1264 4312 dico
1289 4258 1476 4313 animae
1508 4274 1650 4312 metu.
1674 4259 1809 4326 Quid
1833 4259 1968 4314 diels

395 4341 586 4396 animus
611 4344 752 4398 tum?
793 4345 993 4412 Anima,
1019 4345 1169 4401 habes
1195 4348 1354 4402 multa
1379 4349 1508 4402 bona
1526 4349 1580 4402 in
1615 4365 1775 4404 annos
1801 4349 1966 4418 pluri-

394 4447 504 4486 mos
534 4433 784 4502 reposita,
818 4439 1065 4505 requiesce
1083 4479 1098 4505 ,
1125 4440 1409 4508 manduca,
1439 4440 1575 4506 bibe,
1601 4442 1823 4508 epulare.
1856 4442 1968 4498 lloc

394 4521 528 4577 dixit
553 4525 766 4593 sapiens
784 4525 1030 4583 inventor
1055 4529 1260 4584 consilii
1286 4531 1476 4586 animae
1502 4547 1630 4587 suas.

463 4612 688 4668 CAPUT
726 4615 789 4669 V.
817 4646 887 4657 â€”
909 4617 964 4672 6.
994 4618 1188 4673 Anima:
1209 4621 1570 4676 consulendum
1587 4639 1686 4678 non
1705 4632 1758 4678 ut
1787 4624 1962 4680 habeat

395 4700 550 4769 bona,
577 4705 664 4759 sed
693 4715 746 4760 ut
768 4707 879 4777 ipsa
909 4708 972 4762 sit
1001 4708 1149 4764 bona.
1177 4709 1244 4764 Et
1269 4711 1406 4766 Deus
1442 4713 1510 4766 ad
1533 4715 1677 4769 illuni
1706 4733 1726 4770 :
1749 4717 1839 4787 qui
1864 4734 1963 4775 nec

394 4805 514 4844 eum
560 4793 735 4848 stultis
773 4796 914 4865 loqui
949 4796 1283 4869 dedignatur.
1317 4803 1522 4872 Aliquis
1553 4813 1789 4861 vestrum
1824 4807 1963 4863 forte

393 4880 570 4938 dicat:
603 4884 672 4940 Et
697 4889 964 4956 quomodo
1002 4891 1142 4947 Deus
1179 4908 1298 4948 cum
1341 4897 1502 4949 stulto
1538 4898 1742 4952 locutus
1771 4900 1890 4953 est?
1917 4899 1962 4954 ÎŸ

392 4971 580 5030 fratres
606 4978 740 5042 mei,
769 4993 890 5034 cum
918 4983 1128 5050 quantis
1156 4985 1329 5040 stultis
1357 4985 1444 5041 hic
1471 4987 1720 5056 loquitur,
1749 4989 1962 5060 quando

393 5064 732 5136 Evangelium
763 5071 1057 5127 recitatur?
1086 5074 1304 5140 Quando
1342 5077 1536 5153 lectum
1574 5087 1689 5146 est,
1736 5080 1824 5150 qui
1862 5096 1958 5134 au-

389 5155 540 5227 diunt
567 5167 620 5213 et
659 5177 761 5216 non
805 5162 1038 5230 faciunt,
1082 5167 1223 5220 stulti
1253 5181 1357 5222 non
1385 5172 1548 5224 sunt?
1575 5171 1708 5238 Quid
1737 5188 1864 5244 ergo
1887 5177 1960 5229 ait

393 5249 677 5308 Dominus?
697 5254 829 5321 Quia
860 5257 950 5312 ille
978 5258 1077 5312 sibi
1104 5260 1295 5315 iterum
1322 5262 1375 5315 in
1402 5263 1714 5320 inveniendo
1738 5268 1959 5322 consilio

387 5342 598 5410 capietis
621 5345 897 5402 videbatur
922 5365 936 5402 :
964 5347 1162 5416 Stulte,
1190 5351 1390 5423 inquit;
1429 5354 1614 5422 Stulte,
1635 5357 1724 5427 qui
1752 5359 1844 5412 tibi
1874 5375 1958 5414 sa-

388 5432 538 5498 piens
564 5435 794 5493 tideris:
823 5439 1019 5507 Stulte,
1048 5442 1140 5512 qui
1177 5442 1354 5499 dixisti
1383 5447 1573 5502 anima:
1612 5455 1744 5514 tute,
1788 5448 1957 5504 Habes

389 5524 546 5577 multa
569 5527 699 5582 bona
722 5532 942 5600 reposita
966 5533 1020 5586 in
1051 5549 1211 5589 annos
1239 5535 1480 5606 plurimos
1500 5554 1520 5592 .'
1548 5539 1696 5593 hodie
1717 5540 1957 5610 repetitur

387 5633 419 5667 a
444 5626 490 5669 te
515 5618 684 5673 anima
711 5627 816 5675 tua.
848 5621 941 5676 Cui
969 5623 1181 5692 dixisti,
1227 5625 1393 5682 Habes
1418 5627 1581 5683 multa
1597 5627 1759 5692 bona;
1797 5627 1955 5685 hodie

390 5709 676 5779 repetitur,
718 5721 774 5776 et
806 5711 1010 5770 nullum
1049 5715 1206 5776 habet
1243 5717 1459 5775 bonum.
1487 5718 1801 5776 Contemnat
1841 5719 1954 5777 luce

1861 323 2089 378 SEllllO
2128 323 2278 382 CVII.

3570 343 3675 402 650

2113 441 2266 504 bona,
2300 453 2350 497 ct
2379 445 2447 498 sit
2467 445 2575 516 ipsa
2600 448 2769 516 bona;
2793 459 2848 504 ut
2873 451 3085 522 quando
3115 454 3387 522 repetitur,
3413 465 3564 510 exeat
3587 473 3674 514 se-

2103 546 2251 586 cura.
2277 532 2410 600 Quid
2429 537 2567 590 enim
2593 546 2675 592 est
2703 538 2928 609 iniquius
2957 539 3169 596 homine
3188 583 3202 608 ,
3234 543 3320 612 qui
3348 543 3508 598 multa
3535 544 3673 602 bona

2104 621 2299 676 habere
2327 623 2468 691 vult,
2513 634 2567 679 et
2607 628 2774 683 bonus
2804 630 2915 700 ipse
2955 645 3075 686 esse
3121 647 3222 686 non
3253 633 3395 686 vult?
3425 632 3673 703 Indignus

2101 728 2160 769 es
2183 714 2272 784 qui
2293 713 2506 780 habeas.
2530 718 2616 788 qui
2637 735 2740 773 non
2767 720 2844 773 vis
2865 735 2984 775 esse
3004 722 3140 792 quod
3167 722 3243 775 vis
3263 721 3476 778 habere.
3503 723 3668 779 Nunt-

2099 805 2224 874 quid
2249 806 2389 860 enim
2417 806 2495 862 vis
2520 807 2714 866 habere
2739 810 2913 864 villam
2942 812 3171 866 malam?
3199 812 3311 867 Non
3340 814 3540 883 utique,
3572 815 3666 872 sed

2100 893 2313 952 bonam.
2344 896 2605 968 Numquid
2634 914 2847 969 uxorem
2879 902 3108 958 malam?
3146 902 3258 958 Non
3279 946 3292 969 ,
3314 895 3423 960 sed
3451 905 3664 962 bonam.

2097 981 2358 1058 Numquid
2387 987 2613 1058 denique
2639 991 2869 1046 casulam
2893 993 3120 1048 malam?
3139 993 3399 1066 Numquid
3429 997 3506 1051 vel
3537 998 3666 1052 cali-

2095 1091 2214 1147 gam
2242 1077 2466 1132 malam?
2505 1078 2678 1148 Quare
2711 1083 2938 1138 animam
2977 1085 3140 1138 solam
3181 1086 3408 1140 malam?
3436 1086 3549 1142 Non
3581 1089 3665 1142 hic

2094 1164 2226 1220 dixit
2253 1168 2416 1223 stulto
2447 1169 2566 1224 huic
2594 1186 2722 1224 vana
2751 1172 3032 1242 cogitanti,
3066 1172 3252 1230 horrea
3278 1174 3579 1241 aedificanti,
3611 1189 3663 1232 et

2093 1265 2306 1311 ventres
2349 1275 2636 1329 paupertun
2676 1278 2781 1318 non
2829 1262 3059 1328 videnti;
3106 1279 3210 1319 non
3255 1265 3325 1342 illi
3356 1265 3456 1331 ait,
3497 1266 3664 1322 llodic

2091 1349 2265 1403 anima
2296 1358 2381 1406 tua
2405 1351 2638 1420 rapietur
2665 1352 2728 1408 ad
2756 1353 3048 1424 gehennam
3084 1373 3096 1408 :
3131 1355 3256 1409 nihil
3285 1356 3469 1410 horum
3499 1357 3660 1424 dixit;

2091 1437 2206 1502 sed,
2237 1441 2474 1512 repetitur
2507 1458 2538 1493 a
2573 1451 2637 1494 te.
2679 1441 2792 1497 Non
2832 1444 2920 1497 tibi
2958 1443 3075 1502 dico
3115 1445 3289 1498 anima
3319 1453 3402 1498 tua
3445 1462 3550 1515 quo
3595 1447 3666 1500 sit

2093 1525 2223 1581 itura
2260 1546 2272 1580 :
2315 1527 2438 1584 hinc
2476 1538 2650 1586 tamen
2686 1531 2772 1588 ubi
2802 1532 2873 1586 illi
2913 1541 3054 1586 tanta
3095 1547 3310 1598 servas,
3349 1534 3478 1588 velis
3507 1535 3662 1601 nolis,

2090 1627 2170 1670 cst
2198 1617 2499 1687 migratura.
2530 1620 2667 1676 Ecce
2688 1663 2701 1684 ,
2741 1621 2919 1687 stulte,
2947 1623 3184 1691 cogitasti
3225 1622 3444 1692 implere
3472 1624 3662 1678 horrea

2090 1725 2221 1763 nova
2254 1711 2474 1779 majora,
2503 1714 2648 1782 quasi
2679 1729 2782 1766 non
2810 1713 2877 1768 sit
2904 1712 3024 1784 quid
3049 1713 3170 1768 inde
3197 1712 3304 1767 ï¬at.

2158 1801 2384 1856 CAPUT
2428 1802 2508 1854 Vl.
2537 1831 2610 1843 â€”~
2647 1806 2698 1858 7.
2747 1803 2960 1875 Signum
3007 1803 3190 1858 Christi
3230 1804 3280 1859 in
3318 1808 3481 1875 fronte
3516 1803 3654 1857 intus

2090 1900 2342 1961 portantes
2389 1893 2554 1945 securi
2598 1901 2714 1946 sunt
2758 1894 2887 1946 inter
2929 1895 3109 1947 malos.
3147 1893 3252 1953 Sed
3299 1893 3522 1949 fortasse
3573 1894 3662 1950 ille

2088 1982 2319 2036 nondum
2347 1981 2442 2036 fuit
2479 1983 2816 2038 Christianus.
2846 1984 2952 2039 Nos
2980 1983 3276 2050 audiamus,
3303 1983 3512 2050 fratres,
3537 1986 3660 2055 quiâ€”

2086 2071 2184 2126 bus
2225 2072 2561 2127 credentibus
2605 2074 2944 2143 Evangelium
2986 2075 3255 2140 recitatur,
3284 2091 3313 2130 a
3341 2075 3530 2146 quibus
3569 2075 3657 2144 qui

2087 2161 2174 2215 illa
2211 2163 2344 2216 dixit
2386 2163 2653 2231 adoratur,
2679 2165 2830 2235 cujus
2873 2166 3078 2235 signum
3125 2182 3154 2220 a
3199 2166 3352 2220 nobis
3396 2166 3446 2220 in
3487 2164 3662 2221 fronte

2085 2263 2345 2323 portatur,
2390 2263 2444 2310 et
2482 2255 2534 2310 in
2575 2257 2739 2310 corde
2789 2257 3032 2312 habetur.
3066 2257 3288 2312 Interest
3326 2259 3465 2314 enim
3499 2259 3662 2329 pluri-

2085 2359 2227 2397 mum
2256 2344 2342 2400 ubi
2370 2343 2558 2400 habeat
2584 2347 2742 2401 homo
2766 2348 2973 2417 signum
3004 2347 3220 2413 Christi,
3247 2359 3420 2404 utrum
3445 2348 3496 2402 in
3521 2350 3663 2404 fron-

2087 2444 2156 2500 te,
2191 2450 2256 2489 an
2284 2444 2337 2490 et
2384 2437 2434 2490 in
2479 2435 2653 2492 fronte
2694 2447 2748 2492 et
2791 2437 2842 2492 in
2885 2437 3062 2492 corde.
3098 2439 3330 2492 Audistis
3353 2439 3476 2509 quid
3505 2438 3662 2494 hodie

2085 2525 2592 2581 Ezechielâ€˜sancuts
2636 2528 2888 2598 propheta
2933 2527 3270 2598 loquebatur,
3319 2528 3661 2599 quemadmo-

2083 2614 2206 2670 dum
2235 2624 2516 2686 antequam
2549 2618 2786 2671 mitteret
2818 2619 2953 2672 Deus
2983 2609 3449 2672 extcrminatorem
3481 2619 3660 2688 populi

2085 2707 2269 2776 iniqui,
2299 2707 2443 2761 misit
2468 2709 2712 2778 primitus
2741 2709 3086 2779 signatorem,
3110 2719 3164 2764 et
3190 2711 3260 2794 ait
3281 2710 3394 2764 illi:
3430 2709 3587 2774 Vade,
3613 2719 3660 2763 et

2083 2797 2149 2850 da
2177 2800 2370 2868 signant
2398 2800 2449 2852 in
2479 2799 2726 2869 frontibus
2749 2815 2920 2853 eorunt
2940 2801 3025 2870 qui
3053 2810 3254 2870 gemunt
3282 2808 3326 2854 et
3355 2809 3557 2854 niterent
3597 2800 3660 2853 de

2083 2889 2296 2958 peccatis
2319 2888 2496 2959 populi
2532 2889 2653 2956 mei,
2697 2905 2810 2958 qate
2851 2889 2981 2958 ï¬unt
3017 2890 3068 2942 in
3113 2889 3273 2944 medio
3321 2905 3508 2943 eorum.
3539 2889 3653 2943 Non

2082 2978 2234 3041 dixit,
2276 2995 2388 3048 qua:
2416 2980 2545 3047 ï¬unt
2573 2987 2721 3033 extra
2750 2980 2891 3049 ipsos
2924 2981 3020 3050 (a);
3049 2979 3164 3038 sud.
3196 2980 3247 3033 in
3274 2981 3434 3034 medio
3458 2997 3650 3034 eorum.

2081 3069 2311 3126 Gemunt
2339 3079 2513 3124 tamen
2557 3078 2611 3147 ct
2648 3078 2874 3124 mmrcnt
2907 3088 2919 3124 :
2959 3079 3012 3126 et
3049 3070 3170 3126 ideo
3206 3071 3394 3141 signati
3432 3079 3554 3124 sunt
3599 3069 3655 3126 in

2082 3161 2282 3228 fronte;
2316 3163 2368 3216 in
2399 3162 2572 3216 fronte
2615 3162 2880 3217 interioris
2924 3161 3173 3228 hominis,
3209 3178 3313 3217 non
3352 3162 3650 3217 exterioris.

2082 3252 2178 3308 Est
2201 3253 2343 3307 cnim
2369 3252 2514 3307 frons
2540 3253 2594 3307 in
2628 3252 2779 3317 facie,
2811 3261 2894 3307 est
2921 3251 3066 3307 frons
3093 3253 3145 3306 in
3172 3252 3515 3309 conscientia.
3548 3253 3652 3308 Dc-

2082 3345 2240 3413 nique
2267 3344 2550 3414 aliquando
2577 3345 2788 3416 quando
2809 3345 3029 3399 interior
3052 3343 3200 3399 frons
3222 3344 3477 3414 pulsatur,
3505 3353 3654 3399 exte-

2080 3435 2189 3489 rior
2229 3435 2565 3490 ubrubescit:
2595 3443 2684 3489 aut
2724 3435 2920 3503 pudore
2957 3435 3278 3502 obrubescit,
3323 3445 3414 3489 aut
3461 3427 3650 3490 timore

2079 3525 2335 3594 pallescit.
2361 3525 2455 3578 Est
2470 3540 2596 3594 ergo
2616 3524 2764 3579 frons
2790 3526 3016 3580 hominis
3044 3526 3327 3580 interioris.
3362 3526 3434 3580 lhi
3461 3525 3651 3595 signati

2079 3626 2202 3672 sunt
2233 3618 2327 3682 illi,
2358 3632 2424 3671 ne
2468 3618 2974 3687 vastarentur:quia
3016 3617 3113 3671 etsi
3155 3625 3366 3686 peccata
3410 3632 3528 3688 quze
3559 3617 3652 3672 lle-

2079 3711 2205 3764 hant
2230 3709 2282 3762 in
2310 3708 2485 3763 medio
2527 3723 2734 3774 eorum,
2767 3723 2871 3763 non
2901 3707 3266 3777 corrigebant;
3296 3715 3469 3762 tamen
3497 3707 3648 3763 dole-

2077 3799 2220 3864 bant,
2252 3807 2306 3854 et
2347 3800 2464 3869 ipso
2492 3812 2552 3854 se
2587 3799 2770 3862 dolore
2804 3799 3154 3868 separabant;
3183 3805 3233 3852 et
3257 3798 3485 3866 separati
3517 3797 3646 3864 Deo,

2075 3891 2245 3945 oculis
2274 3890 2544 3944 hominum
2589 3889 2739 3944 mixti
2779 3897 2948 3944 erant.
2977 3887 3264 3959 Signantur
3285 3887 3514 3953 occulte,
3541 3902 3647 3945 non

2075 3982 2338 4036 lrcdunlur
2363 3989 2566 4052 aperte.
2595 3980 2816 4035 Mittitur
2854 3989 3036 4051 postea
3077 3988 3331 4045 vastator,
3363 3985 3419 4033 ct
3453 3978 3648 4033 dicitur

2073 4071 2155 4126 ci:
2193 4070 2346 4136 Vade,
2378 4080 2537 4132 vasta,
2566 4086 2665 4124 non
2693 4086 2872 4140 parcas
2899 4069 3194 4134 minoribus,
3216 4066 3513 4138 majoribus,
3538 4083 3646 4121 ma-

2071 4159 2245 4228 sculis,
2271 4160 2470 4230 feminis
2493 4177 2511 4215 :
2534 4160 2623 4214 sed
2647 4159 2714 4212 ad
2739 4175 2822 4214 eos
2844 4159 2931 4230 qui
2950 4159 3129 4213 habent
3154 4158 3206 4212 in
3237 4158 3400 4228 fronte
3420 4158 3640 4226 signum,

2071 4269 2172 4307 non
2213 4253 2586 4323 appropinques
2621 4251 2830 4319 (Ezech.
2867 4267 2940 4315 ut,
2971 4250 3108 4324 4-6).
3136 4251 3336 4320 Quanta
3384 4250 3642 4306 securitas

2070 4343 2222 4397 vobis
2247 4342 2368 4397 data
2407 4353 2510 4406 est,
2544 4341 2732 4396 fratres
2760 4341 2884 4405 mei,
2916 4342 3004 4410 qui
3039 4341 3168 4396 estis
3215 4341 3266 4394 in
3312 4339 3413 4395 hoc
3447 4341 3642 4410 populo

2067 4441 2360 4504 gementes,
2385 4442 2433 4487 et
2457 4440 2744 4486 manentes
2769 4431 3074 4501 iniquitates
3095 4446 3212 4502 qua:
3239 4431 3371 4486 lluut
3390 4429 3442 4488 iu
3464 4430 3641 4487 medio

2067 4534 2322 4591 vestrum,
2348 4532 2404 4580 et
2432 4541 2535 4578 non
2566 4523 2856 4579 facientes?

2134 4614 2359 4671 CAPUT
2386 4613 2494 4669 Î Î™.
2515 4643 2586 4655 --
2609 4613 2663 4669 8.
2697 4613 2872 4667 (laeuis
2890 4612 3119 4677 avaritia,
3149 4628 3214 4669 ne
3235 4621 3480 4683 peccetur,
3505 4626 3637 4682 prte-

2065 4705 2295 4760 cidenda.
2326 4704 2397 4760 Ut
2423 4712 2600 4759 autem
2638 4703 2938 4773 iniquitates
2969 4719 3074 4756 non
3115 4701 3338 4768 faciatis,
3369 4701 3548 4757 Cavete
3568 4698 3634 4752 ab

2064 4797 2198 4849 omni
2227 4795 2455 4848 avaritia.
2483 4795 2614 4849 Dico
2640 4792 2788 4847 vobis
2809 4792 2982 4855 latius,
3009 4791 3134 4861 quid
3162 4799 3244 4846 est
3267 4791 3330 4844 ab
3355 4790 3488 4844 omni
3511 4806 3634 4844 aua-

2064 4886 2200 4939 ritia.
2232 4883 2286 4938 In
2317 4884 2534 4939 libidine
2560 4897 2750 4938 avarus
2773 4889 2876 4947 ost,
2893 4881 2975 4936 cui
3005 4897 3138 4935 uxor
3167 4895 3271 4934 non
3294 4879 3490 4934 suï¬‚icit
3509 4892 3629 4934 sua.

2065 4975 2130 5029 Et
2156 4974 2264 5044 ipsa
2282 4973 2578 5029 idololatria
2594 4971 2732 5027 dicta
2747 4981 2829 5027 est
2843 4972 3060 5025 avaritia
3083 4987 3096 5024 :
3123 4971 3241 5040 quin
3262 4979 3316 5025 et
3339 4969 3391 5024 in
3415 4970 3526 5039 ipsa
3541 4969 3630 5024 di-

2064 5065 2282 5118 vinitate
2308 5077 2499 5117 avarus
2527 5069 2626 5126 est,
2659 5063 2744 5117 cui
2777 5076 2878 5115 non
2907 5059 3095 5114 sufficit
3131 5061 3265 5114 Deus
3293 5074 3428 5114 uatis
3455 5071 3509 5115 et
3533 5073 3630 5115 ve-

2062 5169 2170 5209 rus.
2201 5154 2331 5222 Quae
2365 5151 2462 5207 sibi
2505 5151 2629 5207 facit
2674 5153 2866 5206 multos
2907 5151 3056 5218 deos,
3085 5149 3183 5204 nisi
3213 5165 3368 5204 avara
3416 5149 3630 5204 animal

2058 5246 2187 5314 Qua:
2212 5243 2309 5299 sibi
2341 5244 2464 5298 facit
2489 5255 2751 5314 martyres
2781 5243 2966 5307 falsos,
2996 5243 3095 5296 nisi
3119 5256 3277 5296 avara
3304 5241 3480 5295 anima
3508 5242 3590 5312 (b)

2059 5336 2234 5392 Cavete
2261 5336 2323 5390 ab
2343 5337 2479 5390 enini
2504 5337 2736 5391 avaritia.
2766 5337 2905 5391 Ecce
2939 5350 3086 5390 amas
3113 5343 3218 5400 tua,
3257 5342 3312 5390 et
3351 5335 3522 5405 jactas
3551 5348 3626 5395 te.

2058 5428 2176 5499 quia
2206 5443 2312 5482 non
2345 5427 2542 5496 qumris
2581 5424 2932 5481 alienazvide
2975 5424 3102 5496 quid
3143 5425 3266 5480 mali
3313 5424 3477 5481 facias
3518 5440 3627 5480 non

2061 5606 2072 5612 â€™
2119 5609 2137 5642 Î¹
2163 5613 2289 5661 Mss,
2309 5601 2516 5653 Audistis
2538 5600 2732 5664 quando
2753 5598 2986 5650 Ezechiel.

2117 5666 2191 5724 (is)
2223 5673 2332 5714 [nec
2354 5665 2401 5713 in
2426 5663 2707 5713 Donatistas.

2089 5729 2092 5732 â€™
2117 5721 2190 5789 (b)
2221 5728 2567 5776 Donatistarum
2588 5730 2820 5785 martyres
2842 5721 3126 5772 btdicautur.
