4006 6448
394 382 405 389 ·
446 381 543 436 σδι
1692 375 1751 432 s.
1790 340 2157 431 Acces'rttvt
2199 370 2503 430 EPISCOPI

444 500 711 559 audiendo
734 500 1004 557 Christum
1033 499 1320 564 dicentem,
1338 495 1517 553 Cavete
1539 495 1600 549 ab
1629 494 1766 549 omni
1788 491 2020 547 avaritia.

445 592 587 647 Ecce
615 605 764 646 amas
792 600 900 656 tua,
930 605 1035 646 non
1084 590 1229 644 tollis
1270 589 1443 643 aliena
1466 604 1480 642 :
1507 585 1576 642 de
1622 584 1802 640 labore
1840 582 2026 649 habes,

444 680 513 736 de
534 680 739 751 iustitia
766 680 932 737 habes
955 698 968 734 :
997 680 1170 736 hirres
1185 679 1400 734 relictus
1419 693 1497 743 es,
1519 675 1736 732 donavit
1760 673 1851 729 tibi
1868 687 2028 744 quem

446 772 788 842 promeruisti
816 789 828 826 :
855 771 1136 842 navigasti,
1177 769 1503 840 periclitatus
1540 782 1618 830 es,
1646 765 1884 821 fraudem
1923 777 2027 818 non

444 862 637 929 fecisti,
668 862 1007 919 mendacium
1043 876 1148 916 non
1170 856 1380 931 jurasd,
1410 858 1550 929 quod
1582 857 1722 912 Deus
1748 855 1911 910 voluit
1936 868 2027 908 ac-

442 953 652 1023 quisiSti
674 971 686 1006 :
713 962 766 1008 et
781 968 963 1008 servas
982 952 1172 1022 cupide
1190 960 1436 1021 tanquam
1456 949 1507 1003 in
1526 949 1661 1003 bona
1678 944 2025 1009 conscientia,

445 1045 565 1114 quia
614 1057 718 1099 non
763 1043 927 1099 habes
969 1043 1039 1098 de
1080 1042 1241 1107 malo,
1274 1049 1327 1095 et
1370 1055 1475 1094 non
1520 1037 1714 1109 quaeris
1750 1035 1944 1090 aliena.
1970 1032 2028 1089 Si

443 1152 551 1191 non
581 1136 817 1194 audieris
844 1137 987 1192 illum
1013 1136 1102 1207 qui
1130 1136 1281 1203 dixit,
1306 1132 1486 1191 Cavete
1525 1135 1586 1188 ab
1628 1132 1764 1186 onmi
1790 1130 2024 1198 avaritia,

440 1228 565 1282 audi
586 1237 779 1299 quanta
811 1229 947 1282 mala
974 1228 1209 1283 facturus
1246 1241 1306 1281 es
1356 1235 1572 1298 propter
1594 1232 1700 1279 tua.
1732 1223 1869 1278 Ecce
1895 1236 2027 1277 con-

444 1319 579 1392 tigit,
610 1318 756 1376 verbi
783 1321 971 1391 gratia,
1007 1328 1062 1375 ut
1089 1319 1247 1376 lieres
1283 1318 1467 1389 judex.
1497 1317 1613 1392 Non
1643 1314 2025 1386 corrumperis,

440 1413 564 1482 quia
595 1427 698 1466 non
729 1413 926 1482 qumris
955 1412 1128 1467 aliena
1154 1430 1167 1466 :
1197 1427 1355 1467 nemo
1386 1411 1478 1466 tibi
1514 1409 1604 1465 dat
1644 1408 1945 1479 prtemium,
1972 1415 2026 1462 et

439 1502 588 1567 dicit,
616 1502 803 1558 Judica
829 1511 1014 1558 contra
1039 1502 1403 1558 adversarium
1426 1500 1622 1556 meum.
1652 1500 1833 1565 Absit;
1865 1499 2028 1555 homo

439 1593 531 1664 qui
578 1609 681 1649 non
727 1594 924 1664 quaeris
966 1594 1161 1660 aliena,
1193 1593 1406 1667 quando
1443 1593 1535 1648 tibi
1567 1593 1669 1647 hoc
1715 1589 2024 1662 persuaderi

440 1685 651 1755 potest?
682 1684 809 1741 Vide
836 1684 959 1755 quid
989 1685 1116 1740 mali
1154 1685 1387 1739 facturus
1428 1684 1504 1739 sis
1547 1691 1764 1754 propter
1793 1692 1900 1737 tua.
1936 1681 2028 1737 Ille

438 1776 530 1845 qui
572 1776 682 1832 vult
727 1785 784 1831 ut
828 1776 966 1833 male
991 1776 1218 1847 judices,
1245 1785 1301 1832 et
1340 1790 1437 1848 pro
1484 1775 1602 1845 ipso
1645 1774 1786 1830 feras
1809 1783 2027 1831 senten-

440 1867 567 1921 tiam
603 1876 787 1922 contra
830 1866 1192 1923 adversarium
1234 1868 1419 1938 ipsius,
1449 1866 1585 1923 forte
1630 1875 1817 1937 potens
1864 1865 2026 1921 homo

438 1966 541 2023 est,
568 1967 621 2013 et
650 1968 824 2028 potest
868 1958 959 2013 tibi
998 1958 1316 2014 calumniam
1360 1958 1555 2023 facere,
1586 1966 1644 2012 ut
1677 1956 1871 2029 perdas
1911 1965 2021 2011 tua.

438 2049 685 2104 Attendis
727 2049 1018 2119 potentiam
1062 2048 1248 2120 ipsius,
1275 2048 1479 2120 cogitas
1509 2047 1673 2113 illam,
1702 2046 1905 2118 cogitas
1933 2059 2022 2103 tua

437 2156 556 2211 qua:
583 2156 788 2207 servas,
813 2156 932 2211 qua:
957 2156 1106 2196 amas
1130 2157 1143 2194 :
1174 2158 1277 2195 non
1307 2157 1426 2212 qua:
1453 2139 1755 2210 possedisti,
1782 2138 1876 2196 sed
1902 2139 2023 2210 qui-

435 2232 538 2287 bus
581 2232 720 2288 male
762 2231 1039 2289 inhtesisti.
1068 2232 1313 2289 Attendis
1359 2234 1565 2289 viscum
1608 2240 1778 2300 tuum,
1806 2242 2025 2304 prepter

436 2324 581 2397 quod
610 2324 805 2381 liberas
828 2325 1037 2381 virtutis
1062 2342 1167 2382 non
1196 2326 1361 2382 habes
1387 2341 1620 2396 pennas:
1643 2335 1698 2382 et
1724 2325 1859 2381 dicis
1884 2326 2022 2398 apud

439 2426 493 2471 te
522 2416 716 2487 ipsum,
748 2414 971 2472 Oti'endo
998 2417 1268 2472 hominem
1301 2418 1481 2483 istum,
1510 2418 1734 2472 multum
1758 2428 1930 2487 potest
1955 2418 2023 2473 ad

440 2519 682 2578 tempus;
711 2518 957 2580 suggeret
980 2507 1047 2564 de
1068 2524 1153 2566 me
1179 2509 1340 2577 mala,
1359 2517 1413 2563 et
1436 2510 1761 2580 proscribor,
1785 2517 1839 2565 et
1859 2509 2023 2579 perdo

434 2598 580 2669 quod
628 2600 820 2656 habeo.
852 2599 1191 2656 Judicaturus
1238 2616 1297 2657 es
1337 2601 1498 2670 male,
1527 2617 1633 2656 non
1668 2616 1789 2656 cum
1827 2601 2023 2673 qumris

434 2693 629 2756 aliena,
662 2692 755 2747 sed
777 2707 896 2747 cum
924 2708 1105 2748 servas
1135 2702 1243 2749 tua.

508 2780 735 2839 CAPUT
777 2782 911 2837 VIII.
939 2813 1009 2824 -—
1048 2783 1101 2839 9.
1156 2784 1351 2839 Rursus
1398 2784 1462 2838 de
1498 2785 1719 2855 periculo
1760 2786 1902 2840 avari
1946 2786 2023 2841 vel

436 2890 530 2927 sua
558 2874 741 2945 cupide
776 2876 1041 2930 servantis.
1076 2875 1153 2929 Da
1194 2875 1326 2931 mihi
1375 2875 1641 2931 hominem
1690 2878 1779 2948 qui
1821 2877 2023 2932 audivit

437 2964 730 3032 Christum,
760 2965 829 3021 da
861 2965 991 3021 mihi
1016 2967 1282 3022 hominem
1315 2968 1403 3038 qui
1428 2982 1549 3023 cum
1580 2969 1771 3024 timore
1798 2969 2019 3037 audivit,

354 3058 360 3064 ’
437 3053 617 3109 Cavete
630 3055 692 3110 ab
708 3056 845 3111 omni
863 3057 1137 3127 cupiditate
1155 3074 1176 3113 :
1192 3067 1245 3113 et
1265 3058 1518 3114 nonmihi
1538 3058 1701 3126 dicat,
1729 3057 1842 3130 Ego
1862 3060 2023 3117 homo

438 3164 641 3220 pauper
677 3164 817 3214 sum,
866 3150 1124 3219 plebeius,
1171 3150 1479 3217 mediocris,
1523 3152 1781 3222 gregalis;
1810 3154 2023 3225 quando

438 3258 599 3311 spero
644 3259 731 3299 me
773 3243 1007 3314 judicem
1036 3242 1312 3300 futurum?
1336 3244 1451 3300 Non
1483 3245 1642 3300 timeo
1667 3243 1821 3301 istam
1852 3254 2020 3302 tenta-

440 3334 661 3400 tionem,
684 3335 837 3404 cujus
881 3336 1175 3406 periculum
1222 3344 1347 3392 ante
1393 3336 1576 3392 oculos
1614 3337 1854 3408 posuisti.
1881 3338 2023 3396 Ecce

440 3424 560 3479 dico
585 3431 638 3479 et
663 3425 883 3496 pauperi
908 3425 1035 3495 quid
1068 3426 1254 3481 timere
1279 3413 1489 3481 debeat.
1520 3425 1689 3482 Vocat
1714 3435 1766 3482 te
1793 3427 1942 3484 dives
1968 3439 2023 3486 et

440 3527 653 3585 potens,
675 3529 733 3573 ut
772 3535 870 3589 pro
914 3519 1006 3575 illo
1050 3518 1197 3575 dicas
1243 3519 1436 3576 falsum
1469 3521 1851 3578 testimonium.
1884 3523 2022 3592 Quid

441 3608 679 3663 facturus
699 3623 760 3664 es
787 3610 980 3665 modo?
1007 3610 1100 3666 Dic
1119 3610 1269 3666 mihi.
1293 3611 1467 3667 llabes
1490 3612 1688 3668 bonum
1719 3615 2020 3684 peculium:

443 3701 718 3770 laborasti,
748 3703 1042 3775 acquisisti,
1074 3706 1317 3760 servasti.
1345 3706 1521 3776 Exigit
1548 3707 1675 3763 ille:
1701 3708 1795 3764 Dic
1820 3726 1917 3780 pro
1934 3723 2024 3768 me

442 3792 635 3849 falsum
665 3795 1049 3861 testimonium,
1077 3805 1129 3852 et
1169 3806 1370 3853 tantum
1409 3805 1466 3853 et
1505 3808 1706 3855 tantum
1734 3800 1877 3857 dono
1907 3803 2022 3859 tibi.

442 3884 522 3938 'l‘u
554 3885 644 3953 qui
682 3900 788 3939 non
815 3886 1011 3956 qumris
1035 3886 1420 3943 aliena:Absit
1460 3903 1492 3944 a
1531 3875 1639 3957 me,
1681 3892 1889 3960 inquis:
1916 3909 2023 3950 non

442 3991 625 4044 quer
648 3976 789 4046 quod
824 3978 954 4031 mihi
995 3978 1163 4032 noluit
1190 3977 1328 4032 Deus
1362 3978 1512 4046 dare,
1546 3995 1652 4035 non
1674 3982 1907 4051 accipio;
1934 4000 2024 4040 re-

445 4068 576 4122 cede
613 4083 644 4122 a
677 4083 783 4123 me.
813 4067 928 4123 Non
958 4071 1037 4123 vis
1075 4069 1315 4137 accipere
1356 4069 1496 4139 quod
1543 4071 1647 4127 do?
1674 4074 1814 4142 quod
1860 4074 2025 4132 habes

442 4159 596 4213 lolio.
630 4157 771 4212 Ecce
812 4157 973 4213 modo
1002 4168 1054 4214 te
1092 4158 1278 4228 proba,
1310 4158 1469 4214 modo
1496 4169 1547 4216 te
1572 4161 1861 4234 interroga.
1888 4165 2025 4234 Quid

447 4263 535 4303 me
570 4248 836 4304 attendis?
860 4248 1008 4303 Intus
1049 4258 1099 4304 te
1127 4248 1365 4315 attende,
1397 4248 1540 4306 intus
1565 4261 1617 4307 te
1644 4251 1781 4319 vide,
1807 4254 1950 4310 intus
1975 4265 2026 4312 te

445 4339 727 4404 examina;
770 4337 899 4395 sede
944 4337 1010 4395 ad
1050 4346 1122 4403 te,
1150 4348 1205 4394 et
1242 4340 1503 4396 mnstitue
1544 4350 1596 4396 te
1635 4351 1760 4399 ante
1790 4354 1860 4411 te,
1890 4354 1944 4401 et
1972 4346 2026 4401 in

446 4433 730 4505 equuleum
757 4433 1007 4504 ιιι-ωαξμί
1040 4434 1131 4488 Dei
1161 4432 1387 4490 extende
1413 4443 1484 4499 te,
1510 4443 1567 4491 et
1595 4436 1785 4493 timore
1840 4448 2028 4510 torque

449 4537 521 4591 te,
544 4536 598 4581 et
620 4525 728 4579 noli
754 4534 806 4581 te
831 4526 1081 4596 palpare:
1104 4526 1365 4597 responde
1386 4526 1499 4583 tibi.
1530 4527 1667 4585 Ecce
1686 4526 1733 4585 si
1759 4530 1860 4587 hoc
1876 4532 2025 4603 quis-

445 4632 608 4686 quam
635 4615 888 4684 minctur,
910 4617 1034 4688 quid
1060 4618 1260 4673 facies?
1282 4618 1437 4675 Tollo
1463 4618 1553 4674 tibi
1576 4621 1717 4691 quod
1741 4637 1862 4678 cum
1882 4632 2029 4681 tanto

446 4710 631 4766 labore
649 4709 946 4779 acquisisti,
975 4709 1074 4764 nisi
1103 4725 1199 4780 pro
1225 4726 1312 4766 me
1339 4709 1526 4767 falsum
1555 4713 1913 4769 testimonium
1941 4715 2027 4770 di-

448 4800 612 4855 xeris.
664 4800 742 4855 Da
795 4800 943 4855 illum
966 4802 981 4833 ¹
1004 4817 1017 4853 :
1041 4800 1222 4856 Cavete
1260 4802 1323 4856 ab
1369 4802 1506 4857 omni
1547 4804 1777 4860 avaritia.
1807 4806 1852 4861 0
1875 4822 2030 4864 serve

449 4907 623 4961 meus,
654 4892 798 4949 dicet
828 4893 942 4959 tibi,
970 4907 1127 4963 quem
1158 4893 1357 4949 redemi
1383 4904 1437 4949 et
1464 4894 1686 4951 liberum
1713 4896 1837 4965 feci,
1868 4914 2027 4969 quem

449 4985 518 5041 de
568 5000 725 5041 servo
766 4982 984 5039 fratrem
1022 4981 1290 5054 adoptavi,
1335 5000 1495 5054 quem
1537 4985 1589 5041 in
1634 5002 1859 5057 corpore
1907 5004 2029 5045 meo

448 5076 748 5131 membrum
771 5075 943 5145 posui,
969 5074 1093 5130 audi
1121 5090 1205 5131 me
1227 5091 1241 5128 :
1263 5075 1436 5131 Tollat
1459 5077 1599 5147 quod
1626 5078 1919 5148 acquisisti,
1942 5096 2029 5136 me

452 5167 546 5222 tibi
576 5182 682 5223 non
723 5168 896 5224 tollet.
940 5166 1019 5225 Ne
1066 5181 1273 5238 pereas,
1315 5181 1498 5223 servas
1541 5167 1668 5223 tua?
1704 5169 1890 5226 Nonne
1937 5171 2029 5227 tibi

451 5258 584 5321 dixi,
612 5259 793 5314 Cavete
812 5256 877 5323 ab
906 5258 1045 5313 omni
1071 5255 1383 5329 cupiditate?

523 5349 751 5405 CAPUT
791 5349 881 5405 IX.
909 5379 983 5392 —
1001 5350 1084 5405 I0.
1108 5349 1331 5404 Avaritia
1353 5348 1467 5404 vita:
1486 5350 1635 5404 etiam
1655 5351 1767 5422 ipsa
1785 5353 2025 5408 cavenda.

455 5443 595 5497 Ecce
617 5442 865 5508 turbaris,
878 5457 1002 5498 ecce
1014 5441 1263 5497 tluctuas:
1287 5449 1541 5496 cortuum
1559 5442 1712 5512 quasi
1729 5443 1878 5498 navis
1892 5452 2029 5500 tem-

522 5559 537 5589 ¹
563 5557 699 5622 ωειε.
722 5556 878 5622 Credo
895 5555 999 5622 tibi.
1022 5555 1134 5622 quia
1154 5555 1565 5622 ιιιιοίζ-‹ῖιαιι.ιφιιο
1585 5553 1746 5622 labore
1764 5555 2029 5622 acquisiui.

456 5619 650 5689 minime
672 5619 875 5691 perdere
899 5616 1003 5691 risi.
1020 5616 1226 5691 natatur
1249 5616 1352 5691 tibi,
1379 5616 1479 5689 nisi
1499 5630 1587 5681 pro
1607 5616 1880 5691 mefalsuin
1901 5616 2033 5691 testi?-

456 5676 895 5744 nwnitan'diageris,
920 5679 1032 5744 tollo
1045 5676 1174 5744 illud
1202 5691 1220 5728 :
1243 5676 1397 5731 sed'si
1418 5676 1509 5744 pro'
1527 5692 1605 5744 tne
1627 5676 1803 5744 {attinnt
1822 5681 2033 5744 testiino-

3619 376 3729 437 832

2144 488 2440 559 pestatibus
2455 486 2706 558 quatitur.
2738 485 2944 544 Domit
2957 485 3233 545 Christus:
3256 490 3426 547 excita
3445 490 3728 549 dormien-

2141 588 2269 641 tem,
2298 586 2481 632 etnon
2518 576 2734 646 patieris
2774 587 3143 649 tempestatem
3184 581 3514 637 saavicntem.
3543 582 3724 653 Ipsum

2135 671 2329 735 excita,
2370 667 2461 738 qui
2500 668 2633 723 nihil
2679 668 2766 724 hic
2806 669 3003 725 habere
3026 672 3215 738 voluit,
3247 682 3302 728 et
3330 681 3497 728 totum
3527 674 3720 743 habes,

2135 758 2223 827 qni
2252 772 2418 825 usque
2443 759 2509 813 ad
2535 774 2745 814 crucem
2777 775 2871 831 pro
2920 770 2971 815 te
3013 763 3275 832 pervenit,
3304 766 3456 833 cujus
3481 764 3607 819 nudi
3633 776 3723 820 at-

2135 864 2238 917 que
2280 849 2560 918 pendentis
2584 866 2705 906 ossa
2735 851 2801 905 ab
2832 852 3205 908 insultantibus
3241 865 3515 911 numerata
3542 865 3673 912 sunt
3702 874 3719 913 :

2133 948 2187 994 et
2212 955 2340 994 cave
2360 940 2428 994 ab
2448 940 2592 996 omni
2615 941 2854 996 avaritia.
2880 941 3070 997 Parum
3092 953 3173 999 est
3192 947 3411 1000 avaritia
3437 948 3716 1017 pecuniae:

2133 1045 2261 1084 cave
2311 1032 2586 1086 avaritiam
2641 1033 2783 1087 vitm.
2816 1033 3092 1089 Horrenda
3146 1037 3390 1100 avaritia,
3432 1038 3721 1094 metuenda

2132 1120 2372 1174 avaritia.
2406 1122 2708 1192 Aliquando
2755 1118 2917 1177 homo
2956 1126 3248 1179 contemnit
3286 1127 3426 1194 quod
3455 1126 3635 1192 habet,
3662 1137 3721 1183 et

2132 1210 2296 1265 dicit:
2322 1210 2437 1265 Non
2473 1212 2594 1267 dico
2629 1213 2817 1267 falsum
2859 1214 3239 1269 testimonium.
3265 1215 3385 1271 Non
3412 1216 3553 1284 dico,
3580 1217 3725 1273 dicis

2131 1302 2300 1357 mihi?
2330 1302 2482 1358 Tollo
2512 1303 2652 1373 quod
2681 1303 2865 1360 habes.
2896 1305 3046 1360 Tolle
3069 1306 3210 1376 quod
3244 1306 3414 1362 habeo
3437 1324 3452 1362 :
3475 1323 3580 1362 non
3609 1309 3720 1362 tol-

2132 1387 2198 1447 Iis
2240 1392 2382 1463 quod
2429 1394 2571 1448 intus
2618 1394 2810 1449 habeo.
2846 1394 2961 1449 Non
2986 1397 3127 1450 enim
3160 1412 3359 1467 pauper
3384 1407 3724 1454 remanserat

2129 1484 2219 1552 qui
2262 1482 2510 1537 dicebat:
2544 1482 2790 1538 Dominus
2830 1485 2985 1550 dedit,
3026 1484 3275 1540 Dominus
3315 1486 3558 1552 abstulit;
3583 1488 3721 1542 sicut

2130 1572 2350 1627 Domino
2379 1574 2587 1644 placuit,
2615 1574 2689 1627 ita
2716 1576 2907 1644 [artant
2934 1585 3042 1641 est;
3068 1592 3189 1646 ergo
3208 1577 3271 1629 sit
3302 1593 3483 1630 nomen
3506 1575 3720 1631 Domini

2130 1663 2461 1718 benedictum.
2492 1662 2543 1718 Ν
2547 1663 2677 1718 udus
2700 1665 2799 1718 exii
2825 1666 2889 1718 de
2912 1676 3055 1720 utero
3081 1667 3256 1721 matris
3282 1682 3423 1733 metr,
3448 1667 3615 1721 nudus
3633 1683 3720 1722 re-

2129 1763 2297 1807 vertar
2317 1754 2368 1807 in
2394 1764 2582 1807 terram
2608 1752 2750 1825 (Job.
2783 1770 2819 1818 ι,
2844 1752 2956 1828 21).
2989 1754 3172 1811 Nudus
3202 1756 3352 1824 foris,
3382 1756 3523 1814 intus
3549 1758 3720 1813 vesti-

2133 1855 2234 1900 tus.
2266 1844 2449 1900 Nudus
2489 1844 2616 1900 foris
2636 1861 2667 1900 a
2696 1846 2905 1915 pannis,
2934 1854 2991 1902 et
3017 1847 3350 1916 putribilibus
3378 1848 3603 1918 pannis;
3631 1848 3719 1903 in—-

2129 1946 2213 1991 tus
2239 1937 2480 1992 vestitus.
2514 1934 2702 1991 Unde?
2738 1936 3035 1991 Sacerdotes
3088 1937 3161 1990 tui
3202 1936 3479 1992 induantur
3510 1939 3719 2010 iustitia

2128 2026 2299 2093 (Psal.
2324 2042 2501 2093 cxxxt,
2528 2026 2607 2096 9).
2636 2026 2739 2083 Sed
2762 2027 2886 2097 quid
2916 2028 2959 2083 si
2981 2027 3145 2095 dicat,
3171 2042 3292 2083 cum
3320 2031 3713 2102 contempseris

2126 2135 2187 2174 ea
2219 2134 2337 2190 quae
2365 2119 2626 2188 possides,
2653 2119 2779 2189 quid
2806 2121 2849 2174 si
2877 2119 3020 2175 dicat
3043 2138 3057 2177 :
3079 2119 3276 2175 Occide
3305 2122 3395 2175 te?
3426 2121 3716 2192 Responde

2127 2213 2221 2277 illi,
2247 2212 2291 2267 si
2318 2212 2584 2267 Christum
2611 2212 2803 2268 audisti
2832 2230 2843 2265 :
2872 2213 3094 2268 Occides
3120 2214 3244 2273 me?
3270 2213 3457 2270 Melius
3486 2224 3539 2269 tu
3568 2216 3716 2271 occi-

2125 2307 2484 2362 dcs‘carnem
2526 2321 2720 2371 meam,
2764 2321 2923 2377 quam
2965 2322 3064 2377 ego
3111 2321 3204 2376 per
3249 2306 3480 2376 linguam
3522 2305 3712 2363 falsam

2124 2398 2356 2451 a’uimam
2382 2412 2573 2451 meam.
2596 2395 2731 2467 Quid
2785 2395 3017 2453 facturus
3050 2412 3110 2453 es
3148 2396 3320 2454 mihi?
3345 2395 3628 2454 Occisurus
3653 2412 3718 2453 es

2124 2488 2501 2543 carnemzcxit
2527 2487 2702 2541 anhna
2734 2487 2918 2555 libera,
2964 2488 3017 2543 in
3064 2488 3171 2543 tine
3218 2488 3401 2547 surculi
3439 2496 3494 2543 et
3536 2488 3710 2558 ipsam

2125 2589 2282 2648 quam
2325 2576 2642 2647 contempsit
2680 2593 2893 2631 carnem
2931 2586 3228 2646 receptura.
3259 2577 3393 2646 Quid
3419 2593 3548 2649 ergo
3574 2578 3711 2632 mihi

2124 2670 2359 2725 facturus
2386 2667 2480 2724 es?
2501 2667 2555 2724 Si
2582 2677 2758 2723 autem
2788 2666 2976 2722 falsum
3007 2669 3364 2723 testimonium
3394 2668 3581 2724 dixero
3608 2684 3710 2740 pro

2126 2770 2197 2827 te,
2226 2760 2294 2815 de
2324 2760 2498 2830 lingua
2529 2775 2644 2813 mea
2673 2759 2861 2813 occido
2887 2775 3005 2824 me;
3039 2768 3094 2814 et
3118 2774 3223 2814 non
3256 2758 3307 2814 iu
3332 2775 3494 2815 carne
3521 2760 3713 2816 occido

2124 2860 2247 2900 me:
2276 2843 2346 2898 Os
2375 2843 2516 2897 enim
2565 2842 2699 2913 quod
2745 2844 3008 2909 mentitur,
3026 2843 3207 2897 occidit
3232 2843 3455 2896 animam
3483 2841 3639 2913 (Sap.
3670 2859 3710 2914 ι,

2127 2935 2239 3008 Η).
2278 2935 2437 2990 Forte
2485 2933 2586 2988 hoc
2628 2949 2732 2988 non
2775 2932 2927 2987 dicis.
2963 2932 3114 2989 Unde
3159 2948 3264 2987 non
3312 2932 3487 2988 dicis?
3513 2932 3712 2988 Vivere

2124 3028 2239 3081 vis:
2261 3026 2377 3096 plus
2401 3025 2482 3080 vis
2510 3025 2705 3090 vivere,
2740 3040 2897 3095 quam
2928 3023 3071 3079 Deus
3098 3022 3412 3079 constituit?
3432 3022 3590 3079 Certe
3618 3037 3713 3077 ca-

2126 3133 2218 3172 ves
2235 3118 2302 3172 ab
2321 3116 2470 3171 omni
2484 3117 2740 3171 avaritia?
2768 3116 2880 3170 lluc
2905 3130 3073 3187 usque
3096 3115 3235 3171 Deus
3259 3116 3425 3171 voluit
3452 3124 3509 3170 ut
3535 3114 3712 3184 vivas,

2124 3224 2231 3279 quo
2259 3224 2426 3278 usque
2455 3208 2554 3262 iste
2578 3207 2644 3261 ad
2674 3215 2725 3262 te
2765 3207 3006 3261 accessit.
3038 3206 3197 3262 Forte
3224 3215 3275 3261 te
3300 3206 3573 3261 occisurus
3600 3214 3711 3271 est,

2129 3309 2185 3353 ut
2209 3308 2498 3369 martyrem
2529 3298 2705 3352 faciat.
2729 3296 2845 3352 Noli
2879 3296 3075 3352 habere
3101 3296 3445 3368 cupiditatem
3474 3292 3713 3358 vivendi;

2124 3400 2180 3446 et
2226 3406 2333 3445 non
2374 3389 2535 3444 habes
2581 3389 2931 3443 mternitatem
2959 3387 3221 3442 moriendi
3243 3389 3264 3419 ¹
3293 3387 3319 3441 ‘t
3346 3385 3549 3442 Videtis
3584 3386 3713 3456 quia

2125 3482 2322 3552 ubique
2363 3480 2583 3537 avaritia
2631 3480 2742 3547 illa,
2771 3495 2891 3534 cum
2941 3479 3061 3550 plus
3098 3481 3344 3535 volumus
3386 3494 3544 3549 quam
3571 3493 3716 3547 opus

2125 3584 2228 3640 est,
2261 3572 2384 3629 facit
2411 3587 2508 3628 nos
2536 3570 2789 3643 peccare?
2817 3567 3110 3626 Caveamus
3135 3571 3203 3627 ab
3222 3569 3368 3629 omni
3394 3568 3640 3635 avaritia,
3666 3566 3716 3622 si

2126 3667 2371 3721 volumus
2397 3665 2501 3720 hui
2531 3671 2727 3718 acterna
2753 3663 3033 3732 sapientia.

2622 3752 2852 3809 διεπιΜο
2886 3751 3046 3809 cvm
3072 3758 3091 3776 ·
3116 3751 3216 3824 (α).

2126 3856 2205 3922 De
2228 3867 2392 3922 verbis
2415 3864 2676 3936 Evangelii
2695 3863 2867 3931 Luem,
2895 3880 3012 3935 cap.
3043 3878 3136 3929 χιι,
3160 3863 3251 3929 35,
3274 3861 3364 3932 '56,
3395 3861 3514 3918 Sint
3545 3858 3721 3917 lumbi

2203 3978 2363 4035 vestri
2388 3977 2632 4043 accincti,
2658 3987 2714 4033 et
2738 3976 2971 4031 lucernae
2990 3975 3261 4041 ardentes,
3289 3984 3346 4030 et
3364 3991 3464 4030 vos
3487 3974 3717 4041 similes,

2207 4081 2326 4135 etc.,
2346 4070 2505 4139 deque
2531 4068 2688 4123 verbis
2709 4067 2903 4122 Psalmi
2925 4082 3117 4135 χχχιιι,
3154 4066 3337 4135 1245,
3364 4065 3496 4138 Quis
3519 4076 3604 4123 est
3621 4067 3726 4123 ho-

2199 4175 2292 4215 mo
2321 4159 2409 4230 qui
2438 4159 2549 4213 vult
2580 4160 2761 4224 vitam,
2790 4167 2887 4212 etc.

2199 4270 2420 4327 CAPUT
2460 4269 2744 4326 PRIMUM.
2782 4299 2855 4311 -—
2892 4270 2944 4324 i.
2986 4266 3064 4322 De
3113 4268 3449 4338 exspectando
3499 4268 3723 4323 adventu

2128 4360 2355 4417 Domini.
2398 4362 2674 4417 Christiani
2717 4379 2873 4434 quare
2907 4362 3028 4433 facti
3059 4378 3254 4415 sumus.
3292 4360 3549 4415 Sttrulunt
3584 4362 3726 4415 istud

2129 4472 2231 4510 non
2256 4454 2551 4508 amandum.
2576 4454 2830 4509 Dominus
2856 4462 3036 4508 noster
3056 4451 3214 4508 Iesus
3232 4452 3472 4509 Christus
3496 4463 3550 4508 et
3577 4454 3725 4508 venit

2130 4545 2197 4601 ad
2232 4545 2491 4611 homines,
2528 4554 2582 4601 et
2627 4546 2885 4599 abscessit
2916 4544 2984 4600 ab
3009 4543 3340 4611 hominibus,
3377 4554 3426 4599 et
3465 4554 3725 4600 venturus

2130 4645 2214 4692 est
2260 4636 2326 4690 ad
2370 4636 2631 4690 homines.
2670 4636 2736 4690 Et
2776 4644 2951 4690 tamen
3005 4634 3091 4690 hic
3122 4644 3237 4689 erat
3283 4633 3495 4706 quando
3543 4636 3721 4699 venit,

2133 4739 2233 4780 nec
2272 4724 2490 4780 recessit
2524 4724 2735 4793 quando
2767 4723 3045 4790 abscessit,
3072 4734 3124 4779 et
3149 4723 3215 4779 ad
3246 4739 3339 4780 eos
3364 4733 3619 4780 venturus
3637 4736 3725 4781 est

2133 4815 2324 4886 quibus
2351 4813 2504 4877 dixit,
2539 4812 2671 4868 Ecce
2690 4831 2782 4885 ego
2799 4814 3049 4868 vobiscum
3076 4831 3188 4867 sum
3215 4829 3371 4880 usque
3394 4814 3463 4866 ad
3488 4829 3723 4867 consum-

2136 4907 2405 4961 mationem
2450 4905 2852 4979 swculi(blatth.
2898 4922 3086 4971 xxvnt,
3128 4906 3243 4977 20).
3266 4906 3571 4962 Secundum
3606 4907 3721 4963 for-

2134 5014 2274 5052 mam
2318 5012 2446 5066 ergo
2474 4998 2640 5063 servi,
2667 5012 2825 5067 quam
2870 4999 3103 5067 suscepit
3147 5013 3244 5066 pro
3283 4998 3456 5065 nobis,
3486 4998 3719 5068 quodam

2135 5098 2374 5158 tempore
2407 5096 2560 5142 natus
2597 5097 2699 5152 est,
2743 5096 2797 5141 et
2832 5088 3041 5143 occisus
3084 5096 3187 5154 est,
3218 5097 3272 5143 et
3320 5090 3632 5151 resurrexit,
3666 5100 3723 5144 et

2136 5194 2240 5232 nou
2278 5178 2387 5247 jam
2446 5177 2692 5243 moritur,
2735 5192 2837 5232 nec
2885 5192 3029 5233 mors
3076 5178 3124 5233 ei
3176 5177 3314 5232 ultra
3362 5177 3763 5235 dominabitzth

2139 5267 2313 5340 (Rom.
2335 5284 2403 5333 vt,
2428 5267 2483 5339 9)
2505 5286 2519 5323 :
2536 5268 2826 5324 secundum
2847 5268 3175 5323 divinitatem
3194 5278 3394 5333 autem,
3414 5283 3515 5339 qua
3532 5284 3722 5340 :rqna-
3748 5307 3758 5319 .

2138 5360 2200 5414 lis
2218 5370 2302 5414 est
2326 5361 2489 5423 I’atri,
2522 5361 2573 5414 in
2603 5362 2702 5414 hoc
2723 5360 2922 5414 mundo
2936 5372 3071 5427 erat,
3094 5368 3149 5415 et
3173 5360 3403 5415 mundus
3425 5376 3521 5431 per
3542 5362 3722 5433 ipsum

2136 5450 2305 5503 fartus
2329 5459 2431 5513 cst,
2457 5458 2511 5504 et
2538 5448 2765 5505 tuendus
2790 5466 2911 5504 eum
2938 5464 3043 5504 non
3067 5450 3313 5520 cognovit
3334 5448 3514 5520 (Joan.
3540 5450 3741 5524 1,10}

2202 5562 2216 5625 ι
2244 5562 2467 5625 Verbum,
2488 5560 2695 5625 occides,
2718 5561 2859 5625 abest
2880 5574 2916 5625 a_
2930 5562 3279 5625 manuscriptis.

2201 5624 2221 5654 ³
2246 5630 2293 5672 In
2314 5622 2585 5672 Colliertiuo
2610 5631 2707 5680 δίδη
2732 5621 3062 5672 hwreditatem
3081 5621 3333 5674 moriendi.

2202 5684 2219 5701 '
2245 5684 2532 5732 Emendatus
2552 5684 2609 5751 ad
2634 5692 2746 5751 tres
2773 5684 2861 5751 διιῇ
2882 5691 2933 5751 et
2955 5690 3158 5746 quatuor
3179 5684 3240 5734 cl.
3266 5683 3323 5732 ad
3346 5699 3391 5733 ει.
3417 5683 3493 5733 cb.
3521 5684 3553 5734 f.
3581 5685 3639 5738 fs.
3666 5700 3702 5751 g

456 5742 593 5791 nium
614 5739 818 5806 dixeris,
842 5740 910 5806 do
932 5740 1072 5792 illud.
1096 5747 1281 5803 cavete,
1306 5748 1403 5792 etc.
1418 5739 1694 5803 'Brevius'et
1731 5742 1925 5795 nitidius
1946 5756 2037 5795 nos
2141 5745 2201 5795 ιτ.
2231 5758 2299 5793 m.
2325 5759 2372 5806 p.
2397 5757 2490 5793 rm.
2514 5745 2593 5793 vd.
2616 5752 2667 5793 et
2688 5745 2747 5793 ad
2784 5739 3022 5793 editiones
3043 5756 3143 5795 Am.
3165 5752 3239 5795 Er.
3265 5752 3367 5796 Par.
3390 5751 3482 5797 Lov

458 5817 524 5854 ex
548 5804 892 5868 tnauuwiptis.

2208 5806 2282 5870 (α)
2315 5805 2459 5870 Alias,
2485 5806 2549 5858 de
2574 5807 2740 5857 Verbis
2761 5807 2941 5857 Domini
2964 5807 3044 5858 39.
