4126 6322
440 360 547 418 635

441 478 515 536 De
554 483 657 537 hoc
697 482 921 539 audistis
963 481 1123 537 modo
1166 481 1536 551 Evangelium,
1566 480 1690 551 quid
1740 480 2004 535 monuerit

435 574 559 629 nos'
575 615 593 640 ,
619 584 805 629 cautos
841 590 940 629 nos
976 572 1197 638 faciens,
1226 581 1279 627 et
1301 573 1483 628 volens
1507 588 1626 628 esse
1652 572 1930 643 expeditos
1949 580 2004 627 et

433 677 644 736 paratos
684 666 751 720 ad
791 666 1144 736 exspectanda
1189 665 1472 720 novissima
1500 682 1513 720 :
1539 675 1597 719 ut
1625 674 1745 734 post
1773 665 1999 720 novissi-

432 771 536 821 ma,
563 771 684 826 qua:
715 767 839 812 sunt
878 757 930 811 in
959 756 1059 812 hoc
1080 758 1275 812 saeulo
1302 756 1603 821 metuenda,
1634 756 1883 811 succedat
1918 772 2002 811 re.

428 847 599 916 quies,
631 862 749 916 qum
775 862 879 901 non
911 847 1070 903 habet
1098 847 1276 903 linem.
1311 847 1459 902 Beati
1484 848 1571 917 qui
1604 848 1883 917 participes
1920 848 2000 919 fa;

426 936 495 991 cti
525 935 739 991 fuerint.
769 937 939 991 Erunt
975 948 1150 992 autem
1199 947 1319 992 tunc
1357 939 1551 1004 securi,
1577 939 1664 1007 qui
1695 939 1853 993 modo
1893 954 1999 993 non

426 1034 551 1079 sunt
590 1026 871 1081 securizet
901 1027 1089 1080 iterum
1137 1036 1260 1081 uuie
1306 1027 1584 1093 timebunt,
1623 1028 1711 1096 qui
1740 1026 1898 1082 modo
1928 1028 1998 1081 ti-

428 1131 573 1171 mere
621 1116 826 1173 nolunt.
867 1116 949 1170 Ad
997 1116 1136 1171 banc
1172 1118 1631 1188 exspectationem
1684 1126 1737 1172 ct
1782 1127 2000 1189 propter

424 1206 562 1262 hanc
585 1220 736 1276 spem
763 1206 1034 1263 christiani
1077 1207 1197 1261 lacti
1225 1222 1428 1262 sumus.
1458 1207 1647 1262 Nonne
1671 1222 1793 1277 spes
1817 1220 1998 1263 nostra

421 1308 505 1354 est
529 1298 597 1353 de
622 1298 723 1354 hoc
747 1299 980 1354 sreculo?
1008 1299 1125 1354 Non
1153 1312 1392 1354 amemus
1416 1299 1689 1355 smculum.
1708 1298 1790 1353 Ab
1815 1313 1998 1355 amore
2024 1296 2027 1299 “

420 1388 603 1443 steculi
631 1389 787 1458 hujus
818 1390 993 1444 vocati
1032 1405 1238 1455 sumus,
1268 1398 1325 1443 ut
1363 1386 1504 1445 aliud
1533 1390 1787 1445 saiculum
1811 1406 1997 1460 spere-

419 1498 540 1538 mus
576 1493 633 1538 et
668 1483 962 1554 diligamus.
997 1484 1053 1538 In
1079 1484 1179 1538 hoc
1221 1482 1487 1539 abstinere
1518 1498 1615 1538 nos
1650 1483 1904 1539 debemus
1928 1483 1997 1538 ab

420 1572 669 1636 omnibus
697 1572 1386 1643 illicitisconcupiscentiis,
1414 1573 1518 1627 hoc
1545 1581 1647 1635 est,
1669 1572 1879 1628 lumbos
1902 1588 1993 1627 ac-

416 1663 623 1718 cinctos
649 1663 845 1719 habere
878 1663 1167 1719 debemus:
1191 1673 1244 1719 et
1272 1664 1474 1719 fervere
1499 1674 1553 1719 et
1582 1665 1758 1720 lucere
1783 1665 1834 1719 in
1859 1678 1992 1733 ope-

414 1754 563 1809 ribus
585 1753 756 1816 bonis,
787 1752 888 1808 hoc
908 1763 1010 1820 est,
1041 1754 1288 1809 lucernas
1315 1753 1563 1809 ardentes
1601 1755 1816 1809 habere.
1852 1754 1996 1809 Dixit

414 1846 560 1901 enim
578 1845 691 1915 ipse
708 1845 967 1899 Dominus
984 1844 1261 1913 discipulis
1283 1844 1393 1898 suis
1412 1844 1516 1899 alio
1541 1844 1659 1898 loco
1680 1843 1949 1913 Evangelii
1975 1862 1989 1898 :

419 1934 587 1989 Nemo
632 1934 858 1989 accendit
883 1936 1160 1999 lucernam,
1193 1947 1240 1988 et
1274 1936 1413 2005 ponit
1441 1951 1549 1989 eam
1574 1935 1667 1989 sub
1695 1935 1881 2000 modio,
1904 1935 1993 1989 sed

411 2043 564 2095 super
590 2025 964 2091 candelabrum,
989 2034 1041 2079 ut
1068 2028 1231 2080 luceat
1259 2026 1487 2080 omnibus
1512 2028 1599 2097 qui
1616 2027 1669 2079 in
1689 2027 1837 2080 domo
1852 2037 1987 2082 sunt.

414 2115 485 2170 Et
528 2124 587 2171 ut
631 2116 936 2171 ostenderet
979 2116 1118 2172 unde
1158 2118 1389 2181 dicebat,
1421 2117 1646 2186 subjecit
1682 2127 1738 2172 et
1762 2119 1872 2172 ait:
1901 2118 1995 2173 Sie

411 2205 574 2260 luceat
602 2207 768 2261 lumen
796 2216 1014 2261 vestrum
1035 2224 1205 2262 coram
1234 2206 1539 2272 hominibus,
1561 2216 1616 2261 ut
1635 2207 1834 2261 videant
1861 2208 1991 2262 bona

410 2298 548 2365 facta
574 2306 755 2359 vestra,
782 2307 830 2351 et
862 2297 1143 2368 gloriﬁcent
1183 2296 1391 2351 Patrem
1420 2305 1633 2352 vestrum
1658 2298 1745 2368 qui
1771 2298 1825 2352 in
1848 2299 1989 2354 caelis

408 2395 483 2440 est
508 2386 696 2453 (Matth
729 2402 780 2450 v,
814 2388 901 2453 is,
936 2388 1046 2451 ιθ).
1899 2435 1909 2445 .

477 2477 703 2532 CAPUT
740 2477 803 2530 ll.
837 2507 909 2521 -ν
938 2478 993 2531 2.
1041 2476 1161 2532 Tria
1205 2479 1259 2532 in
1310 2477 1582 2549 Evangelia
1618 2476 1983 2535 commendata.

407 2566 532 2622 ideo
560 2568 768 2623 lumbos
794 2577 1005 2623 nostros
1028 2568 1295 2624 accinctos
1323 2583 1442 2625 esse
1465 2568 1667 2637 voluit,
1711 2579 1765 2623 et
1810 2570 1985 2623 lucer-

408 2675 506 2714 nas
529 2659 792 2715 ardentes.
840 2660 976 2727 Quid
1004 2671 1121 2723 est,
1154 2658 1360 2714 lumbos
1383 2661 1691 2717 accinctos?
1718 2661 1928 2716 Declina
1953 2679 1985 2716 a

407 2751 562 2805 male.
593 2749 730 2816 Quid
749 2759 832 2806 est
850 2750 1059 2805 lucere?
1084 2749 1206 2820 quid
1231 2760 1313 2805 est
1342 2751 1583 2805 lucernas
1615 2751 1865 2806 ardentes
1891 2750 1987 2806 ha-

407 2841 567 2897 bere?
596 2842 705 2899 Hoc
729 2851 812 2897 est
834 2882 849 2905 ,
881 2841 945 2895 Et
972 2842 1056 2911 [ac
1075 2840 1279 2895 bonum.
1307 2840 1444 2908 Quid
1469 2848 1551 2896 est
1578 2841 1718 2912 quod
1744 2842 1984 2911 adjunxit

406 2943 463 2988 et
494 2935 599 2998 ait,
645 2934 711 2987 Et
738 2950 821 2988 vos
847 2935 1037 2988 similes
1074 2944 1226 2988 estote
1265 2929 1547 2989 hominibus
1583 2936 1983 3005 mpectantibus

405 3024 662 3079 deminuat
697 3042 843 3079 suum
881 3025 1081 3095 quando
1122 3026 1286 3079 veniat
1313 3043 1345 3078 a
1371 3026 1560 3096 nuptiis
1586 3042 1605 3081 :
1635 3027 1734 3081 nisi
1760 3027 1898 3096 quod
1928 3029 1980 3082 in

407 3115 499 3170 illo
529 3117 734 3185 psalmo
761 3117 998 3185 sequitur
1016 3158 1031 3183 ,
1055 3115 1265 3186 Inquire
1292 3134 1466 3187 pacem
1485 3159 1500 3183 ,
1542 3126 1590 3171 et
1617 3134 1817 3188 sequere
1834 3120 1983 3173 eam?

405 3208 531 3264 "sec
557 3209 686 3274 tria,
740 3208 841 3263 hoe.
868 3219 983 3273 est,
1033 3209 1349 3264 abstinentia
1378 3224 1408 3263 a
1436 3211 1575 3265 malo
1598 3251 1612 3276 ,
1662 3221 1716 3266 et
1743 3212 1981 3281 Operatio

404 3297 527 3353 boni
546 3340 562 3363 ,
612 3308 663 3353 et
693 3314 814 3368 spes
840 3299 1039 3368 praemii
1078 3300 1261 3354 aeterni
1287 3342 1302 3366 ,
1335 3310 1745 3355 commemorata
1775 3311 1898 3356 sunt
1928 3303 1978 3357 in

404 3387 620 3442 Actibus
644 3388 1034 3458 Apostolorum,
1068 3389 1153 3443 ubi
1176 3390 1431 3460 scriptum
1460 3400 1566 3455 est,
1599 3391 1729 3459 Quia
1757 3392 1981 3449 docebat

403 3493 498 3534 eos
544 3479 737 3535 Paulus
779 3480 843 3534 de
882 3481 1215 3546 continentia,
1267 3481 1331 3534 de
1363 3482 1600 3550 justitia,
1654 3493 1700 3537 et
1742 3501 1830 3554 spe
1867 3485 1982 3540 vita!

403 3580 607 3625 wterme
646 3571 780 3639 (Act.
827 3587 972 3635 xxiv,
1006 3572 1135 3642 25).
1168 3571 1247 3626 Ad
1302 3573 1677 3627 continentiam
1724 3576 1975 3643 pertinet,

401 3660 519 3715 Sint
544 3663 698 3715 lumbi
725 3662 871 3715 vestri
891 3662 1120 3714 accincti.
1152 3660 1232 3715 Ad
1254 3661 1511 3730 justitiam
1532 3663 1775 3732 pertinet,
1811 3664 1879 3717 Et
1899 3664 1983 3718 lua

400 3768 564 3806 cerua:
606 3751 837 3805 ardentes
864 3753 908 3804 ³.
954 3749 1035 3805 Ad
1064 3749 1511 3819 exspectationem
1562 3750 1770 3806 Domini
1819 3754 1981 3822 perti-

398 3850 517 3907 net,
546 3858 663 3911 qure
686 3849 771 3895 est
796 3855 918 3910 spes
938 3841 1057 3895 vita:
1085 3851 1317 3894 tutorum.
1349 3841 1507 3911 Ergo,
1536 3841 1743 3896 Declina
1766 3860 1796 3896 a
1822 3846 1973 3910 male,

400 3931 515 3987 inec
541 3940 626 3986 est
661 3931 981 3985 continentia
1006 3971 1021 3997 ,
1055 3932 1104 3985 hi
1132 3941 1254 3986 sunt
1293 3932 1454 3986 lumbi
1498 3934 1758 3988 accincti:
1792 3934 1857 3988 Et
1896 3936 1979 4004 [ac

401 4021 584 4075 bonum
606 4062 620 4087 ,
649 4021 765 4076 hzcc
791 4030 873 4076 est
894 4021 1094 4090 justitia
1114 4062 1129 4087 ,
1169 4022 1251 4076 lue
1280 4031 1403 4077 sunt
1428 4023 1657 4079 lucerna:
1687 4026 1934 4081 ardentes
1959 4045 1973 4081 :

404 4110 587 4177 Quaere
614 4127 788 4180 pacem
824 4120 869 4164 et
891 4128 1094 4181 sequere
1120 4128 1263 4177 eam,
1292 4112 1407 4167 [nec
1432 4123 1513 4168 est
1545 4118 1867 4185 exspectatio
1893 4117 1977 4173 [ιι-

400 4201 502 4254 turi
531 4201 708 4255 saeculi
740 4217 755 4253 :
803 4216 929 4271 ergo
946 4242 960 4265 ,
993 4201 1199 4256 Similes
1223 4212 1378 4258 estote
1405 4205 1687 4260 hominibus
1715 4220 1978 4279 expectan-

399 4291 529 4345 tibus
553 4292 815 4345 deminuat
841 4309 987 4346 suum
1016 4293 1221 4362 quando
1245 4295 1405 4348 veniat
1431 4297 1690 4366 a'nuptiis.

467 4381 689 4437 CAPUT
728 4382 902 4437 lll.—
928 4384 981 4438 5.
1010 4382 1132 4437 Dies
1157 4384 1274 4439 boni
1313 4389 1499 4455 frustra
1543 4388 1624 4441 hic
1661 4400 1973 4456 quteruntur.

396 4470 500 4525 Diu
528 4472 714 4541 vivere,
762 4473 903 4544 quid.
936 4474 1202 4530 Habentes
1241 4486 1414 4530 autem
1471 4477 1569 4533 ista
1620 4490 1877 4550 praecepta
1922 4491 1976 4537 et

398 4563 650 4632 promissa
672 4604 688 4629 ,
739 4564 863 4633 quid
893 4565 1179 4634 quaerimus
1223 4565 1274 4618 in
1306 4574 1443 4620 terra
1471 4566 1585 4622 dies
1625 4568 1794 4623 bonos
1814 4611 1828 4634 ,
1887 4571 1972 4625 ubi

396 4666 488 4707 eos
518 4652 755 4707 invenire
783 4670 885 4708 non
918 4655 1231 4724 possumus?
1254 4654 1378 4710 Scio
1402 4658 1540 4711 enim
1570 4660 1689 4727 quia
1721 4674 1814 4713 eos
1830 4675 1975 4729 qure-

395 4744 546 4809 ritis,
596 4742 806 4812 quando
849 4752 938 4797 aut
978 4743 1279 4813 aegrotatis,
1326 4755 1417 4800 aut
1455 4747 1505 4800 in
1552 4748 1974 4806 tribulationibus

395 4836 546 4899 estis,
577 4824 695 4904 qua:
724 4834 994 4890 abundant
1021 4836 1071 4890 in
1103 4836 1205 4890 isto
1231 4838 1446 4892 saeculo.
1475 4838 1731 4905 Quoniam
1761 4842 1973 4911 quando

394 4935 522 4980 :et-is
550 4928 717 4995 vergit
740 4925 804 4980 ad
851 4926 1042 4993 linem,
1092 4936 1146 4981 et
1171 4943 1331 4981 senex
1379 4930 1563 4998 plenus
1602 4940 1680 4985 est
1715 4933 1968 5001 querelis,

393 5027 447 5072 et
475 5018 633 5072 nullis
671 5017 894 5087 gaudiis.
948 5015 1087 5072 Inter
1117 5033 1303 5073 omnes
1348 5021 1736 5089 tribulationes,
1780 5022 1971 5092 quibus

389 5109 685 5163 conteritur
708 5122 873 5176 genus
921 5107 1246 5174 humanum,
1296 5124 1398 5163 non
1441 5125 1685 5180 qua-runt
1732 5112 1970 5168 homines

396 5198 495 5252 nisi
523 5197 639 5251 dies
682 5198 876 5261 bonos,
910 5208 966 5253 et
994 5198 1155 5251 vitam
1182 5198 1370 5253 volunt
1396 5199 1640 5271 longam,
1698 5217 1852 5271 quam
1885 5201 1969 5257 hic

454 5335 470 5366 ³
500 5341 550 5382 tu
569 5339 697 5391 Mss,
721 5333 908 5383 additur
931 5331 1005 5383 vel
1025 5330 1341 5385 admonuerit.

454 5396 468 5419 ⁶
493 5401 591 5442 Non
613 5394 759 5455 addit,
791 5393 844 5447 in
867 5393 1082 5451 manibus
1119 5394 1303 5447 vestris.
1336 5404 1448 5455 Quae
1491 5394 1642 5446 verba
1688 5397 1733 5446 in
1775 5400 1969 5449 excusis

390 5455 589 5522 quidam
620 5453 779 5522 Bibliis
802 5455 1014 5517 Vulgata:
1038 5469 1164 5522 nunc
1186 5453 1600 5522 insunt‘versioni,
1638 5458 1727 5522 sed
1765 5459 1826 5507 ab
1865 5461 1968 5522 ipsa

389 5514 505 5566 ὀιίιιι
525 5517 738 5580 aberant
748 5517 799 5580 in
820 5514 1152 5580 ωειῇιιεαὶβιὶε
1173 5518 1331 5569 Bibliis
1367 5514 1769 5569 Germaneasibus
1791 5514 1969 5571 nosiris

389 5585 445 5626 et
462 5578 852 5642 Corbeiensibus,
876 5578 1015 5642 sicuti
1037 5578 1212 5642 absunt
1232 5593 1259 5629 a
1284 5588 1425 5630 textu
1448 5593 1624 5642 graeco.
1648 5581 1874 5630 Eunnlem
1897 5580 1967 5630 lo-

389 5640 708 5704 wmabsqtie
731 5639 837 5704 istis
859 5640 1022 5689 verbis
1051 5640 1203 5704 refert
1236 5639 1525 5704 Augustinus
1546 5656 1687 5704 supra
1714 5642 1759 5691 in
1783 5656 1966 5692 sermo-

391 5711 456 5769 pe
476 5699 558 5751 93.
580 5700 706 5769 _n._§,
731 5701 779 5769 ip
803 5714 1031 5769 sermone
1066 5702 1132 5751 de.
1167 5699 1485 5767 Contiﬁentia,
1507 5699 1618 5767 capi
1635 5705 1663 5753 ’ἵ
1676 5719 1692 5769 ;
1716 5705 1763 5755 in
1785 5711 1960 5766 Quaest.

388 5759 614 5823 Evangel.
639 5758 723 5811 lib.
743 5760 791 5824 2,
812 5775 917 5826 cap.
940 5762 1019 5826 25,
1043 5772 1137 5815 etc.

1846 370 2076 424 SERMU
2111 368 2289 424 CVIII.

3591 374 3697 433 63$

2116 477 2312 535 habere
2338 495 2443 535 non
2470 493 2709 551 possunt.
2739 484 2875 551 Quia
2901 492 2956 540 et
2981 484 3133 556 longa
3165 485 3396 541 hominis
3418 487 3523 543 vita
3552 498 3693 545 tanta

2111 566 2369 623 brevitate
2388 574 2766 642 constringitur
2783 573 2851 627 ad
2873 574 3103 629 universi
3132 576 3312 630 saeculi
3352 576 3490 632 illius
3510 576 3691 632 latitu-
3716 606 3721 613 κ

2108 657 2321 724 dinem,
2357 662 2505 728 quasi
2538 677 2639 715 una
2676 672 2820 732 gutta
2857 663 2922 717 ad
2958 663 3435 721 universumvmare
3466 681 3689 737 compa-

2106 755 2253 802 retur
2280 749 2320 801 ί.
2350 748 2486 815 Quid
2528 766 2656 820 ergo
2680 760 2761 806 est
2791 753 2892 806 vita
2933 753 3161 809 hominis
3180 796 3196 820 ,
3250 756 3410 811 etiam
3438 757 3522 810 illa
3568 771 3688 827 quae

2107 838 2259 909 longa
2288 840 2519 896 dicitur?
2557 841 2792 912 Longam
2820 843 2978 897 vitam
3007 844 3223 909 dicunt,
3248 861 3367 915 quae
3406 846 3458 901 in
3491 848 3687 903 saeculo

2105 928 2208 982 isto
2251 929 2426 985 brevis
2471 941 2599 985 est:
2641 942 2727 997 et,
2774 933 2912 987 sicut
2959 933 3096 999 dixi,
3141 934 3411 990 abundant
3458 937 3686 1005 gemitus

2104 1034 2271 1091 usque
2316 1021 2382 1076 ad
2408 1023 2734 1093 decrepitam
2759 1033 3107 1080 senectutem.
3158 1027 3270 1081 Hoc
3298 1036 3466 1082 totum
3513 1029 3685 1083 modi-

2102 1123 2300 1169 cumet
2342 1115 2501 1170 breve
2546 1125 2631 1170 est
2662 1125 2753 1171 :et
2802 1124 2981 1171 tamen
3032 1118 3297 1187 quomodo
3325 1121 3581 1189 quaeritur
3616 1120 3684 1176 ab

2104 1202 2441 1260 hominibus?
2466 1205 2669 1280 Quanta
2691 1206 2961 1277 diligentia
2981 1249 2995 1274 ,
3026 1218 3225 1278 quanto
3255 1210 3454 1275 labore,
3482 1222 3679 1280 quanta

2100 1307 2225 1348 cura
2246 1335 2261 1360 ,
2292 1303 2483 1364 quanta
2512 1278 2802 1365 vigilantia,
2829 1307 3028 1367 quanto
3054 1314 3215 1367 opere
3241 1311 3484 1370 quierunt
3503 1278 3681 1357 homi-

2102 1399 2196 1440 nes
2225 1394 2281 1440 ut
2316 1385 2406 1440 diu
2433 1386 2519 1441 hic
2541 1386 2723 1441 vivant
2745 1396 2801 1443 et
2822 1390 3141 1443 senescant?
3180 1387 3353 1458 Ipsum
3390 1401 3566 1447 autem
3586 1392 3679 1447 diu

2102 1474 2284 1530 vivere
2311 1476 2435 1548 quid
2456 1486 2572 1544 est,
2620 1478 2721 1532 nisi
2744 1477 2810 1532 ad
2836 1476 2995 1532 linem
3036 1480 3289 1536 currere?
3316 1480 3550 1536 Habuisti
3580 1481 3678 1537 he-

2098 1573 2335 1621 sternum
2378 1568 2557 1635 diem,
2602 1568 2797 1626 habere
2826 1570 2906 1625 vis
2932 1580 2985 1625 et
3025 1572 3315 1626 crastinum
3355 1572 3517 1628 diem.
3571 1573 3679 1631 Sed

2097 1668 2219 1709 cum
2269 1656 2368 1711 iste
2398 1659 2664 1714 transierit
2690 1668 2744 1713 et
2782 1660 3078 1728 crastinus,
3108 1662 3285 1717 minus
3314 1662 3459 1717 illum
3491 1662 3673 1719 habes.

2098 1744 2222 1802 Ideo
2246 1758 2397 1818 optas
2424 1760 2479 1804 ut
2504 1750 2738 1805 lucescat
2765 1752 2881 1808 dies
2899 1793 2915 1817 ,
2942 1761 2999 1807 ut
3023 1754 3341 1825 propinquet
3367 1756 3458 1811 tibi
3485 1772 3593 1826 quo
3619 1766 3675 1812 tu

2097 1852 2201 1891 non
2226 1838 2303 1892 vis
2321 1842 2615 1909 pervenire.
2641 1841 2877 1898 Exhibes
2900 1842 3127 1913 aliquam
3144 1844 3530 1900 solemnitatem
3550 1847 3677 1901 ami-

2094 1927 2172 1981 cis
2198 1928 2303 1983 tuis
2321 1970 2336 1995 ,
2363 1931 2511 1986 audis
2542 1932 2611 1986 ibi
2640 1946 2671 1987 a
2696 1932 2831 1987 bene
2857 1935 3163 2003 optantibus
3190 1935 3294 1990 dici
3323 1936 3450 2002 tibi,
3482 1938 3674 1994 Multos

2092 2033 2264 2073 annos
2292 2020 2441 2075 vivas
2471 2038 2484 2075 :
2515 2021 2595 2077 vis
2626 2031 2682 2077 ut
2719 2023 2897 2078 veniat
2922 2024 3063 2094 quod
3101 2025 3175 2079 illi
3201 2025 3469 2082 dixerunt.
3499 2029 3675 2097 Quid?

2095 2108 2164 2165 Ut
2190 2112 2404 2167 veniant
2439 2114 2564 2168 anni
2584 2122 2638 2168 et
2664 2115 2787 2169 anni
2807 2157 2823 2182 ,
2850 2123 2905 2171 et
2931 2130 3034 2170 non
3056 2116 3136 2172 vis
3165 2119 3340 2173 veniat
3363 2122 3481 2175 linis
3506 2137 3675 2176 anno-

2092 2201 2244 2254 rum?
2284 2200 2467 2257 Studia
2517 2213 2604 2258 tua
2634 2206 2901 2260 contraria
2945 2215 3070 2261 sunt
3101 2225 3115 2262 :
3154 2208 3431 2265 ambulare
3475 2211 3586 2278 vis,
3618 2220 3675 2267 et

2090 2291 2372 2360 pervenire
2399 2308 2502 2347 non
2535 2294 2631 2349 vis.

2159 2382 2382 2439 CAPUT
2420 2382 2668 2440 ιν.-.ι.
2722 2386 2834 2439 Vita
2874 2394 2922 2441 et
2946 2387 3053 2441 dies
3101 2387 3219 2442 boni
3259 2390 3343 2444 ubi
3390 2391 3666 2459 quaerendi.

2091 2474 2496 2544 Verumtamen,
2524 2486 2580 2532 ut
2602 2477 2710 2532 dixi
2730 2518 2745 2544 ,
2774 2478 2817 2533 si
2849 2488 2987 2533 tanta
3019 2494 3144 2534 cura
3167 2480 3302 2535 inest
3331 2480 3667 2550 hominibus,

2088 2574 2146 2618 ut
2193 2566 2547 2635 quotidianis,
2595 2567 2799 2637 magnis
2847 2569 3217 2639 perpetuisque
3262 2570 3536 2626 laboribus
3563 2587 3663 2627 cu-

2087 2656 2261 2725 piant,
2295 2664 2351 2710 ut
2379 2657 2578 2711 tardius
2621 2658 2944 2723 moriantur;
2975 2668 3170 2729 quanta
3228 2675 3357 2715 cura
3406 2661 3667 2731 agendum

2085 2756 2200 2814 est,
2230 2756 2286 2803 ut
2311 2762 2579 2819 nunquam
2622 2749 2954 2805 moriantur?
2993 2751 3122 2807 inde
3168 2768 3329 2808 nemo
3367 2756 3478 2809 vult
3519 2758 3666 2825 cogi-

2087 2846 2218 2893 tare.
2259 2838 2503 2905 Quotidie
2545 2850 2854 2909 quaeruntur
2896 2842 2948 2895 in
2991 2842 3094 2897 isto
3122 2843 3318 2897 steeulo
3346 2845 3461 2900 dies
3506 2846 3664 2916 boni,

2084 2927 2172 2981 ubi
2200 2942 2304 2982 non
2331 2928 2701 2983 inveniuntur:
2724 2939 2779 2985 et
2802 2946 2959 2986 nemo
2986 2933 3097 2986 vult
3125 2933 3202 2988 sic
3230 2934 3428 3002 vivere,
3458 2945 3518 2990 ut
3540 2936 3664 2994 illuc

2084 3016 2354 3087 perveniat
2372 3018 2465 3072 ubi
2495 3020 2850 3075 inveniuntur.
2876 3022 3002 3077 ideo
3029 3023 3279 3078 admonet
3301 3025 3487 3080 eadem
3509 3027 3659 3084 Seri-

2084 3117 2234 3177 plura
2253 3148 2267 3171 ,
2295 3118 2350 3162 et
2389 3109 2517 3164 dicit
2543 3128 2556 3163 :
2588 3109 2715 3175 Quis
2738 3121 2809 3165 est
2836 3112 2985 3167 Immo
3013 3115 3099 3184 qui
3124 3113 3229 3168 vult
3253 3116 3403 3169 vitam
3421 3158 3436 3183 ,
3469 3128 3516 3171 et
3544 3118 3667 3173 dili-

2082 3200 2153 3269 git
2179 3200 2343 3253 videre
2367 3200 2472 3254 dies
2487 3200 2681 3256 bonos?
2703 3203 2789 3258 Sic
2816 3203 3162 3275 interrogavit
3184 3206 3474 3279 Scriptura,
3498 3221 3553 3263 ut
3570 3210 3667 3265 sci-

2081 3299 2163 3344 ret
2191 3289 2315 3360 quid
2344 3289 2416 3343 illi
2447 3292 2885 3360 responderetur:
2915 3296 3090 3351 sciens
3109 3297 3250 3367 quod
3282 3313 3467 3353 omnes
3488 3299 3665 3355 homi-

2082 3398 2176 3438 nes
2208 3384 2364 3437 vitam
2394 3396 2723 3455 qumrcrent,
2770 3397 2825 3442 et
2870 3387 2983 3442 dies
3028 3389 3216 3446 bonos.
3271 3389 3373 3446 Pro
3402 3390 3664 3448 desiderio
3742 3416 3745 3421 ·

2082 3473 2315 3545 ipsorum
2346 3475 2724 3545 interrogavit,
2754 3485 3000 3546 tanquam
3024 3478 3122 3532 sibi
3149 3480 3216 3535 de
3240 3482 3475 3535 omnium
3500 3481 3662 3538 corde

2082 3563 2526 3632 responderetur,
2583 3564 2693 3636 Ego
2723 3566 2842 3620 volo
2867 3585 2880 3620 :
2910 3568 2987 3622 sic
3029 3568 3193 3635 dixit,
3247 3571 3375 3638 Quis
3417 3582 3489 3625 est
3513 3572 3662 3628 homo

2080 3654 2166 3724 qui
2191 3655 2291 3707 vult
2313 3655 2496 3720 vitam,
2521 3666 2567 3708 et
2588 3656 2749 3727 diligit
2773 3658 2936 3712 videre
2962 3660 3068 3713 dies
3099 3661 3292 3716 bonos?
3314 3662 3661 3729 Quemadmo-

2080 3744 2203 3798 dum
2229 3744 2386 3799 ctiam
2415 3746 2511 3798 ista
2532 3745 2683 3812 liora,
2706 3762 2805 3816 qua
2824 3748 2969 3803 vobis
2986 3749 3173 3821 loquor
3197 3768 3315 3805 cum
3333 3753 3553 3807 audistis
3574 3770 3661 3810 uno

2079 3832 2275 3888 dixisse
2294 3874 2308 3899 ,
2345 3833 2482 3900 Quid
2518 3844 2588 3888 est
2612 3835 2760 3889 Itonia
2785 3836 2992 3906 quivult
3032 3840 3204 3906 vitam,
3233 3851 3277 3895 et
3307 3842 3471 3913 diligit
3498 3843 3662 3898 videre

2080 3926 2185 3979 dies
2212 3927 2364 3979 bonos
2381 3928 2406 3979 Σ)
2425 3942 2608 3981 omnes
2637 3928 2984 3997 respondistis
3010 3931 3061 3991 in
3087 3932 3246 3987 corde
3272 3943 3446 3987 vestro
3465 3976 3480 3999 ,
3522 3934 3655 4005 Ego.

2078 4015 2208 4069 Nam
2237 4026 2291 4070 et
2309 4032 2408 4086 ego
2432 4018 2518 4086 qui
2549 4018 2817 4072 vobiscum
2850 4020 3035 4091 loquor
3054 4063 3069 4090 ,
3118 4023 3274 4077 vitam
3321 4025 3441 4079 volo
3467 4035 3518 4080 et
3543 4026 3659 4082 dies

2078 4108 2246 4163 bonos
2279 4125 2293 4162 :
2322 4109 2461 4178 quod
2491 4110 2726 4179 quzeritis
2754 4127 2881 4177 vos,
2912 4112 3011 4168 boc
3047 4130 3226 4186 qurere
3251 4124 3304 4170 et
3326 4132 3443 4188 ego.

2147 4199 2372 4256 CAPUT
2413 4200 2476 4255 ν.
2498 4230 2571 4241 --
2590 4202 2642 4257 5.
2678 4203 2823 4257 Idem
2844 4213 3090 4258 tractatur
3115 4220 3486 4278 argumentum.
3516 4209 3660 4277 Quo-

2078 4290 2237 4345 modo
2256 4289 2299 4345 si
2329 4306 2516 4345 aurum
2543 4290 2695 4346 nobis
2724 4294 2970 4349 omnibus
3000 4310 3141 4351 esset
3166 4299 3522 4354 necessarium
3542 4341 3557 4365 ,
3603 4309 3658 4355 et

2076 4395 2176 4451 ego
2202 4380 2268 4434 ad
2294 4397 2480 4435 aurum
2512 4397 2613 4435 una
2634 4383 2909 4437 vobiscum
2940 4387 3218 4454 pervenire
3247 4388 3430 4443 vnlcns
3450 4431 3466 4455 ,
3496 4400 3547 4444 et
3571 4406 3657 4445 es-

2077 4478 2160 4524 set
2184 4470 2373 4523 alicubi
2404 4471 2455 4523 in
2484 4486 2613 4540 agro
2655 4482 2866 4540 vestro,
2916 4474 2967 4529 in
3015 4475 3130 4532 loco
3174 4486 3362 4533 vestra:
3410 4480 3655 4550 potestati

2077 4559 2321 4626 subdito,
2371 4566 2424 4614 et
2450 4560 2684 4616 viderem
2712 4576 2806 4618 vos
2836 4574 3133 4633 quaerentes
3158 4582 3341 4622 aurum
3362 4611 3377 4634 ,
3417 4577 3472 4624 et
3501 4569 3652 4624 diee-

2076 4663 2187 4703 rem
2212 4650 2378 4716 vobis,
2393 4649 2527 4718 Quid
2548 4652 2820 4721 quaeritis?
2840 4657 3231 4724 responderetis
3253 4658 3400 4727 mihi,
3426 4660 3650 4719 Aurum.

2078 4740 2146 4794 Et
2172 4756 2270 4811 ego
2290 4743 2439 4797 vobis
2466 4742 2697 4799 dicerem
2714 4786 2728 4810 ,
2754 4746 2953 4801 Aurum
2980 4749 3243 4818 quaeritis,
3264 4738 3327 4805 ct
3348 4766 3445 4820 ego
3461 4767 3650 4808 aurum

2075 4846 2255 4900 quer
2285 4848 2297 4884 :
2329 4832 2468 4901 quod
2516 4834 2785 4902 qumritis,
2836 4845 2891 4891 et
2937 4852 3036 4907 ego
3061 4854 3275 4908 quaero;
3309 4840 3400 4894 sed
3444 4855 3549 4895 non
3580 4841 3651 4896 ibi

2075 4922 2309 4991 quaeritis
2332 4922 2417 4977 ubi
2458 4927 2720 4994 possimus
2751 4926 3006 4983 invenire.
3041 4930 3178 4999 Ergo
3220 4931 3397 4987 audite
3418 4948 3533 4998 me,
3564 4933 3653 4989 ubi

2078 5014 2338 5083 possimus
2382 5015 2620 5071 invenire
2667 5034 2680 5069 :
2720 5017 2873 5072 vobis
2913 5034 3016 5074 non
3061 5021 3221 5085 tollo,
3279 5022 3450 5076 locum
3503 5023 3653 5079 vobis

2074 5104 2335 5158 ostendo:
2370 5105 2478 5161 imo
2507 5122 2791 5176 sequamur
2814 5125 3000 5165 omnes
3037 5127 3157 5166 eum
3187 5111 3277 5179 qui
3308 5113 3451 5167 novit
3472 5113 3559 5169 ubi
3585 5115 3655 5170 sit

2073 5194 2215 5262 quod
2240 5198 2547 5264 quaerimus.
2578 5198 2670 5256 Sic
2708 5207 2764 5257 et
2788 5214 2928 5255 nunc
2950 5241 2963 5265 ,
2996 5202 3119 5272 quia
3148 5202 3462 5258 desideratis
3491 5206 3653 5262 vitam

2072 5291 2125 5337 et
2162 5283 2277 5337 dies
2318 5284 2513 5350 bonos,
2566 5301 2673 5342 non
2724 5303 3004 5357 possumus
3034 5290 3183 5346 vobis
3229 5291 3438 5362 dicere,
3481 5294 3654 5352 Nolite

2072 5374 2380 5432 desiderare
2426 5378 2583 5432 vitam
2617 5388 2670 5433 et
2693 5379 2808 5435 dies
2848 5379 3015 5435 bonos
3044 5400 3056 5435 :
3088 5383 3181 5437 sed
3233 5384 3362 5440 illud
3392 5385 3650 5456 dicimus,

2071 5464 2243 5519 Nolite
2273 5465 2358 5521 bic
2379 5483 2619 5538 quaerere
2640 5469 2691 5522 in
2721 5469 2822 5523 hoc
2849 5472 3046 5526 saeculo
3066 5473 3224 5528 vitam
3242 5484 3295 5531 et
3309 5475 3423 5532 dies
3447 5477 3615 5534 bonos
3633 5520 3650 5545 ,

2073 5556 2159 5609 ubi
2200 5557 2330 5613 boni
2380 5573 2500 5613 esse
2540 5574 2645 5613 non
2688 5571 2927 5631 possunt.
2978 5562 3164 5621 Nonne
3191 5566 3293 5621 vita
3336 5566 3447 5638 ipsa
3490 5569 3651 5625 morti

2130 5708 2254 5780 lusio
2275 5714 2462 5780 tonet
2483 5709 2692 5767 Beued.;
2714 5716 2765 5759 at
2782 5716 2856 5761 Er.
2879 5712 3026 5775 Lugd.
3053 5720 3121 5766 et.
3147 5722 3289 5776 Ven.,
3314 5714 3456 5780 quasi
3480 5715 3525 5769 si
3546 5729 3644 5770 tuta

2069 5773 2203 5831 gutta
2222 5769 2287 5820 ad
2320 5768 2591 5822 universum
2611 5784 2741 5824 mare
2774 5768 3095 5838 cornpar'etur.
3190 5783 3248 5827 tt.
