4006 6502
415 411 519 468 635

407 522 596 580 similis
616 520 739 576 est?
791 517 912 573 Dies
941 523 1114 570 autem
1158 509 1256 578 ipsi
1288 511 1631 576 properantes
1671 500 1976 558 transeunt;

409 613 532 684 quia
577 610 864 666 hodiernus
910 605 1026 660 dies
1071 602 1376 656 hesternum
1424 591 1690 650 exclusit:
1720 585 1982 684 crastinus

413 679 532 760 ideo
559 699 826 763 nascitur,
867 703 924 750 ut
948 691 1192 750 excludat
1238 686 1572 743 hodiernum.
1604 681 1705 751 Ipsi
1733 679 1848 734 dies
1876 689 1984 730 non

413 800 557 848 stant
587 809 600 845 ε
630 800 685 843 tu
708 801 869 858 quare
896 799 1016 840 cum
1042 783 1143 837 illis
1174 779 1252 832 vis
1279 776 1454 832 stare?
1500 771 1824 828 Desiderimn
1853 781 1984 835 ergo
2021 821 2026 825 ,

414 892 646 940 vestrum
665 919 682 946 ,
722 893 827 948 quo
850 876 1008 930 vultis
1035 876 1192 926 vitam
1222 880 1276 926 et
1301 869 1413 924 dies
1437 867 1633 927 bonos,
1678 877 1782 917 non
1811 859 1982 913 solum

415 989 521 1030 non
548 971 780 1041 reprimo
803 1009 819 1035 ,
847 967 940 1022 sed
963 965 1122 1020 etiam
1150 959 1514 1018 vehementius
1542 953 1793 1011 accendo.
1825 951 1984 1006 Prur-

415 1079 507 1120 sus
529 1060 749 1132 qurerite
772 1058 936 1112 vitam
957 1097 971 1120 ,
1003 1053 1223 1123 qttzerite
1249 1050 1363 1106 dies
1388 1049 1557 1103 bonos
1589 1062 1602 1098 :
1632 1043 1725 1100 sed
1751 1041 1836 1097 ubi
1859 1053 1985 1110 pos-

416 1161 541 1212 sunt
564 1150 783 1206 inveniri
804 1191 820 1217 ,
848 1147 917 1202 ibi
942 1152 1264 1215 quamutur.
1733 1167 1735 1169 ι

487 1241 710 1297 CAPUT
751 1239 912 1294 VI.-—-—
934 1238 989 1292 6.
1011 1235 1145 1300 Quid
1156 1232 1406 1304 agendum
1435 1238 1489 1286 ut
1529 1227 1841 1282 obtineantttr
1882 1221 1990 1276 dies

421 1333 557 1390 boni.
620 1330 818 1397 Vita,et
845 1330 951 1384 dies
985 1325 1124 1380 boni.
1175 1322 1348 1382 Vultis
1375 1320 1514 1375 enim
1561 1317 1744 1374 audire
1783 1325 1988 1368 meeum

419 1423 698 1484 consilium
735 1421 884 1489 ejus,
934 1418 1022 1488 qui
1065 1415 1212 1472 novit
1235 1413 1322 1468 ubi
1356 1412 1464 1466 sint
1485 1410 1601 1464 dies
1628 1405 1748 1465 boni
1771 1444 1786 1468 ,
1818 1413 1872 1458 et
1901 1401 1990 1456 ubi

421 1517 492 1572 sit
537 1513 686 1570 vita?
711 1510 902 1566 Audite
937 1525 1040 1564 non
1087 1522 1118 1562 a
1147 1521 1265 1570 me,
1318 1502 1410 1558 sed
1439 1515 1648 1556 mecum
1696 1496 1873 1553 simul.
1904 1493 1994 1550 Ait

419 1604 562 1666 enim
589 1602 743 1660 nobis
763 1599 974 1671 quidam
1003 1617 1016 1654 :
1060 1597 1250 1662 Venite,
1279 1594 1406 1663 ﬁlii,
1435 1591 1608 1646 audite
1641 1605 1736 1644 me.
1769 1588 1833 1643 Et
1857 1601 1992 1640 con-

421 1705 733 1757 curramus,
761 1697 818 1744 et
842 1696 1075 1752 stemus,
1099 1695 1153 1740 et
1189 1699 1344 1740 aures
1382 1683 1713 1751 arrigamus,
1753 1689 1807 1732 et
1834 1675 1995 1730 corde

428 1783 783 1852 intelligamus
823 1779 1031 1834 Patrem
1062 1776 1149 1846 qui
1179 1773 1340 1838 dixit,
1392 1771 1595 1834 Venite,
1643 1768 1740 1838 ﬁlii
1767 1808 1780 1832 ,
1825 1766 1998 1824 audite

425 1894 539 1943 me;
567 1877 811 1936 timorem,
845 1871 1031 1942 inquit,
1057 1869 1260 1924 Domini
1278 1866 1461 1922 docebo
1480 1879 1582 1917 vos.
1610 1854 1673 1916 Et
1697 1873 1854 1929 quam
1881 1872 1996 1912 rem

427 1969 539 2026 vult
563 1967 776 2031 docere,
804 1973 858 2019 et
884 1963 968 2017 cui
999 1962 1076 2017 rei
1105 1960 1245 2015 utilis
1265 1967 1347 2015 est
1370 1958 1529 2010 timor
1558 1951 1796 2015 Domini,
1824 1948 2000 2018 sequi-

429 2068 515 2113 tur
543 2057 716 2122 :rQuis
755 2066 828 2110 est
863 2053 1011 2108 homo
1054 2052 1137 2121 qui
1170 2048 1276 2104 vult
1319 2048 1506 2111 vitam,
1556 2052 1602 2100 et
1644 2041 1809 2111 diligit
1836 2039 2000 2094 videre

428 2150 534 2206 dies
553 2149 705 2205 bonos
723 2148 751 2202 ?.
773 2143 1174 2215 Respondemus
1192 2154 1400 2203 omnes,
1425 2135 1533 2191 Nos
1558 2133 1822 2192 volumus.
1848 2129 2001 2196 Quod

429 2240 667 2310 sequitur
709 2237 1005 2292 audiamus.
1041 2232 1226 2289 Cohibe
1249 2232 1472 2300 linguam
1511 2237 1650 2281 tuam
1675 2241 1708 2278 a
1746 2222 2002 2310 malo,4et

431 2308 563 2384 labia
587 2338 675 2382 tua
698 2343 760 2381 ne
779 2327 1046 2395 loquantur
1083 2321 1276 2375 dolum.
1308 2317 1462 2372 Modo
1486 2316 1571 2378 die
1590 2356 1604 2381 ,
1631 2313 1763 2383 Ego.
1788 2308 2004 2365 Jamdu-

430 2422 556 2476 dum
588 2419 800 2490 quando
835 2416 1074 2473 dicebam
1100 2455 1115 2480 ,
1150 2412 1275 2480 Quis
1305 2420 1380 2466 est
1406 2410 1554 2462 homo
1579 2407 1667 2475 qui
1689 2405 1791 2459 vult
1816 2404 1967 2456 vitam
1985 2441 2001 2468 ,

432 2521 478 2565 et
517 2511 680 2581 diligit
707 2509 872 2564 videre
916 2507 1022 2562 dies
1061 2505 1250 2559 bonos?
1285 2515 1472 2558 omnes
1520 2495 2002 2568 respondebamus,

434 2602 564 2672 Ego.
595 2600 691 2657 Eia
713 2597 1032 2668 respondeat
1057 2594 1184 2650 mihi
1209 2592 1428 2662 aliquis,
1456 2590 1590 2659 Ego.
1622 2587 1765 2655 Ergo
1783 2626 1796 2649 ,
1823 2582 2009 2640 Cohibe

433 2693 656 2764 linguam
675 2701 818 2744 tuam
837 2705 868 2743 a
894 2688 1026 2742 malo
1046 2727 1060 2752 ,
1083 2698 1129 2742 et
1158 2685 1291 2742 labia
1324 2692 1412 2736 tua
1437 2698 1499 2736 ne
1529 2681 1794 2750 loquantur
1813 2677 2004 2729 dolum.

435 2782 527 2836 Dic
552 2779 710 2835 modo
727 2820 742 2846 ,
777 2779 910 2848 Ego.
941 2777 1082 2847 Ergo
1120 2775 1233 2830 dies
1255 2774 1426 2829 bonos
1453 2779 1508 2826 et
1529 2771 1686 2826 vitam
1712 2767 1822 2832 vis,
1861 2764 2012 2821 cohi-

435 2870 558 2925 bere
585 2869 811 2940 linguam
837 2876 978 2926 tuam
1004 2881 1033 2918 a
1063 2864 1203 2919 malo
1227 2877 1331 2917 non
1351 2862 1452 2928 vis,
1481 2867 1534 2914 et
1559 2858 1694 2914 labia
1723 2869 1809 2910 tua
1839 2869 1905 2909 ne
1934 2854 2012 2912 lo-

438 2967 665 3030 quantur
689 2957 905 3011 dolum?
936 2953 1017 3009 Ad
1040 2951 1337 3012 mercedem
1365 2949 1560 3011 alacer,
1589 2946 1656 3001 ad
1681 2961 1814 3015 Opus
1842 2944 2008 3012 piger.

439 3049 507 3102 Et
524 3048 607 3102 cui
635 3062 739 3102 non
769 3045 1007 3117 operanti
1025 3042 1262 3100 redditur
1282 3039 1523 3095 merces?
1548 3037 1761 3094 Utinam
1785 3036 1834 3089 iu
1851 3033 2012 3089 domo

439 3147 527 3194 tua
555 3137 638 3191 vel
665 3136 907 3206 cperanti
960 3132 1258 3189 mercedem
1316 3129 1530 3186 reddas.
1579 3127 1709 3182 Nam
1754 3126 1864 3181 scio
1890 3124 2011 3194 quia

441 3242 545 3281 non
576 3225 814 3296 aperanti
854 3238 958 3278 non
986 3222 1188 3277 reddis.
1208 3220 1413 3288 Quare?
1450 3218 1582 3286 Quia
1604 3215 1735 3271 nihil
1775 3212 2014 3285 Operanti

441 3317 570 3372 nihil
593 3316 775 3371 debes.
805 3314 871 3368 Et
891 3314 1034 3368 Deus
1056 3313 1325 3382 proposuit
1340 3309 1659 3364 mercedem.
1686 3307 1852 3373 Quam
1877 3319 2017 3360 mer-

442 3407 660 3464 cedem?
695 3405 861 3459 Vitam
899 3414 946 3458 at
969 3404 1074 3458 dies
1098 3403 1277 3465 bonos,
1324 3416 1481 3471 quam
1509 3413 1696 3453 omnes
1739 3395 2014 3452 desidera-

445 3514 597 3567 mus,
626 3507 681 3553 et
704 3497 770 3553 ad
796 3511 926 3567 quos
959 3495 1075 3550 dies
1120 3508 1306 3547 omnes
1347 3491 1528 3546 venire
1575 3504 1847 3544 conamur.
1883 3487 2015 3542 Pro-

445 3589 661 3648 missam
707 3585 1005 3642 mercedem
1056 3583 1275 3637 daturus
1318 3592 1420 3636 est.
1472 3580 1640 3646 Quam
1683 3576 2017 3633 mercedem?

456 3677 623 3734 Vitam
652 3686 697 3731 et
723 3676 829 3730 dies
852 3675 1024 3729 bonos.
1079 3673 1147 3728 Et
1169 3672 1256 3742 qui
1287 3681 1408 3726 sunt
1435 3670 1548 3728 dies
1574 3669 1730 3724 boui?
1760 3668 1872 3722 Vita
1902 3665 2018 3722 sine

446 3769 549 3834 line
566 3809 579 3832 ,
603 3767 813 3836 requies
841 3765 956 3819 sine
979 3765 1182 3819 labore.
1609 3804 1611 3806 .

513 3857 737 3914 CAPUT
760 3855 994 3912 νιι.-·ι.
1015 3853 1212 3926 Lingua
1231 3851 1522 3907 cohibenda.
1553 3851 1790 3921 Magnam
1819 3865 2021 3904 merce-

446 3949 566 4004 dem
596 3947 866 4018 proposuit
897 3965 909 3999 :
939 3945 993 4003 iu
1021 3954 1162 4000 tanta
1203 3944 1468 4014 proposita
1515 3942 1794 4009 mercede,
1843 3942 2021 3997 videa-

450 4055 568 4096 mus
592 4038 715 4108 quid
738 4037 911 4107 jussit.
939 4037 1055 4092 Jam
1081 4037 1222 4092 enim
1245 4034 1488 4092 mercede
1509 4043 1668 4089 tanta:
1692 4035 2024 4102 pollicitatio.

451 4128 534 4182 nis
559 4135 612 4180 et
637 4141 818 4180 amore
846 4125 1107 4180 mercedis
1134 4125 1365 4190 accensi,
1397 4139 1641 4194 paremus
1662 4124 1886 4194 jussioni
1908 4125 2023 4194 ejus

454 4219 598 4273 vires
617 4226 842 4281 nostras,
863 4216 1046 4281 latera,
1064 4217 1310 4270 lacertos.
1333 4214 1490 4281 Quasi
1503 4213 1748 4284 jussurus
1759 4223 1840 4270 est
1861 4229 2019 4270 onera

455 4307 671 4378 grandia
692 4322 787 4361 nos
814 4316 1044 4377 portare,
1069 4307 1202 4360 forte
1216 4305 1411 4375 aliquid
1429 4303 1628 4372 fodere,
1647 4303 1780 4359 forte
1793 4305 2022 4373 aliquam

460 4397 758 4452 machinam
802 4397 1046 4466 erigere?
1091 4395 1205 4451 Non
1234 4396 1324 4450 tibi
1347 4395 1504 4465 jussit
1529 4411 1640 4451 rem
1671 4395 2023 4461 laboriosam,

456 4489 550 4546 sed
580 4489 876 4546 membrum
903 4488 1046 4558 quod
1076 4489 1213 4543 inter
1235 4488 1409 4548 omnia
1426 4489 1659 4543 membra
1687 4487 1794 4542 cito
1821 4503 2023 4556 moves,

458 4580 631 4654 ipsum
660 4579 750 4636 tibi
775 4580 1023 4650 praecepit
1043 4579 1292 4634 cohibere
1323 4595 1336 4631 :
1369 4577 1550 4632 Cohibe
1578 4579 1804 4648 linguam
1831 4587 1968 4632 tuam
1995 4595 2029 4631 a

459 4672 614 4726 malo.
647 4671 762 4727 Non
783 4679 864 4727 est
887 4671 1035 4726 labor
1060 4670 1263 4740 erigere
1286 4669 1567 4734 fabricam;
1598 4680 1652 4726 et
1673 4670 1820 4732 labor
1847 4679 1927 4723 est
1951 4679 2046 4723 te—-

458 4778 584 4824 nere
607 4762 874 4833 linguam?
903 4760 1087 4816 Cohibe
1104 4761 1329 4831 linguam
1355 4769 1492 4813 tuam
1515 4777 1546 4814 α
1570 4760 1722 4814 malo.
1751 4759 1864 4813 Noli
1889 4759 2027 4828 loqui

461 4853 795 4911 mendacium
823 4894 838 4919 ,
871 4851 980 4906 noli
1003 4851 1145 4921 loqui
1181 4849 1611 4916 criminationes,
1641 4849 1744 4903 noli
1774 4850 1912 4918 loqui
1937 4866 2028 4901 ca-

462 4945 688 5004 lumnias
713 4984 728 5009 ,
759 4943 864 4998 noli
899 4941 1043 5012 loqui
1071 4940 1199 4995 falsa
1229 4940 1523 4994 testimonia
1545 4981 1558 5006 ,
1593 4939 1701 4993 noli
1751 4939 1892 5009 loqui
1921 4939 2032 4992 bla-

462 5035 728 5108 sphemias
759 5051 772 5094 ;
805 5032 988 5088 Cohibe
1023 5033 1248 5102 linguam
1291 5039 1427 5086 (nam
1478 5047 1511 5082 a
1549 5031 1700 5084 malo.
1739 5030 1865 5084 Vide
1903 5046 2033 5100 quor

464 5126 622 5186 modo
644 5125 906 5190 irasceris,
933 5125 976 5177 si
1005 5123 1122 5194 quis
1148 5121 1214 5178 de
1243 5130 1294 5178 te
1315 5122 1448 5176 male
1473 5121 1736 5190 loquatur.
1759 5121 2032 5188 Quounxlu

466 5219 713 5276 irasceris
748 5217 932 5282 alteri,
981 5215 1192 5285 quando
1250 5214 1316 5269 de
1364 5223 1414 5269 te
1464 5199 1602 5268 male
1650 5213 1883 5283 loquitur
1913 5231 1930 5264 :
1959 5214 2036 5266 sic

469 5310 699 5366 irascere
729 5308 856 5372 tibi,
881 5307 1093 5377 quando
1135 5305 1202 5362 de
1227 5306 1395 5361 altero
1426 5305 1562 5360 male
1599 5305 1846 5374 loqueris.
1880 5303 2038 5356 Lnbia

470 5411 557 5456 tua
584 5418 644 5462 ne
669 5401 937 5472 loquantur
959 5399 1153 5454 dolum.
1180 5397 1333 5466 Quod
1362 5406 1443 5454 est
1471 5397 1610 5454 intus
1647 5396 1702 5450 iu
1723 5395 1884 5450 corde
1900 5403 1996 5448 tuo
2015 5435 2032 5458 ,

473 5493 573 5548 hoc
590 5491 796 5550 dicatur
814 5489 960 5547 foris.
983 5489 1097 5544 Non
1117 5487 1259 5544 aliud
1288 5496 1470 5557 pectus
1490 5494 1658 5556 tegat,
1685 5497 1737 5540 et
1765 5485 1904 5539 aliud
1934 5485 2038 5539 lin-

471 5573 573 5654 gua
597 5580 844 5654 proferat.
877 5579 1083 5638 Declina
1108 5596 1140 5632 a
1162 5579 1316 5643 malo,
1345 5587 1391 5631 et
1416 5580 1498 5648 [ac
1523 5576 1726 5630 bonum.
1753 5575 1882 5630 Nam
1907 5591 2040 5645 quo-

476 5673 636 5729 modo
657 5673 889 5726 dicturus
933 5687 1048 5725 sum
1077 5671 1144 5737 ci,
1169 5670 1312 5726 Vesti
1355 5669 1576 5733 nudum,
1607 5669 1694 5739 qui
1737 5668 1909 5722 adhuc
1930 5668 2043 5720 vult

475 5764 704 5837 quitiam
729 5761 1005 5819 chtitum?
1030 5760 1158 5816 Nam
1181 5760 1270 5832 qui
1300 5759 1491 5838 premit
1516 5759 1687 5816 civem
1711 5773 1885 5824 suum,
1913 5773 2040 5828 quo-

1636 371 1821 441 s.‘.tu
1833 376 2102 436 ausum
2145 376 2442 433 EPISCOPI

2089 512 2246 566 modo
2261 511 2419 566 habet
2458 512 2726 580 suscipere
2745 508 3112 580 peregrinum?
3132 509 3271 578 Ergo
3287 523 3380 577 per
3394 507 3659 576 ordinem,

2091 603 2239 672 prius
2267 602 2464 655 declina
2492 618 2524 654 a
2565 601 2732 665 malo,
2783 610 2832 655 et
2873 593 3179 672 {ac.bonum
3210 613 3230 653 :
3259 599 3404 669 prius
3442 599 3663 670 acclnge

2091 693 2303 748 lumbos
2327 699 2470 757 tuos,
2500 700 2554 746 et
2579 700 2702 746 tunc
2728 690 2956 746 accende
2981 691 3270 744 lucernam.
3303 690 3370 744 Et
3395 703 3519 744 cum
3558 689 3660 744 hoc

2089 784 2309 850 feceris,
2354 797 2574 838 sccunis
2612 791 2857 852 exspecta
2885 782 3036 836 vitam
3059 791 3108 836 et
3139 782 3244 834 dies
3276 781 3449 835 bonos.
3477 780 3666 848 Qutere

2091 891 2282 945 pacem,
2311 886 2358 928 et
2377 890 2578 944 sequere
2599 890 2707 928 eam
2731 889 2749 927 :
2771 883 2826 928 et
2850 881 2977 927 tunc
3006 874 3142 927 bona
3173 874 3343 926 fronte
3368 872 3518 928 dices
3554 872 3662 925 Do-

2090 965 2234 1020 mino
2252 1004 2266 1028 ,
2297 963 2418 1019 Feci
2440 963 2578 1034 quod
2601 963 2798 1030 iussisti
2818 1005 2833 1030 ,
2861 963 3022 1018 redde
3045 963 3184 1030 quod
3210 963 3520 1032 promisisti.

2613 1054 2840 1111 SERMO
2865 1056 2974 1110 cur
3001 1065 3014 1079 -
3037 1056 3134 1126 (a).

2091 1146 2169 1200 De
2186 1148 2342 1202 verbis
2368 1147 2630 1219 Evangelii
2655 1148 2835 1215 Lat-az,
2865 1149 3074 1204 Faciem
3094 1150 3213 1204 cadi
3234 1157 3289 1206 et
3311 1158 3466 1206 terra:
3494 1151 3662 1205 nostis

2162 1237 2384 1306 probare
2403 1278 2417 1301 ,
2447 1246 2564 1303 etc.,
2587 1238 2744 1308 deque
2783 1239 2910 1304 istis,
2930 1239 2987 1293 Si
3017 1239 3163 1293 vadis
3205 1255 3326 1295 cum
3355 1239 3664 1295 adversario

2164 1335 2254 1380 tuo
2301 1327 2368 1380 ad
2425 1328 2831 1397 principcm,da
2881 1345 3096 1397 operam
3150 1329 3200 1383 in
3223 1332 3306 1384 via
3346 1330 3558 1386 liberari
3595 1332 3665 1384 ab

2165 1417 2275 1481 illo,
2299 1427 2416 1482 ala,
2437 1434 2550 1486 cap.
2582 1433 2679 1482 xu,
2726 1420 2796 1488 ᾗ.
2826 1419 3096 1490 56-59(b).

2161 1505 2387 1562 CAPUT
2433 1507 2710 1563 PRIMUM.
2776 1537 2851 1550 --
2887 1510 2942 1563 l.
3003 1508 3250 1578 Tempore
3311 1511 3667 1564 misericordia

2096 1601 2333 1654 utendum
2387 1601 2457 1653 ad
2504 1601 2860 1670 penitentiam.
2924 1600 3066 1655 Vitta
3125 1602 3406 1673 fragiliora
3467 1620 3662 1657 minus.

2098 1689 2443 1759 Evangelium
2486 1689 2820 1754 audivimus,
2845 1698 2900 1746 et
2943 1691 2994 1745 in
3033 1707 3100 1746 eo
3142 1692 3418 1747 Dominum
3445 1708 3540 1748 eos
3579 1707 3668 1748 ar-

2098 1788 2339 1848 guentem
2359 1820 2374 1844 ,
2400 1781 2490 1849 qui
2513 1779 2698 1835 faciem
2726 1781 2846 1836 οωιί
2872 1791 3067 1836 norunt
3097 1782 3317 1851 probare
3337 1824 3349 1847 ,
3379 1791 3435 1838 et
3459 1791 3669 1852 tempus

2101 1869 2221 1950 lidei
2260 1870 2407 1941 regni
2435 1870 2697 1926 ctelorum
2743 1872 3210 1942 appropinquantis
3251 1873 3494 1928 nesciunt
3522 1874 3671 1928 inve-

2100 1959 2233 2015 nire.
2277 1959 2473 2016 iudicis
2499 1969 2674 2017 autem
2717 1962 2818 2017 hoc
2859 1963 3111 2018 dicebat:
3151 1966 3240 2019 sed
3288 1966 3445 2018 etiam
3474 1967 3540 2020 ad
3572 1981 3672 2021 nos

2101 2067 2278 2106 sermo
2304 2053 2564 2121 pervenit.
2615 2053 2868 2108 Dominus
2894 2065 3071 2109 autem
3102 2055 3214 2124 ipse
3247 2055 3402 2110 Jesns
3424 2055 3672 2111 Christus

2105 2143 2375 2213 Evangelii
2395 2143 2474 2197 sui
2505 2144 2929 2213 prmdicationem
2953 2145 3021 2198 ita
3041 2146 3236 2214 cepit:
3262 2146 3403 2216 Agite
3428 2148 3676 2214 multan-

2104 2235 2261 2299 tiam;
2283 2235 2697 2305 appropinquarit
2720 2235 2849 2288 enim
2869 2251 3074 2306 regnum
3099 2237 3334 2290 sclorum
3353 2239 3370 2305 (
3381 2236 3566 2290 Matth.
3599 2253 3672 2298 tv,

2107 2325 2217 2394 Π).
2247 2323 2503 2380 Similiter
2527 2334 2582 2379 et
2605 2325 2840 2380 Joannes
2857 2326 3089 2395 Baptista
3109 2336 3166 2382 et
3194 2343 3487 2396 prmcursor
3507 2329 3678 2397 ipsius

2107 2415 2174 2468 ita
2204 2415 2363 2484 cmpit
2383 2431 2401 2467 :
2423 2414 2566 2486 Agite
2594 2416 2952 2485 paenitentiam;
2980 2418 3398 2488 appmpinqutwit
3429 2420 3563 2472 enim
3589 2435 3678 2472 re-

2107 2521 2260 2574 gnum
2289 2505 2525 2560 mulorum
2554 2504 2662 2578 (Id.
2703 2522 2792 2570 Ill,
2821 2506 2899 2578 2).
2930 2507 2997 2560 Ει
3023 2507 3181 2562 modo
3209 2509 3423 2577 corripit
3446 2523 3540 2563 eos
3567 2509 3680 2562 Do-

2116 2596 2325 2662 minus,
2373 2597 2462 2666 qui
2506 2597 2690 2651 nolunt
2735 2612 2894 2667 agere
2936 2599 3337 2667 paenitentiam,
3393 2601 3683 2669 appropin—

2109 2694 2301 2752 quante
2326 2701 2490 2754 regno
2520 2687 2796 2741 canorum.
2827 2686 3055 2756 Regnum
3080 2687 3345 2752 calorum,
3378 2690 3513 2744 sicut
3567 2690 3686 2758 ipse

2109 2777 2205 2842 ait,
2222 2795 2320 2830 non
2336 2778 2491 2831 veniet
2513 2793 2626 2831 cum
2645 2778 3001 2832 observatione.
3019 2779 3086 2832 Et
3112 2780 3300 2834 iterum
3323 2780 3434 2848 ipse
3449 2781 3522 2834 ait
3541 2799 3552 2828 ε
3578 2781 3684 2834 fle-

2111 2883 2263 2937 gnnm
2289 2868 2525 2920 caelorum
2552 2867 2683 2920 intra
2711 2883 2796 2922 vos
2824 2877 2896 2922 est
2923 2868 3076 2937 (Luc.
3103 2884 3236 2933 xvu,
3262 2869 3353 2934 20,
3382 2870 3497 2940 2|).
3544 2870 3687 2924 Pru-

2112 2956 2298 3012 denter
2320 2972 2448 3025 ergo
2473 2958 2696 3027 accipiat
2717 2958 3073 3028 unusquisque
3095 2958 3290 3013 monita
3319 2960 3688 3029 prateeptoris,

2116 3053 2173 3106 ut
2200 3061 2302 3098 non
2347 3045 2530 3114 perdat
2557 3055 2760 3114 tempus
2789 3046 3162 3102 misericordia:
3187 3047 3474 3102 Salvatoris
3494 3087 3509 3112 ,
3564 3064 3692 3116 qua:

2117 3135 2276 3190 modo
2340 3134 2696 3204 impenditur,
2760 3135 3007 3204 quamdiu
3049 3137 3226 3206 generi
3276 3136 3505 3191 humano
3559 3154 3693 3206 par-

2113 3226 2274 3285 citur.
2307 3225 2386 3279 Ad
2430 3225 2530 3280 hoc
2554 3226 2696 3280 enim
2724 3226 2954 3294 parcitur
2974 3226 3207 3291 homini,
3240 3235 3296 3281 ut
3312 3236 3692 3292 convertatur,

2115 3326 2168 3372 et
2195 3331 2299 3370 non
2327 3316 2398 3370 sit
2423 3315 2510 3384 qui
2536 3315 2834 3370 damnetur.
2866 3314 3065 3370 Viderit
3111 3316 3250 3370 Deus
3272 3315 3483 3382 quando
3508 3317 3697 3371 veniat

2119 3406 2236 3460 linis
2257 3405 2434 3460 Stl'c'lii
2462 3423 2474 3458 :
2505 3413 2590 3460 est
2608 3415 2782 3459 tamen
2810 3405 2966 3460 modo
2993 3415 3197 3474 tempus
3221 3406 3362 3460 fidei.
3407 3406 3552 3461 Finis
3580 3423 3696 3460 sa:-

2116 3496 2218 3553 culi
2248 3505 2422 3550 utrum
2445 3494 2530 3550 hic
2555 3495 2781 3563 aliquem
2810 3505 3047 3549 uestrum
3079 3495 3336 3561 inveniat,
3379 3497 3560 3550 nescio
3589 3514 3601 3549 :
3632 3505 3695 3552 et

2120 3584 2342 3640 fortasse
2368 3600 2470 3639 non
2497 3582 2748 3640 inveniet.
2793 3585 3023 3654 Tempus
3047 3586 3235 3654 cuique
3259 3596 3496 3643 nostrum
3515 3629 3532 3652 ,
3565 3603 3695 3656 pro-

2119 3677 2316 3731 ximum
2342 3685 2420 3731 est
2440 3715 2456 3740 ,
2481 3676 2601 3745 quia
2645 3675 2893 3732 mortales
2915 3691 3116 3731 smnus.
3152 3676 3290 3730 Inter
3317 3691 3471 3730 casus
3494 3679 3696 3732 ambu-

2122 3766 2306 3820 lamus.
2356 3765 2412 3819 Si
2438 3765 2586 3820 vitrei
2631 3780 2899 3829 essemus,
2942 3765 3114 3818 minus
3155 3779 3310 3820 casus
3353 3767 3694 3822 timeremus.

2119 3856 2254 3928 Quid
2282 3856 2511 3926 fragilius
2535 3870 2659 3910 vase
2685 3855 2886 3910 vitreo?
2911 3855 2974 3909 Et
3003 3864 3177 3909 mmen
3204 3865 3441 3911 servatur
3463 3896 3481 3922 ,
3509 3868 3566 3912 et
3591 3857 3700 3916 du-

2121 3960 2202 4003 rat
2233 3964 2326 4018 per
2344 3949 2556 4002 szecula.
2593 3948 2708 4002 Etsi
2735 3947 2875 4001 enim
2905 3961 3059 4000 casus
3081 3947 3246 4002 vitreo
3272 3947 3380 4001 vasi
3407 3948 3696 4013 timentur,

2121 4048 2364 4093 senectus
2390 4039 2438 4092 ei
2460 4047 2513 4092 et
2541 4037 2700 4092 febris
2728 4051 2830 4094 non
2856 4037 3089 4092 timetur.
3119 4035 3224 4090 Nos
3243 4053 3368 4106 ergo
3397 4036 3564 4107 fragili
3589 4054 3700 4094 τρε

2123 4138 2174 4182 et
2203 4128 2515 4182 infirmiores
2542 4143 2764 4182 sumus:
2803 4127 2924 4196 quia
2949 4139 3001 4180 et
3027 4141 3178 4182 casus
3222 4143 3408 4183 omnes
3447 4128 3533 4197 qui
3572 4127 3701 4184 non

2123 4226 2334 4272 cessant
2361 4219 2411 4272 in
2441 4218 2600 4272 rebus
2626 4218 2904 4282 humanis,
2955 4215 3236 4287 fragilitate
3282 4219 3463 4288 utique
3511 4229 3701 4274 nostra

2125 4309 2360 4377 quotidie
2405 4308 2786 4374 formidamus;
2815 4317 2868 4362 ct
2890 4309 2934 4362 si
2967 4307 3062 4376 ipsi
3088 4323 3242 4364 casus
3262 4325 3364 4362 non
3403 4309 3700 4376 accedant,

2126 4406 2334 4467 tempus
2359 4398 2627 4452 ambulat:
2657 4399 2784 4452 vitat
2833 4397 2992 4452 homo
3034 4398 3227 4460 ictum,
3274 4398 3521 4468 numquid
3566 4401 3705 4454 vitat

2127 4488 2358 4542 exitum?
2402 4488 2530 4541 vitat
2570 4503 2686 4557 qua:
2735 4488 3065 4544 extrinsecus
3109 4488 3397 4553 eveniunt,
3438 4489 3704 4556 numquid

2127 4579 2266 4649 quod
2292 4580 2430 4634 intus
2460 4571 2695 4632 nascitur
2718 4577 2964 4646 pellitur?
2991 4578 3225 4648 Denique
3246 4593 3384 4634 nunc
3411 4579 3707 4633 lumbricus

2130 4669 2347 4740 gignunt
2384 4668 2632 4723 interiora
2651 4709 2667 4732 ,
2699 4683 2838 4723 nunc
2863 4668 3078 4726 morbus
3097 4668 3316 4738 quilth
3336 4668 3509 4722 subito
3537 4683 3707 4722 occu-

2133 4769 2220 4828 pat
2252 4776 2264 4809 :
2299 4766 2564 4826 postremo
2600 4757 2930 4826 quantumvis
2963 4757 3158 4810 homini
3209 4765 3483 4825 parcatur,
3524 4757 3710 4810 novis-

2132 4855 2264 4912 sime
2293 4861 2536 4906 senectus
2556 4866 2674 4904 eum
2695 4850 2933 4911 venerit,
2959 4865 3063 4903 non
3089 4858 3171 4903 cst
3193 4865 3296 4918 quo
3321 4849 3590 4904 dichratur
3625 4850 3666 4902 ί.

2201 4944 2424 5000 CAPUT
2463 4943 2679 4998 ll.——‘2.
2705 4942 2828 5007 Quis
2851 4943 2916 4996 sit
2947 4943 3258 4996 admersarius
3277 4941 3364 4995 ille
3385 4941 3469 4994 cui
3494 4957 3713 4995 coruun-

2135 5037 2227 5094 tire
2249 5035 2506 5106 jubemur.
2561 5033 2786 5088 Proinde
2828 5032 3102 5087 audiamus
3149 5032 3454 5098 Dominum,
3508 5031 3558 5086 in
3603 5047 3711 5086 no-

2138 5127 2219 5181 bis
2260 5125 2388 5195 ipsis
2415 5138 2631 5194 agamus
2669 5121 2807 5192 quod
2845 5122 3108 5190 przt'cepit.
3143 5121 3424 5176 Videamus
3460 5121 3578 5190 quis
3625 5131 3716 5176 cst

2140 5217 2226 5271 ille
2256 5215 2611 5279 adversarius,
2638 5213 2706 5267 de
2731 5230 2834 5282 quo
2858 5227 2951 5268 nos
2980 5213 3193 5275 terruit,
3219 5213 3400 5267 diccus
3427 5231 3440 5268 :
3473 5213 3532 5267 Si
3564 5214 3717 5268 radis

2140 5324 2254 5360 runt
2282 5305 2568 5359 adversario
2593 5314 2677 5356 tuo
2705 5303 2770 5356 ad
2808 5303 3098 5373 principem,
3122 5302 3186 5354 da
3209 5320 3412 5372 operam
3442 5303 3494 5355 in
3526 5303 3605 5356 ria
3646 5303 3714 5358 lic

2205 5398 2219 5428 ι
2249 5403 2372 5454 Mss,
2396 5393 2523 5454 quod
2546 5392 2814 5454 diﬂ‘eratur.

2205 5458 2222 5474 ⁰
2249 5453 2533 5506 Emendatus
2561 5453 2624 5504 ad
2659 5469 2828 5516 omnes
2857 5453 3048 5516 codices
3081 5455 3282 5516 scriptos
3326 5462 3378 5506 et
3422 5469 3630 5506 excuses
3663 5459 3716 5510 iu

2141 5531 2370 5569 sermone
2395 5516 2686 5579 praecedenti
2701 5515 2851 5579 nitido
2871 5515 3166 5579 designatos.

2229 5580 2279 5638 η)
2312 5577 2490 5638 Alias,l
2519 5578 2581 5626 de
2605 5578 2772 5631 Verbis
2794 5577 2990 5625 tumhi.

2232 5635 2280 5697 ἐν)
2313 5635 2547 5688 Possidius
2577 5639 2624 5687 in
2648 5637 2873 5694 lodicu'o,
2897 5650 3000 5697 cap.
3027 5635 3075 5694 8,
3117 5637 3240 5686 hum:
3280 5635 3402 5686 forte
3436 5637 3720 5689 sermonem

2148 5697 2281 5752 noiat
2302 5701 2378 5754 his
2399 5701 2595 5749 verbis:
2631 5718 2652 5744 ει
2676 5708 2741 5748 De
2776 5697 3062 5760 hvangelio,
3088 5699 3168 5745 ubi
3198 5700 3426 5760 sm‘lpttuu
3455 5707 3560 5760 est,
3596 5711 3720 5750 (ἰη-

2157 5783 2180 5812 ε
2203 5761 2351 5814 corda
2373 5775 2480 5812 cunt
2501 5760 2778 5812 adversario
2798 5757 3026 5830 tuo,.'cmu
3049 5771 3098 5809 es
3122 5771 3230 5808 cum
3252 5757 3335 5812 illo
3354 5759 3402 5809 in
3426 5757 3516 5812 via.
3538 5777 3560 5808 ι
