4126 6322
415 383 517 437 63"!

413 500 576 557 berari
609 496 671 549 ab
697 494 823 555 illo;
849 506 910 544 ne
952 488 1080 558 forte
1115 481 1279 536 tradat
1319 489 1365 531 te
1408 473 1641 546 principi,
1670 480 1713 524 et
1753 472 1981 538 princeps

413 594 660 654 ministro,
685 598 730 640 et
757 581 970 637 mittaris
989 580 1039 632 in
1061 587 1327 633 carcerem,
1352 568 1485 623 unde
1514 582 1610 619 non
1640 563 1792 654 exies,
1825 559 1981 614 donec

409 687 573 741 solvas
616 652 935 732 novissimum
972 667 1321 740 quadrantem.
1349 660 1478 728 Quis
1503 665 1583 713 est
1609 656 1707 710 iste
1729 652 1979 707 adversa-

411 776 552 834 rius?
581 774 636 828 Si
664 768 937 827 diabolus;
966 764 1073 832 jam
1115 755 1319 812 liberali
1358 765 1541 808 sumus
1569 749 1636 802 ab
1676 746 1783 800 illo.
1816 741 1983 810 Quale

411 870 637 942 pretium
677 878 775 934 pro
814 858 967 914 nobis
1000 854 1178 909 datum
1221 844 1321 915 est,
1354 855 1411 900 ut
1446 844 1514 898 ab
1561 842 1666 942 illo.
1690 839 1980 942 redimere-

410 931 567 1019 inur?
597 931 819 1024 Deique
857 949 983 1005 dicit
1024 941 1326 1014 Apostolus,
1373 939 1594 1007 loquens
1636 932 1703 986 de
1744 931 1985 1024 ipsa‘rec

410 1018 921 1120 demptione—uostra
953 1057 966 1092 :
1002 1036 1099 1103 Qui
1119 1034 1246 1088 erait
1286 1048 1375 1084 nos
1404 1028 1467 1081 de
1496 1032 1733 1120 potestate
1760 1018 1985 1120 tenepra-

411 1108 613 1204 rum,‘et
648 1131 900 1189 transtulit
950 1129 1003 1181 in
1046 1140 1256 1196 regnum
1296 1119 1419 1173 Filii
1458 1113 1718 1170 charitatis
1744 1108 1986 1181 sua-(Co.

413 1235 533 1291 loss.
558 1247 596 1295 ι,
624 1229 736 1297 15).
760 1220 1040 1290 Redempti
1059 1231 1263 1279 sumus,
1291 1211 1501 1268 diabolo
1530 1205 1941 1263 rennutiavimus
1969 1220 1983 1255 :

412 1320 678 1393 quomodo
718 1316 962 1372 dabimus
999 1324 1214 1381 operam
1254 1301 1576 1393 liberari‘ab
1624 1298 1738 1363 illo,
1776 1310 1844 1350 ne
1873 1308 1988 1393 Inoo

413 1386 604 1469 iierum
645 1408 883 1478 captivos
922 1403 1077 1475 faciat
1105 1393 1444 1470 peceatores?
1472 1391 1575 1448 Sed
1620 1405 1723 1444 non
1763 1396 1844 1441 est
1873 1386 1988 1478 ipse

411 1477 748 1563 adversnrius
784 1498 852 1553 de
903 1511 1007 1567 quo
1060 1506 1158 1548 nos
1203 1489 1460 1545 Dominus
1500 1488 1824 1539 commonet.
1871 1477 1989 1531 Alio

412 1599 554 1654 enim
578 1596 696 1650 loco
722 1592 856 1646 alius
885 1584 1203 1656 evangelista
1226 1581 1304 1636 sic
1333 1577 1458 1633 illud
1485 1574 1679 1645 posuit,
1708 1580 1763 1624 ut
1786 1570 1828 1623 si
1855 1577 1991 1623 utra-

330 1744 334 1746 γ
411 1705 516 1760 que
558 1685 715 1741 verba
742 1682 1046 1751 iungamus,
1077 1686 1126 1730 et
1156 1682 1378 1741 utraque
1411 1668 1569 1723 verba
1612 1664 1710 1760 sibi
1751 1664 1992 1760 Evange—

414 1752 604 1835 liorem
629 1775 853 1829 duorum
879 1778 1278 1837 comparemus,
1306 1757 1666 1815 adversarium
1698 1755 1854 1808 istum
1884 1752 1991 1805 cito

415 1869 790 1938 intelligamus.
849 1862 989 1915 Ecce
1031 1858 1174 1937 enim
1221 1855 1307 1909 hic
1334 1851 1458 1922 quid
1488 1847 1657 1904 dixit?
1685 1846 1810 1938 Cum
1851 1843 1991 1938 vadis

414 1964 480 2017 ad
507 1935 776 2031 principem
803 1970 917 2007 cum
938 1935 1222 2004 adversario
1247 1956 1352 2008 tuo,
1374 1943 1443 1997 da
1464 1955 1665 2009 operam
1690 1938 1743 1991 in
1870 1935 1991 1988 libe-

413 2056 519 2110 rari
547 2053 609 2107 ab
638 2067 715 2105 eo.
740 2048 888 2102 Alius
918 2054 1094 2098 autem
1115 2037 1433 2107 evangelista
1464 2034 1562 2088 hoc
1590 2033 1762 2101 ipsum
1793 2030 1873 2084 sic
1898 2042 1991 2096 po.

414 2146 520 2200 nuit
543 2162 556 2200 :
580 2141 706 2196 Esto
747 2135 1053 2193 concordiam
1090 2127 1376 2184 adversario
1407 2135 1491 2179 tuo
1522 2124 1620 2177 cito
1645 2138 1760 2175 cunt
1788 2136 1839 2173 es
1878 2134 1991 2172 cum

414 2238 503 2290 illa
526 2235 579 2287 in
602 2234 700 2285 via.
728 2229 930 2283 Caetera
956 2222 1145 2279 similia
1185 2227 1307 2273 sunt
1338 2235 1350 2270 :
1395 2214 1478 2269 Ne
1511 2219 1642 2286 forte
1677 2209 1993 2265 adversarius

416 2327 584 2382 tradat
623 2335 670 2379 te
698 2320 882 2395 jn’dici,
912 2316 1077 2389 judea:
1114 2313 1360 2374 ministro,
1386 2309 1610 2362 minister
1645 2306 1699 2360 in
1743 2319 1992 2395 carcerem

417 2416 626 2487 (Matth.
645 2430 693 2477 v,
710 2394 825 2481 25).
847 2407 1017 2465 Ambo
1030 2401 1367 2473 evangelista:
1381 2398 1626 2453 similiter
1644 2396 1744 2449 hoc
1759 2394 1991 2487 esplicad

418 2482 622 2561 venint.
640 2503 788 2564 Unus
806 2498 961 2559 dixit,
981 2496 1058 2549 Da
1077 2509 1283 2565 Operam
1306 2494 1359 2544 in
1382 2490 1460 2542 via
1487 2486 1690 2542 liberari
1702 2486 1765 2538 ab
1784 2483 1898 2538 illo:
1917 2482 1995 2536 al-

418 2612 498 2654 ter
512 2598 663 2658 dixit,
686 2592 920 2650 Consenti
946 2589 1042 2645 illi.
1061 2587 1176 2642 Non
1194 2585 1335 2639 enim
1358 2578 1781 2653 poterisliberari
1798 2576 1865 2630 ab
1883 2576 1993 2640 illo,

416 2691 516 2749 nisi
541 2690 589 2744 ei
629 2682 982 2741 cooscnscris.
1018 2678 1109 2732 Vis
1138 2675 1347 2732 liberari
1380 2672 1447 2725 ab
1474 2669 1599 2724 illo?
1622 2666 1861 2723 Consenti
1895 2665 1993 2718 illi.

416 2782 676 2851 Numquid
690 2777 929 2835 diabolus
938 2781 1035 2837 est,
1051 2770 1135 2827 cui
1148 2756 1998 2851 debeatconsentirechristianus?

485 2848 708 2929 CAPUT
764 2868 940 2923 lll.—--
984 2866 1035 2920 5.
1078 2859 1405 2919 Adversarius
1447 2862 1633 2917 noster,
1674 2867 1836 2907 sermo
1878 2848 1993 2905 Dei.

418 2969 731 3033 Qua-ramus
776 2974 902 3028 ergo
939 2957 1099 3010 istum
1155 2948 1553 3009 adversarium,
1606 2944 1689 2999 cui
1740 2942 1998 3033 debemus

419 3031 741 3118 consentire,
784 3067 851 3105 ne
881 3047 1051 3102 tradat
1091 3058 1189 3098 nos
1217 3040 1401 3111 indici,
1441 3046 1496 3092 et
1519 3035 1679 3105 judex
1707 3031 1949 3087 ministro
1980 3046 1995 3082 :

378 3124 722 3220 ’ῖῖῦἶὲῙ-ἶῆίυε
748 3143 917 3203 illum,
941 3147 995 3193 et
1019 3134 1414 3192 consentiamus
1441 3129 1536 3183 illi.
1560 3127 1616 3182 Si
1648 3139 1872 3220 peccas,
1899 3119 1994 3220 ad-

419 3212 685 3297 versarius
728 3245 846 3299 tuus
879 3245 1067 3285 sermo,
1084 3226 1174 3281 Dei
1211 3234 1294 3279 est
1323 3224 1418 3295 (a).
1448 3219 1603 3275 Verbi
1626 3232 1806 3279 causa,
1840 3212 1998 3267 ioni-

423 3343 509 3387 tan
537 3329 763 3383 delectat
802 3334 851 3377 te
890 3318 1137 3376 inebriari
1167 3335 1181 3369 :
1208 3316 1335 3370 dicit
1365 3314 1477 3376 tibi,
1503 3310 1638 3365 Noli.
1674 3308 1910 3362 Delectat
1946 3314 1998 3359 te

422 3430 661 3491 spectare
687 3425 744 3471 et
769 3413 950 3485 nugari
996 3430 1008 3466 :
1050 3411 1137 3465 ille
1176 3407 1302 3465 dicit
1346 3404 1469 3465 tibi,
1498 3401 1633 3455 Noli.
1670 3399 1903 3491 Delectat
1945 3405 1998 3449 te

424 3489 705 3565 adnlterari
741 3526 753 3559 :
779 3507 905 3562 dicit
931 3504 1023 3558 tibi
1054 3515 1232 3556 sermo
1262 3499 1377 3560 Dei,
1405 3494 1544 3549 Noli.
1576 3492 1630 3546 lu
1656 3489 2000 3561 quibuscum-

424 3621 526 3673 que
553 3603 781 3674 peccatis
823 3597 1056 3655 Volueris
1104 3593 1280 3647 facere
1316 3591 1638 3642 Voluntatcm
1680 3595 1841 3646 tuam,
1871 3580 2001 3674 dicit

428 3673 716 3758 libi,7Noli.
754 3686 1103 3746 Adversarius
1132 3693 1214 3738 est
1246 3678 1533 3734 voluntatis
1560 3686 1683 3739 tute,
1712 3673 1882 3727 donec
1910 3673 2000 3725 tiat

425 3796 607 3842 auctor
655 3784 839 3838 salutis
884 3790 989 3834 tua;
1031 3779 1071 3828 ί.
1115 3776 1159 3830 0
1197 3788 1356 3842 quam
1399 3770 1569 3823 bonus
1623 3765 1997 3831 adversarius,

422 3892 581 3945 quam
611 3874 752 3927 utilis
779 3867 1110 3924 adversarius
1136 3867 1148 3918 l
1182 3865 1294 3918 Non
1323 3861 1509 3930 quterit
1535 3867 1769 3912 nostram
1811 3854 1999 3911 volun-

425 3974 610 4027 tatem,
639 3964 731 4016 sed
759 3959 1058 4013 utilitatem.
1100 3953 1450 4008 Adversarius
1485 3958 1567 4003 est
1594 3947 1778 4011 nobis,
1811 3959 2001 4015 quam-

423 4057 513 4110 diu
543 4070 728 4108 sumus
756 4062 810 4106 et
832 4050 929 4120 ipsi
964 4048 1135 4102 nobis.
1164 4044 1421 4112 Quamdiu
1448 4053 1501 4095 tu
1527 4042 1620 4095 tibi
1650 4040 1894 4094 inimicus
1919 4052 1998 4104 es,

427 4146 695 4199 inimicum
725 4143 888 4195 babes
913 4153 1213 4194 sermonem
1248 4135 1376 4188 Dei:
1406 4142 1521 4187 esto
1558 4131 1649 4186 tibi
1686 4132 1909 4192 amicus,
1949 4137 2004 4183 et

426 4235 719 4290 concor-das
756 4248 879 4287 cum
909 4216 1044 4298 ipso.
1096 4227 1218 4281 Non
1266 4224 1588 4278 homicidium
1618 4222 1795 4293 feceris
1820 4220 1999 4285 :audi,

429 4338 482 4381 et
506 4324 858 4381 concordasti.
900 4320 1019 4376 Non
1049 4324 1242 4391 furtum
1284 4318 1463 4387 facias,
1508 4314 1652 4380 audi,
1683 4321 1738 4366 et
1777 4326 2002 4367 concor-

428 4417 584 4473 dasti.
632 4414 750 4468 Non
799 4411 1121 4467 mare/laberis
1153 4425 1172 4462 :
1194 4408 1336 4471 audi,
1364 4416 1415 4460 et
1451 4404 1846 4459 concordasti'.
1886 4401 2004 4455 Non

435 4510 618 4581 falsum
654 4505 991 4559 testimonium
1019 4502 1159 4555 dicas
1189 4499 1349 4554 :audi
1368 4540 1383 4564 ,
1411 4507 1465 4552 et
1492 4496 1847 4552 cuneordasti.
1882 4492 2001 4548 Non

432 4601 756 4670 concupiscas
778 4613 983 4651 uxorem
1009 4594 1224 4667 proximi
1250 4593 1322 4644 tui
1352 4608 1370 4647 :
1398 4590 1540 4655 audi,
1573 4598 1627 4643 et
1649 4586 2001 4642 coneordasti.

436 4691 555 4746 Non
580 4691 901 4758 concupiscas
929 4703 1034 4740 rem
1055 4684 1270 4755 proximi
1294 4684 1365 4736 tui
1393 4681 1412 4753 (
1435 4681 1601 4735 Exod.
1628 4696 1720 4746 xx,
1748 4680 1834 4745 15,
1850 4676 2000 4747 ctu):

433 4781 577 4846 audi,
600 4790 655 4833 et
678 4777 1032 4833 concordasu’.
1066 4775 1119 4828 In
1148 4774 1228 4828 bis
1258 4773 1503 4828 omnibus
1525 4787 1644 4823 eum
1669 4782 1757 4823 tuo
1779 4769 1879 4823 isto
1906 4768 2004 4822 ad-

434 4872 671 4928 versario
695 4870 1028 4925 concordasti
1058 4887 1070 4921 :
1101 4878 1154 4922 et
1180 4867 1270 4921 tibi
1300 4865 1424 4935 quid
1454 4863 1763 4934 perdidisti?
1785 4863 1897 4916 Non
1928 4876 2008 4915 so-

436 4964 545 5019 lum
571 4962 705 5017 nihil
731 4960 1005 5029 perdidisti
1047 4976 1061 5015 :
1098 4958 1191 5013 sed
1222 4968 1273 5011 et
1307 4966 1356 5009 le
1387 4957 1574 5024 ipsum,
1618 4955 1705 5023 qui
1749 4954 2003 5022 perieras,

435 5056 706 5113 invenisti.
736 5055 850 5118 Via,
878 5054 984 5107 vita
1012 5052 1110 5106 ista
1140 5060 1223 5106 est
1254 5068 1266 5102 :
1296 5049 1339 5101 si
1368 5046 1863 5102 concordaverimos
1885 5061 2006 5099 cum

435 5149 544 5213 illo,
570 5148 615 5203 si
645 5143 1069 5201 consenserimus
1100 5143 1205 5205 illi;
1238 5142 1379 5195 ﬁnita
1406 5142 1485 5195 via
1510 5140 1551 5206 ³,
1576 5156 1679 5195 non
1708 5140 2009 5195 timebimus

431 5240 684 5311 iudicem,
713 5238 1034 5300 ministrum,
1064 5248 1353 5291 carcerem.
1401 5292 1404 5295 Α

501 5371 517 5402 ι
545 5369 710 5418 ιειιιωο
739 5368 909 5426 verba,
935 5366 1084 5417 donec
1107 5363 1193 5429 ﬁat
1227 5371 1392 5418 auctor
1414 5363 1581 5415 salutis
1621 5372 1735 5429 tate,
1776 5370 1949 5423 absunt
1983 5386 2010 5423 a

438 5439 544 5482 Nos.
571 5438 621 5479 et
643 5431 705 5480 ab
729 5429 872 5478 editis
895 5437 993 5479 Am.
1022 5436 1073 5477 et
1097 5435 1169 5476 Er.

504 5494 522 5522 ²
547 5497 620 5539 Er.
648 5492 879 5552 prmterit,
904 5489 1201 5552 nonfurtum
1239 5488 1422 5552 facias;
1457 5487 1576 5552 audi
1616 5495 1663 5541 et
1694 5492 2009 5549 concordem.

442 5561 544 5603 Non
563 5550 818 5601 mcechaber
832 5550 876 5615 is
895 5550 1044 5615 {audi
1060 5557 1105 5601 et
1118 5550 1434 5615 concordasti.
1447 5551 1591 5615 Lugd.
1611 5560 1661 5601 et
1674 5562 1789 5615 ven.
1809 5569 1822 5615 ι
1840 5565 2011 5607 rteler-

444 5618 581 5677 eguit,
600 5622 698 5677 non
720 5611 1034 5677 manabat-is
1056 5611 1207 5662 :andi
1225 5619 1270 5677 ct
1285 5611 1600 5664 concordasti.
1619 5613 1759 5663 Paulo
1782 5611 1887 5677 post
1911 5625 2013 5669 tres

444 5673 540 5743 illa:
570 5674 809 5743 editiones
836 5675 1012 5743 ferunt,
1053 5673 1387 5743 concupisces;
1412 5689 1527 5739 pro,
1554 5673 1876 5743 camenis-cas.
1905 5688 1958 5731 at.

509 5736 529 5799 ξ
553 5734 737 5799 Aliquot
759 5742 882 5795 Mss,
911 5734 1045 5799 finita
1069 5736 1178 5786 rita.

505 5794 583 5860 (tt)
615 5794 729 5848 Vide
748 5806 895 5865 supra
911 5794 1192 5853 Sermonem
1212 5797 1261 5859 9,
1284 5810 1387 5865 cap.
1408 5798 1455 5852 3.
1484 5844 1485 5847 η

1850 350 2078 405 SERMU
2116 350 2225 404 CX.

3564 355 3670 412 638

2155 487 2380 543 CAPUT
2408 487 2493 543 ιν.
2512 490 2643 545 -ι.
2663 491 2798 545 Anni
2821 490 3197 561 homini'magis
3225 491 3489 558 decedunt,
3516 508 3667 561 quam

2085 580 2346 633 accedant.
2405 580 2629 649 Quando
2689 581 2865 636 linitur
2919 582 3041 635 via?
3097 581 3212 637 Non
3272 582 3521 636 omnibus
3564 598 3667 636 una

2087 666 2212 726 iiora
2242 673 2437 726 ﬁnitur.
2468 672 2838 744 Unusquisque
2874 673 3034 730 habet
3057 674 3261 741 horam,
3290 675 3502 743 quando
3523 674 3670 728 ﬁniat

2088 762 2248 816 viam.
2280 761 2395 829 Via,
2450 764 2557 817 vita
2602 764 2701 819 ista
2729 764 2867 819 dicta
2898 775 2979 819 est
3016 782 3030 818 :
3078 765 3239 820 ﬁnisti
3288 766 3441 819 istam
3480 764 3665 832 vitam,

2088 850 2247 906 ﬁnisti
2280 854 2442 907 viam.
2476 853 2858 921 Ambulamus;
2890 865 2943 910 et
2972 855 3144 925 ipsum
3171 858 3385 920 vivere,
3410 856 3668 911 accedere

2088 952 2187 998 est.
2218 944 2325 999 Nisi
2358 945 2492 1000 forte
2522 947 2716 1016 putatis
2740 947 2861 1017 quia
2889 955 3097 1015 tempus
3119 947 3342 1013 accedit,
3372 956 3424 1001 et
3450 961 3547 1001 nos
3567 955 3669 1004 sta-

2088 1037 2248 1091 mus?
2272 1036 2385 1091 Non
2411 1048 2584 1107 potest
2613 1038 2748 1092 ﬁeri.
2779 1038 3057 1106 Quomodo
3090 1038 3293 1095 accedit
3320 1050 3545 1108 tempus,
3576 1054 3672 1095 ac-

2088 1127 2328 1182 cedimus
2354 1138 2407 1182 et
2428 1144 2524 1183 nos
2556 1145 2568 1180 :
2599 1137 2654 1182 et
2683 1145 2787 1184 non
2811 1131 2931 1182 anni
2962 1130 3111 1184 nobis
3132 1130 3407 1198 accedunt,
3437 1130 3529 1185 sed
3558 1145 3674 1185 ma-

2089 1218 2170 1287 gis
2198 1218 2483 1275 decedunt.
2513 1219 2680 1274 Valde
2712 1229 2892 1275 errant
2916 1219 3178 1286 homines,
3210 1221 3419 1289 quando
3443 1220 3623 1274 dicunt
3653 1238 3669 1272 :

2091 1308 2232 1364 Puer
2270 1310 2368 1364 iste
2407 1309 2582 1365 adhuc
2620 1312 2792 1365 minus
2835 1311 2992 1379 sapit,
3035 1310 3294 1364 accedunt
3332 1310 3403 1365 illi
3434 1311 3578 1377 anui,
3617 1320 3672 1366 et

2092 1397 2322 1467 prudens
2346 1398 2465 1454 erit.
2503 1398 2733 1454 Attende
2758 1399 2885 1469 quid
2913 1399 3077 1453 diezis.
3110 1398 3415 1463 Accedunt,
3446 1400 3621 1454 dixisti
3654 1417 3670 1454 :

2091 1504 2190 1558 ego
2226 1490 2449 1545 ostendo
2486 1491 2607 1562 quia
2634 1490 2914 1557 decedunt,
2960 1505 3078 1543 eum
3108 1498 3162 1543 tu
3191 1488 3354 1553 dicis,
3382 1489 3671 1546 Accedunt.

2094 1580 2160 1633 Et
2184 1580 2306 1635 audi
2335 1595 2490 1650 quam
2525 1579 2675 1636 facile
2707 1581 2756 1635 id
2787 1582 2973 1651 probo.
3000 1581 3248 1634 Putemus
3276 1596 3373 1636 nos
3398 1582 3561 1635 scisse
3580 1596 3675 1635 an-

2093 1683 2191 1724 nos
2221 1669 2386 1739 ipsius
2406 1684 2470 1725 ex
2498 1685 2605 1740 quo
2630 1678 2786 1724 natus
2806 1680 2886 1724 est
2920 1687 2932 1724 :
2965 1669 3111 1724 verbi
3137 1669 3325 1740 gratia,
3356 1679 3412 1723 ut
3442 1669 3574 1723 bene
3599 1666 3673 1724 illi

2093 1768 2357 1828 optemus,
2372 1759 2638 1830 octoginta
2661 1775 2828 1815 annos
2850 1760 3085 1815 victurus
3104 1769 3204 1823 est,
3226 1768 3575 1829 perventurus
3595 1767 3676 1813 est

2093 1848 2160 1903 ad
2201 1858 2549 1905 senectutem.
2584 1850 2771 1905 Scribe
2801 1851 3064 1921 octoginta
3106 1865 3294 1905 annos.
3325 1848 3469 1904 Vixit
3510 1865 3674 1905 unum

2093 1955 2290 1995 annum
2321 1959 2334 1994 :
2360 1951 2489 2012 quot
2518 1941 2684 1996 habes
2714 1942 2765 1995 iu
2798 1943 3046 1996 sunnna?
3074 1950 3204 2012 quot
3233 1941 3489 1997 tenebas?
3516 1942 3678 1998 Octo-

2094 2032 2257 2101 ginta.
2283 2031 2464 2088 Deduc
2496 2049 2679 2087 unum.
2719 2032 2865 2087 Vixit
2904 2033 3086 2087 decem
3119 2052 3133 2088 :
3163 2034 3489 2104 septuaginta
3518 2034 3676 2089 resti-

2097 2130 2293 2181 terunt.
2324 2123 2466 2178 Vixit
2486 2124 2667 2194 viginti
2698 2143 2712 2179 :
2744 2125 3018 2193 sexaginta
3046 2126 3371 2180 restiterunt.
3400 2126 3556 2181 Certe
3584 2142 3677 2182 ac-

2096 2214 2353 2268 cedebant
2382 2231 2396 2268 :
2427 2214 2552 2284 quid
2600 2222 2683 2269 est
2730 2214 2865 2270 hoc?
2894 2214 3158 2279 Veniunt,
3214 2222 3273 2268 ut
3315 2215 3507 2269 abeant
3550 2216 3676 2271 anni

2097 2305 2261 2359 nostri
2289 2322 2301 2358 :
2335 2306 2571 2372 veniunt,
2604 2305 2839 2375 inquam,
2873 2313 2929 2359 ut
2956 2314 3098 2360 eam.
3120 2304 3235 2359 Non
3264 2305 3403 2359 enim
3438 2315 3675 2371 veniunt,

2100 2407 2155 2451 ut
2174 2406 2317 2453 stent
2339 2399 2613 2453 nobiscum
2636 2417 2649 2452 :
2670 2397 2760 2453 sed
2782 2413 2903 2453 eum
2935 2406 3214 2452 transeunt
3235 2413 3330 2466 per
3358 2412 3473 2462 nos,
3500 2405 3681 2453 terunt

2099 2503 2217 2553 nos,
2241 2498 2296 2543 et
2321 2490 2494 2544 minus
2520 2489 2807 2559 minusque
2833 2488 3009 2543 valere
3033 2504 3132 2543 nos
3171 2489 3385 2543 faciunt.
3414 2488 3557 2543 Talis
3598 2496 3680 2546 est

2099 2580 2205 2645 via,
2233 2581 2283 2635 in
2310 2596 2412 2650 qua
2444 2581 2706 2635 venimus.
2736 2580 2871 2647 Quid
2901 2582 3085 2635 tacturi
3126 2596 3308 2635 sumus
3337 2596 3458 2635 eum
3488 2580 3680 2635 adver-

2101 2671 2242 2724 sario
2269 2672 2383 2737 illo,
2426 2671 2476 2726 id
2503 2681 2614 2741 est,
2652 2688 2771 2727 cum
2820 2687 3066 2728 sermone
3096 2673 3229 2727 Dei?
3256 2671 3528 2727 Concorda
3559 2688 3680 2727 cum

2103 2762 2213 2817 illo.
2241 2761 2425 2817 Nescis
2451 2762 2592 2817 enim
2627 2763 2838 2832 quando
2876 2764 2958 2816 via
3003 2762 3232 2817 ﬁniatur.
3260 2762 3391 2818 Cum
3422 2764 3501 2817 via
3535 2762 3681 2818 ﬁnita

2100 2850 2278 2918 fuerit,
2306 2851 2469 2921 judex
2497 2860 2681 2915 restat.
2715 2862 2769 2907 et
2798 2853 3057 2919 minister,
3091 2861 3143 2907 et
3172 2868 3373 2907 carcer.
3403 2855 3471 2907 At
3496 2852 3539 2906 si
3569 2867 3682 2907 ser-

2102 2943 2308 2998 vaveris
2336 2944 2643 2998 adversario
2678 2951 2768 2997 tuo
2795 2944 2989 2998 bonam
3018 2944 3361 3008 voluntatem,
3391 2953 3443 2997 et
3467 2958 3585 2997 cum
3616 2958 3683 2997 eo

2100 3033 2467 3098 consenseris;
2511 3049 2606 3104 pro
2638 3034 2816 3103 judice
2845 3035 3086 3090 invenies
3126 3044 3351 3105 patrem,
3384 3049 3481 3105 pro
3521 3034 3680 3089 mini-

2100 3136 2212 3182 stro
2237 3143 2379 3182 saevo
2405 3127 2648 3197 angelum
2678 3127 2946 3181 tollentem
2993 3127 3044 3181 in
3086 3128 3259 3181 sinum
3295 3127 3550 3190 Abrahae,
3583 3141 3679 3196 pro

2100 3234 2313 3274 carcere
2340 3218 2660 3289 paradisum.
2688 3218 2855 3285 Quam
2885 3218 2991 3276 cito
3021 3219 3071 3273 in
3101 3220 3183 3273 via
3209 3229 3395 3274 cuncta
3426 3218 3678 3286 mutasti,

2100 3312 2220 3383 quia
2252 3321 2339 3366 tuo
2365 3311 2671 3365 adversario
2698 3310 3010 3364 consensisti
3033 3311 3047 3364 ε

2637 3422 2866 3479 SERMO
2903 3422 3028 3478 cxi
3052 3423 3147 3494 (α).

2102 3536 2181 3590 De
2199 3536 2358 3592 verbis
2382 3535 2642 3606 Evangelii
2670 3535 2840 3600 Lucae,
2864 3535 2947 3588 abi
2974 3534 3159 3588 dicitur
3178 3535 3242 3588 de
3254 3533 3431 3589 arbore
3445 3534 3680 3602 ficulnea,

2174 3642 2262 3693 per
2290 3625 2559 3678 triennium
2588 3624 2803 3692 fructum
2826 3641 2925 3677 non
2942 3628 3159 3695 ferente;
3190 3640 3249 3678 ac
3277 3624 3339 3678 de
3362 3624 3569 3678 muliere
3592 3625 3684 3677 Ita-

2173 3716 2314 3770 bmte
2342 3716 2508 3768 decem
2552 3725 2599 3768 et
2638 3725 2749 3769 octo
2786 3732 2947 3768 annos
2980 3715 3029 3767 in
3066 3715 3390 3782 inﬁrmitate,
3421 3731 3535 3782 cap.
3567 3731 3681 3779 xm,

2174 3808 2304 3863 6-l7
2340 3824 2575 3864 :nccnon
2617 3806 2680 3861 de
2706 3807 2864 3863 verbis
2905 3806 3102 3860 Psalmi
3148 3822 3199 3860 ιχ
3224 3847 3238 3869 ,
3289 3807 3379 3867 20.
3425 3807 3681 3875 Exsurge,

2172 3900 2417 3965 Domine,
2436 3914 2541 3954 non
2572 3900 2859 3969 przevaleat
2886 3900 3079 3966 homo;
3102 3900 3403 3970 iudicentur
3421 3908 3607 3971 gentes
3632 3901 3687 3957 in

2178 3998 2464 4061 conspectu
2490 3998 2579 4043 tuo
2602 3988 2695 4059 (ὑ).

2174 4100 2400 4163 CAPUT
2451 4099 2902 4156 PRIMUM.——l.
2964 4100 3119 4155 Ficus
3156 4103 3340 4155 sterilis
3388 4120 3476 4173 per
3528 4103 3685 4157 tricu—

2106 4195 2245 4247 niam
2289 4192 2409 4261 quid
2437 4191 2703 4262 signiﬁcet.
2754 4191 2829 4245 De
2867 4192 3059 4246 arbore
3103 4192 3325 4246 ﬁculnea
3364 4208 3485 4262 qua:
3525 4194 3686 4251 trien-

2106 4284 2252 4338 nium
2298 4282 2525 4339 liabcbat
2557 4290 2613 4336 et
2653 4280 2880 4336 fructum
2915 4299 3018 4337 non
3054 4282 3340 4348 all‘erebat,
3386 4293 3439 4338 et
3466 4285 3532 4339 de
3566 4301 3687 4340 mu.

2106 4376 2236 4430 liere
2275 4390 2393 4443 qua:
2422 4373 2607 4428 decem
2646 4381 2703 4427 et
2745 4383 2866 4428 octo
2909 4388 3079 4428 annos
3120 4373 3348 4429 habebat
3383 4375 3435 4429 in
3468 4375 3689 4433 iniirmiv

2110 4477 2235 4533 tate,
2267 4465 2405 4535 quod
2436 4464 2690 4527 Dominus
2715 4464 2991 4519 donaverit
3012 4465 3210 4520 audite.
3235 4466 3410 4520 Arbor
3438 4467 3687 4531 ﬁculnea,

2107 4559 2586 4629 genus-humanum
2607 4565 2707 4611 est.
2738 4557 3046 4612 Triennium
3067 4566 3265 4622 autem,
3294 4558 3388 4612 tria
3415 4567 3537 4612 sunt
3556 4570 3704 4614 teme.

2108 4667 2235 4722 pora
2268 4668 2281 4705 :
2316 4666 2475 4705 unum
2502 4658 2627 4704 ante
2650 4648 2868 4719 Legem,
2900 4651 3126 4704 alterum
3150 4652 3250 4705 sub
3280 4651 3439 4720 Lege,
3470 4651 3687 4705 tertium

2109 4743 2208 4799 sub
2250 4742 2437 4812 gratia.
2482 4741 2595 4796 Non
2635 4750 2718 4797 est
2759 4750 2938 4797 autem
2982 4742 3340 4812 importmmm
3369 4784 3383 4807 ,
3431 4752 3487 4797 ut
3528 4743 3693 4797 arbor

2110 4833 2332 4888 ﬁculnea
2365 4832 2689 4902 intelligatur
2727 4846 2897 4902 genus
2938 4831 3246 4887 humanum.
3295 4832 3502 4887 Primus
3542 4835 3687 4891 enim

2112 4924 2273 4978 homo
2301 4922 2513 4992 quando
2543 4923 2798 4991 peccavit,
2832 4922 2973 4978 foliis
3004 4923 3243 4977 ﬁculneis
3272 4922 3515 4991 pudenda
3539 4925 3688 4980 vela-

2111 5014 2186 5068 vit
2217 5012 2364 5082 (Gen.
2398 5029 2474 5075 nl,
2498 5014 2551 5083 7)
2578 5032 2591 5071 :
2625 5012 2738 5067 Inec
2765 5013 2975 5079 velavit,
2999 5013 3139 5068 unde
3158 5014 3266 5067 nati
3289 5030 3492 5080 sumus,
3523 5032 3690 5070 mem-

2113 5108 2222 5183 bra.
2252 5107 2379 5175 Qua:
2406 5108 2544 5160 enim
2571 5116 2699 5160 ante
2721 5115 2991 5176 peccatum
3025 5106 3232 5161 fuerant
3257 5106 3546 5176 glorianda,
3573 5119 3691 5177 post

2116 5206 2385 5266 peccatum
2428 5196 2672 5266 pudenda
2715 5205 2839 5251 sunt
2890 5195 3046 5252 facta.
3092 5198 3327 5267 Denique
3367 5208 3518 5253 antea
3564 5201 3691 5254 nudi

2113 5298 2284 5354 erant,
2314 5297 2367 5343 et
2404 5306 2508 5343 non
2550 5288 3031 5345 conl‘ondebantur.
3067 5289 3182 5344 Non
3211 5289 3352 5345 enim
3396 5299 3511 5346 erat
3555 5292 3696 5346 unde

2114 5380 2515 5446 erubescerent,
2566 5380 2783 5451 quando
2832 5388 3101 5450 peccatum
3159 5398 3262 5437 non
3310 5392 3691 5452 praecesserat:

2116 5481 2489 5540 necepotcrant
2530 5472 2598 5533 de
2640 5471 2722 5525 sui
2762 5471 3030 5526 Creatoris
3074 5473 3321 5541 operibus
3358 5474 3693 5537 erubescere,

2179 5558 2422 5625 'CQIIatus
2455 5574 2564 5611 cuin
2596 5563 2754 5625 trith
2796 5562 2879 5612 bu.
2922 5569 2974 5612 et
2995 5570 3199 5625 quatuor
3218 5563 3285 5614 cl.
3322 5578 3433 5615 ctua
3462 5578 3509 5614 ι.
3545 5566 3624 5616 cb.
3661 5565 3695 5619 l‘.

2116 5620 2175 5671 fs.
2192 5636 2244 5685 Vg.
2268 5620 2405 5685 lr._gm
2448 5636 2495 5684 p.
2520 5636 2611 5671 rm.
2630 5622 2715 5685 vd.
2744 5631 2797 5672 et
2816 5637 2925 5672 cum
2949 5620 3046 5674 Aui.
3072 5630 3145 5674 Er.
3172 5633 3272 5675 Par.
3298 5634 3407 5677 ιον.

2180 5683 2252 5804 (ll;
2286 5683 2424 5743 Alias,
2447 5683 2509 5733 de
2535 5684 2897 5735 \‘crlnsDomini
2919 5687 2997 5736 51.

2180 5743 2231 5804 (b
2284 5752 2564 5794 Sermonem
2588 5746 2823 5795 Possidius
2839 5747 2887 5796 in
2904 5747 2997 5797 ludi

2179 5743 2252 5816 .(.b)
2284 5752 2564 5816 Sermonem
2588 5746 2823 5795 Possidius
2839 5747 2887 5796 in
2904 5747 3045 5816 ludio.
3058 5750 3460 5816 cap.8recen_sct.
3484 5758 3589 5816 sne
3600 5763 3701 5800 nata

2129 5824 2152 5854 ι
2172 5803 2299 5858 liere
2314 5818 2478 5870 curva,
2492 5807 2665 5859 decem
2681 5816 2733 5861 et
2744 5817 2851 5861 octo
2862 5823 3012 5865 anuos
3034 5803 3244 5864 hab'the
3280 5813 3327 5864 in
3352 5803 3641 5867 inmanitate.
3654 5829 3676 5858 ι
