4006 6506
414 515 539 587 quia
568 510 818 583 cperlbus
839 506 1109 563 Creatoris
1144 506 1225 559 sui
1254 503 1408 558 bonis
1436 500 1636 570 nullum
1662 497 1836 553 adlmc
1875 508 1991 548 ma-

413 604 522 659 lum
552 617 687 673 opus
712 615 863 655 suum
892 597 1229 651 miscuerant.
1259 593 1501 650 Nondum
1530 592 1671 649 enim
1704 587 1995 642 manduca-

415 703 602 749 verant
629 693 694 747 de
724 691 866 761 ligno
893 688 1130 743 scicntia:
1160 686 1282 742 boni
1326 694 1380 741 et
1417 683 1561 748 mali,
1590 680 1731 736 unde
1766 676 1993 733 mandu-

414 800 541 840 care
580 781 827 852 prohibiti
856 778 1026 835 erant.
1067 777 1253 831 Postea
1293 790 1419 845 ergo
1446 788 1603 845 quam
1636 769 1993 825 manducave-

416 883 537 929 runt
557 882 611 927 et
640 880 1014 940 peccaverunt,
1045 877 1223 921 natum
1254 874 1338 921 est
1365 865 1431 919 de
1460 864 1562 923 illis
1588 877 1757 933 genus
1796 860 1981 916 huma-

416 980 542 1019 num
572 982 585 1016 :
617 962 669 1016 id
697 973 800 1028 est,
835 962 994 1015 homo
1014 960 1079 1015 de
1101 960 1334 1023 homine,
1353 956 1612 1033 obnoxius
1640 956 1707 1010 de
1734 953 1992 1018 debitore,

417 1057 654 1113 mortalis
679 1055 745 1111 de
776 1055 1019 1120 mortali,
1045 1063 1291 1124 peccator
1313 1052 1378 1106 de
1407 1060 1706 1122 peccatore.
1732 1047 1839 1102 llos
1865 1060 1994 1116 ergo

415 1150 644 1220 appellat
664 1150 715 1206 in
747 1151 844 1203 hac
870 1147 1080 1213 arbore,
1107 1146 1194 1216 qui
1219 1160 1315 1217 per
1335 1159 1496 1199 omne
1532 1152 1744 1212 tempus
1769 1139 1994 1194 fructum

415 1242 543 1295 dare
571 1242 850 1296 noluerunt
882 1257 896 1292 :
933 1249 985 1294 et
1038 1250 1253 1309 propter
1293 1236 1395 1291 hoc
1443 1234 1752 1290 imminebat
1792 1229 1997 1311 securis

414 1332 684 1389 radicibus
733 1332 939 1388 arboris
984 1330 1343 1386 infructuosae.
1406 1325 1688 1382 lntercedit
1733 1324 1994 1388 colonus,

414 1426 658 1482 diﬂ'ertnr
681 1424 1017 1494 supplicium,
1051 1435 1106 1478 ut
1131 1423 1442 1477 adhibeatur
1465 1419 1739 1475 auxilium.
1770 1415 1872 1485 Qui
1895 1432 1995 1470 au-

417 1527 523 1573 tem
564 1517 843 1572 intercedit
879 1516 1118 1578 colonus,
1162 1523 1244 1569 est
1272 1513 1445 1568 onmis
1474 1520 1713 1574 sanctus,
1744 1509 1836 1579 qui
1862 1509 1997 1562 intra

416 1609 708 1666 Ecclesiam
735 1618 853 1664 orat
883 1623 977 1677 pro
1004 1608 1083 1661 eis
1107 1606 1195 1676 qui
1220 1612 1344 1662 sunt
1379 1612 1527 1659 extra
1556 1601 1871 1658 Ecclesium.
1921 1597 1989 1652 Et

417 1699 544 1773 quid
572 1700 724 1755 orat?
748 1697 982 1758 Domine,
1012 1697 1204 1750 dimitte
1222 1696 1363 1749 illam
1381 1696 1397 1727 ¹
1426 1704 1472 1748 et
1492 1694 1584 1748 hoc
1608 1708 1741 1747 anno
1764 1707 1783 1745 :
1811 1689 1864 1745 id
1892 1696 1997 1755 εει,

420 1801 659 1861 tempore
684 1790 786 1844 isto
811 1790 909 1845 sub
926 1790 1115 1859 gratia,
1146 1802 1303 1857 parce
1326 1784 1712 1856 peccatoribus,
1738 1798 1895 1853 parce
1917 1781 1998 1836 in-

420 1884 681 1947 ﬁdelibus,
707 1898 864 1953 parce
890 1881 1179 1942 sterilibus,
1210 1896 1364 1951 parce
1395 1878 1753 1933 inlructuosis.
1771 1876 1999 1932 Circum-

419 1978 559 2050 fodio
588 1977 651 2036 ei.
681 1987 725 2029 et
755 1974 968 2028 adhibeo
997 1974 1266 2043 copln'num
1304 1971 1534 2026 stercoris
1564 1987 1583 2025 :
1611 1970 1654 2040 si
1688 1968 1861 2038 fecerit
1891 1971 2002 2038 [ru-

419 2077 574 2133 etum,
601 2066 759 2129 bene;
786 2066 864 2119 sin
890 2074 1056 2117 autent
1082 2064 1269 2125 minus,
1300 2062 1464 2115 uenies
1492 2069 1537 2113 et
1561 2058 1847 2127 amputabis
1866 2073 1997 2111 eum.

429 2157 607 2213 Venies
633 2155 919 2227 :quandu?
949 2155 1003 2209 In
1031 2153 1230 2222 judicio
1258 2151 1461 2218 venies,
1490 2149 1702 2221 quaqu
1749 2157 2001 2203 venturus

418 2264 478 2305 es
501 2248 742 2318 judicare
771 2249 918 2303 vivos
940 2256 993 2300 et
1018 2254 1275 2302 mortuos.
1308 2242 1524 2298 Interim
1557 2240 1716 2295 modo
1746 2239 1999 2310 parcitur.

418 2342 555 2410 Quid
584 2349 667 2397 est
693 2348 869 2395 autem
891 2337 1070 2393 fossa?
1091 2337 1215 2408 quid
1240 2346 1323 2392 est
1345 2334 1751 2398 circumfodere,
1778 2332 1876 2387 nisi
1903 2331 2003 2386 hu-

420 2432 697 2486 militatem
726 2440 779 2485 et
803 2430 1167 2501 pmnitentiam
1194 2426 1427 2483 docere?
1456 2426 1619 2481 Fossa
1644 2424 1789 2480 enim
1822 2421 1999 2476 humi-

419 2523 485 2577 lis
511 2533 647 2578 terra
677 2531 778 2577 est.
824 2520 1119 2591 Cophinum
1146 2518 1432 2583 stercoris,
1467 2517 1518 2571 in
1558 2517 1699 2572 bono
1742 2513 1999 2582 intellige.

419 2614 617 2670 Sordes
646 2623 791 2680 sunt,
822 2613 915 2668 sed
946 2612 1171 2667 fructum
1202 2611 1347 2666 dant.
1380 2610 1580 2666 Sordes
1616 2607 1836 2665 cultoris
1859 2648 1875 2673 ,
1902 2606 2002 2660 do-

423 2706 565 2760 lores
590 2714 712 2759 sunt
737 2704 1048 2774 peccatoris.
1078 2702 1178 2769 Qui
1205 2711 1366 2773 agunt
1394 2700 1779 2772 pamitentiam.
1805 2699 1856 2753 in
1886 2713 2003 2753 sor-

419 2796 577 2851 dibus
604 2805 764 2866 agunt
793 2813 805 2852 :
830 2796 872 2851 si
906 2805 1081 2850 tamen
1104 2793 1422 2863 intelligant.
1454 2801 1508 2847 ει
1529 2790 1789 2845 veraciter
1818 2796 1998 2859 agant.

424 2890 554 2944 lluic
566 2904 693 2959 ergo
706 2888 881 2943 arbori
902 2887 1096 2944 dicitur
1116 2905 1128 2940 :
1152 2886 1298 2956 Agite
1325 2885 1663 2955 paenitentiam
1680 2901 1699 2949 ;
1724 2881 2004 2953 appropin-

418 2982 586 3052 quavit
608 2981 739 3033 enim
763 2996 972 3051 regnum
994 2980 1235 3057 caelorum
1266 2976 1477 3050 (Matth.
1502 2992 1577 3041 ιιι,
1603 2974 1682 3045 ἓ).

489 3070 714 3126 CAPUT
754 3069 815 3124 ll.
842 3098 917 3109 —-
953 3070 1007 3123 2.
1048 3068 1234 3122 Mulier
1262 3068 1429 3121 decem
1453 3076 1499 3121 et
1531 3076 1642 3119 octo
1670 3065 1817 3118 annis
1840 3064 1892 3117 in
1919 3063 2002 3115 in-

422 3161 675 3229 ﬁrmitate.
755 3158 922 3213 Homo
984 3176 1085 3215 non
1131 3159 1193 3214 tle
1258 3163 1349 3213 suo
1374 3199 1388 3221 ,
1440 3157 1528 3211 sed
1575 3156 1637 3209 de
1684 3155 1849 3226 gratia
1907 3152 2005 3207 Dei

422 3255 599 3306 bonus.
649 3250 784 3319 Quid
824 3250 909 3306 illa
951 3249 1143 3303 nntlier
1182 3248 1364 3302 decem
1385 3256 1439 3302 et
1468 3257 1589 3302 octo
1614 3260 1782 3300 annos
1803 3243 2005 3299 habens

423 3344 475 3397 in
518 3342 854 3396 infirmitate?
883 3340 988 3395 Sex
1029 3339 1216 3393 dit-bus
1259 3339 1399 3393 Deus
1441 3335 1662 3406 perfecit
1696 3350 1856 3405 opera
1884 3350 2002 3390 sua.

423 3436 527 3491 Ter
552 3435 687 3499 seni,
710 3433 894 3488 decem
923 3442 977 3487 et
992 3440 1112 3486 oeto
1139 3430 1356 3487 faciunt.
1376 3428 1524 3495 Quod
1549 3442 1675 3498 ergo
1691 3425 2007 3495 signiﬁcavit

425 3526 706 3581 triennium
749 3526 798 3579 in
830 3524 1021 3579 arbore
1047 3565 1060 3588 ,
1090 3523 1190 3577 hoc
1215 3522 1401 3576 decem
1443 3530 1497 3575 et
1529 3529 1650 3574 octo
1678 3519 1800 3572 anni
1831 3518 1881 3571 in
1917 3517 2004 3570 illa

424 3615 664 3670 nmliere.
697 3614 867 3669 Curva
908 3623 1040 3675 erat,
1084 3627 1293 3667 sursum
1331 3610 1572 3679 aspicere
1606 3625 1709 3663 non
1755 3616 1957 3679 poterat
1989 3606 2007 3660 ε’

421 3707 541 3777 quia
567 3705 787 3761 Sursum
817 3719 926 3768 cor,
951 3704 1065 3759 sine
1088 3718 1245 3758 causa
1270 3702 1535 3757 audiebat.
1557 3700 1663 3756 Sed
1692 3700 1862 3754 erexit
1888 3715 2004 3753 eam

422 3799 697 3853 Dominus.
718 3797 815 3851 Est
830 3812 956 3867 ergo
969 3808 1111 3866 spes,
1129 3795 1221 3850 sed
1245 3795 1671 3864 ﬁliis,quousquc
1697 3794 1873 3847 veniat
1892 3792 2007 3846 dies

417 3890 624 3959 judicii.
666 3888 885 3942 Multum
927 3888 1023 3942 sibi
1063 3886 1153 3941 dat
1196 3886 1375 3940 homo.
1418 3885 1485 3939 Et
1526 3884 1652 3955 quid
1698 3892 1780 3938 est
1809 3882 2006 3936 homo?

420 3981 602 4036 Justus
644 3981 803 4035 homo
847 3995 1092 4050 magnum
1140 3979 1335 4049 aliquid
1375 3988 1451 4034 εει
1485 3977 1664 4031 homo.
1692 3977 1796 4031 Sed
1829 3987 2005 4031 tamen

418 4072 591 4140 justus
619 4070 798 4136 homo,
831 4072 995 4140 gratia
1026 4071 1113 4124 Dei
1144 4080 1225 4125 est
1259 4070 1433 4139 justus
1471 4069 1649 4122 homo.
1679 4067 1830 4131 Nam,
1869 4068 2007 4134 Quid

422 4171 495 4213 est
517 4160 666 4213 homo
694 4202 708 4225 ,
736 4161 833 4214 nisi
860 4160 993 4230 quod
1019 4177 1205 4214 memor
1232 4176 1282 4213 es
1311 4161 1419 4230 ejus
1448 4158 1619 4231 (Psal.
1651 4176 1761 4227 vm,
1790 4160 1884 4228 5)?
1917 4157 2006 4214 Vis

424 4249 604 4304 videre
647 4249 771 4318 quid
818 4259 901 4304 est
941 4249 1135 4303 homo?
1180 4248 1355 4301 Omnis
1393 4250 1543 4302 homo
1573 4248 1792 4302 mendax
1833 4247 2001 4319 (Psnl.

424 4358 553 4406 cxv,
588 4339 697 4412 ll).
724 4341 1079 4406 Cuittavimus,
1113 4339 1343 4411 Exsurge
1364 4382 1379 4406 ,
1412 4339 1624 4395 Domine
1645 4383 1659 4405 ,
1689 4357 1788 4395 non
1810 4357 2004 4411 prteru-

426 4433 524 4486 lent
548 4432 715 4485 homo.
747 4430 884 4498 Quid
914 4440 1013 4495 est,
1042 4448 1140 4484 non
1162 4431 1430 4501 praevaleat
1451 4432 1599 4485 homo
1616 4432 1642 4484 ?
1658 4430 1844 4487 Nonne
1865 4434 2008 4502 Apo-

425 4524 548 4587 stoli
581 4524 824 4579 homines
848 4522 1034 4578 erant?
1060 4523 1242 4578 Nonne
1256 4532 1518 4595 martyres
1548 4524 1789 4579 homines
1813 4527 2006 4580 erant?

424 4616 543 4686 Ipse
568 4616 823 4671 Dominus
853 4615 1004 4670 Jesus
1040 4615 1177 4669 Deus
1213 4631 1331 4670 esse
1357 4632 1461 4669 non
1500 4615 1762 4671 desistens
1784 4657 1799 4681 ,
1845 4616 2007 4672 homo

424 4722 545 4761 esse
566 4706 813 4776 dignatus
841 4714 943 4760 est.
982 4704 1118 4772 Quid
1139 4716 1222 4760 est
1254 4722 1380 4777 ergo
1402 4747 1415 4770 ,
1443 4704 1678 4777 Exsurge
1695 4750 1710 4774 ,
1756 4707 2001 4774 Domine,

425 4816 523 4853 non
545 4800 815 4870 prtevaleat
839 4799 1032 4853 homo?
1066 4798 1122 4853 Si
1161 4798 1332 4852 omnis
1382 4798 1542 4853 homo
1580 4799 1808 4855 mendax
1846 4816 1860 4853 :
1912 4816 2006 4856 ev-

427 4909 607 4963 surge,
639 4894 856 4957 veritas,
887 4909 989 4947 non
1014 4893 1299 4964 pi-azvalcat
1324 4892 1543 4948 falsitas.
1571 4892 1742 4948 llomo
1778 4909 1925 4965 ergo,
1959 4894 2002 4949 si

428 4986 541 5040 vult
566 5000 688 5043 esse
719 4982 917 5055 aliquid
964 4984 1121 5051 boni,
1156 4998 1259 5037 non
1293 4983 1357 5038 sit
1402 4983 1470 5039 de
1509 4998 1606 5039 suo
1659 4985 1895 5054 proprio.
1946 4984 2004 5040 Si

423 5077 565 5131 enim
596 5076 664 5132 de
692 5092 791 5132 suo
813 5090 934 5131 esse
954 5075 1195 5141 Voluerit,
1220 5075 1444 5130 mendax
1472 5076 1591 5130 erit.
1614 5073 1670 5131 Si
1699 5090 1858 5131 verax
1884 5090 2004 5132 esse

422 5167 649 5223 voluerit
672 5167 737 5222 de
764 5167 879 5235 Dei,
909 5182 1012 5221 non
1039 5166 1107 5221 de
1131 5181 1228 5221 suo
1247 5168 1367 5221 erit.

495 5258 549 5312 ὅ.
596 5255 871 5329 Propheta:
898 5267 1086 5325 votum,
1110 5266 1163 5310 ut
1189 5274 1288 5313 non
1332 5256 1601 5327 prtevaleat
1636 5258 1803 5313 homo.
1835 5261 1996 5328 Ergo,

421 5347 675 5417 Exsurge,
709 5347 942 5415 Domine,
970 5365 1071 5402 non
1096 5350 1359 5420 prmalent
1380 5348 1549 5402 homo.
1577 5348 1801 5404 Tantum
1839 5352 2002 5405 valuit

420 5441 755 5499 mendacium
780 5452 903 5497 ante
927 5441 1201 5507 diluvium,
1234 5450 1291 5494 ut
1320 5449 1437 5510 post
1467 5440 1724 5495 diluvium
1754 5451 1876 5496 oeto
1905 5443 2001 5497 ho-

419 5532 594 5587 mines
615 5534 995 5587 remansissent
1024 5533 1069 5603 (Ι
1099 5530 1238 5586 Petr.
1267 5548 1343 5597 ιιι,
1376 5532 1493 5605 20).
1529 5535 1621 5587 Pet
1674 5533 1818 5604 ipsos
1861 5542 1999 5590 terra

425 5639 615 5679 rursus
636 5624 851 5694 impleta
873 5634 955 5679 est
983 5624 1284 5680 hominibus
1309 5626 1650 5682 mendacibus
1669 5668 1683 5693 ,
1724 5636 1779 5681 et
1802 5624 2002 5681 electus

482 5760 497 5789 ³
526 5758 855 5828 ιιςεηηάὲηιὶιιε
877 5757 967 5828 illi.
992 5766 1047 5811 Et
1065 5761 1135 5812 sic
1156 5761 1268 5814 alibi
1292 5770 1494 5815 veteres
1516 5763 1644 5827 libri,
1664 5763 1857 5828 quoties
1878 5763 2006 5816 hunc

415 5816 575 5872 locum
597 5820 753 5873 refert
774 5823 1081 5887 augustinus.

1642 386 1699 442 S.
1740 375 2105 443 AUGUSTINI
2146 377 2445 436 EPISCOPI

3578 375 3684 434 ϐω

2102 501 2185 546 εει
2220 493 2446 563 populus
2472 492 2592 552 Dei.
2620 493 2782 553 Facta
2800 501 2926 559 sum
2955 490 3209 550 miracula
3246 490 3412 551 multa
3431 532 3449 559 ,
3474 504 3681 563 prcru-

2104 594 2222 655 gata
2247 585 2427 643 divina
2449 582 2726 643 beneﬁcia.
2758 587 2841 643 Ad
2868 595 3063 647 terram
3094 586 3462 659 pmlulssmnis
3486 586 3683 658 perduc

2103 683 2220 730 etus
2239 685 2341 742 est,
2362 677 2433 735 ab
2467 676 2836 749 Egyptiorum
2879 678 3135 735 servitute
3168 678 3424 746 liberatus
3466 692 3482 730 :
3549 678 3685 735 Pro~

2105 766 2278 838 pheta:
2299 768 2352 826 in
2377 769 2470 823 illo
2492 769 2708 824 excitati
2729 779 2872 835 sunt,
2908 770 3163 841 templum
3209 769 3453 840 accepit,
3498 782 3685 825 sacer.

2102 858 2305 916 dotium
2334 860 2563 931 accepit,
2616 862 2922 917 unctionem
2956 860 3199 932 accepit,
3237 859 3409 930 legem
3454 859 3688 930 accepit.

2103 948 2209 1006 Sed
2246 950 2313 1006 de
2354 950 2470 1021 ipso
2509 960 2694 1024 postea
2727 951 2926 1011 dictum
2968 960 3081 1019 est,
3122 949 3251 1013 Filii
3303 949 3459 1011 alieni
3488 951 3687 1009 mentiti
3726 984 3737 989 -

2101 1052 2218 1097 sunt
2246 1043 2370 1097 mihi
2396 1041 2565 1114 (Psal.
2596 1059 2734 1110 xvn,
2758 1043 2875 1115 46).
3230 1082 3233 1085 ‹

2172 1134 2400 1192 CAPUT
2440 1134 2524 1190 ιιι.
2554 1165 2627 1176 -
2662 1135 2743 1191 Ad
2769 1144 3063 1193 extremum
3100 1134 3295 1191 missus
3332 1141 3415 1191 est
3452 1133 3541 1189 ille
3588 1147 3685 1204 per

2103 1226 2396 1297 Prophetas
2418 1237 2543 1283 ante
2565 1229 2878 1300 promissus.
2916 1227 3037 1283 Non
3064 1227 3335 1301 praevaleat
3380 1227 3532 1282 homo
3551 1267 3566 1292 ,
3600 1228 3686 1282 vel

2103 1318 2225 1390 quia
2254 1320 2397 1375 Deus
2425 1318 2595 1375 factus
2619 1329 2701 1376 est
2741 1320 2923 1376 homo.
2968 1320 3074 1377 Sed
3119 1320 3279 1376 etiam
3333 1320 3446 1393 ipse
3483 1319 3687 1375 iaciens

2103 1412 2283 1468 divina
2304 1421 2641 1486 contemptus
2667 1420 2767 1475 est,
2792 1420 3049 1483 praestans
3076 1420 3184 1466 tam
3217 1412 3381 1466 multa
3426 1411 3688 1469 beneﬁcia

2106 1504 2405 1573 prehensus
2427 1511 2530 1571 est,
2556 1504 2847 1575 llagellatus
2875 1512 2974 1568 est,
3004 1517 3298 1573 sustiensus
3339 1513 3439 1558 est.
3480 1502 3689 1557 ιιιιειιε-

2104 1610 2208 1664 que
2228 1594 2501 1665 pnevaluit
2520 1595 2699 1660 homo,
2734 1594 2828 1653 Dei
2854 1592 3045 1649 Filium
3077 1593 3441 1663 prehendere,
3472 1593 3569 1652 Dei
3592 1592 3686 1646 Fi-

2104 1688 2232 1743 lium
2262 1687 2547 1759 ﬂagellarc,
2580 1688 2670 1744 Dei
2701 1687 2892 1742 Filium
2915 1687 3083 1758 spinis
3106 1702 3365 1743 coronare
3387 1726 3405 1752 ,
3449 1686 3539 1742 Dei
3589 1686 3688 1746 Fi-

2106 1782 2231 1835 lium
2262 1781 2403 1851 ligno
2425 1780 2772 1850 suspendere.
2798 1780 3026 1841 Tantum
3050 1779 3325 1850 praevaluit
3354 1777 3515 1836 homo
3541 1795 3555 1831 :
3586 1777 3688 1833 sed

2105 1886 2397 1943 quousque,
2430 1871 2531 1926 nisi
2550 1887 2826 1942 quousque
2849 1871 3123 1942 depositus
3147 1870 3216 1926 de
3251 1870 3430 1941 ligno,
3479 1870 3686 1943 positus

2103 1971 2189 2019 est
2216 1963 2267 2017 iu
2288 1962 2573 2032 sepulcro?
2602 1962 2658 2018 Si
2688 1964 2757 2018 ibi
2788 1962 3149 2028 remansisset,
3182 1978 3309 2019 vere
3347 1962 3506 2017 homo
3544 1978 3689 2031 pra:-

2106 2056 2376 2112 valuisset.
2407 2054 2510 2111 Sed
2542 2055 2814 2126 prophetia
2859 2057 2958 2111 ista
2987 2057 3147 2112 etiam
3189 2056 3361 2127 ipsum
3404 2056 3688 2115 Dominum

2105 2148 2285 2204 Jesum
2320 2148 2605 2218 alloquitur
2623 2149 2809 2205 dicens
2832 2166 2846 2203 :
2876 2148 3134 2222 Exsurge,
3162 2149 3399 2216 Domine,
3428 2165 3529 2203 non
3553 2164 3689 2219 prh

2107 2241 2267 2295 ualent
2297 2241 2466 2295 homo.
2500 2241 2747 2307 Domine,
2794 2241 2845 2295 in
2878 2255 3040 2296 carne
3086 2241 3270 2297 venire
3311 2242 3564 2311 dignatus
3599 2254 3684 2302 ei.

2109 2333 2340 2388 Verbum
2367 2348 2493 2387 caro
2523 2331 2713 2396 factus,
2737 2332 2969 2388 Verbum
3009 2347 3169 2403 super
3204 2346 3338 2399 nos,
3372 2346 3499 2387 caro
3546 2330 3691 2389 inter

2107 2440 2222 2489 nos,
2254 2426 2478 2480 Verbum
2503 2440 2629 2479 caro
2656 2426 2795 2479 inter
2817 2425 2984 2479 Deum
3014 2434 3068 2480 et
3085 2424 3353 2480 hominem
3381 2439 3396 2479 :
3423 2423 3686 2494 virginem

2108 2518 2248 2571 unde
2278 2518 2572 2572 nascereris
2597 2516 2891 2572 secundum
2916 2532 3128 2572 carnem
3154 2515 3358 2586 elegiin
3377 2557 3393 2581 ,
3421 2514 3686 2585 virginem

2108 2607 2488 2678 concipiendus
2524 2607 2792 2675 invenisti,
2815 2616 2970 2662 natus
3000 2607 3256 2677 virginem
3272 2606 3549 2676 reliquisti.
3575 2604 3695 2664 Sed

2109 2714 2212 2753 non
2238 2698 2610 2769 agnoscebaris
2633 2716 2646 2753 :
2668 2698 2994 2768 apparehas,
3037 2706 3092 2753 et
3124 2698 3346 2753 latebas.
3383 2698 3699 2768 Apparebat

2108 2789 2410 2855 infirmitas,
2442 2789 2639 2844 latebat
2676 2799 2928 2859 potestas.
2973 2789 3083 2844 iloe
3122 2798 3289 2844 totum
3330 2789 3526 2844 factum
3577 2798 3701 2857 est,

2109 2881 2497 2951 utsanguinem
2525 2879 2793 2947 funderes,
2836 2879 2980 2951 quod
3022 2886 3106 2934 est
3148 2880 3372 2949 pretium
3417 2888 3692 2939 nostrum.

2108 2969 2301 3027 Fecisti
2328 2979 2470 3027 tanta
2496 2971 2747 3027 miracula
2766 3012 2783 3037 ,
2810 2970 3197 3027 valetudinibus
3232 2980 3554 3041 aegrotorum
3592 2988 3695 3027 sa-

2109 3066 2326 3120 nitatem
2350 3064 2599 3127 tribuisti,
2626 3064 2877 3119 benelicia
2902 3064 3066 3118 multa
3097 3064 3384 3132 priestitisti
3406 3105 3423 3130 ,
3460 3072 3516 3120 et
3539 3080 3700 3121 rece-

2109 3158 2229 3228 pisti
2252 3157 2387 3212 mala
2406 3172 2502 3228 pro
2516 3156 2689 3213 bonis.
2713 3156 3021 3212 Insultatum
3033 3165 3116 3212 est
3137 3156 3252 3224 tibi,
3267 3155 3321 3210 in
3339 3157 3480 3228 ligno
3492 3171 3700 3228 pepen-

2108 3250 2231 3305 disti
2259 3267 2273 3303 :
2302 3250 2555 3317 agitatum
2578 3258 2660 3303 est
2684 3258 2807 3304 ante
2829 3257 2879 3304 te
2898 3257 3055 3319 caput
3079 3249 3147 3303 ab
3172 3250 3367 3320 impiis,
3408 3259 3463 3306 ει
3488 3249 3702 3307 dictum

2108 3350 2220 3406 est,
2245 3340 2307 3396 Si
2327 3339 2495 3395 Filius
2522 3340 2618 3395 Dei
2643 3356 2725 3406 es,
2744 3340 2986 3395 descende
3013 3340 3077 3395 de
3110 3357 3256 3395 cruce
3282 3341 3493 3411 (Matth.
3519 3358 3702 3409 xxv“.

2108 3432 2219 3501 40).
2251 3432 2396 3488 Itane
2418 3440 2472 3486 tu
2495 3431 2800 3502 perdideras
2837 3432 3145 3502 potentiam.
3174 3447 3242 3487 an
3272 3432 3444 3502 potius
3470 3433 3703 3489 demon-

2109 3523 2318 3578 strabas
2359 3523 2771 3593 patientiam‘lEt
2812 3532 2986 3577 tamen
3028 3523 3099 3577 illi
3120 3524 3518 3588 insultaverunt,
3537 3533 3593 3580 et
3610 3535 3700 3580 ta-

2111 3631 2231 3669 men
2260 3615 2332 3669 illi
2354 3614 2656 3679 irriserunt,
2683 3622 2857 3669 tamen
2881 3614 2954 3668 illi
2983 3622 3034 3670 te
3062 3614 3238 3669 occiso
3264 3615 3415 3685 quasi
3463 3615 3706 3671 victores

2108 3704 2487 3761 discesserunt.
2506 3705 2644 3760 Ecce
2660 3705 2712 3758 in
2725 3704 2971 3775 sepulcro
2978 3707 3127 3774 jaces
3145 3723 3158 3758 :
3178 3703 3430 3776 Exsurge,
3451 3703 3702 3772 Domine,

2111 3813 2210 3853 non
2237 3796 2502 3865 praraleat
2524 3795 2692 3850 homo.
2715 3795 2832 3851 Non
2881 3795 3165 3865 prmvaleat
3193 3795 3383 3865 impius
3409 3796 3665 3853 inimicus
3682 3837 3702 3863 ,

2111 3902 2214 3940 non
2256 3886 2538 3955 pnevaleat
2561 3901 2734 3942 crocus
2767 3885 3003 3940 Judaeus.
3034 3884 3164 3941 Cum
3193 3887 3335 3941 enim
3359 3887 3706 3958 crucifigere-

2111 3980 2206 4042 ris,
2252 3978 2597 4050 prmvaluisse
2628 3978 2732 4035 sibi
2778 3979 2921 4034 visus
2958 3988 3044 4034 est
3089 3977 3305 4034 Judaans
3339 3993 3533 4035 caecus.
3582 3978 3705 4036 Es-

2109 4088 2280 4142 surge,
2312 4070 2549 4137 Domine,
2578 4088 2678 4125 non
2703 4070 2971 4139 prevaleot
2996 4071 3164 4124 homo.
3198 4069 3419 4133 Factum
3447 4078 3552 4136 est,
3574 4087 3703 4127 om-

2112 4164 2238 4221 nino
2264 4162 2458 4218 factum
2498 4170 2602 4217 est.
2642 4161 2711 4216 Et
2742 4161 2867 4232 quid
2908 4170 3105 4228 restat,
3152 4161 3256 4217 uisi
3302 4168 3362 4215 ut
3401 4161 3705 4233 judicentur

2109 4262 2277 4324 gentes
2301 4253 2355 4307 in
2381 4262 2651 4322 conspectu
2675 4253 2798 4307 tuo?
2818 4252 3127 4308 Besurrexit
3146 4252 3306 4318 enim,
3340 4252 3477 4308 sicut
3498 4253 3701 4320 nostis,

2109 4344 2348 4400 ascendit
2372 4344 2425 4398 in
2447 4342 2642 4401 etulqu
2668 4360 2683 4397 :
2713 4342 2839 4399 inde
2857 4351 3115 4399 venturus
3147 4352 3233 4398 est
3255 4342 3498 4413 judicare
3543 4344 3705 4402 vivos

2109 4446 2164 4492 et
2185 4445 2442 4491 mortuos.

2180 4525 2403 4582 CAPUT
2439 4524 2623 4579 IV.—
2645 4525 2701 4581 4.
2741 4525 2935 4583 Indidi
2972 4526 3164 4581 venturi
3189 4527 3436 4582 eertitudo
3472 4527 3702 4599 impletis

2112 4628 2183 4676 tot
2205 4620 2323 4674 aliis
2350 4621 2782 4691 pradictionibus.
2814 4618 2952 4674 Deus
2975 4619 3183 4685 debitor,
3211 4636 3314 4675 non
3342 4635 3407 4674 ex
3445 4620 3697 4689 acceptis,

2109 4712 2197 4766 sed
2221 4728 2284 4766 ea:
2309 4713 2586 4782 promissis.
2614 4712 2709 4768 Eia
2736 4711 2897 4765 arbor
2922 4710 3268 4779 infructuosa,
3301 4727 3405 4765 non
3421 4710 3698 4780 derideas,

2110 4803 2232 4871 quia
2256 4801 2492 4873 parcitur
2529 4803 2619 4858 tibi
2653 4820 2667 4857 :
2704 4802 2865 4857 dilata
2902 4811 2986 4857 est
3002 4802 3234 4868 securis,
3285 4802 3389 4857 noli
3437 4818 3561 4859 esse
3604 4819 3700 4859 se-

2109 4910 2274 4961 cura;
2319 4897 2521 4958 veniet.
2557 4894 3015 4966 etamputaberis.
3057 4893 3226 4951 Crede
3259 4896 3381 4967 quia
3437 4906 3702 4953 venturus

2109 4996 2209 5043 est.
2244 4986 2344 5042 Ista
2388 4987 2565 5043 omnia
2607 5002 2727 5058 quo:
2756 4986 2940 5052 vides,
2988 5002 3097 5041 non
3144 4996 3317 5041 erant.
3355 4985 3699 5044 Christianam

2112 5082 2338 5152 populus
2359 5090 2470 5136 toto
2490 5080 2619 5136 orbe
2659 5088 2920 5135 terrarum
2962 5079 3252 5151 aliquando
3293 5094 3398 5133 nou
3443 5088 3581 5135 erat.
3636 5080 3698 5137 In

2111 5174 2389 5245 prophetia
2409 5173 2704 5243 legebatur,
2736 5172 2789 5228 in
2813 5182 2952 5227 terra
2994 5188 3101 5226 non
3146 5171 3423 5227 videbatur
3475 5188 3494 5227 ι
3531 5172 3699 5229 modo

2110 5275 2286 5322 autem
2313 5274 2368 5321 et
2412 5265 2622 5335 legitur,
2666 5273 2721 5320 et
2759 5264 2982 5319 videtur.
3030 5263 3151 5333 Ipsa
3201 5262 3441 5319 Ecclesia
3487 5263 3568 5319 sic
3613 5275 3699 5321 est

2110 5357 2390 5426 completa.
2422 5356 2537 5411 Non
2575 5356 2623 5412 ei
2649 5355 2847 5411 dictum
2874 5362 2976 5419 est,
3001 5354 3129 5408 Vide
3156 5353 3281 5419 lilia,
3305 5361 3359 5409 et
3384 5353 3545 5417 audi;
3572 5352 3691 5417 sed,

2112 5449 2247 5503 Audi
2271 5458 2319 5504 et
2347 5447 2459 5503 vide
2486 5447 2667 5521 (Psal.
2710 5461 2851 5513 xuv,
2899 5443 3009 5517 ll).
3055 5443 3193 5501 Audi
3241 5442 3528 5514 prmdicta,
3573 5442 3697 5500 vide

2110 5540 2394 5610 completa.
2443 5536 2724 5607 Quomodo
2770 5551 2932 5607 ergo,
2986 5535 3177 5591 fratres
3210 5534 3541 5600 charissimi,
3588 5549 3697 5593 non

2110 5640 2227 5687 erat
2255 5639 2408 5685 natus
2430 5628 2674 5684 Christus
2700 5626 2769 5683 de
2789 5626 3013 5696 virgine,
3044 5625 3336 5695 promissus
3360 5634 3471 5687 est,
3512 5633 3567 5680 et
3596 5639 3696 5681 nav

2114 5732 2200 5778 tus
2227 5731 2311 5777 est
2340 5739 2353 5775 :
2386 5736 2490 5775 non
2517 5720 2714 5775 fecerat
2753 5717 3037 5784 mirabilia,
3069 5715 3328 5785 promissa
3353 5723 3497 5777 sunt,
3525 5724 3580 5770 et
3619 5715 3697 5774 fe-

2114 5816 2187 5877 cit
2217 5833 2231 5872 :
2260 5814 2494 5872 nondum
2520 5822 2636 5871 erat
2663 5827 2873 5886 passus,
2901 5810 3219 5885 promissum
3246 5820 3360 5877 est,
3389 5815 3447 5865 et
3496 5807 3693 5885 factum
