4126 6322
390 268 491 331 αι

393 391 480 441 est
510 394 654 439 :non
685 383 1049 435 resurrexcrat
1067 417 1083 444 ,
1108 371 1415 444 prasdictum
1439 376 1548 433 est,
1597 375 1652 421 et
1696 363 1973 434 impletum

393 486 478 531 est
504 492 518 529 :
551 488 744 528 nomen
771 470 887 542 ejus
922 484 1017 539 per
1042 476 1210 523 totum
1236 463 1489 519 mundum
1518 476 1623 515 non
1649 466 1763 513 erat
1783 497 1798 521 ,
1839 470 1975 526 prm-

396 568 597 623 dictum
632 572 734 627 est,
762 561 1110 630 etimplctum
1143 566 1226 612 est
1260 572 1273 609 :
1317 554 1455 610 idola
1495 550 1667 607 deleta
1716 556 1770 603 ει
1807 544 1974 600 fracta

398 671 504 712 non
527 662 701 719 erant,
728 652 1039 723 prmdictutu
1062 659 1164 713 est,
1194 655 1249 701 ει
1269 645 1541 715 impletum
1566 650 1647 696 est
1683 657 1697 695 :
1742 635 1976 692 lueretici

398 751 770 818 impugnantcs
797 743 1092 799 Ecclesium
1134 756 1236 794 non
1263 744 1453 801 erant,
1501 734 1813 807 przcdictum
1860 740 1976 795 est,

398 850 448 896 et
474 837 745 909 impletum
783 843 885 889 est.
911 832 1000 889 Sic
1020 841 1075 889 et
1102 828 1417 900 diesjudicii
1447 826 1678 882 nondum
1724 831 1834 888 est;
1886 819 1980 875 sed

398 931 523 1001 quia
550 928 835 1000 praedictus
855 934 958 991 est,
988 924 1312 994 implebitur.
1342 921 1422 975 An
1452 919 1565 974 ﬁeri
1583 923 1756 988 potest
1799 923 1855 969 ut
1891 911 1982 983 qui

401 1022 456 1076 in
484 1020 644 1077 tantis
669 1033 828 1073 verax
858 1014 1122 1087 apparuit,
1153 1012 1219 1069 de
1245 1011 1358 1066 die.
1374 1008 1558 1080 judicii
1593 1004 1822 1062 mendax
1877 1001 1983 1057 sit?

401 1111 792 1169 Promissorum
819 1122 1037 1163 suorum
1065 1105 1219 1161 nobis
1238 1099 1649 1174 chirographum
1676 1096 1819 1152 fecit.
1865 1093 1983 1150 Non

401 1202 647 1260 debendo
668 1202 845 1265 enim;
872 1198 966 1254 sed
998 1193 1358 1269 promittendo
1397 1191 1693 1247 debitorem
1744 1202 1804 1242 se
1846 1185 1984 1240 Deus

404 1294 531 1350 fecit
561 1311 575 1347 :
609 1292 660 1347 id
688 1299 800 1355 est,
832 1305 937 1343 non
972 1295 1157 1343 mutuo
1202 1279 1531 1353 accipiendo.
1556 1278 1672 1334 Non
1700 1286 1984 1347 possumus

403 1400 532 1455 ergo
565 1381 616 1439 ei
641 1382 823 1438 dicere
846 1421 861 1447 ,
908 1377 1090 1434 Redde
1109 1374 1249 1447 quod
1272 1372 1539 1442 accepisti.
1576 1367 1834 1438 Quoniam
1872 1364 1986 1437 quis

403 1479 545 1551 prior
572 1475 710 1531 dedit
734 1474 830 1538 illi,
859 1481 908 1526 et
937 1470 1235 1526 retribuetur
1271 1467 1315 1520 ei
1360 1463 1534 1537 (Rom.
1564 1476 1641 1527 ιι,
1689 1457 1822 1530 55)?
1869 1456 1985 1512 Non

408 1548 689 1639 possumus
715 1565 895 1621 dicere
923 1563 992 1629 ei,
1025 1560 1208 1617 Redde
1235 1557 1375 1629 quod
1400 1553 1647 1625 accepisti
1673 1570 1687 1619 ;
1716 1549 1811 1606 sed
1831 1548 1988 1620 plane

405 1662 655 1723 dicimus,
685 1655 868 1712 Redde
892 1653 1031 1726 quod
1059 1650 1369 1725 promisisti.
1684 1692 1691 1699 .

477 1749 702 1807 CAPUT
743 1747 807 1803 V.
863 1777 933 1787 —
979 1744 1033 1802 5.
1086 1743 1317 1815 Regnum
1360 1739 1454 1795 Dei
1494 1737 1816 1809 promissum.
1864 1733 1990 1790 lude

410 1859 638 1915 namque
665 1851 767 1909 est,
790 1840 931 1912 quod
952 1838 1214 1894 audemus
1240 1834 1475 1907 quotidie
1498 1833 1680 1888 dicere
1703 1873 1717 1894 ,
1745 1829 1991 1883 Adueniet

411 1952 619 2009 regnum
661 1945 807 1988 tuum
847 1930 1057 2005 (Matth.
1093 1944 1176 1994 vt,
1210 1926 1298 2000 10)
1328 1943 1341 1980 :
1371 1935 1428 1980 ut
1464 1922 1777 1979 adveniente
1826 1935 1993 1990 regno

411 2031 548 2096 eius,
575 2034 629 2081 et
658 2039 754 2078 nos
779 2038 900 2078 cum
929 2021 1019 2076 illo
1047 2032 1350 2091 regnemus.
1378 2013 1528 2083 Quod
1558 2012 1711 2068 nobis
1746 2011 1829 2066 his
1874 2025 1995 2065 ver-

414 2118 493 2172 bis
515 2116 830 2186 promissum
855 2123 935 2168 est
964 2129 977 2165 :
1007 2108 1151 2165 Tunc
1173 2110 1336 2163 dicant
1354 2107 1476 2170 illis,
1510 2103 1704 2169 Venite,
1749 2101 1996 2157 benedicti

418 2204 592 2261 Putris
612 2206 729 2273 mei,
759 2203 997 2275 percipite
1022 2217 1233 2273 regnum
1256 2198 1392 2270 quod
1412 2196 1548 2251 vobis
1568 2203 1805 2267 paratum
1826 2202 1897 2246 est
1933 2189 1996 2245 ab

415 2301 608 2370 origine
631 2298 827 2351 mundi.
859 2296 962 2351 Sed
990 2295 1149 2366 plane
1180 2293 1223 2347 si
1268 2289 1554 2347 fecerimus
1604 2286 1748 2358 quod
1792 2284 1865 2340 ibi
1914 2299 1999 2339 se-

416 2392 615 2462 quitur,
658 2388 853 2444 Esurivi
882 2386 1035 2451 enim,
1072 2394 1119 2438 et
1142 2382 1348 2437 dedistis
1368 2380 1491 2434 mihi
1529 2377 1855 2440 manducare,
1892 2386 1996 2431 etc.

419 2483 659 2555 (ld.xxv,
692 2482 779 2545 54,
808 2479 922 2551 55).
960 2476 1209 2533 Promisit
1236 2474 1474 2546 patribus
1498 2471 1722 2534 nostris;
1748 2467 1840 2523 sed
1876 2482 2002 2521 cau-

421 2576 619 2630 tionem
644 2573 785 2636 fecit,
817 2587 975 2643 quam
1003 2570 1301 2640 legeremus
1322 2574 1375 2620 ct
1401 2579 1518 2620 nos.
1551 2562 1606 2617 Si
1638 2560 1794 2616 faciat
1820 2559 2001 2614 nobis-

424 2682 546 2720 cum
575 2664 855 2727 rationem,
884 2659 971 2729 qui
996 2658 1240 2729 dignatus
1266 2664 1347 2709 est
1370 2653 1542 2708 facere
1571 2651 1870 2706 cautionem
1890 2689 1905 2715 ,
1950 2657 2006 2703 et

423 2756 586 2823 dicat,
610 2754 794 2825 Legite
818 2750 997 2808 debita
1028 2765 1177 2813 mea,
1201 2746 1303 2802 hoc
1332 2754 1413 2801 est
1432 2787 1447 2813 ,
1476 2743 1652 2799 debita
1701 2739 2009 2814 promissio-

426 2862 552 2901 num
579 2861 839 2905 mearum.
865 2851 919 2897 et
944 2847 1242 2911 computale
1261 2853 1380 2909 qum
1420 2834 1623 2892 reddidi
1648 2874 1664 2901 ,
1705 2839 2007 2902 computate

427 2937 586 2993 etiam
614 2952 732 3006 qua:
759 2934 928 2989 debeo
955 2949 967 2985 :
992 2946 1116 2986 cecc
1138 2945 1293 3001 quam
1335 2927 1496 2981 multa
1550 2923 1790 2988 reddidi;
1834 2921 2007 2976 modi-

429 3045 549 3084 cum
570 3036 651 3083 est
674 3024 815 3097 quod
834 3024 1002 3080 debeo
1031 3039 1044 3076 :
1079 3037 1175 3092 pro
1203 3019 1411 3075 modico
1440 3016 1579 3087 quod
1603 3023 1789 3080 restat,
1822 3011 2011 3067 inlide-

432 3124 537 3178 lem
559 3137 645 3176 me
672 3117 1049 3191 promissorem
1072 3129 1190 3169 esse
1234 3108 1515 3182 putabitis?
1552 3107 1676 3177 quiti
1723 3103 2013 3174 reSponde-

436 3213 613 3270 bimus
650 3220 832 3267 contra
860 3205 1340 3264 manifestissimam
1380 3198 1695 3255 veritatem?
1741 3197 1877 3265 Ergo
1922 3193 2011 3264 qui

436 3302 632 3359 sterilis
659 3310 762 3367 est,
788 3308 910 3371 agat
936 3296 1302 3368 ptenitentiam
1327 3332 1343 3359 ,
1366 3298 1422 3347 et
1462 3289 1617 3345 faciat
1655 3287 1885 3342 fructum
1928 3284 2014 3339 di-

438 3410 600 3469 gnum
626 3390 968 3463 poenitentia.
1009 3386 1108 3456 Qui
1138 3399 1335 3440 curvus
1363 3392 1480 3448 est,
1511 3389 1703 3434 terram
1762 3377 2014 3437 intuetur,

441 3467 647 3547 terrena
670 3482 1165 3544 fclicitatclmtatur,
1196 3477 1352 3532 istam
1384 3473 1551 3528 solam
1588 3479 1737 3541 putat
1780 3483 1902 3525 esse
1941 3467 2021 3521 vi-

444 3598 550 3646 tam
580 3580 810 3638 beatam.
840 3576 925 3629 ubi
956 3574 1140 3632 beatus
1168 3582 1288 3625 esse
1320 3565 1520 3637 possit,
1562 3563 1720 3616 aliam
1763 3574 1869 3614 non
1905 3573 2024 3617 ere.

440 3682 521 3737 dit
547 3699 561 3735 :
584 3678 902 3750 quicumque
928 3682 1035 3727 tam
1055 3681 1250 3725 curvus
1278 3674 1397 3730 est,
1425 3662 1657 3732 erigatur
1688 3676 1702 3712 :
1738 3657 1783 3713 si
1828 3671 1922 3725 per
1965 3669 2025 3709 se

444 3777 618 3845 ipsum
644 3787 749 3827 non
780 3775 975 3839 potest,
1013 3765 1224 3820 invocet
1246 3759 1438 3815 Deum.
1481 3750 1749 3822 Numquid
1786 3749 1929 3804 enim
1973 3756 2026 3802 et

445 3838 637 3921 mulier
666 3862 751 3916 illa
781 3838 880 3930 per
902 3872 959 3913 se
989 3856 1157 3925 ipsam
1177 3857 1354 3906 erecta
1379 3845 1502 3902 est?
1532 3843 1624 3899 Va:
1662 3842 1736 3897 illi
1764 3848 1943 3905 esset,
1981 3838 2028 3893 si

446 3970 663 4013 manum
692 3952 777 4007 ille
804 3966 908 4004 non
939 3944 1286 4018 perrexisset.

986 4054 1217 4114 SERMO
1251 4048 1533 4120 οΧ1⁹((ι).

453 4178 529 4233 De
554 4175 711 4232 verbis
739 4170 999 4243 Evangelii
1024 4167 1209 4232 Lucae,
1236 4164 1320 4218 ubi
1342 4176 1550 4233 regnum
1580 4157 1677 4213 Dei
1725 4156 1909 4211 dicitur
1953 4154 2031 4208 si-

524 4268 651 4324 mile
680 4266 940 4322 fermento
962 4303 979 4328 ,
1023 4257 1163 4330 quod
1200 4262 1477 4325 acceptum
1519 4250 1713 4306 mulier
1754 4245 2035 4302 abscondit

528 4367 581 4420 in
607 4364 789 4419 farina:
819 4368 929 4416 sata
953 4358 1051 4413 tria
1081 4373 1094 4410 :
1127 4355 1283 4421 deque
1308 4368 1365 4405 eo
1384 4348 1517 4420 quod
1557 4346 1626 4400 ibi
1666 4343 1911 4415 scriptum
1940 4348 2034 4404 est,

529 4456 771 4520 Domine,
799 4452 842 4507 si
865 4448 1019 4523 pauci
1049 4456 1173 4503 sunt
1198 4443 1284 4515 qui
1306 4436 1616 4496 salvantur?
1641 4432 1769 4504 Cap.
1801 4448 1914 4499 xm,
1959 4430 1995 4501 7
2018 4466 2036 4485 .

527 4546 709 4603 2l-24.

533 4656 759 4717 CAPUT
797 4650 1081 4712 PRIMUM.
1125 4678 1197 4689 —
1236 4647 1286 4705 i.
1330 4643 1453 4698 Tria
1488 4648 1598 4696 sata
1639 4637 1839 4708 farinae.
1881 4630 2043 4686 Pauci

463 4754 741 4810 salvantur.
772 4744 1019 4804 Salvandi
1060 4741 1203 4796 multi
1247 4745 1363 4792 sunt
1406 4734 1535 4787 inter
1575 4746 1658 4795 se,
1698 4727 1783 4783 sed
1826 4724 2078 4779 aliorum'

465 4842 840 4913 comparatione
864 4836 1032 4909 pauci.
1061 4832 1185 4889 Tria
1217 4839 1328 4885 sata
1360 4826 1573 4890 farina),
1615 4822 1682 4877 de
1716 4818 1907 4889 quibus
1935 4815 2043 4913 Do-

466 4904 643 4994 minus
672 4904 1009 5003 loquebatur,
1038 4939 1202 4996 genus
1233 4921 1523 4975 humanum
1559 4922 1660 4969 est.
1698 4909 1936 4965 Recolite
1965 4904 2049 4959 di-

469 5027 677 5083 luvium
696 5041 711 5077 :
730 5002 874 5077 unde
901 5016 1082 5073 cmteri
1104 5017 1496 5084 repararentur,
1526 5014 1635 5061 tres
1656 5002 2044 5057 remanserunt.

469 5119 603 5174 'l'res
625 5116 764 5171 ﬁlios
792 5110 1019 5166 habebat
1046 5105 1179 5171 Noe,
1209 5102 1274 5157 de
1299 5098 1428 5170 ipsis
1451 5101 1752 5167 reparatum
1783 5100 1865 5146 est
1883 5101 2050 5159 genus

473 5210 786 5265 humanum.
812 5202 1000 5259 Mulier
1029 5198 1115 5254 illa
1146 5202 1326 5251 sancta
1352 5205 1470 5262 qum
1492 5183 1769 5242 abscondit
1819 5181 2052 5235 fermen-

475 5314 611 5367 tum,
633 5296 889 5371 sapientia
915 5301 1018 5350 est.
1050 5290 1185 5345 Ecce
1208 5288 1402 5342 clamat
1436 5280 1582 5336 orbis
1602 5287 1743 5331 totus
1778 5274 1830 5328 in
1865 5270 2054 5326 Eccle-

476 5397 554 5452 sia
584 5363 679 5448 Dei
697 5363 725 5445 ἰ
756 5389 866 5460 Ego
893 5383 1099 5459 cognovi
1123 5382 1242 5453 quia
1263 5392 1478 5447 magnus
1501 5383 1573 5428 cst
1595 5369 1843 5424 Dominus
1884 5363 2052 5436 (Psal.

480 5501 703 5551 cxxxtv,
729 5482 784 5554 5)
796 5457 822 5536 ί
839 5457 995 5535 Certe
1021 5475 1172 5547 pauci
1201 5480 1325 5529 sunt
1350 5469 1438 5539 qui
1472 5467 1766 5521 salvantur.
1801 5457 2058 5515 Rccolitis

1688 230 1705 237 ”
1806 220 2038 305 senae
2073 241 2207 303 CXI.

3546 241 3655 300 639

2084 359 2433 430 qumstionem
2458 373 2523 414 ex
2549 358 2836 429 Evangelio
2881 357 3036 415 nobis
3076 357 3235 413 modo
3280 357 3607 429 propositam
3637 377 3656 419 :

2084 448 2318 515 Domine,
2350 449 2547 504 dictum
2572 459 2674 516 est,
2701 451 2744 503 si
2773 450 2922 522 pauci
2948 458 3065 505 sunt
3086 450 3173 524 qui
3210 450 3510 506 salvantur!
3545 449 3655 506 Do-

2083 539 2259 594 minus
2279 538 2344 594 ad
2374 539 2473 594 hoc
2497 538 2659 609 quid?
2684 539 2796 595 Non
2824 540 2933 609 ait,
2984 539 3099 595 Non
3144 541 3331 610 pauci,
3367 540 3460 596 sed
3505 542 3658 597 multi

2084 627 2316 697 suntqui
2342 628 2631 682 salvantur.
2677 627 2791 682 Non
2833 627 2937 683 hoc
2983 628 3132 684 dixit.
3177 628 3282 685 Sed
3329 630 3453 701 quid
3491 630 3657 696 dixit,

2084 733 2205 773 cum
2234 718 2485 785 audisset,
2520 718 2581 773 Si
2603 720 2749 789 pauci
2778 729 2891 773 sunt
2920 720 3007 791 qui
3041 720 3340 775 salvantur?
3368 720 3661 777 Contendite

2085 810 2273 865 intrare
2314 827 2401 881 per
2445 820 2712 881 angustam
2750 821 2968 882 portam.
3032 811 3252 879 Quando
3306 812 3458 867 audis
3508 828 3660 882 ergo,

2087 898 2252 955 Pauci
2276 910 2392 954 sunt
2418 902 2503 968 qui
2524 902 2800 967 salvantur,
2840 902 3172 958 conﬁrmavit
3214 905 3469 971 Dominus
3513 904 3657 975 quod

2085 991 2305 1046 audivit.
2363 990 2466 1046 Per
2505 1002 2780 1062 angustam
2819 1001 3025 1059 portam
3072 993 3223 1063 pauci
3276 994 3491 1049 intrant.
3543 996 3663 1050 Alio

2090 1082 2210 1137 loco
2241 1083 2354 1152 ipse
2380 1083 2454 1136 ait
2484 1098 2498 1136 :
2528 1085 2680 1135 Arcto
2707 1083 2786 1135 ria
2810 1091 2880 1136 est
2899 1091 2946 1136 et
2964 1093 3176 1153 angusta
3199 1099 3310 1152 qua:
3333 1085 3468 1138 ducit
3495 1084 3564 1138 ad
3592 1086 3665 1140 ri-

2088 1184 2208 1240 tum,
2239 1184 2285 1228 et
2308 1174 2457 1244 pauci
2492 1184 2608 1228 sunt
2627 1174 2713 1244 qui
2740 1175 3085 1244 ingrediuntur
3110 1192 3200 1244 per
3226 1176 3367 1229 illaut
3395 1191 3414 1229 :
3449 1174 3550 1229 lata
3568 1193 3664 1229 au-

2089 1278 2185 1321 tem
2213 1276 2261 1321 et
2285 1267 2507 1339 spatiosa
2530 1278 2603 1323 est
2623 1269 2701 1321 via
2720 1284 2831 1338 qua:
2855 1267 2994 1321 ducit
3017 1268 3084 1321 ad
3108 1268 3395 1335 interitum,
3440 1280 3485 1325 et
3520 1271 3665 1325 multi

2087 1370 2203 1415 sunt
2226 1361 2311 1429 qui
2334 1359 2591 1413 ambulant
2619 1377 2708 1429 per
2732 1359 2874 1413 illam
2901 1356 3108 1429 (Matth.
3138 1375 3233 1425 vn,
3266 1361 3353 1424 15,
3382 1362 3489 1432 ib).
3528 1361 3664 1429 Quid

2087 1451 2377 1523 gaudemus
2388 1451 2454 1505 ad
2476 1450 2861 1506 multitudines?
2882 1450 3069 1504 Audite
3086 1466 3188 1514 me,
3212 1451 3383 1520 pauci.
3404 1451 3525 1506 Scio
3541 1453 3663 1522 quia

2091 1541 2241 1596 mttlti
2271 1541 2483 1609 auditis,
2512 1550 2564 1595 ει
2590 1541 2739 1617 pauci
2762 1541 3044 1596 obauditis.
3084 1541 3275 1595 Arcam
3308 1540 3481 1605 video,
3507 1557 3668 1611 grana

2090 1650 2291 1704 quarm.
2324 1634 2393 1689 Et
2408 1635 2511 1699 vix,
2532 1634 2775 1689 videntur
2789 1649 2972 1704 grana,
2992 1634 3203 1704 quando
3222 1649 3346 1689 acra
3373 1635 3667 1689 trituratur:

2092 1726 2186 1781 srd
2208 1726 2438 1781 futurum
2455 1736 2533 1781 est
2560 1726 2927 1781 utventiletur.
2950 1726 3106 1781 Pauci
3134 1742 3261 1798 ergo
3288 1727 3377 1798 qui
3402 1729 3674 1784 salvantur

2095 1817 2147 1872 in
2189 1819 2586 1887 comparatione
2635 1818 2922 1873 multorum
2985 1819 3359 1888 periturorum.
3400 1819 3531 1875 Nam
3575 1821 3673 1890 ipsi

2096 1909 2244 1979 pauci
2265 1923 2506 1978 magnam
2522 1922 2748 1963 massam
2766 1908 2953 1962 facturi
2970 1918 3110 1963 sunt.
3130 1908 3260 1963 Cum
3278 1910 3481 1964 venerit
3500 1912 3675 1966 venti-

2098 1999 2234 2054 lator
2254 1998 2429 2055 ferens
2445 2000 2790 2055 ventilahrum
2809 2000 2859 2053 in
2883 2014 3041 2054 manu
3060 2014 3175 2063 sua,
3205 1999 3477 2055 mundabit
3496 2006 3675 2057 aream

2098 2106 2246 2147 suam
2282 2109 2295 2147 :
2331 2091 2593 2147 frumenta
2637 2092 2890 2147 recondet
2927 2093 2979 2147 in
3022 2092 3303 2158 horreum;
3356 2094 3535 2163 paleas
3576 2110 3675 2147 au-

2101 2191 2207 2237 tem
2232 2182 2508 2237 comburet
2539 2182 2643 2253 igni
2677 2182 3092 2252 inexstiuguibili
3123 2182 3271 2253 (Luc.
3304 2199 3379 2247 ιιι,
3411 2182 3519 2255 l7).
3561 2184 3677 2239 Non

2100 2277 2389 2331 subsannet
2416 2275 2566 2345 palea
2603 2290 2825 2346 granum
2866 2293 2880 2327 :
2912 2274 3013 2328 hoc
3051 2290 3235 2329 verum
3282 2276 3529 2342 loquitur,
3584 2292 3681 2330 ne-

2101 2370 2298 2423 minem
2327 2366 2477 2421 fallit.
2507 2368 2687 2421 listote
2712 2381 2841 2434 ergo
2872 2366 3009 2420 inter
3035 2366 3230 2420 multos
3269 2366 3450 2432 multi,
3491 2366 3583 2419 sed
3625 2367 3678 2421 in

2102 2459 2503 2529 comparatione
2561 2457 2909 2527 quorumdam
2947 2457 3235 2509 multorum
3286 2457 3456 2525 pauci.
3515 2456 3681 2510 Tanta

2106 2566 2279 2605 massa
2307 2564 2618 2620 processura
2649 2557 2733 2603 est
2762 2548 2827 2602 de
2856 2547 2955 2601 hac
2996 2562 3119 2601 area
3141 2589 3154 2611 ,
3205 2556 3262 2601 ut
3306 2548 3519 2616 impleat
3562 2548 3687 2602 hor-

2100 2660 2262 2699 reum
2292 2643 2434 2698 caeli.
2464 2640 2580 2696 Non
2603 2640 2745 2695 enim
2775 2640 3072 2695 contrarius
3117 2639 3216 2693 sibi
3252 2649 3394 2693 esset
3432 2639 3686 2694 Dominus

2108 2732 2373 2798 Christus,
2398 2732 2487 2802 qui
2517 2730 2674 2796 dixit,
2710 2729 2863 2783 Pauci
2890 2736 3017 2783 sunt
3043 2729 3130 2798 qui
3160 2728 3357 2782 intrant
3378 2744 3472 2798 per
3497 2744 3690 2798 angus-

2110 2834 2216 2879 tam
2245 2833 2470 2893 portam,
2504 2821 2652 2875 multi
2682 2836 2775 2890 per
2797 2820 2956 2873 latam
2983 2820 3121 2874 viam
3160 2829 3381 2893 pereunt
3414 2835 3427 2871 :
3472 2827 3688 2873 contra-

2112 2917 2222 2972 rius
2250 2892 2350 2970 sibi
2376 2922 2539 2976 esset,
2567 2914 2653 2984 qui
2685 2913 2790 2967 alio
2816 2913 2931 2967 loco
2967 2911 3118 2977 dixit,
3158 2892 3405 2966 auta'ab
3432 2913 3618 2966 oriente
3643 2921 3691 2966 et

2113 3007 2367 3061 occidente
2392 3006 2582 3059 venient
2604 3003 2813 3076 (Matth.
2840 3018 2952 3068 vtu,
2988 3002 3094 3074 ll).
3117 3002 3262 3056 Multi
3303 3013 3449 3056 certe
3497 3000 3649 3071 pauci
3674 3017 3690 3056 :

2115 3109 2168 3155 et
2194 3098 2365 3169 pauci,
2392 3106 2447 3153 et
2476 3097 2622 3151 multi
2643 3099 2681 3148 ¹.
2711 3096 2810 3151 Alii
2832 3110 2959 3165 ergo
2987 3094 3162 3165 pauci,
3204 3094 3290 3148 alii
3334 3094 3518 3147 multi?
3553 3092 3691 3149 Non.

2117 3190 2222 3246 Sed
2254 3189 2349 3259 ipsi
2384 3187 2532 3259 pauci
2564 3186 2651 3257 qui
2676 3186 2824 3239 multi
2851 3202 2863 3237 :
2891 3184 3040 3253 pauci
3071 3184 3122 3237 in
3159 3184 3555 3252 comparatione
3578 3199 3699 3253 per.

2118 3281 2369 3345 diturum,
2404 3277 2550 3332 multi
2582 3279 2631 3331 in
2658 3276 2914 3331 societate
2941 3274 3281 3344 Angelorum.
3308 3275 3498 3327 Audite
3518 3316 3533 3338 ,
3565 3277 3697 3328 cha-

2120 3371 2337 3426 rissimi.
2366 3368 2711 3440 Apocalypsis
2737 3366 2838 3421 hoc
2866 3365 3023 3419 habet
3056 3364 3311 3433 scriptum
3352 3381 3365 3418 :
3416 3360 3544 3417 Post
3593 3365 3701 3419 ha’c

2121 3462 2224 3517 vidi
2248 3478 2310 3516 ex
2328 3460 2465 3514 omni
2490 3460 2664 3529 lingua
2690 3468 2737 3512 et
2762 3464 2909 3528 gente
2936 3464 2982 3508 et
3005 3454 3135 3508 tribu
3160 3455 3409 3510 venientes
3436 3471 3551 3509 cum
3590 3466 3700 3510 slo-

2126 3553 2189 3613 lis
2207 3553 2334 3611 albis
2353 3566 2398 3610 et
2422 3554 2625 3625 palmis,
2657 3549 3024 3605 multitudinem
3044 3564 3193 3613 quam
3215 3563 3359 3601 nemo
3387 3546 3705 3602 dinumerare

2128 3656 2285 3719 potest
2338 3646 2519 3718 (Apoc.
2575 3658 2681 3707 vlt,
2739 3642 2816 3711 9).
2867 3640 2989 3694 Ila'e
3032 3646 3114 3693 est
3162 3651 3333 3691 massa
3377 3644 3701 3691 sanctorum.

2127 3739 2338 3805 Quanto
2373 3736 2601 3790 clariore
2648 3748 2779 3788 voce
2820 3730 3023 3784 dictura
3062 3736 3145 3782 est
3185 3742 3307 3781 area
3352 3726 3636 3791 ventilata,
3674 3741 3707 3781 a

2132 3827 2284 3884 turba
2314 3824 2596 3893 impiorum
2626 3830 2681 3876 et
2710 3819 2969 3874 malorum
3000 3817 3355 3887 falsorumque
3391 3815 3710 3872 christiano-

2133 3934 2250 3975 rum
2275 3925 2583 3987 segregata,
2613 3912 2678 3966 ad
2716 3911 2867 3981 ignes
2909 3916 3139 3963 aeternos
3184 3906 3445 3976 separatis
3490 3905 3576 3960 his
3619 3907 3711 3976 qui

2134 4016 2401 4079 premunt,
2425 4020 2530 4059 non
2562 4009 2779 4072 tangunt
2822 4018 2836 4055 :
2878 3999 3070 4053 mulier
3107 3997 3248 4051 enim
3296 3995 3538 4067 qumdam
3591 3996 3712 4050 flm-

2138 4100 2305 4155 briam
2329 4095 2595 4167 tangebat,
2628 4092 2778 4146 turba
2802 4089 3068 4144 Christum
3098 4088 3371 4157 premebat
3400 4085 3551 4156 (Luc.
3596 4102 3711 4151 vtu,

2136 4193 2227 4258 ιι,
2250 4189 2340 4260 42)
2365 4205 2379 4241 :
2416 4183 2707 4257 segregans
2735 4195 2861 4251 ergo
2889 4178 3134 4233 omnibus
3153 4176 3469 4232 damnandis
3488 4218 3504 4241 ,
3536 4191 3711 4230 massa

2139 4290 2359 4354 purgata
2387 4286 2536 4333 stans
2559 4275 2627 4329 ad
2660 4274 2954 4334 dexteram,
2987 4268 3187 4322 nullum
3214 4267 3314 4321 sibi
3358 4267 3549 4321 timens
3588 4266 3717 4320 mis-

2140 4374 2248 4429 ceri
2275 4371 2553 4433 malorum,
2580 4366 2782 4422 nullum
2814 4363 3005 4419 timens
3041 4360 3261 4432 perdere
3304 4359 3564 4412 bonorum
3584 4397 3599 4422 ,
3627 4372 3718 4411 re-

2143 4476 2363 4537 gnatura
2416 4475 2535 4515 cum
2574 4457 2808 4522 Christo,
2856 4461 3048 4525 quanta
3116 4451 3305 4506 ﬁducia
3347 4450 3551 4504 dictura
3614 4452 3718 4513 est,

2144 4555 2258 4629 Ego
2285 4555 2491 4625 cognovi
2517 4550 2634 4622 quia
2663 4564 2875 4618 magnus
2900 4554 2970 4599 est
3001 4541 3288 4597 Dominus?

2216 4644 2440 4704 CAPUT
2480 4643 2542 4698 ll.
2567 4672 2639 4683 —-—
2663 4640 2721 4696 2.
2756 4637 3056 4708 Objurgatio
3077 4644 3122 4688 et
3146 4635 3214 4687 ad
3246 4634 3606 4701 eleemosynam
3629 4644 3722 4683 ea;-

2149 4740 2387 4795 hortatio.
2416 4736 2731 4792 Christianus
2776 4732 2907 4799 quis.
2949 4729 3004 4783 Si
3043 4742 3191 4796 ergo,
3224 4722 3411 4778 fratres
3457 4722 3727 4791 mei,gra-

2153 4833 2236 4889 nis
2256 4830 2467 4900 loquor,
2510 4828 2554 4881 si
2594 4830 2888 4896 agnoscunt
2929 4818 3070 4890 quod
3100 4818 3241 4882 dico,
3286 4811 3645 4893 prmdcstinﬁ
3671 4811 3727 4867 in

2150 4928 2313 4981 vitam
2335 4935 2609 4982 aeternam,
2637 4916 2886 4988 operibus
2906 4914 3209 4983 loquantur,
3236 4921 3341 4962 non
3365 4904 3601 4960 vocibus.
3623 4903 3727 4958 Co-

2154 5020 2325 5091 gimur
2379 5015 2516 5085 loqui
2568 5012 2717 5066 vobis
2763 5007 2902 5080 quod
2955 5020 3060 5060 non
3129 5000 3429 5055 debuimus.
3485 4996 3731 5051 Invenire

2157 5089 2298 5165 enim
2350 5107 2403 5161 in
2462 5103 2614 5160 vobis
2656 5100 2934 5156 debuimus
2981 5092 3120 5165 quod
3193 5089 3567 5154 laudaremus,
3626 5099 3732 5140 nou

2158 5207 2397 5271 quaerere
2444 5194 2584 5266 quod
2631 5192 3056 5246 admoneremus.
3119 5184 3252 5238 Ecce
3286 5189 3460 5234 tamen
3504 5178 3737 5233 breviter

2160 5294 2301 5357 dico,
2344 5307 2448 5344 non
2494 5289 2767 5342 immorer.
2818 5279 3101 5349 Aguoseite
3151 5273 3580 5343 hospitalitatem,
3640 5284 3739 5340 per

2161 5385 2298 5440 hanc
2324 5388 2631 5452 perventum
2656 5373 2825 5431 estad
2859 5373 3042 5426 Deum.
3066 5366 3302 5436 Suscipis
3332 5363 3614 5434 hospitem,
3646 5377 3740 5415 cu-

2159 5476 2245 5547 jus
2273 5482 2397 5529 cttu
2425 5487 2484 5526 es
2521 5484 2700 5524 comes
2750 5464 2802 5519 in
2828 5462 2910 5517 via
2940 5478 2953 5516 :
2985 5460 3106 5530 quia
3136 5472 3321 5513 omnes
3361 5453 3623 5525 peregrini
3654 5467 3742 5505 su-

544 5596 563 5614 ⁶
588 5592 876 5644 Emendatus
898 5586 1054 5639 estad
1092 5594 1263 5634 omnes
1304 5578 1498 5644 codices
1539 5576 1743 5638 scriptos
1766 5576 1816 5621 οι
1853 5578 2061 5619 cxcusos
2161 5543 2311 5624 imus.
2352 5563 2468 5635 Ipse
2497 5571 2579 5616 cst
2630 5556 2970 5616 Christianus,
2996 5552 3084 5623 qui
3124 5561 3177 5606 et
3226 5548 3277 5603 iu
3317 5548 3476 5603 domo
3499 5559 3592 5600 sua
3610 5555 3661 5599 et
3692 5543 3745 5599 in

482 5659 532 5708 ln
554 5642 783 5707 sermone
820 5646 1113 5708 [:rzec'edenti
1151 5642 1608 5708 modo_dcsiguatos.

544 5703 626 5781 (ᾱ)’
640 5703 788 5777 ﬁlias,
807 5703 876 5768 de
895 5710 1065 5763 Verbis
1085 5706 1265 5759 Domini
1289 5703 1365 5752 53.

2235 5683 2249 5714 ι
2275 5680 2469 5741 (mulam
2492 5683 2617 5733 λιες,
2642 5680 2686 5725 rt
2709 5670 2854 5736 pauci
2875 5668 3042 5724 multi;
3068 5667 3262 5723 omisso,
3284 5669 3348 5714 et.
