4126 6322
486 229 591 285 623

487 315 652 410 patria
675 353 766 394 sua
795 339 1130 410 peregrinum
1164 352 1221 392 se
1249 350 1367 391 esse
1390 338 1678 406 cognoscit.
1714 337 1885 390 Patria
1913 336 2054 390 enim

484 438 662 486 nostra
691 444 901 485 sursum
942 438 1060 491 est;
1115 426 1182 480 ibi
1234 425 1467 495 hospites
1519 441 1622 480 non
1663 426 1879 480 erimus.
1927 425 2057 479 Nam

481 523 839 592 unusquisque
860 519 966 585 hic,
988 523 1042 574 et
1086 517 1137 571 in
1167 518 1325 572 domo
1350 533 1445 572 sua
1477 517 1669 588 hospes
1717 525 1818 572 est.
1873 516 1926 572 Si
1951 513 2054 570 non

479 623 561 670 est
607 613 820 680 hospes,
868 625 974 664 non
1023 609 1142 664 inde
1181 615 1431 662 transeat.
1480 607 1534 662 Si
1587 607 1902 661 transiturus
1949 614 2052 672 est,

478 704 672 772 hospes
698 710 796 755 est.
843 696 955 753 Non
1001 714 1060 754 se
1109 697 1290 764 f2"lat,
1343 697 1536 768 hospes
1555 708 1638 752 est
1683 697 1855 751 :velit
1903 697 2051 763 nolit,

477 795 672 862 hospes
719 800 820 846 est.
859 784 964 846 Sed
1012 789 1226 844 dimittit
1273 790 1414 844 illam
1460 789 1674 843 domum
1730 787 1850 842 liliis
1908 788 2050 851 suis,

476 886 672 960 hospes
691 888 1004 959 hospitibus.
1024 886 1232 953 Quare?
1269 888 1334 941 Et
1363 888 1414 941 in
1443 887 1650 941 stabulo
1683 888 1725 939 si
1747 900 1914 949 esses,
1947 899 2050 938 non

472 981 578 1034 alio
607 981 853 1035 veniente
885 977 1224 1034 discederes?
1261 977 1371 1033 lloc
1401 977 1529 1032 l'aeis
1559 987 1612 1032 et
1657 975 1707 1030 in
1733 976 1893 1029 domo
1939 985 2048 1028 tua.

471 1069 645 1125 Cessit
665 1070 755 1125 tibi
792 1069 963 1124 locum
997 1079 1144 1139 pater
1171 1080 1310 1134 tuus,
1356 1083 1601 1122 cessurus
1630 1082 1689 1120 es
1729 1066 1899 1120 locum
1929 1064 2050 1118 filiis

472 1159 595 1214 tuis.
614 1158 724 1214 Nec
752 1175 1030 1213 mansurus
1047 1173 1248 1224 manes,
1279 1173 1374 1212 nec
1398 1157 1662 1211 mansuris
1689 1157 1973 1225 relinques.
1992 1153 2046 1210 Si

470 1265 656 1305 omnes
683 1251 985 1312 transimus,
1017 1248 1211 1319 aliquid
1254 1245 1394 1318 quod
1440 1247 1666 1301 transire
1722 1263 1826 1300 non
1877 1255 2050 1315 potest

469 1349 794 1411 operemur:
831 1350 886 1393 ttt
928 1354 1048 1394 cum
1096 1337 1478 1401 transierimus,
1525 1345 1578 1390 et
1617 1338 1704 1390 illo
1748 1334 2048 1390 venerimus

468 1429 608 1485 unde
631 1444 732 1484 non
766 1439 1116 1494 transeamus,
1144 1443 1304 1498 opera
1336 1437 1513 1480 nostra
1546 1427 1680 1480 bona
1712 1426 1780 1479 ibi
1813 1426 2048 1480 invenia-

468 1538 608 1576 tnus.
640 1521 830 1576 Custos
854 1529 938 1576 est
967 1520 1228 1584 Christus,
1259 1519 1381 1589 quid
1411 1521 1562 1572 times
1593 1534 1659 1573 ne
1687 1518 1875 1589 perdas
1905 1517 2044 1587 quod

467 1613 691 1684 erogas?
721 1610 975 1667 Conversi
1001 1612 1065 1664 ad
1098 1609 1401 1672 Dominmn,
1427 1617 1530 1662 etc.

953 1729 1004 1771 Et
1027 1729 1131 1785 post
1152 1734 1460 1771 sermonem:

536 1830 686 1898 Quod
714 1829 861 1886 novit
899 1827 1143 1882 Charitas
1173 1836 1346 1880 vestra
1373 1868 1385 1889 .
1415 1826 1766 1896 suggerimus.
1802 1826 1923 1880 Dies
1949 1840 2044 1879 an-

463 1922 784 1976 niversarius
811 1919 1158 1974 ordinationis
1210 1919 1391 1973 domui
1418 1920 1431 1949 ¹
1463 1918 1606 1972 senis
1637 1919 1830 1973 Aurelii
1855 1918 2044 1976 crasti~

463 2029 562 2068 nus
612 2013 899 2078 illucescit;
951 2020 1174 2083 rogatet
1233 2010 1484 2065 admouet
1546 2026 1639 2079 per
1692 2009 2040 2065 humilitatem

463 2120 634 2158 meam
675 2104 999 2158 Charitatcm
1047 2111 1276 2157 vestram
1301 2143 1316 2166 ,
1345 2113 1402 2155 ιιι
1439 2101 1504 2156 ad
1549 2101 1819 2156 basilicam
1861 2101 2040 2156 Fausti

460 2193 800 2249 devotissime
825 2192 1108 2249 convenire
1134 2192 1441 2263 dignemini.
1477 2192 1588 2248 Deo
1612 2193 1826 2261 gratias.

987 2305 1212 2362 εειιιιο
1239 2305 1377 2360 exn
1411 2311 1428 2329 ο
1459 2304 1556 2378 (τι).

462 2419 539 2474 De
566 2422 720 2475 verbis
747 2419 1007 2491 Evangelii
1034 2418 1204 2482 Lucas.
1236 2415 1405 2473 llomo
1448 2417 1660 2489 quidam
1691 2418 1814 2474 fecit
1832 2427 2038 2474 caenam

739 2529 1000 2583 magnam,
1031 2521 1144 2578 etc.,
1169 2529 1280 2584 cap.
1318 2527 1427 2579 XIV,
1470 2513 1502 2582 ᾗ
1529 2552 1543 2566 .
1576 2513 1758 2567 16-24.

821 2621 1037 2676 Habitus
1063 2623 1112 2676 in
1140 2621 1347 2676 basilica
1369 2623 1617 2677 Restituto
1638 2622 1738 2694 (b).

527 2735 750 2792 CAPUT
801 2733 1082 2792 PRIMUM.
1121 2767 1190 2776 -—
1238 2737 1290 2790 1.
1339 2737 1513 2790 Judwi
1553 2739 1622 2790 ad
1671 2754 1861 2792 (mnam
1907 2739 2038 2792 inri-

458 2826 570 2890 tati,
603 2843 694 2879 nos
738 2825 874 2878 ducti
898 2835 942 2879 et
968 2827 1148 2878 coacti.
1190 2825 1470 2880 Lectiones
1511 2835 1708 2880 sanct:e
1753 2829 2038 2897 prepositze

456 2924 600 2979 sunt,
631 2925 684 2969 et
712 2929 842 2985 quas
868 2915 1175 2980 audiamus,
1206 2927 1258 2970 et
1283 2917 1349 2970 de
1388 2917 1578 2986 quibus
1606 2918 1800 2991 aliquid
1830 2934 2036 2973 sermo.

458 3006 560 3072 nis,
589 3007 870 3074 adjuvante
898 3007 1157 3072 Domino,
1190 3008 1540 3077 proferamus.
1572 3006 1627 3062 lu
1652 3009 1878 3063 lectione
1905 3024 2038 3079 apo-

459 3097 643 3150 stolica
672 3097 855 3168 gratiae
883 3105 1113 3167 aguntur
1135 3097 1360 3152 Domino
1397 3097 1464 3152 de
1491 3097 1592 3152 fide
1625 3098 1868 3154 Gentium
1889 3141 1905 3166 ,
1937 3101 2038 3154 uti-

456 3204 560 3259 que
582 3189 700 3244 ideo
723 3231 736 3251 .
759 3189 880 3259 quia
928 3191 1038 3258 ipse
1078 3187 1222 3244 fecit.
1255 3189 1312 3244 In
1339 3189 1551 3255 Psalmo
1602 3191 1832 3247 diximus
1863 3210 1877 3245 :
1906 3192 2038 3248 Deus

458 3281 721 3342 virtutum,
746 3288 975 3334 converte
995 3297 1104 3343 nos,
1135 3291 1180 3334 et
1200 3281 1404 3335 ostmde
1439 3283 1619 3353 [aciem
1657 3293 1814 3348 tuam,
1836 3293 1883 3338 et
1912 3284 2038 3338 salvi

454 3372 642 3426 erimus
663 3371 834 3443 (Psal.
867 3386 1044 3438 Lxxtx,
1073 3371 1128 3437 8,
1160 3371 1275 3442 20).
1308 3372 1362 3428 In
1395 3371 1712 3445 Evangelio.
1739 3375 1804 3429 ad
1827 3391 2034 3432 caenam

457 3464 630 3519 vocati
656 3478 840 3519 sumus
870 3479 883 3516 :
924 3463 1031 3518 imo
1073 3464 1160 3517 alii
1191 3465 1396 3530 vocati,
1426 3480 1525 3520 nos
1560 3482 1664 3520 non
1697 3470 1909 3531 vocati,
1940 3467 2034 3522 sed

453 3554 634 3619 ducti;
663 3569 769 3610 non
818 3555 988 3609 solum
1033 3555 1176 3610 ducti
1208 3597 1224 3621 ,
1257 3555 1349 3611 sed
1385 3557 1542 3611 etiam
1567 3556 1756 3611 coacti.
1779 3558 1866 3613 Sic
1893 3559 2034 3614 enim

453 3647 782 3712 audivimus,
811 3647 936 3717 quia
967 3645 1131 3700 lIomo
1164 3647 1368 3714 quidam
1395 3649 1509 3719 fecit
1545 3664 1736 3702 caenam
1777 3665 2031 3718 magnam.

453 3737 584 3805 Quis
613 3747 696 3794 est
737 3737 838 3792 iste
867 3737 1026 3792 homo
1049 3779 1064 3802 ,
1092 3737 1192 3792 nisi
1231 3738 1490 3793 mediator
1535 3739 1623 3794 Dei
1661 3748 1716 3794 et
1759 3739 2032 3796 hominum

453 3827 614 3882 homo
641 3827 883 3882 Christus
910 3827 1069 3882 Jesus
1099 3828 1141 3900 (Ι
1176 3827 1307 3882 Tim.
1337 3844 1395 3890 ιι,
1419 3828 1518 3899 5)?
1545 3828 1683 3884 Misit
1709 3839 1766 3884 ιιι
1791 3831 2034 3887 venirent

453 3919 678 3984 invitati,
709 3919 828 3988 quia
852 3918 980 3972 hora
1006 3919 1116 3988 jam
1139 3929 1375 3983 venerat,
1410 3928 1466 3973 ut
1492 3921 1750 3974 venirent.
1781 3921 1879 3989 Qui
1908 3932 2032 3977 sunt

452 4007 678 4072 invitati,
702 4008 802 4061 nisi
830 4023 922 4077 per
948 4008 1256 4078 praemissos
1281 4009 1451 4062 vocati
1494 4008 1822 4078 l’mphetas?
1851 4011 2030 4080 Quatt-

450 4097 562 4152 do?
596 4095 732 4151 Olim
777 4113 840 4152 rx
883 4113 989 4166 quo
1027 4098 1307 4151 mittuntur
1350 4097 1671 4166 Pmphetze,
1717 4100 1937 4156 invitant
1962 4103 2029 4157 ad

449 4201 660 4242 evenant
699 4185 916 4241 Christi.
963 4187 1242 4241 Mittuntur
1281 4202 1409 4256 ergo
1458 4189 1524 4242 ad
1566 4187 1814 4257 populum
1845 4189 2025 4246 Israel.

449 4278 606 4348 S:epe
632 4277 778 4332 missi
803 4287 944 4340 sunt.
971 4293 1112 4348 stepe
1137 4287 1461 4332 vocaverunt
1483 4319 1497 4339 ,
1529 4289 1583 4332 ut
1608 4278 1675 4333 ad
1710 4281 1890 4335 horam
1914 4298 2026 4338 cu:-

449 4383 532 4423 na:
553 4369 815 4424 venirent.
845 4367 922 4422 Illi
947 4377 1120 4423 autem
1145 4369 1426 4424 invitantes
1451 4381 1788 4439 acceperunt,
1819 4389 2024 4429 cmnam

446 4461 873 4532 repudiaverunt.
901 4459 1035 4528 Quid
1077 4469 1187 4525 est,
1217 4460 1499 4516 lnvitantes
1537 4473 1889 4532 acceperunt,
1918 4480 2028 4522 (tn-

450 4569 573 4607 nam
604 4551 1052 4622 repudiaverunt?
1074 4551 1366 4622 Prophetas
1389 4552 1652 4622 legerunt,
1683 4563 1736 4608 et
1757 4553 2023 4611 Christum

443 4645 775 4700 occiderunt.
820 4642 926 4698 Sed
970 4642 1182 4713 quando
1221 4641 1553 4708 occiderunt,
1587 4645 1886 4720 tunejnobis
1909 4661 2021 4701 cu:-

445 4755 567 4794 nam
614 4737 915 4794 nescientes
957 4745 1402 4805 prarparavcruut.
1457 4735 1645 4790 Parata
1687 4735 1798 4805 jam
1847 4752 2019 4804 ccena,

444 4831 718 4925 inmolato
744 4828 958 4884 Christo
977 4867 994 4894 ,
1023 4835 1145 4898 post
1186 4827 1626 4925 resurrectionem
1653 4828 1848 4925 Christi
1875 4845 2023 4886 com-

443 4917 690 4978 mendata
716 4936 878 4991 quam
902 4920 1078 4975 sciunt
1105 4917 1290 4974 ﬁdeles
1314 4960 1330 4981 ,
1359 4933 1510 4972 caena
1540 4917 1768 4983 Domini,
1799 4921 2022 4992 ejusque

443 5014 688 5069 manibus
715 5023 770 5068 et
791 5027 884 5068 ore
905 5011 1132 5076 ﬁrmata,
1165 5010 1312 5064 missi
1340 5017 1465 5066 sunt
1492 5012 1730 5080 Apostoli
1751 5053 1766 5079 ,
1791 5012 1856 5069 ad
1886 5029 2022 5085 quos

443 5105 591 5160 missi
613 5104 819 5158 fuerant
843 5112 968 5156 ante
997 5100 1296 5169 Prophetas.
1329 5098 1515 5154 Venite
1534 5101 1598 5154 ad
1620 5116 1847 5158 caenam.

513 5192 736 5249 CAPUT
777 5191 838 5245 ιι.
858 5221 930 5231 --
948 5192 1002 5245 2.
1030 5189 1149 5244 Tres
1173 5190 1512 5245 excusationes
1544 5191 1708 5246 venire
1723 5192 2017 5248 nolentium.

507 5325 525 5357 ί
553 5330 617 5373 tta
638 5322 688 5372 in
713 5330 817 5386 uss.
844 5321 1043 5386 Atapud
1065 5328 1196 5383 una,
1217 5319 1418 5373 domini.

506 5388 523 5403 ‘
550 5384 837 5434 Emendatus
852 5385 916 5452 ad
949 5383 1052 5434 tres
1074 5387 1155 5433 hn.
1183 5391 1236 5434 et
1256 5393 1461 5452 quatuor
1482 5383 1544 5435 cl.
1565 5383 1625 5434 ad
1647 5397 1693 5435 a.
1718 5386 1795 5436 cb.
1823 5386 1854 5434 f.
1882 5386 1940 5437 τε.
1964 5401 2017 5452 g.

441 5447 502 5499 Ir.
527 5462 590 5496 m.
616 5461 662 5510 p_.
690 5458 779 5494 rm.
798 5445 882 5510 vd.
918 5453 969 5510 et
991 5454 1089 5510 ᾼιιι.
1118 5452 1187 5510 Er.
1216 5445 1318 5510 Par:
1339 5449 1445 5496 [λον.

509 5510 581 5584 ta)
617 5507 843 5584 εἰωθός
866 5507 1383 5584 Verbisttotnini
1446 5583 1455 5584 ί
1636 5571 1718 5584 ἢ..
1813 5573 1824 5584 .
1921 5573 1931 5581 ⁸

506 5567 579 5631 (ι)
612 5573 684 5619 sic
726 5567 893 5618 titulus
935 5571 1083 5620 habet
1127 5573 1173 5619 in
1221 5578 1392 5620 vetere
1435 5569 1602 5620 codice
1633 5571 2019 5623 Cisterciensium

445 5641 621 5682 sanctae
642 5632 802 5680 (:rucis
825 5632 871 5680 in
895 5631 1162 5680 Jerusalem
1185 5633 1247 5680 de
1274 5633 1413 5680 ιῖιιιε.

1818 227 1854 278 Α
1867 221 2178 280 UGUSTINI
2211 223 2506 282 lil‘lSCOl'l

3647 247 3748 304 GH

2184 338 2312 391 Villa
2336 353 2520 411 empta,
2557 343 2832 400 dominatio
2859 351 3086 418 superba.
3121 351 3516 411 Excusavcrunt
3539 360 3627 428 qui
3654 376 3744 416 ve-

2169 433 2279 486 nire
2320 435 2615 490 noluerunt.
2667 438 2730 493 Et
2781 455 3182 508 excusaveruut,
3226 443 3569 516 quomodo‘?
3608 449 3741 509 Tres

2165 521 2370 577 fuerunt
2410 529 2775 585 excusationes
2805 549 2817 586 :
2852 531 2992 587 Unus
3013 536 3172 602 dixit,
3207 535 3394 591 Villam
3430 541 3550 606 emi,
3575 559 3633 596 eo
3661 544 3738 596 υἱ⁶

2163 613 2280 666 dere
2306 613 2448 669 illaut
2472 631 2493 672 :
2517 617 2642 672 habe
2665 638 2744 674 me
2766 636 3076 679 excusatum.
3097 626 3243 682 Alius
3258 629 3405 696 dixit,
3432 629 3570 702 luga
3595 636 3742 689 boum

2161 707 2260 757 emi
2283 709 2500 778 quinque
2518 751 2530 774 ,
2561 721 2606 782 et
2627 729 2684 765 eo
2725 715 2938 782 probare
2967 717 3056 770 illa
3078 734 3098 772 :
3119 736 3239 790 rogo
3274 731 3320 775 te
3338 724 3465 777 habe
3492 741 3570 778 me
3588 743 3742 780 excit.

2159 805 2344 849 satum.
2371 795 2563 854 Tertius
2583 796 2729 869 dixit,
2759 803 2977 859 Uxorem
3005 807 3149 872 duxi,
3177 811 3303 864 habe
3317 829 3394 865 me
3412 826 3740 876 excusatum:

2158 887 2324 940 venire
2348 905 2446 942 non
2468 906 2687 958 possunt.
2731 893 2978 949 Putamus
3007 914 3112 950 non
3145 899 3258 954 istm
3283 910 3407 955 sunt
3443 905 3736 960 excusatio-

2158 989 2275 1052 nes,
2307 993 2424 1047 qua:
2472 979 2762 1050 impediunt
2815 999 3001 1041 omnes
3049 988 3307 1057 homines,
3334 989 3422 1061 qui
3462 993 3528 1046 ad
3580 995 3733 1050 istam

2155 1081 2362 1122 etenam
2409 1071 2586 1125 venire
2624 1071 2962 1129 detrectant?
2985 1077 3298 1146 Qum-ramus
3323 1097 3414 1136 cas
3438 1123 3454 1147 ,
3483 1081 3737 1139 discutia~

2157 1169 2294 1224 tuus,
2326 1161 2656 1217 inveniamus
2688 1182 2700 1218 :
2732 1167 2823 1220 sed
2855 1177 2910 1221 ut
2936 1183 3235 1226 caveamus.
3269 1171 3322 1224 In
3367 1173 3488 1228 villa
3531 1185 3729 1246 empta,

2154 1249 2445 1306 dominatio
2486 1263 2730 1309 notatur:
2763 1272 2890 1327 ergo
2929 1261 3175 1328 superbia
3196 1265 3499 1333 castigatur.
3529 1264 3732 1320 Habere

2153 1341 2293 1394 enim
2325 1342 2502 1398 villam
2523 1387 2537 1407 ,
2562 1353 2742 1402 tenere
2761 1387 2774 1412 ,
2800 1349 3073 1417 possidere
3091 1395 3103 1415 ,
3140 1350 3381 1407 homines
3407 1354 3506 1408 sibi
3545 1354 3599 1409 in
3644 1355 3728 1410 illa

2152 1432 2378 1488 subdere
2403 1478 2416 1499 ,
2443 1436 2703 1492 dominari
2743 1439 2988 1495 delectat.
3032 1443 3226 1498 Vitium
3278 1446 3472 1500 tnalum
3499 1489 3513 1512 ,
3543 1448 3726 1501 vitium

2151 1521 2398 1592 primum.
2429 1524 2633 1582 Primus
2659 1529 2799 1583 enim
2827 1529 2985 1586 homo
3009 1531 3268 1589 dominari
3302 1537 3482 1600 voluit,
3509 1539 3596 1607 qui
3627 1538 3724 1592 do-

2150 1615 2349 1668 minum
2380 1615 2574 1673 habere
2601 1621 2787 1674 uoluit.
2809 1621 2944 1690 Quid
2971 1635 3051 1678 est
3075 1623 3356 1692 dominari,
3390 1628 3488 1682 nisi
3517 1631 3724 1698 propria

2151 1715 2409 1772 potestate
2427 1710 2694 1778 gaudere?
2716 1713 2807 1767 Est
2832 1713 3000 1785 major
3025 1725 3276 1786 potestas,
3309 1719 3382 1772 illi
3412 1720 3722 1785 subdamur,

2149 1805 2204 1849 ut
2233 1798 2325 1851 tuti
2348 1814 2466 1854 esse
2491 1802 2778 1858 valeamus.
2818 1803 3003 1860 Villam
3023 1809 3140 1874 emi,
3169 1810 3295 1865 habe
3311 1827 3390 1866 me
3407 1824 3722 1870 excusatum.

2150 1883 2363 1942 Inventa
2390 1891 2655 1958 superbia,
2687 1895 2868 1950 venire
2898 1896 3088 1952 noluit.

2217 1975 2440 2034 CAPUT
2461 1977 2673 2037 lll.—3.
2695 1982 2925 2056 Quinque
2934 1988 3064 2058 juga
3089 1989 3257 2054 boum,
3288 1992 3552 2048 curiositas
3571 1996 3720 2063 quin-

2145 2084 2242 2137 que
2260 2086 2508 2124 sensuum.
2524 2073 2667 2130 Alius
2685 2075 2832 2142 dixit,
2849 2076 3078 2148 Quinque
3089 2082 3218 2152 iuga
3237 2082 3382 2136 boum
3403 2087 3517 2138 emi.
3537 2085 3721 2141 Nonne

2146 2157 2432 2226 sufficeret,
2463 2164 2631 2219 Boves
2659 2167 2806 2222 emi?
2833 2168 3044 2239 Aliquid
3072 2173 3252 2240 procul
3273 2173 3432 2229 dubio
3455 2184 3555 2239 est,
3579 2178 3719 2247 quod

2146 2265 2244 2305 nos
2283 2251 2349 2306 ad
2384 2255 2724 2323 quzerendum
2765 2263 2818 2312 et
2862 2259 3258 2332 intelligendum
3291 2263 3612 2322 obscuritate
3638 2269 3718 2322 sui

2147 2354 2398 2409 provocat
2423 2361 2436 2396 :
2467 2350 2522 2400 et
2542 2345 2662 2416 quia
2700 2347 2939 2404 clausum
2969 2360 3085 2415 est,
3115 2360 3173 2406 ut
3194 2355 3462 2422 pulsemus
3485 2399 3500 2422 ,
3533 2357 3719 2414 horta-

2147 2439 2249 2488 tur.
2280 2433 2522 2506 Quinque
2537 2438 2659 2509 juga
2690 2441 2848 2495 bottm
2871 2483 2885 2508 ,
2914 2457 3104 2498 sensus
3140 2447 3313 2501 carnis
3341 2447 3517 2518 hujus.
3545 2449 3717 2518 Quin.

2142 2539 2246 2593 que
2275 2538 2620 2583 numerantur
2647 2545 2836 2587 sensus
2878 2535 3054 2589 carnis
3085 2534 3240 2606 hujus
3264 2579 3278 2602 ,
3302 2539 3442 2608 quod
3469 2543 3719 2597 omnibus

2144 2625 2330 2670 notum
2373 2624 2484 2683 est;
2522 2627 2577 2674 et
2619 2621 2706 2691 qui
2745 2622 2877 2678 forte
2913 2640 3017 2679 non
3066 2627 3374 2694 advertunt,
3410 2633 3717 2688 commoniti

2141 2705 2258 2762 sine
2298 2708 2458 2762 dubio
2496 2714 3137 2782 recognoscunt..Seusus
3189 2735 3315 2790 ergo
3342 2722 3518 2777 carnis
3556 2722 3715 2793 hujus

2142 2797 2372 2867 quinque
2403 2793 2759 2858 inveniuntur.
2807 2806 2863 2859 In
2890 2807 3058 2862 oculis
3102 2809 3249 2864 visus
3275 2820 3385 2879 est,
3412 2812 3623 2869 auditus
3663 2815 3715 2870 in

2141 2887 2379 2955 auribus,
2407 2891 2659 2948 odoratus
2680 2894 2730 2949 in
2762 2896 2994 2962 naribus,
3017 2907 3254 2968 gustatus
3277 2902 3328 2955 in
3361 2901 3616 2969 faucibus,
3647 2915 3716 2961 ta-

2140 2985 2258 3032 ctus
2292 2979 2343 3034 in
2379 2981 2626 3037 omnibus
2658 2985 2929 3041 membris.
2966 2989 3098 3043 Alba
3137 2998 3193 3045 et
3232 2991 3379 3062 nigra
3415 3002 3470 3049 et
3501 3003 3740 3066 quoquo-

2141 3069 2300 3124 modo
2323 3072 2573 3138 colorata,
2605 3073 2774 3130 lucida
2811 3085 2866 3131 et
2902 3077 3124 3135 obscura
3167 3081 3394 3137 videndo
3431 3086 3712 3143 sentimus.

2143 3158 2316 3215 Rauca
2337 3169 2390 3216 et
2412 3177 2625 3231 canora,
2649 3162 2912 3220 audiendo
2939 3168 3214 3224 sentimus.
3245 3171 3418 3228 Suave
3437 3175 3630 3231 olentia
3660 3187 3714 3232 et

2138 3265 2297 3322 grave
2346 3255 2539 3310 olentia
2559 3299 2574 3322 ,
2603 3257 2875 3314 odorando
2909 3262 3185 3318 sentimus.
3226 3265 3402 3321 Dulcia
3432 3277 3483 3322 et
3510 3283 3711 3333 amara.

2139 3341 2697 3414 gustaudo‘sentimus.
2743 3347 2884 3404 Dura
2911 3358 2962 3405 et
2998 3352 3175 3407 mollia
3196 3393 3211 3420 ,
3237 3353 3371 3410 lenia
3398 3366 3456 3411 et
3498 3370 3709 3428 aspera,

2139 3434 2308 3488 calida
2335 3446 2385 3490 et
2415 3435 2622 3507 frigida,
2649 3440 2827 3508 gravia
2857 3449 2910 3494 et
2938 3440 3071 3496 levia
3093 3484 3106 3506 ,
3142 3445 3403 3515 tangendo
3431 3449 3709 3504 sentimus.

2137 3523 2383 3596 Quinque
2418 3538 2573 3594 sunt,
2603 3539 2656 3584 et
2678 3530 2802 3600 juga
2841 3541 2984 3586 sunt.
3025 3533 3128 3590 Sed
3165 3536 3285 3606 quia
3318 3537 3442 3609 juga
3482 3548 3623 3606 sunt,
3656 3541 3712 3596 in

2139 3617 2304 3672 tribus
2332 3619 2591 3687 prioribus
2620 3621 2872 3677 sensibus
2909 3623 3113 3680 facilius
3153 3635 3388 3697 apparet.
3432 3629 3549 3684 Duo
3591 3640 3712 3686 sunt

2136 3709 2295 3774 oculi,
2326 3709 2443 3766 duze
2468 3726 2656 3777 aures,
2684 3713 2907 3783 gemina:
2950 3730 3105 3771 nares
3138 3732 3152 3772 :
3181 3732 3307 3773 ecce
3335 3719 3434 3774 tria
3474 3721 3620 3792 juga.
3654 3721 3709 3778 In

2137 3797 2394 3866 faucibus,
2425 3800 2477 3857 id
2506 3811 2587 3858 cst
2611 3845 2625 3870 ,
2655 3819 2814 3859 sensu
2849 3807 3115 3876 gustandi,
3163 3810 3448 3880 geminatio
3468 3814 3730 3883 quaedam.

2137 3891 2418 3959 invenitur,
2449 3894 2573 3964 quia
2619 3896 2749 3950 nihil
2793 3899 3056 3967 gustando
3105 3903 3272 3971 sapit,
3307 3904 3406 3958 nisi
3439 3905 3614 3976 lingua
3654 3916 3710 3962 et

2136 3985 2308 4053 palato
2339 3995 2596 4057 tangatur.
2632 3989 2880 4060 Voluptas
2907 3995 3084 4048 carnis
3121 4009 3238 4064 quae
3265 3995 3332 4050 ad
3359 4005 3554 4054 tactum
3584 4015 3707 4070 per-

2135 4076 2285 4141 tinet,
2314 4079 2572 4134 occultius
2607 4083 2928 4150 geminatur.
2971 4084 3064 4139 Est
3088 4086 3229 4141 enim
3257 4097 3312 4143 et
3337 4087 3628 4146 forinsecus
3653 4101 3708 4146 et

2132 4167 2467 4227 intrinsecus.
2490 4170 2632 4242 Ergo
2649 4182 2704 4228 et
2744 4173 2854 4244 ipsa
2880 4177 3087 4246 gemina
3113 4187 3215 4234 est.
3238 4179 3413 4248 Quare
3440 4181 3600 4238 boum
3619 4183 3707 4238 di-

2131 4270 2326 4315 cuntur
2346 4261 2472 4333 juga
2489 4262 2513 4316 ἲ
2532 4264 2666 4332 Quia
2696 4281 2789 4335 per
2813 4281 3004 4323 sensus
3023 4268 3154 4324 istos
3185 4271 3361 4326 carnis
3387 4282 3598 4329 terrena
3620 4290 3706 4330 res

2129 4352 2427 4421 quiruntur.
2455 4354 2625 4410 Boves
2652 4357 2796 4412 enim
2843 4366 3036 4414 terram
3079 4370 3314 4416 versant.
3361 4362 3496 4418 Sunt
3526 4373 3704 4420 autem

2131 4445 2372 4502 homines
2401 4450 2587 4502 remoti
2611 4465 2640 4502 a
2664 4448 2786 4518 ﬁde,
2819 4453 3045 4508 terrenis
3068 4452 3252 4521 dediti,
3281 4457 3580 4512 carnalibus
3607 4472 3704 4512 οε-

2127 4536 2303 4606 cupati
2334 4555 2348 4591 :
2374 4539 2559 4593 nolunt
2586 4540 2802 4596 credere
2828 4542 3024 4612 aliquid
3045 4586 3060 4609 ,
3088 4544 3188 4599 nisi
3215 4541 3282 4600 ad
3311 4546 3451 4616 quod
3479 4548 3558 4602 sui
3584 4562 3704 4602 cor—

2127 4629 2272 4698 poris
2295 4642 2454 4684 seusu
2481 4631 2906 4701 qttinquepartito
2929 4635 3260 4702 perveniunt.
3290 4636 3346 4691 in
3372 4637 3448 4692 eis
3471 4638 3704 4708 quinque

2125 4719 2369 4773 sensibus
2411 4721 2571 4776 totius
2616 4722 2898 4777 voluntatis
2927 4724 3026 4786 sibi
3071 4725 3280 4795 regulas
3310 4738 3529 4796 ponunt.
3564 4725 3699 4791 Non,

2127 4810 2328 4880 inquit,
2348 4811 2510 4868 credo
2543 4828 2644 4884 ego
2663 4855 2676 4877 ,
2701 4813 2801 4870 nisi
2835 4814 2974 4884 quod
3000 4816 3172 4871 video.
3204 4817 3341 4872 Ecce
3377 4818 3518 4889 quod
3545 4818 3666 4873 novi
3683 4861 3700 4883 .

2125 4917 2252 4958 cccc
2291 4904 2434 4974 quod
2460 4903 2589 4959 scio.
2639 4906 2827 4960 Album
2864 4915 2979 4974 est,
3023 4907 3228 4979 nigrum
3273 4916 3384 4974 est,
3417 4909 3704 4965 rotundum

2125 5001 2228 5058 cst,
2261 4994 2574 5064 quadratum
2600 5004 2703 5060 est,
2734 4993 2812 5050 sic
2851 4998 2938 5052 vel
2963 4997 3040 5052 sic
3065 4998 3363 5067 coloratum
3394 5006 3476 5054 est
3508 5017 3520 5054 :
3556 4999 3699 5068 novi,

2125 5087 2320 5154 sentio,
2354 5096 2540 5153 teneo;
2572 5099 2760 5143 natura
2800 5085 2914 5159 ipsa
2945 5105 3030 5144 me
3055 5089 3228 5145 docet.
3259 5089 3372 5145 Non
3403 5106 3565 5163 cogor
3585 5107 3703 5149 cre-

2124 5177 2253 5234 dere
2279 5177 2419 5248 quod
2451 5178 2576 5232 mihi
2604 5194 2707 5233 non
2751 5188 2901 5249 potes
2946 5180 3244 5235 ostendere.
3276 5179 3386 5236 Vox
3419 5187 3502 5238 est
3533 5201 3546 5237 :
3575 5196 3702 5238 sen-

2126 5273 2200 5327 tio
2224 5315 2240 5339 ,
2268 5273 2390 5342 quia
2429 5287 2530 5328 vox
2560 5281 2678 5338 est;
2707 5271 2840 5329 bene
2877 5282 3076 5340 cantat,
3113 5273 3250 5329 male
3286 5282 3495 5341 cantat,
3526 5273 3702 5330 suavis

2123 5375 2228 5431 est,
2260 5379 2416 5420 rauca
2431 5375 2555 5420 est:
2588 5365 2895 5431 novi,scio,
2928 5365 3240 5435 pervenitad
3267 5383 3370 5421 me.
3403 5365 3548 5422 Bene
3572 5361 3701 5431 olet,

2125 5457 2261 5513 male
2288 5457 2398 5518 olet,
2423 5474 2437 5511 :
2461 5456 2591 5524 scio,
2619 5456 2811 5512 sentio.
2843 5453 2956 5512 Iloc
2990 5455 3144 5512 dulce
3172 5468 3276 5524 est,
3297 5457 3398 5512 hoc
3428 5473 3700 5522 amarum;

2191 5572 2205 5601 ι
2231 5575 2303 5616 Er.
2331 5567 2477 5630 Lugd.
2502 5573 2620 5630 ven.
2645 5573 2754 5630 Lov.
2780 5567 2908 5618 hunc
2942 5569 3012 5617 sic
3035 5567 3209 5630 locum,
3228 5569 3464 5620 exhibent
3488 5583 3500 5619 :
3537 5577 3699 5621 Excu-

2126 5635 2346 5684 savcrtmt
2367 5626 2450 5692 qui
2469 5628 2629 5681 venire
2651 5627 2916 5681 noluerunt.
2939 5630 3177 5691 Quomodo
3195 5629 3222 5681 .’
3281 5635 3339 5679 It.
