4126 6322
434 348 537 402 615

437 458 537 513 hoc
558 458 773 524 salsum,
804 459 901 513 hoc
931 461 1150 513 fatuum.
1177 459 1307 527 Quid
1336 459 1462 512 mihi
1489 458 1601 528 plus
1627 448 1775 510 dicas
1798 453 1997 508 nescio.

435 547 723 617 'l‘angcndo
753 550 873 601 novi
912 550 1032 618 quid
1061 548 1249 604 durum
1288 559 1389 613 est,
1413 548 1536 614 quid
1562 546 1717 601 molle
1746 546 1849 609 sit;
1875 545 2000 614 quid

437 636 557 692 lene
579 638 667 702 sit,
702 639 825 707 quid
866 654 1111 707 asperum
1142 641 1238 703 sit;
1261 636 1384 708 quid
1408 639 1609 705 caleat,
1641 636 1766 708 quid
1797 636 1999 706 frigeat.

435 726 568 792 Quid
594 727 721 781 mihi
748 729 863 797 plus
881 729 1334 784 demonstraturus
1353 730 1443 785 es?

426 814 427 817 “
503 818 957 875 CAPUTIV.—4.
983 820 1399 891 [inpedimentum
1432 820 1567 890 ﬁdei.
1596 819 1747 876 Catia
1775 819 2004 873 manibus

438 912 641 966 Domini
665 923 973 967 consecrata.
1007 914 1117 968 Tali
1161 914 1537 984 impedimento
1579 912 1852 968 tenebatur
1877 926 2005 980 apo-

435 1004 607 1058 stolus
635 1013 816 1059 noster
844 1004 1092 1068 Thomas,
1124 1005 1211 1075 qui
1234 1004 1299 1058 de
1321 1004 1543 1059 Domino
1564 1003 1792 1067 Christo,
1825 1002 1876 1056 id
1897 1010 2001 1066 est,

433 1094 499 1148 de
518 1092 712 1148 Christi
755 1095 1139 1149 resurrectione
1170 1109 1266 1150 nec
1294 1095 1423 1150 solis
1462 1094 1627 1148 oculis
1663 1093 1879 1148 credere
1907 1108 2001 1145 vo-

437 1185 549 1237 luit.
573 1183 694 1238 Nisi
717 1185 897 1240 misero
919 1225 935 1251 ,
963 1184 1163 1255 inquit,
1195 1186 1377 1256 digitos
1413 1200 1548 1239 meos
1584 1186 1636 1238 in
1675 1185 1927 1238 clavorum
1954 1192 2002 1236 et

434 1273 694 1327 vulnerum
720 1274 848 1337 loca,
880 1284 924 1327 et
941 1275 1037 1327 nisi
1054 1291 1253 1327 ntanum
1280 1291 1437 1327 meam
1454 1274 1506 1328 in
1527 1275 1658 1329 latus
1677 1276 1786 1345 ejus
1801 1275 1998 1340 misero,

435 1379 532 1416 non
564 1364 783 1417 credam.
814 1366 878 1418 Et
904 1364 1153 1419 Dominus
1182 1367 1269 1434 qui
1294 1375 1472 1434 posset
1500 1366 1614 1419 sine
1646 1366 1750 1419 ullo
1781 1366 2002 1434 vestigio

433 1453 667 1506 vulneris
706 1468 1008 1522 resurgere,
1042 1455 1269 1509 servavit
1296 1456 1599 1521 cicatrices,
1631 1471 1748 1525 qua:
1776 1470 1804 1509 a
1847 1448 2001 1511 dubi-

435 1551 577 1598 tante
630 1553 1003 1615 tangi-rentur.
1063 1555 1116 1601 et
1171 1547 1345 1601 cordis
1404 1548 1617 1601 vulnera
1667 1558 1996 1602 sanarentur.

429 1635 500 1689 Et
542 1644 716 1689 tamen
766 1648 1046 1691 vocaturus
1096 1639 1160 1692 ad
1216 1653 1420 1693 (‘thlIlll
1472 1648 1653 1693 contra
1707 1642 2001 1694 excusatio-

435 1740 554 1778 nem
585 1727 813 1794 quinque
837 1726 1075 1795 iugorum
1101 1728 1284 1782 boum:
1311 1727 1480 1793 Beati,
1502 1730 1685 1797 inquit,
1704 1731 1788 1798 qui
1813 1748 1913 1784 non
1938 1732 2001 1783 ri-

432 1816 569 1881 dent,
597 1826 641 1870 et
666 1818 873 1871 credunt
904 1820 1079 1885 (Joait.
1098 1836 1187 1885 xx,
1204 1820 1412 1891 23—29).
1432 1821 1554 1884 Nos,
1580 1822 1766 1877 fratris
1789 1823 1911 1887 mei,
1934 1821 1999 1877 ad

432 1924 637 1963 omnem
666 1913 854 1977 vocati,
885 1912 953 1965 ab
996 1914 1111 1967 istis
1138 1915 1366 1983 quinque
1403 1914 1541 1984 jugis
1566 1930 1669 1967 non
1703 1930 1885 1968 sumus
1905 1915 2001 1968 im-

434 2003 613 2070 pediti.
642 2003 754 2057 Non
797 2006 938 2057 enim
968 2003 1152 2059 faciem
1181 2006 1353 2059 carnis
1382 2005 1586 2059 Domini
1617 2007 1794 2063 videre
1813 2007 1871 2060 in
1902 2008 2001 2061 hoc

434 2100 670 2160 tempore
714 2094 1110 2162 concupivimus
1129 2136 1141 2157 ,
1175 2104 1264 2148 aut
1294 2110 1476 2150 vocem
1520 2111 1583 2149 ex
1612 2110 1705 2151 ore
1733 2098 1906 2151 carnis
1936 2097 1999 2150 il-

434 2182 535 2236 lius
569 2183 937 2251 procedentem
983 2186 1202 2239 auribus
1227 2185 1507 2241 admittere
1544 2185 1958 2242 desideravimus
1986 2207 1997 2241 :

433 2272 631 2326 nullum
664 2273 714 2326 in
742 2274 831 2328 illo
866 2275 1207 2343 temporalem
1237 2276 1453 2330 odorem
1492 2278 1850 2347 qua'sivimus.
1875 2280 2002 2333 Per-

432 2362 563 2417 fudit
596 2380 715 2417 eum
764 2365 1001 2434 qua-dam
1040 2367 1227 2420 mulier
1278 2367 1660 2435 pretiosissima
1699 2380 1997 2440 unguento,

430 2456 620 2510 domus
645 2457 731 2510 illa
752 2456 915 2511 odore
937 2457 1149 2525 impleta
1197 2467 1277 2511 est
1303 2456 1411 2527 (Id.
1441 2475 1532 2524 xu,
1561 2458 1616 2530 5)
1647 2478 1660 2513 :
1692 2459 1783 2515 sed
1810 2476 1906 2514 nos
1932 2461 2000 2515 ibi

432 2563 535 2600 non
582 2547 812 2611 luimus;
840 2562 967 2602 ecce
994 2562 1097 2601 non
1136 2547 1441 2614 olfecimus,
1469 2560 1523 2603 et
1559 2549 1844 2604 credimus.
1875 2552 1998 2606 Cm-

431 2655 553 2694 nam
586 2639 827 2694 manibus
856 2641 964 2693 suis
1008 2650 1368 2695 consecratam
1396 2641 1664 2710 discipulis
1688 2642 1832 2697 dedit
1861 2660 1873 2696 :
1905 2643 2000 2698 sed

429 2745 529 2784 nos
551 2730 601 2783 in
630 2730 718 2785 illo
741 2729 980 2785 convivio
1002 2746 1105 2783 non
1130 2731 1528 2796 discubuimus;
1557 2742 1610 2786 et
1638 2742 1811 2787 tamen
1835 2734 1998 2804 ipsam

426 2836 636 2875 mnam
669 2821 769 2875 fide
808 2821 1044 2891 quotidie
1073 2821 1470 2876 manducamus.
1502 2821 1609 2877 Nec
1637 2838 1880 2894 magnum
1908 2842 2002 2895 pu—

430 2912 552 2965 tetis
574 2911 625 2965 in
652 2911 735 2964 illa
761 2926 932 2977 omna,
964 2926 1120 2981 quam
1145 2911 1256 2966 suis
1293 2912 1534 2967 manibus
1560 2912 1724 2977 dedit,
1757 2916 1871 2970 sine
1897 2915 2000 2971 llde

428 3002 727 3057 interfuisse
769 3020 781 3054 :
821 3002 1007 3056 melior
1055 3003 1254 3056 exstitit
1295 3002 1424 3058 fides
1450 3013 1627 3072 postea
1649 3045 1662 3067 ,
1694 3021 1849 3074 quam
1877 3015 2001 3060 tunc

432 3095 667 3163 perlidia.
700 3093 814 3148 Non
838 3094 908 3148 ibi
938 3093 1034 3147 fuit
1057 3094 1247 3148 Paulus
1275 3096 1360 3163 qui
1390 3095 1613 3149 credidit
1641 3114 1653 3148 :
1688 3097 1755 3149 ibi
1784 3095 1880 3151 fuit
1903 3097 1997 3151 Ju-

426 3185 523 3239 das
549 3185 635 3254 qui
667 3186 895 3239 tradidit.
933 3185 1098 3253 Quam
1130 3184 1281 3241 multi
1307 3194 1360 3240 et
1397 3187 1554 3240 modo
1586 3187 1635 3241 in
1665 3189 1774 3257 ipsa
1807 3206 1956 3245 cinna
1980 3230 1996 3255 ,

426 3279 666 3346 quamvis
694 3276 835 3332 illam
860 3286 982 3331 tunc
1002 3292 1236 3332 mensam
1263 3293 1366 3334 non
1396 3279 1657 3345 viderint,
1688 3297 1785 3337 nec
1810 3300 1995 3353 panem

426 3385 585 3439 quem
627 3370 882 3425 Dominus
917 3370 1140 3440 gestavit
1173 3370 1225 3426 in
1263 3372 1537 3437 manibus,
1567 3374 1731 3448 oculis
1773 3377 1882 3431 suis
1910 3393 1999 3432 as-

430 3462 699 3530 pexerint,
724 3462 806 3516 vel
852 3460 1089 3516 faucibus
1136 3462 1495 3532 gestaverint;
1526 3471 1698 3519 tamen
1736 3466 1856 3535 quia
1888 3467 1998 3537 ipsa

426 3562 512 3606 est
537 3568 654 3622 qua:
685 3566 824 3608 nunc
862 3562 1187 3623 praeparatur
1205 3592 1220 3617 ,
1244 3569 1400 3623 quam
1429 3555 1579 3608 multi
1604 3557 1763 3611 etiam
1788 3573 1924 3611 nunc
1946 3559 1997 3611 in

428 3641 541 3710 ipsa
580 3655 731 3697 coma
749 3643 1006 3712 judicium
1042 3643 1141 3698 sibi
1172 3644 1491 3698 nianducant
1517 3654 1573 3699 et
1599 3644 1785 3700 bibunt
1813 3645 1856 3715 (l
1878 3645 1995 3702 Cor.

425 3747 522 3795 su,
544 3731 677 3802 29)?

496 3822 723 3877 CAPUT
783 3821 850 3877 ν.
872 3853 944 3863 -
965 3822 1018 3878 5.
1048 3823 1346 3879 Curiositate
1364 3841 1598 3880 sensuum
1624 3827 1751 3881 nihil
1780 3844 1904 3897 Opus
1927 3840 1999 3884 est

424 3913 494 3966 ad
521 3914 752 3967 salutem.
778 3911 925 3968 Unde
950 3923 1126 3969 autem
1151 3923 1396 3983 tanquam
1417 3917 1624 3973 occasio
1648 3927 1766 3972 nata
1799 3928 1880 3974 est
1899 3920 2003 3974 Do-

430 4004 597 4069 mino,
628 4012 686 4058 ut
715 4002 783 4058 de
807 4004 905 4057 ista
929 4018 1081 4059 ctena
1116 4004 1460 4075 loqueretur?
1501 4007 1713 4061 Dixerat
1752 4025 1888 4064 unus
1934 4010 2001 4066 de

427 4095 882 4152 discumbentibus
904 4096 979 4167 (in
1007 4098 1249 4159 convivio
1271 4099 1411 4154 enim
1438 4109 1572 4164 erat,
1602 4117 1705 4170 quo
1736 4101 1908 4156 fuerat
1928 4104 2002 4157 in-

430 4187 684 4257 vitatus):
721 4186 867 4242 Beati
903 4189 988 4259 qui
1027 4189 1330 4244 manducent
1368 4207 1548 4261 panem
1590 4192 1644 4245 in
1681 4210 1836 4264 regno
1884 4193 1996 4248 Dei.

430 4278 589 4345 Quasi
612 4279 661 4333 in
691 4278 970 4349 longinqua
998 4280 1095 4334 iste
1121 4280 1442 4350 suSpirabat,
1470 4292 1523 4336 et
1562 4282 1673 4352 ipse
1699 4284 1849 4353 panis
1875 4294 2000 4340 ante

431 4370 579 4425 illum
604 4371 986 4427 discumbebat.
1016 4373 1146 4439 Quis
1167 4383 1249 4428 est
1275 4374 1423 4442 panis
1453 4373 1520 4429 de
1551 4390 1712 4445 regno
1743 4376 1868 4443 Dei,
1897 4379 1998 4433 nisi

429 4462 518 4531 qui
543 4462 687 4529 dicit,
723 4462 832 4534 Ego
860 4480 971 4517 sum
996 4466 1141 4533 panis
1176 4465 1345 4529 vivus,
1393 4466 1478 4536 qui
1512 4466 1574 4519 dc
1608 4467 1730 4521 caelo
1771 4469 2000 4523 descendi

430 4552 610 4620 (Joan.
649 4569 723 4617 vn,
763 4554 891 4618 ll)?
934 4554 1049 4609 Noli
1103 4570 1289 4624 parare
1328 4554 1536 4622 fauces,
1579 4556 1670 4611 scd
1706 4572 1819 4612 cor.
1876 4559 1999 4615 Inde

427 4645 791 4699 comuwndata
817 4654 899 4703 est
921 4648 1016 4700 ista
1041 4662 1214 4703 cinna.
1249 4648 1384 4702 Ecce
1410 4649 1676 4704 credimus
1716 4651 1767 4704 in
1812 4651 1996 4707 Chris-

429 4744 560 4800 tum,
607 4750 727 4789 cum
764 4734 864 4790 (ide
910 4735 1254 4806 accipimus’.
1297 4737 1353 4791 lu
1394 4738 1702 4808 accipiendo
1757 4742 1995 4795 emimus

425 4827 553 4897 quid
571 4829 880 4898 cogitenms.
916 4829 1176 4884 Modicum
1205 4830 1511 4899 accipimus,
1539 4842 1586 4886 et
1622 4833 1671 4886 in
1712 4834 1871 4888 corde
1914 4850 1998 4888 sa-

423 4921 683 4989 ginamur.
709 4920 823 4975 Non
852 4936 979 4992 ergo
1003 4920 1141 4990 quod
1169 4921 1395 4986 videtur,
1424 4923 1515 4977 sed
1560 4924 1699 4993 quin]
1742 4924 1994 4992 creditur,

424 5012 611 5081 pascit.
634 5010 750 5065 Non
776 5026 903 5081 ergo
925 5013 1081 5065 etiam
1114 5027 1326 5065 sensum
1360 5013 1503 5066 ἱιιιιιιι
1531 5023 1810 5069 externum
1852 5032 1997 5086 qua:-

422 5102 675 5168 sivimus;
709 5108 806 5157 n’ec
828 5101 1077 5167 diximus,
1111 5102 1442 5159 (Ii-ediderint
1473 5106 1559 5174 qui
1604 5107 1877 5161 Dominum
1915 5109 1995 5179 ip-

423 5206 541 5246 sum
564 5202 947 5264 resurgentem,
981 5193 1023 5246 si
1065 5209 1243 5247 verum
1284 5203 1365 5247 est
1411 5194 1550 5265 quod
1590 5194 1802 5261 dicitur,
1853 5198 1998 5254 vide-

423 5291 548 5338 runt
567 5284 754 5349 oculis,
785 5284 1027 5337 manibus
1054 5284 1399 5352 palpavcrunt
1423 5302 1438 5338 :
1464 5302 1560 5340 nos
1583 5302 1685 5341 non
1714 5289 1994 5358 ιειιιείιηηκ,

424 5388 588 5443 quare
614 5373 911 5427 credimus?
941 5374 994 5428 Si
1027 5374 1146 5427 talia
1188 5376 1538 5445 cogitaremus
1560 5418 1574 5442 ,
1623 5380 1855 5450 quim‘pte
1881 5380 1996 5435 illis

419 5464 561 5536 jugis
590 5464 748 5520 boum
786 5482 816 5520 a
854 5482 1004 5522 casm
1052 5467 1446 5537 impedirentur.
1481 5470 1543 5526 Ut
1586 5474 1857 5540 noveritis,
1889 5473 1993 5528 fra-

425 5563 553 5620 tres,
580 5557 797 5611 istormn
826 5558 1056 5627 quinque
1087 5572 1335 5613 sensuum
1359 5601 1379 5623 ,ν
1406 5574 1510 5614 non
1552 5562 1954 5618 delectationem
1979 5605 1992 5630 ,

488 5686 720 5761 'sic‘Agm.
744 5692 1089 5761 Frtctlomncs
1110 5694 1214 5761 Mss.
1257 5697 1312 5760 At.
1346 5696 1475 5761 t_.ov.,
1516 5706 1652 5755 quem
1687 5691 1783 5756 [ille
1821 5696 1997 5761 αεσᾲὶ-

421 5759 542 5796 mus.
570 5753 619 5795 Et
643 5748 689 5795 in
706 5748 779 5807 'ra,
814 5748 1048 5798 Medicum
1071 5750 1187 5813 quid
1209 5752 1485 5813 orcipinuts.

1835 339 2062 395 SERMO
2100 340 2253 395 CXII.

3570 352 3669 407 6w

2108 470 2225 521 qum.
2257 459 2539 534 permulcet
2559 468 2611 514 et
2640 461 2825 531 ingerit
2850 462 3198 531 voluptatem,
3246 464 3335 517 scd
3387 464 3668 517 curiositac

2110 551 2211 595 tem
2236 547 2514 613 quamdam
2548 559 2774 603 notatam
2806 552 2984 615 fuisse,
3018 569 3120 605 non
3143 552 3242 619 ait,
3279 552 3508 623 Quiuth
3537 553 3668 624 juga

2108 634 2251 688 boum
2274 638 2385 703 uni,
2413 654 2477 693 eo
2507 656 2722 710 pascere
2758 644 2874 708 illa;
2917 644 3007 698 sed
3031 686 3043 709 ,
3086 662 3141 697 eo
3173 646 3381 713 probare
3420 646 3527 698 illa.
3569 646 3668 713 Qui

2109 728 2217 781 vult
2249 729 2487 797 probare,
2523 747 2614 799 per
2630 733 2750 802 juga
2781 732 2933 787 botun
2962 717 3205 788 non.vult
3236 734 3508 801 dubitare,
3537 752 3669 805 quo-

2110 818 2265 872 modo
2286 830 2498 874 sanctus
2524 816 2755 876 Thomas
2782 840 2872 892 per
2899 824 3021 893 juga
3054 824 3218 878 noluit
3260 824 3522 879 dubitare.
3582 824 3668 877 Vi-

2107 909 2282 976 deam,
2313 921 2541 982 tangam,
2565 912 2754 983 digitos
2781 915 3002 969 mittam.
3040 909 3198 981 Ecce,
3242 917 3436 985 inquit,
3488 916 3670 987 digitos

2107 1011 2216 1055 tuos
2246 1002 2380 1056 mitte
2407 1020 2493 1073 per
2519 1005 2649 1058 latus
2670 1023 2851 1069 meum,
2881 1016 2926 1058 et
2954 1007 3055 1059 noli
3083 1024 3185 1061 esse
3219 1006 3527 1060 incredulus.
3566 1005 3671 1059 Oc-

2107 1092 2245 1146 cisus
2271 1107 2386 1145 sum
2417 1102 2632 1161 propter
2655 1104 2701 1147 te
2727 1112 2738 1147 :
2769 1112 2860 1163 per
2894 1095 3063 1149 locum
3106 1111 3259 1165 quem
3309 1098 3385 1149 vis
3430 1106 3665 1162 tangere,

2107 1182 2413 1250 sanguinem
2448 1182 2577 1248 fudi,
2609 1192 2663 1236 nt
2689 1184 2997 1238 redimerem
3032 1196 3114 1248 te;
3160 1195 3213 1239 et
3246 1184 3417 1239 adlmc
3459 1186 3667 1239 dubitas

2105 1270 2171 1325 de
2198 1287 2301 1335 me,
2336 1272 2431 1325 nisi
2464 1274 2691 1343 tetigeris
2719 1274 2836 1328 me?
2861 1274 2992 1327 Ecce
3013 1283 3065 1328 ct
3095 1273 3193 1328 hoc
3222 1285 3409 1341 pra-sto
3428 1316 3443 1339 ,
3472 1290 3595 1329 ecce
3618 1283 3673 1328 et

2107 1362 2206 1417 hoc
2235 1362 2458 1419 exhibeo
2483 1383 2495 1418 :
2529 1373 2681 1435 tange
2719 1375 2771 1419 et
2806 1366 2991 1429 crede;
3021 1367 3192 1421 inveni
3219 1369 3389 1421 locum
3418 1368 3665 1431 vulneris,

2106 1471 2233 1508 sana
2263 1456 2449 1508 vulnus
2474 1455 2835 1510 dubitationis.

2174 1544 2398 1601 CAPUT
2439 1545 2523 1601 Vl.
2562 1573 2629 1586 -—
2662 1550 2712 1601 li.
2761 1546 2919 1609 Uxor,
2964 1548 3189 1616 voluptas
3229 1547 3414 1600 carnis.
3473 1547 3669 1601 Tertius

2105 1635 2250 1700 dixit,
2287 1635 2503 1690 Uxorem
2527 1638 2669 1691 duri.
2692 1637 2788 1691 Ista
2811 1638 3046 1706 voluptas
3069 1651 3141 1692 est
3174 1639 3364 1702 Carnis,
3394 1655 3511 1707 quae
3535 1640 3672 1692 mul-

2107 1734 2187 1780 tos
2214 1728 2466 1795 impedit:
2500 1728 2694 1780 utinam
2727 1728 2871 1793 foris,
2905 1740 2951 1782 ct
2987 1747 3087 1782 non
3117 1730 3273 1782 intus.
3316 1730 3449 1784 Sunt
3497 1730 3669 1783 humi-

2106 1833 2199 1872 nes
2226 1818 2311 1887 qui
2340 1818 2557 1873 dicunt:
2587 1819 2696 1872 Non
2728 1830 2809 1874 est
2856 1820 3052 1873 homini
3088 1820 3220 1875 bene
3241 1862 3255 1883 ,
3316 1821 3414 1874 nisi
3455 1821 3538 1874 cui
3574 1823 3671 1873 ad-

2105 1918 2226 1962 sunt
2254 1910 2425 1962 curuis
2450 1909 2673 1964 deﬁci-.13.
2702 1909 2801 1979 ipsi
2829 1918 2952 1965 sunt
2973 1926 3107 1981 quos
3146 1920 3293 1966 notat
3337 1912 3624 1981 Apostolus
3653 1954 3666 1973 .

2104 1999 2335 2055 dicentes
2371 2018 2382 2051 :
2415 2000 2772 2054 Mandncemus
2806 2012 2851 2054 et
2886 2000 3143 2065 bibamus;
3176 2019 3286 2055 cras
3325 2002 3455 2055 enim
3493 2003 3673 2055 morie-

2105 2108 2217 2144 mur
2240 2092 2285 2159 (l
2308 2091 2424 2146 Cor.
2454 2109 2546 2158 xv,
2568 2093 2679 2164 52).
2708 2093 2834 2159 Quis
2864 2094 2965 2147 huc
2989 2093 3110 2147 inde
3130 2094 3393 2148 surrexit?
3418 2094 3546 2161 Quis
3575 2110 3673 2147 no-

2108 2180 2207 2247 bis,
2233 2184 2369 2251 quod
2399 2183 2467 2237 ibi
2489 2184 2678 2253 agitur,
2723 2184 2893 2238 dixit?
2935 2184 3045 2239 Hoc
3084 2183 3357 2239 nobiscum
3404 2185 3669 2249 tollimus,

2104 2274 2242 2343 quod
2267 2273 2315 2327 in
2352 2274 2450 2328 hoc
2474 2284 2711 2343 tempore
2731 2275 2862 2329 bene
2889 2286 2969 2329 est
3009 2275 3178 2329 nobis.
3226 2276 3325 2342 Qui
3370 2277 3468 2329 hoc
3522 2277 3667 2339 dicit,

2108 2376 2322 2416 uxorem
2345 2362 2512 2426 duxit,
2537 2378 2747 2417 carnem
2778 2363 3123 2433 amplexatur,
3167 2364 3343 2419 carnis
3392 2366 3675 2434 voluptati.

2104 2453 2203 2507 bus
2227 2452 2563 2522 jucundatur,
2590 2470 2620 2507 a
2645 2469 2795 2508 cmna
2812 2464 3094 2508 excusatur
3124 2473 3135 2506 :
3170 2455 3412 2510 observet
3445 2471 3510 2510 ne
3539 2457 3674 2509 fame

2096 2544 2354 2600 interiore
2380 2545 2650 2599 moriatur.
2676 2545 2940 2600 Attendite
2960 2545 3236 2611 Joannem,
3260 2553 3497 2601 sanctum
3522 2562 3676 2617 apos-

2106 2636 2268 2690 tolum
2298 2646 2349 2691 ct
2375 2637 2783 2706 evangelistam:
2829 2636 3001 2689 Nolite
3041 2637 3249 2707 diligere
3275 2638 3536 2699 mundum,
3586 2655 3675 2690 nec

2104 2742 2162 2779 eo
2183 2741 2295 2795 (μιαν
2311 2726 2361 2778 in
2385 2726 2571 2779 mutulo
2596 2735 2728 2779 stmt.
2758 2726 2801 2779 0
2826 2727 2913 2795 qui
2941 2725 3005 2780 ad
3043 2740 3248 2779 cmuam
3278 2726 3483 2779 Domini
3523 2728 3671 2779 veni-

2106 2818 2191 2883 tis,
2217 2818 2369 2872 nolite
2396 2819 2603 2888 diligere
2627 2818 2885 2883 mundum,
2911 2835 2999 2872 nec
3024 2835 3083 2872 ea
3110 2834 3223 2889 qua!
3247 2820 3296 2872 in
3329 2820 3512 2872 mundo
3535 2830 3670 2873 sunt.

2106 2907 2217 2961 Non
2244 2907 2413 2971 dixit,
2446 2906 2619 2962 Nolite
2645 2907 2872 2970 habere;
2918 2908 3009 2961 sed
3032 2949 3047 2972 ,
3087 2908 3261 2961 Nolite
3296 2909 3519 2978 diligere.
3568 2909 3673 2961 lla-

2105 2997 2284 3064 buisti,
2320 2997 2619 3067 possedisti,
2651 2997 2903 3051 dilexisti.
2932 2998 3096 3051 Amor
3116 3012 3290 3052 rerum
3320 3005 3671 3059 terrenarum,

2104 3090 2408 3143 viscmncst
2435 3088 2785 3159 spiritualium
2827 3103 3140 3157 pennarum.
3189 3087 3325 3141 Ecce
3358 3088 3673 3156 etmeupisti.

2106 3178 2326 3233 hmsisti.
2376 3179 2504 3246 Quis
2568 3176 2712 3232 dabit
2763 3179 2853 3232 tibi
2906 3193 3109 3247 pennas
3172 3178 3306 3231 sicut
3368 3177 3676 3232 columbae?

2103 3269 2327 3338 Quando
2351 3270 2573 3333 volabis,
2604 3269 2689 3324 ubi
2714 3283 2837 3323 vere
2881 3269 3180 3338 requiescas
3223 3268 3393 3337 (Paul.
3436 3284 3540 3331 Liv,
3587 3268 3676 3334 7)?

2103 3362 2314 3431 quando
2345 3362 2458 3427 hic,
2491 3361 2579 3415 ubi
2611 3362 2747 3416 male
2800 3361 3032 3427 Iussisti,
3062 3376 3308 3430 perverse
3341 3362 3676 3430 requiescere

2106 3452 2338 3507 voluisti.
2372 3452 2547 3506 Nolite
2568 3453 2775 3524 diligere
2794 3453 3053 3518 mundum,
3078 3454 3201 3508 tuba
3224 3453 3396 3506 divina
3424 3453 3679 3508 est.Con-

2108 3544 2257 3598 tinuo
2277 3543 2432 3611 hujus
2461 3545 2601 3597 tuba:
2630 3543 2841 3597 verbis‘
2877 3543 2990 3597 orbi
3027 3552 3284 3597 terrarqu
3328 3552 3383 3597 et
3428 3544 3677 3597 universo

2105 3633 2296 3688 dicitur
2321 3633 2540 3695 mundo,
2573 3632 2745 3687 Nolite
2773 3632 2982 3704 diligere
3004 3634 3264 3697 mundum,
3293 3651 3381 3688 nec
3400 3651 3459 3689 ea
3477 3651 3589 3705 qua:
3619 3637 3670 3689 in

2107 3725 2292 3778 mundo
2318 3735 2452 3779 sunt.
2480 3724 2718 3795 Quisquis
2739 3724 2968 3778 dilexerit
2993 3726 3253 3789 mundum,
3282 3742 3382 3779 non
3405 3736 3477 3780 est
3510 3727 3677 3779 chori-

2106 3825 2182 3868 tas
2203 3814 2375 3868 Patris
2399 3817 2451 3868 in
2480 3814 2590 3868 illo.
2618 3815 2866 3882 Quoniam
2887 3816 3055 3868 omnia
3098 3831 3211 3884 qua!
3236 3817 3285 3867 in
3313 3816 3499 3869 mundo
3538 3826 3673 3879 sunt,

2105 3905 2505 3974 concupiscentia
2526 3906 2692 3959 carnis
2716 3914 2850 3970 sunt,
2883 3916 2928 3959 et
2956 3906 3356 3975 concupiscentia
3379 3906 3676 3970 oculorum,

2104 4007 2150 4052 et
2170 3997 2369 4052 ambitio
2396 3997 2565 4052 seculi
2595 3996 2637 4068 (Ι
2660 3996 2814 4051 Joan.
2849 4012 2906 4064 ιι,
2956 3997 3024 4051 15
3046 4037 3061 4062 ,
3091 3995 3199 4066 16).
3225 3997 3305 4050 Ab
3349 3996 3456 4050 imo
3479 3996 3675 4063 erupit,

2105 4105 2210 4160 quo
2238 4089 2579 4159 Evsngelium
2596 4087 2915 4142 terminavit.
2942 4086 3066 4142 lude
3084 4088 3169 4142 ille
3192 4088 3371 4156 erepit,
3390 4087 3475 4141 ubi
3504 4086 3677 4141 Evan-

2104 4179 2299 4249 gelium
2324 4178 2606 4234 terminum
2635 4177 2826 4247 posuit.
2853 4177 3288 4247 Concupiscentia
3309 4177 3503 4241 carnis,
3540 4175 3679 4231 (lato—

2104 4286 2211 4324 rem
2267 4269 2409 4323 duxi.
2474 4268 2907 4338 Concupiscentia
2950 4268 3243 4330 oculorum,
3292 4266 3519 4336 Quinque
3549 4268 3678 4337 juga

2106 4362 2255 4416 boum
2289 4361 2406 4415 emi.
2438 4360 2673 4416 Ambitio
2699 4360 2901 4425 saeculi,
2942 4358 3126 4413 Villam
3147 4360 3259 4412 cini.
3648 4406 3651 4409 .

2178 4454 2231 4507 7.
2275 4451 2550 4506 Oculorum
2584 4452 2786 4506 nomine
2827 4448 2997 4505 ueteri
3020 4467 3192 4505 sensus
3232 4450 3518 4519 signi/irati.
3557 4448 3678 4502 Iuleo

2104 4552 2281 4597 autem
2311 4558 2339 4595 a
2362 4552 2510 4612 parte
2538 4550 2704 4597 totum
2735 4556 2829 4611 per
2856 4542 2997 4596 solos
3038 4541 3221 4596 oculos
3246 4560 3253 4566 ι
3278 4542 3675 4594 commemorati

2104 4644 2228 4689 sunt
2254 4634 2339 4689 isti
2361 4649 2570 4701 sensus,
2595 4634 2717 4701 quia
2742 4633 3015 4688 oculorum
3042 4642 3124 4687 est
3151 4633 3202 4685 in
3246 4633 3476 4701 quinque
3504 4633 3677 4685 sensi-

2104 4726 2202 4781 bus
2238 4725 2580 4795 principatus.
2617 4724 2903 4794 Propterea
2964 4738 3083 4777 cum
3132 4722 3342 4791 proprie
3374 4721 3440 4774 ad
3492 4721 3677 4774 oculos

2104 4817 2367 4886 pertineat
2384 4815 2545 4879 visus,
2577 4814 2747 4884 ipsum
2776 4813 2953 4868 videre
2976 4829 3069 4883 per
3093 4826 3277 4867 omnes
3300 4812 3531 4881 quinque
3556 4827 3676 4866 sen-

2104 4921 2195 4960 sus
2239 4906 2475 4961 solemus
2513 4904 2801 4975 appellare.
2841 4901 3158 4970 Quomodo?
3199 4902 3375 4956 Primo
3416 4901 3675 4979 quodrad

2106 4997 2247 5068 ipsos
2275 4998 2459 5051 oculos
2501 4996 2764 5065 pertinet,
2810 4994 2962 5060 dicis,
3018 4993 3146 5048 Vide
3194 5006 3350 5061 quam
3398 4993 3677 5048 candidum

2105 5097 2191 5143 est
2220 5128 2237 5155 ,
2288 5086 2502 5141 intende
2542 5096 2597 5140 et
2650 5085 2769 5141 vide
2820 5099 2977 5153 quam
3032 5083 3309 5138 candidum
3351 5083 3526 5137 est':
3577 5083 3680 5139 hoc

2104 5178 2170 5234 ad
2221 5178 2403 5233 oculos
2450 5177 2695 5247 pertinet.
2745 5175 2879 5230 Audi
2934 5183 2988 5229 et
3032 5174 3149 5228 vide
3205 5190 3361 5243 qnam
3423 5190 3676 5229 canorqu

2103 5278 2204 5326 est.
2259 5267 2523 5337 Numquid
2598 5266 2894 5322 convcrsim
2946 5277 3093 5334 potes
3153 5265 3331 5319 dicere
3376 5283 3389 5319 :
3443 5266 3577 5319 Audi
3625 5276 3681 5321 et

2105 5361 2224 5416 vide
2251 5377 2409 5431 quam
2439 5359 2718 5414 candidum
2760 5357 2877 5412 est?
2927 5357 3035 5411 lloc
3089 5357 3229 5426 quod
3271 5356 3485 5424 dicitur,
3530 5360 3676 5426 Vide,

2104 5471 2200 5525 per
2239 5468 2428 5508 attines
2473 5467 2661 5509 sensus
2705 5451 2871 5506 currit
2915 5468 2927 5504 :
2973 5462 3284 5505 ca'terormn
3336 5458 3509 5504 autem
3555 5467 3679 5505 sen-

2170 5633 2510 5695 lManuscripti
2554 5632 2807 5688 mittunt,
2848 5628 3015 5680 verbis.
3062 5629 3256 5695 Quidam
3303 5631 3409 5695 ejus
3443 5627 3555 5695 loco
3593 5630 3681 5695 lza-

2105 5700 2240 5753 bent,
2265 5708 2393 5745 sono.
2435 5690 2487 5741 Ᾰι
2511 5694 2804 5742 rossatensis
2828 5701 2927 5749 \rs.,
2951 5699 3102 5741 cantu
3125 5690 3345 5741 comitum
3367 5690 3510 5751 hujus
3532 5691 3678 5753 tuber.

2170 5762 2187 5790 ²
2214 5751 2338 5815 ιζυν.,
2364 5769 2505 5819 quant
2529 5753 2620 5803 rufi
2638 5756 2736 5803 lunt
2760 5760 2827 5803 est
2845 5767 2862 5813 ;
2887 5755 3283 5803 dissentientilms
3305 5754 3498 5800 metm-is
3529 5751 3674 5815 libris
