4126 6322
460 260 569 323 647

460 394 618 437 suum
646 378 942 452 proprietas
971 395 1076 437 non
1097 395 1268 452 perse
1291 383 1540 438 recurrit.
1574 381 1794 440 Intende
1835 396 1890 441 et
1933 387 2054 442 vide

461 486 620 543 quam
640 485 896 527 canorum
921 481 1004 528 est
1031 489 1045 525 :
1072 471 1237 526 odora
1263 482 1318 528 et
1361 472 1481 528 vide
1507 489 1665 545 quam
1707 490 1872 532 suave
1904 488 1988 532 est
2035 494 2050 532 :

460 571 613 634 gusta
643 571 698 617 et
721 562 842 618 vide
866 577 1023 632 quam
1059 561 1214 619 dulce
1243 571 1328 618 est
1374 581 1389 618 :
1432 573 1587 636 tange
1633 574 1688 621 et
1723 567 1842 622 vide
1891 584 2050 638 quam

463 653 625 708 molle
649 661 752 708 est.
780 652 974 723 Utique
998 654 1250 724 quoniam
1275 667 1465 710 sensus
1485 663 1630 721 sunt,
1664 657 1743 712 sic
1770 657 1943 727 potius
1970 657 2054 712 di-

461 755 747 798 ceremus:
776 741 912 798 Audi
939 751 996 799 et
1015 746 1153 798 senti
1195 759 1354 815 quam
1395 760 1652 802 canorum
1689 756 1771 802 est
1818 765 1831 802 :
1884 747 2050 802 odora

459 844 516 890 et
536 834 672 890 senti
694 849 850 905 quam
881 849 1044 892 suave
1062 844 1146 892 est
1189 848 1379 908 :gusta
1424 847 1480 893 et
1522 839 1660 894 senti
1697 853 1856 910 quam
1895 839 2050 896 dulce

457 935 541 982 est
572 943 588 981 :
617 935 772 998 tange
791 937 844 984 et
872 929 1009 984 senti
1037 944 1194 1000 quam
1221 930 1452 986 calidum
1479 942 1562 986 est
1593 949 1606 984 :
1636 931 1786 1002 palpa
1827 940 1880 989 et
1906 933 2044 988 senti

422 1007 429 1028 ³
457 1033 618 1089 quam
645 1017 767 1075 lene
795 1028 878 1075 est
909 1038 923 1074 :
949 1021 1102 1092 palpa
1131 1030 1185 1077 et
1206 1023 1342 1077 senti
1369 1037 1527 1094 quam
1559 1023 1720 1079 molle
1751 1032 1856 1080 est.
1909 1025 2049 1082 Nihil

459 1111 674 1167 horum.
715 1111 847 1167 Nam
886 1121 939 1168 et
984 1113 1099 1183 ipse
1131 1113 1388 1170 Dominus
1436 1125 1554 1185 post
1601 1119 2047 1173 resurrectionem

456 1219 580 1260 cum
606 1203 850 1274 apparuit
871 1203 1146 1274 discipulis
1174 1206 1307 1272 suis,
1345 1221 1578 1278 cumque
1619 1218 1901 1264 cernentes
1950 1209 2048 1264 ad-

460 1294 566 1350 huc
593 1295 881 1350 titubarcnt
905 1296 956 1350 in
982 1295 1104 1364 (ide,
1134 1305 1380 1366 putantes
1422 1312 1481 1352 sc
1515 1297 1758 1368 spiritum
1806 1298 1988 1355 videre.
2030 1317 2044 1355 :

463 1386 620 1454 Quid,
650 1386 839 1457 inquit,
871 1386 1150 1442 dubitatis?
1173 1397 1220 1441 et
1242 1404 1399 1459 quare
1415 1388 1744 1458 cogitationes
1771 1389 2046 1444 ascendunt

457 1478 510 1531 in
531 1495 618 1532 car
642 1479 894 1533 vestrum?
926 1477 1103 1534 Videte
1125 1496 1303 1534 manus
1339 1496 1475 1534 nteas
1507 1489 1554 1535 et
1595 1481 1746 1551 pedes
1785 1499 1940 1538 meos.
1985 1483 2050 1538 Et

459 1585 646 1640 parum
674 1579 775 1635 est,
812 1569 986 1625 Videte
1009 1587 1028 1626 :
1056 1568 1272 1642 Tangite
1290 1614 1304 1637 ,
1335 1571 1532 1644 inquit,
1562 1582 1610 1627 et
1634 1573 1840 1644 palpate
1872 1584 1921 1628 et
1970 1575 2048 1629 ri-

461 1662 572 1718 dete
593 1661 743 1736 (Luc.
768 1680 917 1732 xxtv,
948 1663 1018 1721 '58
1043 1675 1088 1720 et
1114 1663 1226 1738 59).
1260 1664 1518 1722 lntenditc
1535 1676 1591 1722 et
1612 1668 1810 1736 videte,
1838 1669 2049 1740 palpate

459 1767 516 1815 et
538 1759 712 1815 videte
737 1777 750 1814 :
776 1759 828 1814 in
852 1760 982 1814 solis
1005 1760 1176 1815 oculis
1202 1759 1376 1816 videte
1394 1804 1410 1827 ,
1441 1761 1492 1816 in
1521 1761 1770 1817 omnibus
1797 1764 2046 1819 sensibus

457 1850 654 1906 videte.
685 1851 818 1920 Quia
848 1853 1155 1908 interiorem
1188 1852 1309 1909 iidei
1331 1869 1546 1908 sensum
1573 1856 1864 1925 qttmrcbat,
1897 1865 2047 1911 exte-

459 1944 690 1998 rioribus
731 1945 973 2015 corporis
1013 1945 1260 2000 sensibus
1314 1946 1612 2016 adjacebat.
1663 1947 1770 2004 Nos
1805 1949 1934 2004 nihil
1979 1949 2048 2005 ab

459 2035 576 2092 istis
597 2037 950 2093 exterioribus
973 2039 1220 2094 sensibus
1241 2039 1292 2092 in
1317 2039 1544 2095 Domino
1569 2040 1866 2110 carpsimus
1885 2082 1899 2104 ,
1953 2057 2048 2095 au-

458 2127 571 2183 ditu
596 2129 894 2184 audivimus
911 2170 926 2196 ,
955 2128 1119 2184 corde
1151 2129 1476 2184 credidimus
1499 2148 1509 2182 :
1529 2141 1581 2185 et
1609 2131 1782 2202 ipsum
1805 2131 2045 2187 auditum

459 2235 565 2274 non
590 2220 658 2274 ab
683 2219 823 2275 illius
847 2235 964 2285 ore,
993 2219 1088 2275 sed
1123 2220 1191 2275 ab
1217 2235 1311 2276 ore
1339 2220 1748 2292 praedicatorum
1786 2222 1904 2292 ejus
1923 2265 1939 2290 ,
1978 2222 2048 2277 ab

456 2325 553 2365 ore
583 2309 794 2366 illorum
818 2309 909 2382 qui
927 2309 1040 2380 jam
1059 2310 1366 2380 omnabant,
1389 2319 1445 2367 et
1471 2326 1572 2368 nos
1588 2311 1884 2368 ructuando
1914 2313 2049 2368 invi-

457 2399 661 2455 tabant.

526 2491 755 2549 CAPUT
795 2491 904 2548 VII.
930 2492 1064 2550 —-8.
1094 2491 1174 2546 Ad
1205 2508 1395 2548 caenam
1417 2493 1583 2549 uenire
1602 2511 1747 2550 nemo
1767 2505 2043 2552 cunctetur.

455 2583 730 2640 Tollamus
753 2599 882 2655 ergo
906 2583 974 2640 de
995 2585 1171 2640 medio
1209 2586 1582 2642 excusationes
1625 2603 1788 2642 vanas
1825 2598 1883 2644 et
1928 2604 2046 2644 ma-

454 2676 566 2740 las.
593 2687 648 2733 et
674 2680 948 2734 veniamus
972 2679 1038 2735 ad
1070 2695 1310 2748 contam,
1340 2697 1443 2754 qua
1473 2682 1791 2739 intrinsecus
1831 2684 2045 2755 sagino-

452 2783 592 2824 nntr.
614 2769 729 2825 Non
755 2785 856 2826 nos
875 2771 1130 2841 impediat
1155 2774 1465 2829 exlollentia
1491 2775 1780 2844 superbiat,
1807 2790 1916 2830 non
1949 2790 2046 2830 nos

451 2861 689 2925 extollat,
734 2863 814 2918 vel
857 2879 963 2918 non
1020 2878 1118 2918 nos
1166 2873 1365 2920 terreat
1399 2866 1682 2922 curiositas
1727 2868 1947 2934 illicita,
1991 2878 2047 2925 ct

451 2961 656 3008 avertat
672 2967 703 3009 a
729 2953 840 3010 Deo
867 2973 882 3011 :
905 2971 1010 3011 non
1042 2972 1139 3012 nos
1164 2957 1417 3029 impediat
1437 2958 1678 3028 voluptas
1697 2961 1877 3016 carnis
1896 2975 1926 3016 a
1953 2978 2047 3016 vo-

453 3043 652 3114 luptate
669 3045 868 3101 cordis.
892 3045 1212 3112 Veniamus,
1240 3057 1296 3104 et
1320 3049 1655 3119 saginemur.
1682 3051 1746 3106 Et
1770 3052 1858 3121 qui
1886 3069 2047 3110 vene-

451 3145 595 3202 runt.
647 3136 750 3192 nisi
785 3138 1048 3204 mendici,
1083 3139 1326 3203 debiles,
1356 3141 1566 3207 claudi,
1595 3145 1764 3199 ccci?
1796 3144 1910 3202 Illic
1949 3161 2046 3202 att-

452 3239 559 3284 tetn
589 3243 695 3285 non
736 3241 1002 3286 venerunt
1038 3231 1261 3296 divites,
1299 3234 1445 3297 sani,
1481 3237 1631 3305 quasi
1676 3235 1815 3294 bene
1857 3240 2046 3295 ambu-

450 3321 642 3386 lantes.
671 3331 726 3378 et
748 3332 903 3380 acute
929 3333 1244 3390 cernentes;
1274 3327 1500 3382 multum
1528 3326 1597 3382 de
1619 3343 1678 3383 se
1707 3345 2042 3399 prazsumen-

452 3421 554 3479 tes,
583 3421 642 3469 et
670 3412 791 3469 ideo
811 3413 1223 3484 desperatiores,
1267 3427 1468 3487 quanto
1515 3419 1881 3488 superbiores.
1933 3421 2040 3479 Ve-

451 3504 870 3566 niantmeudici.
900 3507 1020 3576 quia
1049 3506 1136 3563 ille
1157 3507 1349 3563 invitat
1385 3509 1476 3580 qui
1515 3523 1732 3581 propter
1771 3527 1872 3568 nos
1913 3529 2048 3584 pau-

451 3612 548 3666 per
565 3597 736 3654 factus
761 3607 865 3660 est.
893 3613 1018 3654 cum
1050 3600 1203 3657 dives
1231 3611 1376 3658 esset
1396 3643 1412 3664 .
1442 3611 1502 3658 ut
1543 3603 1686 3658 illius
1728 3616 2044 3677 paupertate

451 3689 680 3746 mendici
704 3691 997 3747 ditarentur
1027 3691 1090 3764 (ll
1113 3691 1232 3747 Cur.
1263 3708 1379 3758 vtu.
1413 3694 1501 3766 9).
1539 3693 1764 3752 Veniant
1792 3697 2038 3756 debiles:

450 3782 575 3850 quia
615 3798 722 3838 non
763 3791 850 3838 est
891 3799 1028 3854 Opus
1052 3784 1198 3839 sanis
1218 3785 1454 3842 medicus
1472 3827 1490 3854 ,
1524 3787 1618 3842 sed
1667 3788 1805 3844 male
1841 3788 2044 3846 haben-

449 3873 594 3931 tibus
621 3873 846 3948 (Matth.
899 3891 950 3931 tx
977 3915 994 3941 ,
1052 3875 1120 3932 12
1148 3876 1192 3949 ).
1238 3876 1468 3934 Veniant
1511 3879 1684 3934 claudi
1719 3881 1810 3951 qui
1859 3880 1912 3936 ei
1960 3882 2044 3936 tli-

450 3976 578 4023 cant
599 3985 614 4022 :
634 3967 893 4038 Campam:
909 3985 1112 4041 gressus
1133 3986 1269 4025 meos
1291 3970 1344 4024 in
1371 3972 1563 4026 semitis
1587 3973 1688 4028 tuis
1709 3971 1730 4046 (
1750 3971 1894 4028 Psai.
1927 3990 2041 4040 xw,

451 4058 528 4130 5).
556 4057 788 4115 Veniant
809 4060 936 4115 ctcci
965 4061 1056 4130 qui
1079 4061 1261 4116 dicant
1299 4077 1314 4116 :
1359 4061 1608 4118 “Iuntina
1645 4065 1821 4120 oculos
1868 4083 2038 4133 ineas,

449 4167 516 4206 ne
539 4167 762 4220 uastant
785 4152 1100 4208 obdorminnt
1118 4155 1171 4208 in
1192 4163 1354 4209 morte
1381 4153 1556 4227 (Psal.
1603 4172 1676 4211 xtt
1700 4197 1717 4222 ,
1758 4157 1840 4230 4).
1882 4157 2042 4215 Tales

449 4251 714 4299 venerunt
739 4241 805 4298 ad
837 4242 1055 4307 horam;
1090 4244 1194 4299 illis
1213 4245 1362 4315 prius
1381 4245 1637 4312 invitatis,
1668 4256 1764 4302 sua
1803 4261 2039 4305 excusa-

451 4334 598 4388 tione
625 4333 920 4404 reprobatis
939 4335 955 4367 ⁸
985 4351 1000 4388 :
1029 4344 1291 4391 venerunt
1330 4335 1396 4390 ad
1441 4336 1629 4393 horam
1651 4379 1667 4404 ,
1711 4339 2043 4398 intraverunt

451 4422 523 4478 de
555 4423 744 4493 plateis
764 4431 820 4480 ct
841 4423 972 4478 vicis
1009 4424 1264 4481 civitatis.
1306 4425 1372 4482 Et
1400 4428 1656 4499 respondit
1699 4445 1905 4498 serens,
1950 4432 2040 4502 qui

451 4513 648 4570 missus
669 4523 806 4577 erat.
839 4513 1051 4570 Domine
1069 4558 1083 4581 ,
1107 4516 1301 4584 factum
1330 4528 1403 4573 est
1433 4520 1735 4590 utjttssisti,
1779 4533 1828 4577 et
1869 4523 2038 4580 adhuc

449 4607 593 4661 locus
628 4613 724 4660 est.
753 4604 871 4671 Exi,
901 4606 1089 4677 inquit,
1119 4608 1174 4661 in
1197 4608 1304 4662 vias
1326 4619 1376 4662 et
1412 4625 1574 4677 senes,
1614 4619 1663 4665 et
1683 4628 1808 4680 quos
1836 4613 2043 4669 invene-

447 4696 522 4749 ris
544 4711 667 4766 coge
689 4697 899 4751 intrare.
939 4696 1088 4763 Quos
1126 4697 1425 4765 inveneris,
1474 4709 1533 4754 ut
1565 4700 1870 4772 dignentur,
1927 4705 2037 4760 noli

448 4795 790 4857 exspectare;
817 4787 1196 4860 eogcintrarc.
1219 4789 1460 4861 Magnam
1496 4807 1708 4849 ctenam
1728 4835 1744 4860 ,
1788 4810 2036 4865 umquam

447 4877 667 4936 domum
690 4881 894 4951 paravi,
923 4896 1034 4936 non
1073 4881 1145 4938 ibi
1193 4884 1368 4955 patior
1405 4885 1579 4941 locum
1614 4901 1824 4943 vacare.
1866 4889 2041 4946 Vene-

449 4979 572 5026 runt
598 4970 668 5027 tie
693 4972 884 5044 plateis
911 4982 967 5029 ct
994 4973 1126 5030 vicis
1148 4974 1350 5031 Gentes
1394 4993 1409 5030 :
1455 4978 1670 5034 veniant
1714 4979 1784 5036 de
1821 4981 2040 5052 scpibt‘m

451 5061 710 5130 haeretici,
741 5063 842 5120 rhic
877 5064 1155 5122 inveniunt
1188 5066 1414 5137 pacem.
1439 5068 1569 5124 Nam
1599 5070 1690 5142 qui
1723 5083 2041 5131 construunt

450 5169 630 5224 sepes,
645 5153 938 5211 divisiones
962 5166 1225 5227 quaerunt.
1257 5159 1560 5217 Trabantur
1581 5176 1612 5216 a
1636 5163 1871 5233 sepibus,
1896 5165 2041 5222 evel-

452 5248 633 5306 lantur
656 5248 724 5304 ab
749 5249 938 5319 spinis.
984 5249 1042 5305 In
1069 5251 1285 5322 sepibus
1323 5251 1628 5320 haeserunt,
1658 5256 1777 5326 cogi
1828 5258 2034 5316 nolunt.

447 5329 753 5404 Voluntate.
781 5342 1048 5412 inquiunt,
1073 5353 1255 5399 nostra
1281 5345 1561 5402 intremus.
1585 5346 1700 5402 Non
1725 5349 1826 5405 hoc
1852 5351 2037 5407 Domi-

447 5447 550 5489 nus
572 5433 887 5504 imperarit:
917 5433 1072 5507 θυαε,
1099 5436 1304 5508 inquit,
1349 5439 1560 5496 intrare.
1604 5440 1757 5498 Foris
1795 5443 2037 5502 invenis-

439 5652 740 5770 0"“lét'l‘iquot
762 5660 890 5716 Mss,
911 5652 1010 5706 illis
1031 5655 1167 5718 prius
1189 5655 1240 5710 in
1263 5653 1483 5712 raritatis
1503 5671 1607 5711 sua
1628 5661 1934 5714 ea‘cuuttione
1958 5677 2035 5716 re-

1698 270 1756 327 S.
1798 271 2164 331 AUGUSTI?“
2203 273 2502 360 EPlSCOPI

2167 397 2254 442 tur
2275 391 2586 455 necessitas,
2620 389 2856 446 nascitur
2880 390 3022 445 intus
3042 391 3288 449 voluntas
3307 394 3406 465 (α).

2652 497 2883 558 sermo
2919 501 3076 558 cxtn
3107 502 3245 577 '(a).

2157 614 2239 671 De
2261 615 2420 671 verbis
2465 615 2728 688 Evangelii
2759 615 2911 671 Luca:
2928 658 2943 682 ,
2998 616 3180 673 Facite
3223 617 3376 674 vobis
3427 619 3634 678 amicos
3676 623 3745 680 de

2297 721 2595 762 mammona
2627 707 2936 777 iniquitatis,
2967 717 3086 775 αα,
3113 725 3231 779 cap.
3260 725 3368 773 th,
3414 710 3451 781 Ῡ
3475 749 3490 765 .
3521 712 3577 768 9.

2226 797 2455 856 CAPUT
2495 799 2780 857 PRIMUM.
2808 830 2882 842 -—
2910 802 2960 855 Ι.
2991 802 3152 855 Amici
3179 801 3430 872 beneﬁcos
3465 821 3584 860 suas
3603 822 3744 862 rece-

2157 889 2294 959 pturi
2332 890 2384 943 in
2426 889 2604 944 calum
2631 891 2837 961 quinam
2867 891 2989 946 sint.
3045 891 3246 946 Minimi
3287 890 3474 948 Christi
3513 897 3742 966 quinam.

2153 981 2306 1047 Quod
2332 983 2702 1050 admonemur,
2723 983 3014 1040 admonere
3039 984 3316 1041 debemus.
3341 987 3551 1044 Recens
3577 1005 3743 1045 evan-

2151 1068 2320 1143 geliea
2357 1073 2515 1128 lectio
2545 1074 2821 1130 admonuit
2866 1075 3046 1132 facere
3078 1078 3280 1134 amicos
3334 1079 3403 1135 dc
3440 1095 3744 1137 mammona

2153 1165 2470 1236 iniquitatis,
2501 1175 2559 1222 ut
2587 1183 2682 1224 eos
2707 1169 2796 1239 qui
2828 1168 3048 1235 faciunt,
3083 1171 3344 1242 recipiant
3370 1182 3426 1228 et
3449 1174 3548 1243 ipsi
3589 1175 3641 1230 in
3665 1183 3746 1229 ta-

2151 1257 2437 1314 bernacula
2467 1269 2668 1316 :eterua
2685 1263 2725 1316 ⁸.
2743 1262 2842 1330 Qui
2863 1273 2987 1318 sunt
3007 1265 3094 1334 qui
3115 1263 3386 1320 habebunt
3406 1267 3743 1323 tabernacula

2152 1359 2374 1416 aeterna,
2403 1351 2506 1406 nisi
2536 1352 2705 1407 sancti
2732 1353 2872 1408 Dei?
2909 1355 2975 1408 Et
3001 1355 3091 1424 qui
3113 1355 3345 1426 suntqui
3375 1357 3446 1411 ab
3483 1357 3612 1427 ipsis
3647 1373 3756 1413 sem

2150 1441 2379 1512 cipiendi
2396 1450 2520 1496 sunt
2537 1443 2590 1496 in
2607 1442 2942 1498 tabernacula
2970 1453 3190 1511 aeterna,
3208 1446 3308 1500 nisi
3325 1446 3413 1516 qui
3440 1461 3628 1504 eorum
3664 1448 3744 1502 its-

2151 1532 2402 1604 digentite
2426 1535 2682 1598 serviunt,
2711 1545 2766 1590 et
2792 1536 2932 1606 quod
2954 1536 3034 1593 eis
3063 1552 3198 1608 opus
3219 1548 3325 1603 est,
3352 1539 3599 1594 hilariter
3615 1541 3715 1596 sub

2155 1608 2503 1683 ministrant!
2534 1627 2900 1684 Recordemur
2924 1645 3054 1702 ergo
3072 1672 3088 1697 ,
3118 1632 3170 1685 in
3209 1632 3498 1687 novissimo
3537 1632 3743 1703 judicio

2153 1719 2435 1775 Dominum
2460 1736 2580 1776 esse
2606 1721 2871 1777 dicturum
2902 1723 2984 1779 eis
3007 1723 3097 1794 qui
3121 1724 3338 1779 stabunt
3366 1724 3432 1780 ad
3460 1724 3741 1780 dexteram

2151 1811 2289 1882 ejus,
2319 1811 2541 1877 Esurivi,
2582 1823 2630 1866 et
2671 1814 2880 1869 dedistis
2923 1814 3047 1868 mihi
3075 1815 3381 1869 manducare
3408 1832 3429 1869 :
3468 1826 3521 1870 et
3548 1825 3742 1871 caetera

2151 1921 2272 1975 qua:
2301 1904 2490 1960 nostis.
2546 1903 2615 1959 Et
2643 1919 2762 1958 cum
2793 1905 2868 1959 illi
2898 1915 3199 1975 quaererent
3225 1904 3438 1975 quando
3473 1905 3530 1960 ei
3580 1905 3740 1961 obse-

2151 1997 2276 2068 quia
2306 1997 2411 2051 ista
2434 1997 2808 2067 praebuissent,
2840 1997 3116 2067 respondit
3150 2014 3164 2050 :
3195 1996 3411 2063 Quando
3435 1997 3524 2051 uni
3547 2009 3612 2052 ea
3636 1998 3736 2050 tui-

2152 2089 2303 2144 nimis
2330 2088 2454 2143 meis
2479 2089 2688 2159 fecistis,
2720 2088 2845 2142 mihi
2871 2090 3077 2159 fecistis.
3110 2087 3198 2143 Isti
3243 2089 3446 2143 minimi
3483 2097 3610 2143 sunt
3650 2088 3741 2157 qui

2151 2179 2486 2248 recipiuntiu
2522 2178 2859 2234 tabernacula
2903 2188 3126 2234 arterna.
3170 2179 3282 2234 lloc
3320 2178 3454 2233 dixit
3503 2178 3738 2243 dextris,

2150 2269 2274 2340 quia
2309 2269 2548 2324 fecerunt
2577 2287 2591 2323 :
2620 2268 2722 2324 hoc
2754 2269 2886 2324 dixit
2922 2269 3154 2324 sinistris
3169 2271 3212 2334 ',
3258 2271 3381 2340 quia
3424 2268 3602 2325 facere
3639 2286 3740 2324 nn-

2153 2365 2383 2420 luerunt.
2424 2362 2530 2419 Sed
2574 2362 2744 2418 dextri
2783 2363 2872 2433 qui
2908 2363 3180 2426 iecerunt,
3223 2363 3351 2433 quid
3396 2374 3738 2432 acceperunt,

2151 2455 2238 2512 vel
2262 2455 2436 2524 potius
2464 2454 2592 2526 quid
2621 2453 2889 2524 accepturi
2911 2455 3069 2509 sunt?
3114 2453 3318 2518 Venite,
3351 2453 3522 2524 inquit
3541 2495 3557 2519 ,
3589 2453 3739 2509 bene-

2149 2549 2272 2603 dicti
2299 2547 2471 2603 Patris
2515 2548 2612 2602 mei
2634 2589 2650 2615 ,
2701 2548 2951 2617 possidete
2993 2556 3229 2618 paratum
3277 2546 3414 2601 vobis
3452 2563 3662 2618 regnum
3708 2564 3741 2600 a

2149 2640 2508 2696 constitutione
2525 2638 2725 2693 mundi.
2755 2637 2958 2692 Esurivi
2985 2639 3139 2702 enim,
3170 2649 3218 2691 et
3245 2637 3451 2692 dedistis
3467 2638 3590 2690 mihi
3605 2653 3742 2691 man-

2150 2732 2355 2785 ducare.
2387 2729 2606 2797 Quando
2629 2730 2716 2782 uni
2744 2744 2807 2783 ea:
2830 2728 3052 2782 minimis
3073 2728 3196 2782 meis
3227 2727 3415 2797 fecistis
3434 2769 3449 2794 ,
3493 2728 3618 2781 mihi
3660 2731 3740 2799 fe-

2149 2822 2287 2876 cistis
2340 2819 2568 2893 (Matth.
2621 2835 2748 2886 xxv,
2811 2819 3022 2891 bii-40).
3069 2818 3267 2874 Minimi
3306 2833 3435 2889 ergo
3479 2819 3569 2890 qui
3616 2829 3742 2874 sunt

2147 2910 2347 2968 Christi
2367 2911 2392 2964 ?
2415 2911 2489 2966 Illi
2511 2921 2636 2966 sunt
2664 2912 2753 2980 qui
2791 2911 2970 2965 omnia
2996 2925 3090 2965 sua
3118 2909 3462 2976 dimiserunt,
3491 2918 3545 2966 ct
3571 2913 3738 2965 secuti

2148 3015 2270 3060 sunt
2299 3019 2446 3070 cum,
2467 3013 2517 3059 et
2540 3003 2795 3075 quidquid
2825 3004 3160 3070 habuerunt,
3188 3003 3510 3074 pauperibus
3551 3003 3765 3059 distri-.

2150 3098 2414 3162 buerunt;
2446 3105 2504 3152 ut
2531 3097 2642 3152 Deo
2673 3097 2789 3153 sine
2809 3097 3053 3153 saeculari
3082 3097 3342 3167 compede
3371 3095 3603 3168 expediti
3624 3113 3740 3152 ser-

2148 3191 2343 3256 virent,
2370 3199 2424 3244 et
2447 3189 2514 3243 ab
2538 3189 2790 3244 oneribus
2821 3188 3006 3243 mundi
3047 3188 3324 3256 liberatos,
3356 3190 3498 3243 velut
3533 3203 3736 3258 penna-

2149 3290 2232 3338 tos
2260 3296 2470 3336 sursum
2499 3281 2754 3336 humeros
2785 3281 3052 3336 tollerent.
3083 3281 3148 3336 ili
3175 3289 3301 3334 sunt
3316 3280 3540 3335 minimi.
3562 3279 3739 3347 Quare

2148 3372 2395 3428 minimi?
2422 3372 2556 3440 Quia
2589 3372 2852 3438 humiles,
2885 3371 3008 3443 quia
3034 3388 3139 3427 non
3167 3372 3324 3437 elati,
3357 3389 3465 3426 non
3501 3374 3735 3443 superbi.

2149 3465 2408 3536 Appcnde
2433 3464 2683 3520 minimos
2712 3466 2862 3532 istos,
2885 3474 2939 3520 et
2956 3480 3114 3536 grave
3141 3465 3349 3536 pondus
3378 3465 3637 3520 invenies.

2217 3557 2446 3614 CAPUT
2484 3557 2548 3612 ll.
2576 3587 2648 3598 —-
2669 3557 2726 3611 2.
2763 3555 3057 3612 Hammona
3077 3558 3374 3628 iniquitatis.
3405 3557 3739 3630 Eleeouosyna

2148 3665 2248 3704 non
2275 3650 2340 3705 de
2363 3650 2578 3722 rapinis,
2631 3650 2721 3705 sed
2743 3650 2808 3704 de
2822 3650 2982 3722 justis
3028 3649 3281 3705 laboribus
3330 3651 3582 3722 facienda.
3630 3653 3736 3708 δαί

2147 3741 2272 3812 qttid
2299 3752 2402 3806 est,
2430 3741 2571 3812 quod
2603 3741 2677 3795 ait
2705 3756 2798 3796 eos
2823 3756 2944 3797 esse
2972 3742 3175 3797 amicos
3201 3741 3268 3796 de
3303 3756 3606 3810 mammona
3631 3746 3732 3797 ini-

2147 3831 2404 3902 quitatis?
2446 3831 2585 3901 Quid
2641 3841 2725 3888 est
2776 3846 3080 3887 mammona
3123 3833 3452 3904 iniquitatis?
3499 3834 3734 3888 Primum

2146 3923 2273 3993 quid
2299 3931 2383 3978 est
2419 3924 2757 3979 mammona?
2783 3921 3018 3979 Verbqu
3053 3932 3138 3979 est
3161 3925 3303 3979 enim
3331 3926 3472 3994 quod
3515 3926 3733 3980 Iulimtm

2147 4027 2254 4068 non
2279 4023 2380 4069 est.
2415 4013 2696 4069 llebranun
2725 4014 2948 4069 vet-bum
2975 4023 3077 4079 est,
3109 4024 3392 4085 cognatum
3419 4017 3609 4086 linguzu
3633 4017 3736 4072 Pu-

2148 4106 2306 4161 nicm.
2330 4103 2449 4161 Ista:
2474 4106 2617 4162 enim
2649 4107 2840 4176 lingua
2866 4106 2966 4160 sibi
2993 4106 3394 4177 signiﬁcationis
3417 4110 3644 4178 quadam
3667 4111 3736 4162 vi-

2147 4200 2365 4255 cinitate
2393 4199 2684 4254 sociantur.
2716 4199 2867 4268 Quod
2897 4199 3080 4254 Punici
3114 4199 3298 4254 dicttnt
3336 4217 3625 4263 mammou,
3655 4202 3736 4254 la.

2149 4292 2258 4346 tiue
2283 4290 2488 4346 lucrum
2516 4300 2755 4346 vocatur.
2779 4290 2932 4358 Quod
2964 4289 3172 4345 llebrzri
3199 4290 3381 4345 diettnt
3408 4307 3732 4356 mammona,

2148 4384 2312 4439 latine
2334 4381 2532 4438 divitia:
2554 4393 2830 4439 vocantur.
2856 4382 2926 4438 Ut
2943 4399 3074 4453 ergo
3093 4384 3256 4440 latine
3283 4393 3449 4438 10mm
3475 4387 3732 4447 dicamus.

2149 4477 2252 4532 hoc
2279 4475 2353 4530 ait
2386 4476 2642 4530 Dominus
2682 4485 2865 4529 noster
2887 4473 3047 4530 Jesus
3085 4475 3346 4541 Christus,
3389 4474 3564 4530 Facite
3601 4475 3738 4530 vobis

2146 4568 2338 4622 amicos
2365 4566 2430 4621 de
2453 4567 2640 4621 divitiis
2665 4567 2960 4636 iniquitatis.
2991 4567 3103 4623 Hoc
3129 4567 3340 4636 quidam
3371 4570 3509 4622 ntale
3535 4570 3734 4623 intelli-

2145 4657 2319 4730 gendo
2346 4657 2559 4728 rapiunt
2585 4672 2675 4712 res
2707 4657 2929 4722 alienas,
2957 4667 3010 4711 et
3037 4657 3234 4728 aliquid
3266 4658 3386 4712 inde
3414 4661 3736 4729 pauperibus

2148 4749 2458 4820 largiuntur,
2489 4758 2543 4804 et
2581 4757 2767 4818 putant
2805 4765 2865 4804 se
2903 4749 3079 4806 facere
3104 4750 3244 4821 quod
3274 4763 3594 4821 prtrcepttnn
3628 4764 3730 4807 est.

2147 4841 2339 4896 Dicunt
2361 4839 2502 4896 enim
2529 4857 2544 4894 :
2568 4840 2778 4911 Rapere
2805 4855 2894 4896 res
2929 4843 3151 4907 alienas,
3185 4857 3488 4898 mammona
3515 4855 3600 4899 est
3628 4845 3733 4900 iui-

2144 4932 2396 5004 quilatis;
2454 4946 2679 5004 erogare
2728 4931 2852 4988 inde
2895 4933 3114 5003 aliquid,
3169 4934 3403 4991 maxime
3455 4939 3736 5008 egentibus
3809 4969 3811 4971 ι

2211 5091 2225 5123 ι
2254 5088 2423 5155 Plures
2440 5097 2570 5155 uss,
2590 5097 2638 5143 et
2659 5089 2871 5155 ὶρῄείῃι
2894 5089 2944 5144 in
2965 5092 3285 5146 tabernaculis
3307 5097 3520 5149 uternis.
3546 5104 3598 5149 Et
3623 5113 3734 5150 mox

2145 5150 2383 5211 nonnulli,
2406 5151 2495 5214 Qui
2509 5159 2624 5216 sunt
2646 5150 2729 5216 qui
2751 5153 2941 5210 habent.
2966 5165 3061 5207 etc.

2207 5216 2228 5245 ²
2253 5215 2549 5276 Fossatensis
2571 5215 2715 5264 vetus
2751 5223 2857 5276 διε,
2881 5216 2972 5267 hoc
3015 5229 3109 5267 non
3154 5215 3284 5270 dixit
3325 5217 3550 5272 sinistris.
3594 5222 3738 5272 Paulo

2144 5283 2254 5338 post
2274 5274 2633 5348 malim-istiista:
2654 5283 2784 5348 κβ..
2807 5274 2898 5348 seu
3132 5279 3216 5344 qui
3235 5282 3471 5348 fecerunt.
3491 5282 3578 5346 qni
3599 5297 3737 5334 acce-

2144 5335 2335 5404 perunt,
2358 5335 2431 5404 uel
2444 5337 2607 5404 potius
2629 5335 2714 5401 qui
2734 5335 2980 5404 accepturi
3000 5347 3126 5392 sunt.
3146 5335 3264 5392 'llo's
3287 5335 3517 5394 nimirum
3531 5348 3739 5396 dextvus

2143 5399 2172 5447 a
2195 5399 2408 5448 minimis
2428 5399 2680 5450 distinctos
2700 5399 2912 5452 ostendit
2933 5405 3240 5466 Augustinus.

2206 5483 2225 5500 ‘
2250 5480 2539 5531 Emendatus
2578 5483 2638 5548 ad
2681 5494 2854 5548 clunes
2886 5485 3081 5548 codices
3115 5487 3320 5548 scriptos
3362 5495 3415 5537 et
3438 5501 3648 5538 excusas
3687 5489 3735 5538 in

2141 5554 2371 5594 servitute
2402 5544 2699 5606 praecedenti
2737 5543 2880 5594 modo
2899 5546 3198 5609 designatos.

2142 5701 2174 5738 Β
2207 5626 2282 5738 (:2
2306 5626 2420 5676 vide
2443 5624 2529 5676 lib.
2554 5626 2618 5677 de
2640 5630 2948 5680 correctione
2971 5633 3201 5682 Donatist.
3226 5646 3316 5682 seu
3342 5634 3594 5697 epistolam
3621 5634 3726 5695 185,

2205 5750 2277 5812 (b)
2303 5749 2444 5810 alias,
2461 5749 2526 5800 de
2551 5751 2721 5800 Verbis
2742 5753 2924 5803 Domini
