4126 6322
367 342 475 402 649

368 460 593 529 sanctis,
621 459 725 516 hoc
752 467 837 517 est
861 458 1035 515 facere
1062 457 1263 514 amicos
1285 456 1354 513 de
1378 468 1680 511 mammona
1708 452 1951 524 iniquita-

370 555 463 610 tis.
497 552 801 608 Intellectus
838 551 939 607 iste
979 548 1323 621 corrigendos
1359 557 1464 615 est,
1504 547 1613 602 imo
1650 545 1718 601 de
1758 544 1950 601 tabulis

367 645 545 701 cordis
568 644 733 701 vestri
760 643 977 698 omnino
1000 641 1258 698 delendus
1286 649 1385 697 est.
1416 639 1550 696 Nolo
1583 640 1661 695 sic
1684 638 1949 708 intelliga-

368 741 457 794 tis.
508 738 586 793 De
623 737 782 807 justis
822 735 1095 792 laboribus
1132 734 1289 790 facite
1329 733 1696 805 eleemosynas
1726 750 1739 786 :
1767 747 1832 787 ex
1886 745 1952 787 eo

367 829 512 902 quod
529 838 677 885 recte
701 827 909 884 habetis
928 825 1071 883 date.
1098 825 1215 882 Non
1241 826 1382 880 enim
1403 823 1704 895 corrupturi
1723 823 1851 878 estis
1866 822 1952 893 ju-

366 922 543 977 dicem
568 918 859 984 Christum,
891 928 949 974 ut
978 933 1085 974 non
1115 932 1212 973 vos
1247 916 1427 972 audiat
1455 931 1575 971 cum
1607 913 1947 985 pauperibus,

364 1012 561 1083 quibus
588 1010 793 1071 tollitis.
824 1009 880 1065 Si
909 1011 1052 1066 enim
1081 1008 1468 1080 deprzedareris
1497 1007 1729 1075 aliquem
1756 1003 1949 1060 invali-

363 1105 601 1170 dum,~tu
628 1104 855 1161 validior
878 1112 932 1159 et
956 1104 1246 1174 potentior,
1272 1111 1326 1159 et
1344 1101 1549 1157 veniret
1570 1108 1748 1156 tecum
1774 1098 1840 1153 ad
1866 1097 1950 1167 ju-

363 1195 541 1251 dicem
578 1194 849 1251 hominem
887 1195 1175 1265 quemlibet
1217 1193 1271 1248 in
1321 1193 1421 1248 hac
1464 1202 1626 1260 terra,
1666 1190 1949 1247 habentem

358 1284 635 1358 iudicandi
674 1286 906 1357 aliquam
935 1293 1272 1356 potestatem,
1300 1285 1567 1355 velletque
1604 1292 1781 1339 tecum
1820 1298 1949 1339 cau-

360 1390 480 1431 sam
516 1374 715 1442 dicere,
746 1376 792 1431 si
820 1384 879 1431 tu
905 1376 971 1432 de
997 1376 1176 1447 praeda
1199 1385 1255 1431 et
1290 1375 1606 1445 spoliatione
1646 1375 1737 1429 illa
1776 1374 1950 1446 inopis

365 1465 526 1521 dares
553 1465 749 1536 aliquid
772 1465 959 1536 judici,
988 1475 1048 1522 ut
1067 1481 1164 1537 pro
1186 1476 1237 1523 te
1253 1467 1538 1536 iudicaret,
1562 1466 1727 1537 judex
1756 1466 1846 1523 ille
1865 1466 1949 1522 vel

364 1557 461 1612 tibi
488 1557 759 1628 placeret?
786 1558 989 1629 Nempe
1013 1574 1108 1629 pro
1131 1567 1185 1613 te
1208 1558 1483 1627 judicavit,
1514 1566 1569 1613 et
1595 1566 1771 1621 tamen
1804 1566 1949 1614 tanta

359 1651 442 1705 vis
479 1658 564 1705 est
596 1650 837 1720 iustitiae,
866 1660 924 1706 ut
958 1660 1013 1707 et
1049 1651 1145 1706 tibi
1184 1651 1477 1723 displiceat.
1508 1650 1628 1706 Noli
1668 1651 1760 1706 tibi
1788 1651 1947 1707 talem

356 1742 582 1812 pingere
606 1741 795 1808 Deum,
826 1741 935 1796 noli
962 1742 1225 1797 collocare
1249 1742 1305 1797 in
1331 1741 1528 1811 templo
1547 1741 1723 1797 cordis
1747 1742 1822 1797 tui
1844 1742 1947 1798 tale

357 1832 582 1887 idolum.
610 1828 729 1888 Non
753 1842 837 1888 est
863 1833 984 1887 talis
1001 1834 1142 1889 Deus
1162 1842 1305 1899 tuus,
1328 1833 1498 1903 qualis
1517 1849 1624 1889 non
1646 1833 1811 1889 debes
1826 1848 1947 1890 esse

354 1940 461 1980 nec
488 1933 563 1979 tu.
594 1924 649 1980 Si
679 1933 735 1980 tu
767 1939 874 1980 non
900 1924 979 1979 sic
998 1924 1224 1994 judices,
1243 1924 1338 1980 sed
1357 1924 1501 1995 juste
1520 1925 1759 1995 judices;
1784 1926 1945 1981 etiam

355 2016 438 2072 sic
462 2017 653 2072 melior
689 2026 772 2072 est
804 2024 859 2072 te
882 2017 1024 2072 Deus
1066 2025 1188 2071 tuus
1220 2033 1234 2070 :
1268 2033 1375 2071 non
1404 2026 1485 2072 est
1511 2017 1762 2083 inferior;
1790 2018 1947 2089 justi-

356 2109 463 2163 tior
491 2118 596 2176 est,
627 2107 748 2164 fons
768 2109 986 2179 iustitia:
1013 2117 1113 2164 est.
1145 2108 1411 2179 Quidquid
1438 2109 1564 2165 boni
1602 2109 1795 2175 fecisti,
1824 2110 1945 2166 inde

354 2202 666 2272 sumpsisti;
713 2210 768 2258 et
791 2201 1046 2273 quidquid
1084 2201 1211 2257 boni
1239 2201 1550 2267 eructuasti,
1581 2200 1703 2257 inde
1740 2202 1942 2257 bibisti.

353 2293 567 2349 Laudas
590 2309 703 2359 vas,
725 2294 848 2365 quia
874 2292 1036 2348 habet
1060 2291 1182 2348 inde
1204 2290 1423 2363 aliquid,
1451 2300 1506 2347 et
1532 2291 1803 2363 vituperas
1822 2292 1943 2347 fon-

355 2385 504 2441 tem?
549 2384 723 2440 Nolite
762 2385 898 2440 velle
942 2386 1309 2456 eleemosynas
1348 2383 1526 2439 facere
1554 2383 1622 2440 de
1666 2384 1850 2440 fenore
1891 2393 1945 2439 et

354 2480 552 2533 usuris.
584 2476 856 2534 Fidelibus
881 2478 1024 2545 dico,
1047 2477 1125 2533 eis
1150 2477 1342 2547 quibus
1371 2476 1567 2533 Christi
1592 2480 1800 2548 Corpus
1824 2493 1946 2533 ero-

352 2585 541 2639 gamus
571 2569 709 2625 dico.
734 2570 961 2637 Timete,
991 2570 1243 2641 corrigite
1270 2586 1365 2626 vos
1397 2588 1410 2624 :
1443 2588 1511 2627 ne
1530 2572 1703 2628 dicam
1734 2580 1939 2641 postea,

352 2658 439 2715 Tu
465 2658 597 2715 facis
625 2669 679 2716 et
705 2670 760 2715 tu
782 2660 933 2715 facis.
959 2661 1027 2716 Et
1050 2670 1196 2731 puto,
1225 2662 1348 2730 quia
1375 2662 1421 2717 si
1445 2662 1642 2729 fecero,
1673 2678 1781 2718 non
1810 2662 1943 2718 mihi

351 2750 560 2807 debetis
587 2752 763 2817 irasci,
786 2751 881 2809 sed
909 2751 1079 2819 vobis,
1108 2760 1167 2805 ut
1186 2752 1545 2822 corrigamini.
1568 2753 1651 2807 Ad
1671 2752 1774 2808 hoc
1799 2758 1940 2809 enim

352 2841 497 2898 valet
524 2843 665 2913 quod
692 2842 893 2898 dictum
908 2852 992 2899 est
1016 2843 1067 2897 in
1092 2843 1307 2898 Psalmo
1335 2861 1350 2897 :
1374 2842 1685 2911 irascimini,
1714 2854 1761 2899 et
1786 2845 1943 2900 nolite

351 2951 558 3006 peccare
586 2933 755 3005 (Psal.
786 2950 862 3001 ιν,
890 2935 967 3006 5).
996 2934 1131 2991 Volo
1156 2949 1255 2990 vos
1283 2936 1460 3003 irasci,
1489 2935 1582 2991 sed
1614 2944 1795 2991 utnon
1819 2951 1941 3007 pec-

350 3024 507 3081 cetis.
540 3024 609 3081 Ut
635 3034 811 3081 autem
851 3041 960 3081 non
998 3025 1250 3095 peccetis,
1290 3026 1483 3097 quibus
1523 3025 1731 3083 habetis
1758 3028 1937 3097 irasci,

349 3117 456 3173 nisi
480 3116 670 3173 vobis?
694 3117 831 3186 Quid
858 3126 941 3174 est
963 3119 1109 3174 enim
1134 3117 1296 3173 homo
1325 3118 1609 3189 pmniteus,
1645 3120 1747 3173 nisi
1779 3119 1939 3175 homo

349 3211 593 3268 irascens
632 3210 777 3266 sibi?
803 3210 871 3267 Ut
913 3210 1137 3281 accipiat
1162 3211 1392 3278 veniam,
1438 3210 1505 3266 de
1543 3225 1603 3266 se
1630 3210 1748 3281 ipso
1776 3211 1940 3282 exigit

348 3318 596 3374 poenam;
628 3311 683 3360 et
718 3313 862 3359 recte
891 3304 1019 3359 dicit
1046 3303 1175 3370 Deo,
1202 3304 1381 3358 Averte
1417 3304 1589 3358 oculos
1614 3313 1723 3357 tuos
1758 3321 1789 3357 a
1818 3320 1937 3374 pec—

347 3396 475 3449 catis
524 3396 645 3450 meis
668 3435 683 3461 ,
733 3396 970 3465 quoniam
1027 3406 1286 3467 peccatum
1342 3411 1508 3449 meum
1576 3412 1667 3466 ego
1719 3412 1937 3466 agnosco

348 3485 524 3555 (Psal.
558 3502 609 3553 L,
639 3486 727 3552 11,
752 3485 831 3556 5).
875 3487 932 3542 Si
959 3494 1016 3541 tu
1055 3488 1318 3557 agnoscis,
1360 3494 1415 3542 et
1441 3485 1530 3544 ille
1559 3486 1801 3557 ignoscit.
1835 3487 1936 3553 Qui

346 3570 640 3636 faciebatis,
676 3572 841 3627 nolite
864 3572 1039 3633 facere
1068 3590 1084 3627 :
1108 3586 1217 3627 non
1246 3572 1387 3627 licet.

420 3662 649 3721 CAPUT
686 3662 941 3721 lll.—'5.
999 3664 1276 3719 Zacchteus
1328 3664 1626 3719 imitandus.
1669 3664 1775 3721 Sed
1822 3664 1934 3734 jam

346 3754 394 3811 si
418 3754 643 3821 fecistis,
667 3764 723 3810 et
744 3755 998 3824 pecunias
1024 3754 1159 3810 tales
1184 3753 1413 3823 habetis,
1445 3764 1500 3810 et
1526 3754 1651 3811 inde
1678 3756 1935 3813 saccellos

346 3847 631 3919 implestis,
676 3847 801 3903 inde
833 3846 1305 3903 thesaurizabatis‘
1336 3865 1348 3901 :
1381 3848 1448 3904 de
1495 3849 1635 3904 malo
1667 3858 1748 3905 est
1793 3850 1935 3920 quod

347 3938 579 4005 habetis,
614 3940 724 4009 jam
770 3939 937 3995 nolite
972 3939 1169 3994 malum
1211 3939 1461 4008 addere”,
1506 3947 1562 3997 et
1596 3940 1753 3996 facite
1784 3942 1935 3999 vobis

347 4031 551 4087 amicos
580 4030 648 4085 de
675 4044 976 4086 mammona
1003 4030 1312 4101 iniquitatis.
1348 4031 1613 4102 Numquid
1650 4032 1936 4091 Zacchaeus

348 4120 415 4177 de
440 4120 582 4177 bono
608 4119 880 4177 habebat?
904 4121 1087 4193 Legite
1114 4132 1168 4178 et
1190 4122 1386 4178 videte.
1422 4123 1590 4193 Major
1618 4134 1732 4180 erat
1761 4126 1933 4195 publi-

347 4227 627 4279 canorum,
658 4211 713 4267 id
750 4221 853 4279 est,
899 4214 985 4268 cui
1019 4212 1298 4284 vectigalia
1327 4214 1542 4285 publica
1580 4216 1931 4273 confereban-

348 4312 438 4358 tur
469 4321 483 4358 :
512 4302 634 4358 inde
661 4303 889 4360 habebat
914 4303 1147 4360 divitias.
1194 4304 1388 4360 Multos
1430 4316 1720 4376 presserat,
1752 4309 1932 4366 multis

347 4394 657 4459 abstulerat,
689 4395 854 4451 multa
892 4405 1250 4465 congesserat.
1297 4396 1516 4453 intravit
1556 4399 1773 4454 domum
1816 4403 1933 4471 ejus

347 4482 611 4552 Christus,
645 4494 699 4542 et
726 4487 871 4542 venit
906 4488 1051 4543 salus
1079 4502 1240 4558 super
1261 4488 1476 4544 domum
1504 4490 1621 4559 ejus
1648 4509 1662 4545 :
1689 4492 1766 4546 sic
1790 4493 1933 4549 enim

348 4577 423 4630 ait
460 4576 574 4645 ipse
601 4577 877 4644 Dominus,
926 4576 1095 4633 Hodie
1122 4580 1260 4634 salus
1301 4581 1473 4633 domui
1510 4581 1629 4635 huic
1666 4584 1801 4653 facta
1839 4593 1930 4639 est.

349 4664 457 4721 Sed
486 4666 655 4736 ipsam
684 4668 907 4723 salutem
938 4669 1131 4725 videte.
1168 4670 1346 4726 Primo
1382 4671 1722 4727 desiderabat
1752 4676 1932 4731 Domi-

347 4772 476 4812 num
500 4757 703 4825 videre,
736 4759 858 4829 quia
888 4767 1087 4814 statura
1116 4775 1310 4830 parvus
1344 4772 1458 4817 erat
1485 4781 1497 4817 :
1530 4764 1624 4819 sed
1652 4766 1804 4821 turba
1834 4769 1933 4822 im-

347 4848 599 4919 pediente
612 4850 850 4904 ascendit
872 4850 928 4906 in
954 4852 1201 4907 arborem
1224 4856 1509 4923 sycomori,
1528 4864 1582 4910 et
1602 4858 1731 4911 vidit
1759 4868 1931 4916 trans-

290 4934 291 4937 “
349 4947 586 4994 euntem.
637 4938 732 4994 llle
775 4950 955 4997 autem
1013 4943 1219 5011 aspexit
1262 4958 1405 5010 eum,
1443 4954 1497 4999 et
1524 4947 1638 5002 ait:
1666 4948 1928 5019 Zaccluee,

349 5030 629 5095 descende;
662 5032 801 5101 apud
825 5042 872 5085 te
896 5041 1087 5101 Oportet
1111 5050 1189 5088 me
1213 5051 1432 5088 manere.
1467 5036 1546 5090 Tu
1574 5039 1793 5106 pendes,
1836 5043 1931 5097 sed

349 5136 457 5176 non
484 5130 536 5176 te
563 5124 850 5193 suspendo,
882 5123 985 5179 hoc
1013 5134 1113 5189 est,
1142 5141 1246 5180 non
1276 5136 1328 5181 te
1355 5128 1559 5183 differo.
1593 5130 1821 5187 Volebas
1850 5135 1931 5189 vi-

350 5211 482 5268 dere
508 5222 892 5281 transeuntem,
930 5215 1089 5271 hodie
1125 5232 1212 5272 me
1239 5219 1377 5287 apud
1407 5227 1461 5275 te
1490 5221 1741 5290 invenies
1782 5225 1931 5279 habi-

350 5317 575 5364 tantem.
608 5309 880 5381 lngressus
900 5321 983 5366 est
1008 5312 1073 5366 ad
1102 5327 1225 5368 eum
1251 5313 1505 5369 Dominus
1534 5333 1547 5369 :
1576 5317 1812 5385 repletus
1843 5319 1932 5376 ille

349 5400 546 5469 gaudio
583 5403 675 5467 ait,
716 5402 995 5457 Dimidium
1036 5422 1205 5459 rerum
1243 5422 1467 5461 mearum
1503 5409 1569 5462 do
1606 5412 1927 5481 pauperibus.

352 5492 493 5551 Ecce
533 5496 799 5565 quomodo
841 5498 1023 5564 currit,
1071 5500 1164 5568 qui
1205 5499 1373 5555 currit
1414 5501 1588 5559 facere
1626 5504 1825 5561 amicos
1864 5506 1931 5562 de

419 5650 737 5764 ﬁmum
761 5660 864 5701 Mss.
890 5652 975 5703 Alii
996 5668 1133 5718 vero,
1576 5667 1632 5711 Al.
1671 5662 1807 5724 editi,
1832 5662 1932 5715 tlte-

353 5724 669 5764 εειιηωοιυδ.

418 5784 439 5815 ¹
456 5792 556 5835 Am.
576 5790 650 5833 Er.
678 5793 728 5835 et
751 5793 874 5848 Mss,
899 5786 1078 5839 ntalum
1100 5790 1278 5852 facere.

552 5866 777 5934 Sacr.
822 5870 1098 5938 Auouar.
1129 5872 1207 5936 V.

1809 331 2038 391 SERMO
2075 330 2265 392 CXlll.

3533 344 3642 406 650

2062 463 2367 506 mammona
2384 450 2694 524 iniquitatis.
2717 454 2787 511 Et
2806 472 2875 515 ne
2893 472 3017 513 reus
3032 456 3245 514 aliunde
3259 465 3562 518 teneretur:
3577 460 3655 527 Si,

2059 542 2144 597 cui
2162 542 2354 612 aliquid
2368 544 2481 612 tuli,
2501 547 2593 615 ait,
2612 548 2951 620 quadruplum
2967 550 3177 604 reddam
3201 551 3348 623 (Luc.
3362 569 3473 623 xu,
3490 553 3546 621 2,
3560 554 3640 629 9).

2060 634 2258 691 lnﬂixit
2277 636 2378 692 sibi
2398 638 2917 709 condemnationem,
2941 659 3007 699 ne
3032 644 3326 701 incurreret
3341 646 3643 706 damnatio-

2056 742 2202 783 nem.
2222 728 2362 800 Ergo
2382 730 2471 801 qui
2490 730 2698 789 habetis
2719 733 2787 789 de
2806 735 2966 803 malo,
2990 735 3147 793 facite
3168 737 3292 792 inde
3308 737 3524 793 bonum.
3540 739 3642 808 Qui

2057 834 2167 875 non
2182 818 2385 876 habetis
2403 822 2469 877 de
2488 822 2652 892 malo,
2671 824 2833 881 nolite
2852 827 3125 897 acquirere
3136 827 3203 883 de
3216 818 3375 885 malo.
3397 829 3527 886 Esto
3546 830 3642 887 bo-

2057 926 2158 967 nus
2174 921 2231 967 tu
2247 913 2337 985 qui
2353 914 2547 970 bonum
2566 914 2693 971 facis
2704 915 2771 972 de
2789 918 2929 972 malo
2943 920 2960 951 ²
2982 937 2995 973 :
3010 928 3062 974 et
3073 934 3193 975 cum
3206 922 3433 991 coeperis
3444 922 3641 993 aliquid

2060 1002 2191 1059 boni
2212 1003 2388 1061 facere
2413 1005 2479 1062 de
2504 1008 2666 1076 malo,
2695 1008 2805 1063 noli
2830 1024 3106 1065 remanere
3133 1018 3187 1065 tu
3210 1011 3400 1067 malus.
3427 1012 3642 1067 Nummi

2056 1094 2133 1150 tui
2162 1104 2541 1152 convertuntur
2566 1097 2622 1152 in
2647 1096 2868 1167 bonum,
2891 1109 2946 1155 et
2973 1107 3028 1154 tu
3051 1116 3297 1157 remanes
3316 1102 3527 1159 malus?

2126 1188 2357 1246 CAPUT
2396 1189 2487 1246 IV.
2507 1221 2580 1231 —
2596 1191 2649 1247 4.
2666 1190 2961 1247 Hammona
2984 1193 3262 1263 iniquitatis
3282 1196 3364 1248 cui
3388 1195 3535 1251 dicta:
3559 1197 3642 1250 di-

2055 1280 2208 1335 vitia.
2256 1280 2354 1336 Est
2404 1281 2617 1352 quidem
2655 1290 2711 1338 et
2767 1283 2901 1339 alius
2938 1283 3274 1352 intellectus;
3318 1301 3417 1342 nec
3458 1286 3631 1356 ipsum

2056 1372 2264 1427 tacebo.
2318 1372 2615 1429 Mammona
2668 1374 2979 1444 iniquitatis,
3034 1375 3231 1431 divitia:
3279 1385 3403 1432 sunt
3451 1378 3633 1433 δεουιί

2055 1476 2263 1531 omnes,
2295 1462 2663 1535 undecumque
2687 1465 2811 1521 sint.
2840 1465 3222 1537 Undecumque
3247 1468 3389 1524 enim
3408 1484 3637 1541 congre-

2052 1561 2265 1623 gentur,
2290 1569 2593 1611 mammona
2619 1556 2909 1628 iniquitatis
2944 1568 3047 1627 est,
3084 1559 3137 1614 id
3160 1568 3260 1627 est,
3290 1560 3487 1617 divitia:
3511 1571 3639 1619 sunt

2053 1644 2365 1715 iniquitatis.
2394 1646 2533 1714 Quid
2570 1656 2672 1713 est,
2702 1648 2901 1704 divitia:
2930 1658 3054 1705 sunt
3092 1651 3425 1722 iniquitatis?
3456 1653 3629 1708 Pecu-

2055 1735 2144 1789 lia
2169 1745 2270 1802 est,
2303 1752 2459 1807 quam
2504 1738 2721 1794 nomine
2751 1739 3051 1795 divitiarum
3088 1742 3322 1813 appellat
3362 1742 3636 1813 iniquitas.

2050 1824 2108 1881 Si
2135 1827 2278 1881 enim
2305 1843 2458 1884 veras
2481 1829 2692 1886 divitias
2722 1832 2934 1901 qumris,
2965 1832 3082 1888 alia:
3108 1842 3250 1889 sunt.
3282 1834 3500 1891 Talibus
3534 1835 3636 1892 Job

2050 1916 2225 1973 nudus
2251 1918 2572 1988 abundabat,
2599 1922 2812 1991 quando
2839 1922 2892 1978 in
2916 1923 3083 1979 Deum
3112 1939 3207 1980 cor
3231 1926 3445 1996 plenum
3471 1926 3638 1984 habe-

2050 2005 2165 2073 bat,
2204 2016 2258 2063 et
2284 2009 2467 2065 laudes
2505 2011 2618 2067 Deo
2648 2012 2867 2083 perditis
2893 2014 3142 2071 omnibus
3180 2017 3341 2073 rebus
3379 2027 3632 2090 tanquam

2048 2112 2288 2169 gemmas
2334 2102 2743 2171 pretiosissimas
2786 2105 3092 2175 proferebat
3119 2106 3139 2179 (
3169 2107 3268 2163 Job
3312 2125 3350 2175 t,
3397 2109 3512 2181 21).
3559 2110 3637 2171 De

2048 2204 2158 2259 quo
2180 2190 2449 2259 thesauro,
2481 2194 2526 2249 si
2556 2194 2686 2249 nihil
2719 2194 2983 2251 habebat?
3012 2196 3147 2267 ipsa:
3183 2209 3308 2255 sunt
3331 2216 3472 2256 vera:
3493 2200 3633 2257 divi-

2049 2282 2158 2338 tim.
2182 2282 2303 2339 Ista:
2328 2293 2506 2340 autem
2535 2286 2603 2341 ab
2623 2287 2899 2357 iniquitate
2925 2290 3258 2359 appellantur
3285 2292 3502 2349 divitiae.
3527 2293 3636 2350 Ha-

2048 2371 2144 2429 bes
2181 2375 2318 2440 illas,
2366 2391 2472 2431 non
2528 2378 2901 2448 reprehendo:
2935 2382 3219 2438 hmreditas
3262 2385 3429 2453 venit,
3483 2395 3635 2457 pater

2050 2473 2173 2520 tuus
2200 2465 2352 2522 dives
2379 2466 2497 2536 fuit,
2522 2478 2575 2524 ει
2602 2469 2802 2527 dimisit
2824 2472 2937 2527 tibi.
2967 2472 3199 2531 Honeste
3224 2477 3496 2548 acquisisti
3525 2496 3537 2533 :
3568 2480 3635 2536 de

2043 2554 2201 2625 justis
2244 2558 2514 2615 laboribus
2555 2561 2767 2630 plenam
2804 2562 3019 2619 domum
3067 2565 3251 2635 habes,
3293 2583 3399 2624 non
3449 2585 3635 2640 repre-

2047 2647 2243 2703 hendo.
2268 2649 2469 2707 Tamen
2488 2653 2646 2707 etiam
2672 2655 2748 2709 sic
2774 2656 2880 2711 noli
2902 2657 3018 2713 illas
3038 2658 3217 2716 dicere
3236 2660 3467 2717 divitias.
3496 2662 3631 2721 Nam

2046 2738 2092 2792 si
2127 2738 2261 2794 dicis
2288 2740 2405 2796 illas
2432 2742 2662 2808 divitias,
2694 2746 2897 2802 amabis
2926 2748 3046 2806 illas
3076 2768 3089 2805 :
3120 2760 3173 2807 et
3202 2753 3247 2807 si
3272 2755 3534 2811 amaveris
3563 2756 3633 2813 il-

2048 2828 2149 2895 las,
2179 2831 2378 2900 peribis
2422 2848 2543 2887 cum
2587 2836 2711 2890 illis.
2744 2837 2932 2905 Perde,
2974 2856 3042 2896 ne
3081 2846 3302 2911 pereas'
3328 2863 3342 2900 :
3373 2844 3533 2915 dona,
3576 2857 3635 2904 ut

2044 2922 2287 2991 acquiras
2311 2939 2323 2974 :
2352 2924 2575 2991 semina,
2599 2936 2656 2980 ut
2685 2937 2871 2983 metas.
2916 2929 3022 2985 llas
3049 2930 3260 2989 divitias
3288 2935 3395 2990 noli
3438 2938 3627 3008 appel-

2043 3010 2189 3079 lare;
2217 3014 2340 3082 quia
2369 3029 2509 3069 vera:
2538 3032 2644 3071 non
2675 3027 2814 3073 sunt.
2846 3019 3161 3091 Paupertate
3202 3025 3373 3095 plena:
3402 3037 3545 3095 sunt,
3575 3037 3631 3085 et

2042 3118 2257 3175 semper
2300 3107 2545 3164 obnoxia:
2590 3110 2822 3168 casibus.
2854 3112 3049 3180 Quales
3078 3115 3276 3173 divitia:
3314 3128 3460 3188 sunt,
3501 3137 3631 3192 pro-

2043 3204 2161 3265 pter
2175 3212 2306 3268 quas
2331 3198 2593 3256 latronem
2620 3203 2798 3269 times,
2829 3214 3049 3275 propter
3074 3222 3204 3276 quas
3235 3209 3389 3266 times
3415 3226 3629 3269 servum

2042 3294 2211 3353 tuum,
2241 3304 2309 3345 ne
2331 3299 2383 3345 te
2406 3292 2585 3346 occiso
2609 3295 2835 3360 auferat,
2864 3303 2920 3350 et
2956 3295 3157 3367 fugiat?
3186 3298 3243 3356 Si
3266 3316 3408 3359 vera:
3430 3303 3628 3362 divitia:

2040 3387 2243 3445 essent,
2276 3382 2616 3441 securitatem
2637 3383 2732 3440 tibi
2753 3384 2964 3441 darent.

2110 3468 2337 3527 CAPUT
2376 3471 2441 3528 γ.
2475 3503 2549 3514 —
2575 3474 2629 3529 5.
2671 3473 2872 3531 Divitia:
2908 3494 3021 3547 qua:
3056 3496 3187 3536 verte
3224 3492 3269 3537 et
3305 3501 3417 3555 qua
3457 3489 3624 3560 falsw.

2040 3559 2182 3631 Ergo
2244 3562 2350 3617 illa:
2412 3572 2538 3619 sunt
2586 3580 2727 3621 vera:
2764 3566 2979 3634 divitiae,
3020 3586 3153 3641 quas
3196 3588 3318 3631 cum
3369 3559 3627 3637 habueri-

2039 3666 2181 3718 mus,
2209 3652 2434 3721 perdere
2452 3670 2561 3711 non
2586 3670 2890 3726 possumus.
2918 3660 2986 3715 Et
3005 3677 3073 3717 ne
3099 3661 3237 3720 forte
3259 3678 3478 3738 propter
3502 3670 3622 3728 illas

2040 3742 2213 3799 furem
2242 3744 2449 3810 timeas,
2480 3746 2552 3802 ibi
2580 3756 2737 3804 erunt
2762 3749 2854 3805 ubi
2894 3752 3072 3809 nullus
3095 3755 3319 3812 auferat.
3347 3759 3485 3815 Audi
3514 3762 3625 3818 Do-

2039 3834 2242 3890 minum
2279 3844 2427 3890 tuum
2465 3854 2478 3891 :
2510 3837 2872 3895 Thesaurizate
2908 3843 3045 3900 vobis
3088 3846 3345 3904 thesauros
3378 3850 3433 3905 in
3476 3853 3622 3922 calo,

2037 3940 2137 3996 quo
2176 3924 2263 3995 fur
2308 3942 2408 3981 non
2454 3930 2657 3983 accedat
2709 3930 2933 4004 (Matth.
2970 3949 3057 4005 vr,
3087 3936 3216 4009 20).
3272 3940 3418 3997 Tunc
3468 3954 3626 4002 erunt

2038 4015 2259 4085 divitiae,
2310 4018 2524 4088 quando
2558 4037 2649 4077 eas
2694 4023 3023 4094 migraveris.
3073 4029 3335 4096 Quamdiu
3382 4034 3438 4090 in
3480 4044 3623 4093 terra

2039 4116 2183 4176 sunt,
2210 4108 2409 4165 divitia:
2432 4110 2550 4181 Inon
2588 4122 2732 4169 sunt.
2762 4115 2867 4172 Sed
2896 4116 3107 4176 divitias
3141 4132 3295 4178 vocat
3319 4124 3438 4181 illas
3460 4142 3620 4185 mun-

2038 4198 2159 4267 dus,
2182 4198 2431 4271 iniquitas
2450 4212 2625 4258 vocat.
2644 4204 2819 4260 Deus’
2840 4206 2961 4263 ideo
2980 4224 3284 4269 mammona
3304 4214 3617 4286 iniquitatis,

2037 4290 2161 4361 quia
2204 4292 2416 4348 divitias
2460 4294 2579 4351 illas
2616 4306 2771 4352 vocat
2812 4297 3080 4370 iniquitas.
3124 4304 3262 4361 Audi
3308 4306 3617 4368 Psalmum:

2038 4381 2276 4453 Domine,
2307 4385 2461 4441 libera
2498 4403 2578 4442 me
2610 4388 2673 4443 de
2714 4407 2867 4446 manu
2902 4393 3125 4462 ﬁliorum
3162 4399 3463 4470 alienorum,
3490 4420 3617 4474 quo-

2036 4492 2149 4530 rum
2169 4493 2224 4532 os
2250 4478 2475 4533 locutum
2499 4490 2569 4535 est
2596 4484 2899 4551 vanitatem;
2922 4495 2970 4541 et
2997 4488 3200 4545 dextera
3219 4508 3390 4548 eorum
3413 4496 3621 4552 dextera

2037 4568 2333 4638 iniquitatis.
2374 4570 2601 4637 Quorum
2648 4574 2744 4643 ﬁlii
2789 4575 2916 4630 sicut
2958 4580 3169 4636 novella
3210 4586 3539 4646 constabilitas
3583 4606 3618 4644 a

2027 4661 2288 4730 juventute
2322 4678 2434 4717 sua.
2478 4662 2632 4719 Filia:
2664 4682 2836 4720 eorum
2880 4673 3189 4742 compositae,
3234 4676 3620 4735 circumornatte

2037 4753 2166 4807 sicut
2190 4753 2465 4810 similitudo
2494 4759 2684 4828 templi.
2714 4758 2931 4815 Cellaria
2959 4780 3130 4819 eorum
3150 4767 3319 4836 plena,
3346 4781 3617 4828 eructuan-

2039 4844 2109 4896 tia
2137 4859 2200 4896 ea:
2228 4844 2321 4897 hoc
2348 4845 2400 4898 in
2429 4845 2577 4899 illud.
2615 4847 2771 4903 Boves
2798 4866 2970 4905 eorum
2995 4855 3171 4922 crassi,
3202 4872 3315 4912 oves
3336 4876 3509 4915 eorum
3533 4865 3613 4934 fe-

2038 4933 2233 4999 cundte,
2267 4934 2616 5004 multiplicata:
2648 4939 2699 4992 in
2747 4941 3007 4998 itineribus
3042 4946 3169 5000 suis.
3204 4946 3324 5002 Non
3364 4961 3439 5005 est
3467 4933 3618 5009 ruina

2038 5025 2284 5088 maceriae,
2309 5040 2464 5095 neque
2484 5029 2741 5091 transitus,
2766 5048 2921 5102 neque
2943 5034 3135 5089 clamor
3152 5037 3204 5091 in
3225 5039 3401 5108 plateis
3420 5059 3613 5101 eorum.

2038 5112 2227 5169 Vidisti
2256 5114 2521 5171 Psalmum
2539 5117 2581 5185 ⁴,
2612 5120 2822 5189 qualem
2853 5122 3158 5181 felicitatem
3186 5129 3500 5201 descripsit:
3521 5137 3613 5191 sed

2038 5202 2160 5258 audi
2188 5204 2315 5274 quid
2338 5206 2459 5273 sit”,
2482 5223 2616 5278 quos
2646 5213 2919 5280 proposuit
2958 5214 3097 5269 filios
3126 5216 3435 5287 iniquitatis.
3477 5224 3616 5291 Quo-

2038 5312 2151 5349 rum
2178 5312 2233 5349 os
2256 5295 2478 5352 locutum
2502 5310 2575 5354 est
2604 5303 2889 5368 vanitatem,
2924 5316 2969 5358 et
2998 5306 3204 5363 dextera
3223 5326 3392 5366 eorum
3413 5315 3620 5372 dextera

2100 5430 2119 5504 ξ
2142 5432 2569 5504 ymuscripli,__qui
2592 5433 2713 5495 facis
2727 5436 2797 5504 _de
2821 5435 2945 5487 malo
2959 5451 2976 5499 ,°
3001 5446 3053 5504 et
3074 5442 3315 5504 omittunt,
3344 5446 3531 5499 bonum.

2099 5492 2119 5563 ξ
2143 5492 2782 5563 §onnullioodices,'perde,
2806 5511 2865 5549 ne
2887 5492 3083 5563 perdas.

2101 5553 3179 5638 12m?-.E§;?}3999&E$§:.M2y-.
3203 5564 3467 5638 ίηξσςάιιέιέδ
3492 5584 3621 5626 mm

2036 5615 2340 5726 ἒαῖιιὶςόαεδάω,
2367 5623 2461 5666 etc.
2486 5615 2769 5676 Quidam'ex
2788 5624 3039 5674 veteribus
3071 5615 3225 5687 libris,
3249 5615 3617 5693 iriiri-iliades";

2100 5737 2336 5809 finisse,
2369 5738 2539 5809 r'idisti
2561 5750 2690 5809 petis
2713 5744 2919 5809 qualem,
2946 5754 3041 5799 etc.

2102 5800 2124 5833 ⁸
2148 5799 2336 5865 Aliquot
2357 5808 2486 5866 Mss,
2504 5802 2585 5869 qui
2607 5803 2717 5858 sint.

3002 5892 3399 5984 [final-une
3418 5907 3458 5981 λ
