4006 6490
473 456 771 532 iniquitatis.
815 455 964 527 ipsos
989 452 1285 531 proposuit,
1314 457 1372 507 et
1389 449 1523 515 dixit
1541 448 1844 506 felicitatem
1870 465 2055 505 eorum

476 536 681 609 tantum
740 565 900 620 super
951 560 1168 605 terram.
1221 544 1291 602 Et
1340 544 1468 619 quid
1519 543 1795 613 adiunxit?
1846 541 2059 599 Beatum

477 630 712 703 dixeram
739 643 983 717 populum
1010 642 1091 696 cui
1119 643 1228 696 haec
1247 649 1382 697 sunt.
1412 636 1518 698 Sed
1548 639 1636 713 qui
1665 640 1948 698 dixerunt?
1969 638 2060 694 Fi-

475 735 531 791 lii
573 735 752 803 atieni,
795 735 1129 804 alienigenae,
1174 741 1229 791 et
1262 747 1369 787 non
1398 733 1725 802 pertinentes
1770 730 1836 785 ad
1876 742 2058 787 semen

474 816 705 888 Abrahae
735 844 751 885 ;
782 825 880 897 ipsi
909 825 1145 880 dixerunt
1181 822 1427 898 papulum
1453 821 1652 878 beatum
1675 823 1757 879 cui
1785 822 1891 878 Itan:
1919 829 2057 876 sunt.

473 917 575 985 Qui
596 917 881 975 dixerunt?
917 917 1145 985 Quorum
1174 930 1229 973 os
1256 910 1477 974 locutum
1501 924 1574 971 est
1595 916 1885 972 vanitatem.
1918 914 2060 984 Ergo

476 1008 672 1065 vanum
697 1018 803 1081 est,
839 1009 1016 1067 dicere
1058 1008 1243 1065 beatos
1272 1025 1392 1067 esse
1420 1024 1516 1064 eos
1543 1008 1734 1081 quibus
1761 1006 1876 1063 haec
1915 1015 2059 1064 sunt.

474 1103 541 1158 Et
568 1112 745 1165 tamen
775 1102 970 1163 dicitur
1000 1102 1066 1157 ab
1090 1103 1168 1163 eis
1198 1118 1423 1175 quorum
1454 1112 1515 1161 os
1542 1102 1773 1158 locutum
1804 1108 1886 1156 est
1914 1099 2065 1156 vani-

472 1202 652 1251 tatem.
693 1194 776 1255 Ab
802 1193 931 1267 ipsis
959 1194 1207 1249 dicuntur
1245 1194 1363 1249 ista:
1402 1190 1618 1263 divitiae,
1660 1210 1779 1265 qua:
1807 1202 2063 1258 vocantur

471 1298 777 1343 mammona
806 1276 1120 1355 iniquitatis.

542 1380 596 1435 6.
650 1376 794 1438 Vera:
811 1379 1019 1439 divitiis.
1039 1379 1260 1437 Colimus
1281 1396 1373 1437 nos
1388 1379 1575 1447 Deum,
1598 1390 1643 1434 et
1656 1377 1773 1434 colit
1792 1397 1884 1437 nos
1903 1379 2058 1437 Deus.

473 1471 552 1529 Tu
581 1482 760 1535 autem
802 1473 928 1545 quid
979 1473 1150 1531 dicis?
1189 1472 1324 1543 Quia
1364 1470 1440 1535 illi
1482 1473 1575 1528 ﬁlii
1606 1471 1783 1543 alieni,
1825 1470 2060 1547 quia‘ilii

474 1581 704 1637 quorum
731 1580 795 1623 os
830 1566 1066 1627 locutum
1094 1577 1177 1625 est
1212 1566 1525 1633 vanitatem,
1563 1563 1811 1621 dixerunt
1848 1565 2061 1620 beatum

354 1674 358 1679 ‘
471 1674 592 1716 esse
625 1659 879 1729 populum
901 1657 989 1717 cui
1010 1659 1124 1715 haec
1145 1666 1302 1725 sunt;
1330 1666 1383 1715 tu
1412 1657 1537 1730 quid
1563 1653 1914 1719 dicis?Fais:e
1938 1664 2063 1715 sunt

471 1750 587 1805 istae
605 1750 823 1817 divitiae,
854 1749 920 1805 da
952 1749 1080 1811 mihi
1102 1763 1279 1806 veras.
1302 1748 1672 1819 Reprehendis
1694 1749 1812 1814 ista,
1836 1747 2061 1806 ostende

470 1843 611 1913 quod
649 1842 853 1903 laudas.
886 1842 977 1899 Vis
1008 1850 1066 1896 ut
1114 1852 1453 1922 contemnam
1496 1842 1616 1909 hoc,
1664 1841 1887 1898 ostende
1913 1838 2057 1913 quod

472 1937 769 2004 proderem.
800 1935 953 1991 Dicat
994 1935 1107 2006 ipse
1133 1934 1395 1993 Psalmus.
1423 1934 1524 2003 Qui
1564 1933 1706 1990 enim
1732 1933 1884 2003 dixit,
1919 1930 2053 1990 Bea-

468 2037 575 2085 tum
592 2028 830 2087 dixerunt
857 2028 1106 2099 populum
1130 2028 1211 2083 cui
1231 2027 1341 2084 lucc
1364 2038 1520 2094 sunt;
1543 2028 1647 2084 tale
1677 2029 1831 2085 nobis
1856 2027 1946 2087 dat
1970 2043 2057 2087 re-

470 2136 750 2193 sponsum,
784 2121 934 2194 quasi
974 2120 1275 2179 diceremus
1318 2120 1414 2190 illi,
1451 2120 1503 2176 id
1541 2130 1643 2189 est,
1684 2121 1783 2192 ipsi
1825 2121 2059 2193 Pssimo,

468 2214 608 2271 Eoos
645 2213 749 2273 hoc
791 2213 951 2273 nobis
996 2213 1184 2279 tulisti,
1228 2221 1285 2271 et
1323 2212 1455 2269 nihil
1486 2213 1637 2269 nobis
1673 2213 1866 2271 dedisti
1896 2228 2060 2272 :eece

469 2305 597 2374 ista.
640 2321 768 2367 eccs
810 2306 912 2364 ista
956 2305 1375 2372 contemnimus,
1423 2304 1563 2363 unde
1604 2305 1869 2365 vivimus?
1918 2306 2060 2365 unde

468 2396 609 2459 beati
648 2398 886 2459 erimus?
914 2397 1046 2467 Quis
1093 2398 1185 2468 qui
1210 2398 1372 2455 locuti
1414 2406 1561 2461 sunt.
1586 2397 1685 2467 ipsi
1725 2398 1792 2454 de
1836 2413 1896 2455 se
1926 2399 2058 2470 ipsis

466 2490 748 2560 recipient.
769 2491 1027 2549 Homines
1049 2490 1190 2551 enim
1213 2488 1426 2549 divitias
1452 2488 1711 2551 habentes
1731 2490 1916 2549 beatos
1936 2506 2057 2551 esse

472 2581 745 2643 dixerunt.
777 2582 857 2643 'l'u
885 2583 1012 2654 quid
1037 2582 1204 2643 dicis?

532 2675 762 2741 CAPUT
798 2675 889 2737 Ἦ,
910 2707 981 2725 ν-
996 2674 1305 2748 Respmdet
1331 2675 1482 2746 quasi
1504 2676 1581 2732 sic
1600 2676 1976 2747 interrogatus,
2000 2687 2057 2735 et

463 2768 612 2838 dicit,
630 2770 709 2832 illi
720 2768 907 2831 dicunt
916 2768 1109 2824 divites
1126 2768 1340 2825 beatos:
1362 2783 1460 2839 ego
1475 2767 1618 2833 dico,
1634 2767 1820 2825 Beatus
1837 2770 2054 2841 populus

462 2861 699 2932 ostiumst
718 2857 968 2923 Dominus
983 2859 1120 2916 Deus
1134 2860 1295 2930 ipsius
1312 2858 1483 2933 (Psal.
1504 2875 1686 2926 cxutt,
1704 2861 1917 2932 11-15).
1937 2861 2052 2923 Att-

464 2951 591 3009 disti
607 2966 762 3010 veras
780 2950 1013 3019 divitias,
1027 2949 1110 3006 iac
1124 2949 1404 3006 amicosde
1419 2965 1720 3006 mammona
1739 2951 2049 3023 iniquitatis,

461 3052 519 3105 et
538 3043 648 3098 eris
666 3041 855 3101 beatus
872 3042 1121 3115 populus,
1143 3042 1296 3113 cujus
1317 3050 1400 3099 est
1417 3042 1675 3098 Dominus
1694 3043 1838 3103 Deus
1862 3045 2048 3117 ipsius.

458 3132 759 3205 Aliquando
775 3133 1065 3193 transimus
1078 3132 1240 3200 vism,
1264 3141 1319 3187 et
1332 3132 1573 3191 videmus
1587 3134 1980 3193 amantissimos
1995 3144 2051 3193 et

462 3225 656 3287 uberes
682 3224 896 3293 fundos,
923 3233 983 3281 et
1009 3224 1273 3281 dicimus:
1297 3222 1459 3295 Cujus
1478 3231 1563 3285 est
1581 3226 1670 3283 ille
1687 3225 1918 3285 luridus?
1941 3231 2047 3287 As.-

460 3319 660 3386 seritur
673 3318 817 3383 illius
840 3336 854 3373 :
883 3325 938 3379 et
952 3333 1052 3375 nos
1068 3317 1316 3387 dicimus,
1340 3318 1536 3379 Beatus
1552 3318 1712 3383 homo
1733 3338 1745 3377 :
1759 3322 2047 3381 vanitatem

456 3410 744 3481 loquimur.
786 3410 982 3466 Beatus
1009 3408 1160 3479 cujus
1200 3417 1285 3465 est
1315 3409 1407 3467 illa.
1429 3409 1639 3480 domus,
1674 3411 1863 3473 beatus
1893 3414 2048 3485 cujus

458 3510 543 3561 est
579 3502 669 3565 ille
704 3500 933 3569 fundus,
955 3500 1144 3563 beatus
1180 3499 1337 3572 cuius
1352 3507 1439 3565 est
1480 3502 1612 3561 illud
1635 3518 1817 3574 pecus,
1857 3506 2046 3563 beatus

456 3591 612 3662 cuius
651 3600 736 3661 est
782 3584 875 3659 ille
916 3607 1123 3660 servus,
1163 3592 1353 3655 beatus
1393 3592 1548 3665 cujus
1582 3603 1669 3659 est
1695 3595 1783 3652 illa
1823 3595 2045 3656 familia.

455 3683 608 3745 Toﬂo
635 3683 947 3753 vanitatem.
967 3682 1015 3747 si
1040 3684 1121 3743 vis
1145 3683 1334 3745 audire
1352 3685 1660 3749 veritatem.
1691 3685 1880 3751 Beatus
1936 3697 2043 3755 est.

452 3780 601 3851 etuas
641 3786 713 3841 est
754 3776 1006 3837 Dominus
1037 3775 1176 3835 Deus
1198 3776 1381 3847 ipsius.
1422 3776 1539 3835 Nan
1581 3778 1729 3839 enim
1767 3780 1919 3851 cuius
1958 3789 2045 3839 est

454 3869 648 3934 fundus
690 3871 831 3939 iste,
869 3870 1059 3933 beatus
1096 3878 1185 3937 est
1225 3886 1242 3925 :
1283 3869 1379 3928 sed
1421 3871 1577 3941 cujus
1610 3880 1693 3929 est
1738 3872 1829 3933 illo
1877 3874 2039 3935 Deus.

452 3963 635 4023 Sedet
657 3962 996 4033 apertissime
1015 3962 1399 4039 beatitudinem
1421 3978 1603 4021 rerum
1625 3965 1930 4035 annuuties,
1960 3965 2059 4031 di.

449 4055 697 4128 ωενιοό
736 4056 948 4115 beatum
986 4063 1041 4111 te
1083 4055 1210 4112 feeit
1240 4054 1438 4115 fundus
1482 4067 1628 4113 tuus.
1659 4057 1871 4124 Quare?
1896 4058 2039 4127 Quis

454 4147 580 4205 inde
605 4147 759 4205 vivis.
796 4146 929 4202 Nam
965 4146 1181 4218 quando
1218 4146 1403 4203 laudas
1446 4161 1546 4218 pro
1588 4163 1780 4218 magno
1818 4147 2039 4209 fundum

454 4248 626 4306 tuum,
654 4238 757 4294 hoc
785 4237 921 4295 diuis
950 4255 966 4294 :
992 4236 1113 4307 Ipse
1148 4252 1237 4294 me
1262 4237 1450 4308 pascit,
1483 4237 1609 4295 inde
1633 4240 1775 4299 vivo.
1806 4240 2039 4301 Attendo

451 4329 595 4391 unde
613 4329 780 4389 vivus.
813 4328 907 4385 illo
931 4336 1014 4385 est
1037 4329 1181 4387 unde
1207 4329 1364 4395 vivis,
1399 4329 1487 4389 cui
1511 4329 1683 4391 dicis:
1711 4330 1864 4404 Apud
1886 4343 1935 4388 te
1961 4342 2036 4395 est

451 4422 569 4493 {om
607 4423 727 4479 vita
757 4421 930 4496 (Ptol.
960 4438 1130 4487 Iuv,
1161 4422 1273 4495 10).
1303 4421 1491 4480 Beatus
1527 4426 1745 4497 populus
1778 4429 1927 4500 cujus
1961 4440 2037 4489 ut

449 4511 700 4573 Densius
727 4513 869 4570 Deus
906 4514 1090 4585 ipsius.
1133 4513 1179 4571 Ο
1210 4515 1429 4573 Domino
1468 4516 1608 4575 Deus
1649 4532 1823 4587 meus,
1864 4535 1900 4579 ο
1927 4521 2035 4581 Dav

451 4605 598 4665 mine
620 4605 760 4665 Deus
795 4614 999 4675 noster,
1027 4615 1089 4662 ut
1109 4608 1383 4667 veniamus
1403 4609 1469 4665 sd
1498 4618 1572 4676 te,
1603 4610 1687 4668 tae
1724 4627 1823 4673 nos
1848 4614 2033 4675 beatos

449 4697 519 4757 de
544 4708 621 4756 te.
650 4698 912 4758 Nolumus
947 4700 1023 4759 de
1059 4716 1210 4766 sum.
1251 4716 1425 4772 nomne
1452 4705 1522 4760 de
1564 4716 1806 4777 argento,
1834 4724 1937 4766 nee
1963 4710 2032 4768 de

449 4789 940 4855 {Minucium
971 4793 1042 4850 de
1078 4797 1306 4851 temnis
1342 4796 1478 4862 istis,
1526 4806 1585 4854 et
1609 4801 1929 4870 vanissimis,
1975 4815 2033 4862 et

446 4883 666 4943 caduca
696 4884 823 4943 vita
865 4884 1202 4942 transiturus.
1242 4885 1361 4942 Non
1397 4887 1646 4959 loquatur
1681 4906 1744 4948 os
1785 4904 2025 4953 nostrum

445 4979 756 5035 vanitatem.
779 4976 887 5034 Fac
912 4990 1010 5033 nos
1039 4977 1225 5035 beatos
1251 4979 1321 5036 de
1350 4989 1422 5050 te,
1449 4982 1570 5052 quia
1601 4998 1707 5039 non
1742 4987 2026 5056 peniculus

443 5075 517 5125 te.
542 5065 675 5124 Cum
700 5069 1027 5125 tenuerimus
1056 5077 1126 5135 te,
1149 5084 1250 5126 nec
1274 5078 1325 5126 te
1348 5072 1651 5142 perdemus,
1680 5092 1782 5133 nec
1805 5093 1903 5135 nos
1931 5097 2024 5151 po-

441 5156 695 5215 t‘ibimus.~
714 5156 820 5213 Fac
859 5174 956 5215 nos
983 5159 1167 5214 beatos
1191 5159 1259 5215 de
1288 5169 1361 5227 te,
1404 5161 1527 5231 quia
1561 5162 1749 5220 Beatus
1778 5168 2019 5239 populus,

442 5251 594 5319 cujus
624 5258 698 5304 est
724 5246 974 5305 Dominus
1000 5249 1139 5306 Deus
1168 5251 1350 5320 ipsius.
1376 5251 1486 5308 Nec
1520 5255 1766 5312 irascitur
1793 5259 1841 5312 si
1866 5259 2021 5316 dixe-

441 5341 612 5398 rimus
645 5342 714 5399 de
755 5343 888 5405 Deo,
922 5341 1137 5398 Fundus
1179 5351 1381 5401 noster.
1420 5344 1669 5415 Legimus
1707 5350 1852 5405 enim
1879 5368 2017 5423 quo-

442 5433 585 5488 niam
632 5432 881 5487 Dominus
923 5450 1041 5503 pars
1089 5434 1393 5489 Itwreditatis
1438 5453 1563 5491 mea:
1613 5437 1783 5510 (Psal.
1810 5458 1901 5511 xv,
1933 5445 2015 5517 5).

444 5523 628 5593 Magna
655 5535 760 5585 res,
792 5521 1000 5589 fratres,
1025 5532 1080 5580 et
1101 5521 1384 5581 btereditas
1410 5526 1574 5598 ipsius
1596 5544 1798 5595 sumus,
1828 5542 1885 5589 et
1910 5535 2019 5591 hat.

441 5614 639 5674 reditas
669 5623 846 5667 nostra
869 5622 985 5668 est:
1012 5616 1133 5688 quia
1162 5625 1216 5671 et
1240 5618 1463 5673 colimus
1496 5635 1639 5688 eum,
1667 5632 1722 5679 et
1744 5626 1871 5680 colit
1894 5644 2012 5685 nos.

443 5702 589 5764 Nulla
624 5714 702 5761 est
732 5705 923 5775 injuria
952 5706 1027 5762 illi
1059 5709 1181 5779 quia
1207 5709 1334 5766 colit
1368 5727 1486 5768 nos.
1512 5713 1644 5782 Quia
1672 5717 1718 5771 si
1747 5733 1848 5775 nos
1880 5722 2015 5778 coli—

456 5800 730 5859 musillum
755 5810 815 5858 ut
839 5802 1001 5859 Deum
1030 5815 1293 5874 nostrum,
1338 5805 1427 5871 ille
1458 5806 1585 5864 colit
1610 5825 1706 5871 nos
1733 5820 1792 5877 ut
1822 5828 2008 5889 agrum

1703 332 1762 392 s.
1802 288 2181 401 AUGUSTiNi
2208 334 2516 397 EPISCOPI

3625 354 3713 414 652

2167 442 2357 506 suum.
2376 451 2442 505 Et
2469 459 2529 505 ut
2560 450 2744 506 sciatis
2769 449 3049 523 quia'colit
3072 466 3192 521 nos,
3223 453 3395 512 audite
3431 472 3542 516 eum
3572 478 3710 534 quem

2167 542 2313 596 misit
2339 541 2492 597 nobis
2517 559 2532 595 :
2559 541 2670 613 Ego
2696 554 2829 609 sum,
2858 538 3050 614 inquit,
3079 546 3212 611 sitis,
3250 548 3333 603 vos
3358 552 3467 605 estis
3486 555 3710 629 palmites,

2172 629 2331 687 Pater
2349 646 2491 686 meus
2507 632 2731 704 agricola
2746 643 2819 687 est
2844 632 3019 707 (Joan.
3040 650 3131 702 xv,
3152 637 3204 703 1,
3228 637 3304 708 5).
3327 640 3454 709 Ergo
3475 645 3594 700 coiit
3610 664 3712 704 nos.

2179 723 2285 781 Sed
2327 724 2370 778 si
2399 720 2632 780 fructtun
2657 725 2960 794 reddemus,
3001 736 3154 798 parat
3180 728 3445 786 horreum.
3473 731 3528 789 8i
3561 748 3717 797 autem

2177 819 2277 877 sub
2295 828 2442 876 tanto
2457 822 2661 878 euitare
2674 820 2887 879 steriles
2899 839 3021 879 esse
3035 826 3357 882 voluerimus
3375 831 3414 897 ι,
3433 842 3484 886 et
3511 850 3599 904 pro
3617 836 3720 892 int-

2166 924 2349 971 mento
2365 915 2547 985 Spinas
2569 917 2944 987 protulerimus
2965 937 2978 974 :
3001 920 3125 976 nolo
3139 920 3319 979 dicere
3336 927 3471 995 quod
3488 933 3723 1003 sequitur,

2167 1007 2234 1063 ad
2255 1008 2508 1087 gaudium
2535 1009 2799 1066 ﬁniamus.
2829 1012 3089 1068 Conversi
3119 1013 3184 1070 ad
3208 1015 3501 1087 Dominum,
3533 1030 3631 1078 etc.

2686 1147 2917 1211 SERMO
2932 1148 3093 1206 cxrv
3113 1150 3211 1223 (a).

2165 1276 2246 1335 De
2267 1276 2429 1336 seritis
2472 1280 2738 1355 Evangelii
2778 1283 2954 1353 Luca,
2983 1285 3042 1341 8i
3071 1287 3375 1357 peccaverit
3417 1289 3475 1345 in
3510 1299 3562 1347 te
3588 1291 3736 1351 inter

2236 1376 2380 1442 tuus,
2410 1372 2622 1446 corripe
2655 1372 2827 1445 illum,
2855 1387 2953 1433 etc.
2975 1376 3057 1433 De
3088 1380 3382 1439 remissione
3415 1394 3734 1457 poem,

2238 1478 2354 1535 cap.
2385 1476 2513 1535 xm,
2559 1466 2595 1539 γ
2630 1466 2667 1538 γ
2688 1506 2704 1522 .
2733 1467 2788 1536 '5,
2814 1469 2869 1523 ι.

2228 1602 2429 1661 Habitus
2447 1603 2513 1663 ad
2539 1610 2751 1665 uersam
2785 1608 3208 1721 Sason-tigrim,
3229 1618 3480 1678 prasente
3509 1617 3688 1669 comite

2236 1830 2289 1886 l.
2340 1826 2519 1887 Fratri
2565 1835 2758 1905 quoties
2825 1836 2881 1891 in
2937 1852 3030 1893 nos
3069 1843 3349 1911 peccaverit
3418 1853 3465 1899 et
3536 1847 3747 1916 pauita-

2165 1925 2261 1980 erit
2287 1926 2667 1998 ignoscendum.
2714 1929 2967 1986 Sanctum
2998 1932 3367 2005 Evangeiium,
3418 1938 3558 2007 quod
3602 1942 3747 1997 modo

2164 2028 2283 2071 cum
2364 2018 2679 2074 recitaretur
2754 2020 3072 2091 audivimus,
3149 2024 3218 2081 de
3282 2028 3602 2086 remissione
3661 2024 3751 2088 nos

2163 2108 2441 2163 admonuit
2460 2119 2820 2181 peccatorum.
2855 2113 2990 2170 Hinc
3033 2115 3365 2173 admonendi
3401 2122 3532 2175 estis
3555 2137 3617 2176 ex
3643 2137 3751 2179 ser-

2163 2215 2322 2256 mone
2348 2210 2553 2258 nostro.
2581 2202 2809 2259 Ministri
2835 2207 2979 2261 enim
3003 2220 3186 2264 sumus
3216 2211 3395 2278 Verbi,
3426 2228 3534 2267 non
3562 2217 3742 2282 nostri,

2163 2291 2258 2348 sed
2284 2292 2469 2364 utique
2491 2294 2587 2351 Dei
2618 2303 2673 2351 et
2701 2294 2912 2352 Domini
2944 2298 3134 2365 nostri,
3166 2301 3256 2356 cui
3305 2318 3470 2359 nemo
3505 2305 3616 2361 sine
3651 2308 3756 2377 glo-

2163 2385 2240 2439 ria
2274 2388 2460 2454 servit,
2485 2402 2644 2458 quem
2684 2403 2844 2444 nemo
2889 2390 3005 2446 sine
3059 2406 3217 2463 paena
3271 2398 3594 2451 contemnit.
3645 2396 3759 2468 ipse

2162 2494 2290 2549 ergo
2319 2478 2577 2536 Dominus
2609 2482 2749 2538 Deus
2772 2493 2973 2548 noster,
3004 2485 3092 2555 qui
3120 2500 3351 2542 manens
3381 2490 3525 2558 apud
3556 2489 3757 2545 Patrem

2160 2569 2286 2626 fecit
2315 2586 2433 2637 nos,
2465 2580 2521 2629 et
2555 2574 2725 2631 lactus
2756 2591 2853 2645 pro
2876 2576 3031 2630 nobis
3056 2577 3253 2633 reiecit
3281 2595 3421 2647 nos;
3453 2582 3569 2652 ipse
3594 2583 3760 2638 Domi-

2159 2676 2262 2717 nus
2289 2663 2428 2719 Deus
2459 2673 2644 2721 noster
2670 2665 2826 2721 Jcsus
2854 2667 3100 2723 Christus
3121 2669 3197 2723 ait
3245 2672 3411 2727 nobis
3431 2672 3577 2743 quod
3612 2674 3761 2729 modo

2158 2754 2462 2813 audivimus
2485 2758 2538 2813 in
2580 2757 2910 2829 Evangelia:
2944 2759 3007 2816 Si
3033 2765 3322 2831 peccaverit
3369 2766 3428 2821 in
3458 2774 3526 2834 te,
3574 2766 3759 2838 inquit,

2156 2852 2317 2920 [fater
2345 2859 2474 2921 tuus,
2503 2850 2698 2923 corripe
2724 2853 2875 2907 illum
2895 2871 2916 2920 ;
2936 2856 3047 2909 etsi
3066 2856 3427 2925 paenitentiam
3468 2862 3645 2932 egerit,
3681 2860 3759 2914 die

2156 2940 2293 2994 mitte
2316 2941 2438 2997 illi:
2469 2952 2516 2996 et
2537 2944 2582 2997 si
2605 2945 2786 3015 septies
2806 2946 2863 3000 in
2886 2945 2968 3001 die
2988 2950 3275 3018 peccauerit
3298 2950 3353 3004 in
3383 2962 3455 3019 te,
3490 2962 3537 3007 et
3569 2954 3760 3009 ueniens

2155 3031 2358 3099 dixerit,
2387 3030 2602 3089 Pwnitet
2630 3052 2728 3102 nte,
2757 3036 2956 3092 dimitte
2994 3038 3092 3093 illi.
3128 3040 3349 3111 Septies
3374 3043 3431 3096 in
3456 3044 3560 3109 die,
3609 3044 3769 3100 noluit

2154 3124 2401 3196 intelligi,
2434 3127 2536 3183 nisi
2566 3129 3044 3202 quotiescumque;
3073 3146 3142 3187 ne
3164 3132 3318 3191 forte
3348 3146 3543 3207 peccet
3574 3136 3765 3208 octies,

2152 3224 2209 3272 et
2259 3219 2397 3273 nolis
2451 3219 2745 3291 ignoscere.
2779 3221 2916 3290 Quid
2956 3230 3039 3278 est
3077 3238 3208 3295 ergo
3248 3228 3488 3299 septies?
3534 3229 3763 3299 Semper,

2150 3310 2589 3383 quotiescumque
2630 3316 2930 3383 peccaverit
2967 3330 3203 3388 eumque
3255 3323 3611 3393 pmnitucrit.
3661 3322 3769 3378 Hoc

2150 3402 2293 3458 enim
2319 3412 2420 3471 est,
2447 3404 2645 3477 Septies
2666 3407 2717 3461 in
2741 3406 2824 3463 die
2854 3408 2941 3462 tau
2953 3407 3084 3463 dabo
3125 3419 3174 3465 te
3197 3411 3386 3485 (Psat.
3412 3410 3600 3484 cxvtu,
3629 3414 3769 3492 £64);

2148 3496 2290 3567 quod
2312 3505 2396 3552 est
2423 3498 2475 3552 in
2501 3498 2605 3553 alio
2628 3498 2862 3569 Psalmo,
2917 3499 3132 3573 Semper
3154 3502 3281 3561 laus
3307 3509 3428 3580 ejus
3462 3511 3517 3563 in
3548 3525 3634 3563 ore
3666 3524 3770 3563 meo

2153 3585 2323 3660 (Psal.
2358 3604 2543 3658 xxxut,
2574 3589 2653 3663 2).
2691 3590 2756 3646 Et
2798 3607 2962 3662 quare
3001 3596 3207 3665 septies
3260 3614 3367 3668 pro
3413 3616 3484 3657 eo
3528 3600 3669 3673 quod
3696 3608 3775 3657 est

2147 3693 2360 3753 semper
2373 3692 2619 3753 ponatur,
2636 3684 2930 3739 certissima
2947 3686 3082 3741 ratio
3097 3696 3206 3757 est,
3229 3700 3450 3761 septem
3467 3694 3663 3767 quippe
3673 3692 3773 3750 die-

2146 3770 2247 3829 bus
2276 3773 2614 3831 venientibus
2654 3776 3066 3833 etredeuntibus
3082 3784 3263 3836 totum
3285 3784 3533 3841 volvitur
3550 3797 3770 3856 tempus.

2215 3860 2270 3916 2.
2305 3861 2461 3917 Venia
2504 3866 2652 3937 fratri
2702 3867 2892 3935 danda,
2942 3878 2999 3922 ut
3041 3885 3074 3923 a
3112 3866 3231 3927 Deo
3268 3876 3589 3947 accipiatur.
3620 3878 3772 3946 Quis-

2157 3953 2275 4025 quis
2304 3968 2433 4025 ergo
2457 3954 2728 4014 Christum
2783 3960 3004 4030 cogitas,
3040 3969 3094 4017 et
3119 3965 3285 4034 cupis
3327 3970 3594 4039 accipere
3641 3969 3776 4041 quod

2145 4044 2410 4114 promisit,
2439 4046 2548 4102 noli
2573 4060 2692 4103 esse
2717 4047 2868 4120 piger
2891 4050 3067 4108 facere
3110 4055 3269 4124 quod
3297 4062 3595 4133 praecepit.
3636 4059 3775 4129 Quid

2143 4136 2284 4190 enim
2307 4137 2586 4207 promisit?
2615 4136 2788 4197 Vitam
2827 4150 3103 4203 aeternam.
3151 4146 3229 4204 Et
3292 4152 3436 4222 quid
3489 4154 3781 4228 prmcepit?

2141 4225 2266 4283 Dari
2310 4228 2460 4287 fratri
2509 4239 2603 4288 tuo
2645 4235 2879 4292 veniam.
2919 4237 3201 4313 Tanquam
3254 4225 3501 4305 diceret,
3531 4251 3627 4308 tibi
3661 4225 3776 4306 :VTu

2140 4319 2326 4390 homo,
2354 4322 2420 4378 da
2450 4323 2652 4382 homini
2674 4330 2908 4400 veniam,
2942 4340 3001 4388 ut
3026 4349 3127 4408 ego
3148 4333 3311 4395 Deus
3348 4342 3425 4397 ad
3462 4350 3517 4400 te
3543 4344 3774 4399 veniam.

2138 4412 2242 4469 Sed
2274 4425 2330 4470 ut
2358 4420 2619 4487 omittam,
2646 4418 2729 4477 vel
2752 4424 2924 4495 potius
2950 4425 3319 4486 intermittam
3350 4434 3554 4491 altiora
3580 4437 3669 4490 illa
3693 4431 3776 4491 di-

2138 4505 2258 4560 vina
2289 4508 2567 4578 promissa,
2603 4508 2655 4565 in
2683 4511 2877 4585 quibus
2896 4530 2995 4571 nos
3025 4516 3266 4576 Creator
3316 4537 3523 4583 noster
3542 4526 3779 4585 facturus

2135 4604 2218 4652 est
2237 4601 2469 4671 aequales
2500 4604 2717 4675 Angelis
2744 4606 2877 4676 suis,
2930 4616 2990 4663 ut
3017 4625 3139 4666 cum
3185 4614 3292 4669 illo
3312 4626 3375 4673 et
3403 4620 3463 4675 in
3496 4620 3594 4676 illo
3636 4629 3689 4677 et
3713 4619 3779 4677 de

2135 4688 2228 4743 illo
2266 4691 2383 4748 sine
2428 4694 2535 4749 line
2581 4695 2945 4754 vivamuszut
2991 4699 3094 4757 itoc
3134 4703 3380 4765 interim
3440 4727 3557 4767 non
3587 4712 3779 4780 dicam,

2134 4778 2237 4836 hoc
2264 4781 2433 4852 ipsum
2449 4784 2591 4856 quod
2614 4785 2822 4857 juberis
2852 4787 3005 4846 fratri
3036 4801 3125 4848 tuo
3140 4793 3314 4865 dare,
3342 4815 3378 4854 a
3402 4800 3524 4858 Deo
3553 4811 3648 4857 tuo
3674 4778 3780 4858 non

2131 4871 2213 4926 vis
2239 4874 2521 4947 accipere?
2542 4877 2655 4933 Hoc
2680 4879 2875 4951 ipsum,
2905 4882 3139 4957 inquam,
3168 4891 3341 4960 quod
3359 4890 3590 4965 juberis
3635 4896 3783 4952 fratri

2131 4970 2224 5018 tuo
2249 4963 2399 5032 dare,
2420 4982 2450 5020 a
2480 4967 2707 5024 Domino
2743 4980 2834 5028 tuo
2878 4989 2984 5029 non
3026 4976 3106 5032 vis
3141 4963 3474 5054 accipere?
3522 4989 3621 5043 Dic
3648 4987 3777 5043 mihi

2128 5054 2172 5109 si
2202 5071 2306 5111 non
2336 5058 2435 5124 vis,
2462 5069 2517 5114 et
2536 5061 2647 5118 noli
2673 5061 2823 5121 dare.
2840 5064 2980 5134 Quid
2996 5078 3078 5125 est
3106 5070 3248 5142 hoc,
3281 5077 3401 5134 nisi
3434 5090 3500 5136 ut
3530 5080 3783 5153 poscenti

2127 5145 2390 5217 ignoscas,
2439 5149 2484 5206 si
2515 5151 2610 5207 tibi
2658 5156 2834 5224 poscis
2864 5158 3104 5229 ignosci?
3147 5164 3277 5221 Aut
3334 5169 3388 5225 si
3444 5145 3559 5227 non
3600 5172 3783 5228 .habes

2124 5239 2267 5310 quod
2289 5241 2380 5296 tibi
2407 5243 2734 5317 ignoscatur,
2773 5250 2948 5306 audeo
3003 5252 3215 5324 dicere,
3270 5258 3413 5319 Noli
3461 5264 3778 5337 ignoscere.

2125 5331 2437 5405 Quanquam
2484 5352 2585 5393 nee
2630 5338 2735 5397 hoc
2775 5341 2951 5400 dicere
2994 5345 3181 5404 debui.
3246 5349 3385 5411 Etsi
3435 5331 3557 5415 non
3612 5359 3783 5416 babes

2124 5425 2264 5497 quod
2294 5426 2388 5482 tibi
2417 5426 2742 5502 ignoscatur,
2773 5434 3009 5506 ignosce.

2180 5560 2322 5612 ιΑω.
2347 5566 2423 5612 Er.
2448 5569 2837 5633 etomneslm,
2861 5571 3165 5639 stirpesesse
3191 5581 3553 5644 eam,

2181 5644 2899 5730 ((³)..ιίῖἓέἓῆιΡΨΡυἮνυῙΗθιῐιιῗ
2939 5672 3005 5730 9‘.
3041 5661 3251 5730 duabus
3278 5677 3401 5721 Mss.
3435 5690 3449 5725 ε
3482 5692 3593 5727 uno
3614 5686 3779 5730 κως

2593 5708 3251 5792 Patrum‘cis‘t’ercieustiu—HT

3083 5769 3214 5775 τμη
3269 5769 3477 5788 ...ηπ

2115 5769 2624 5867 sumamus
2640 5812 2655 5837 ν
2939 5783 3153 5867 aetery
3199 5769 3787 5867 νπίδίειιειξὸυιύέηῖ

2116 5843 2194 5882 nae
2214 5821 2520 5887 bibliothecae
2536 5821 2927 5913 sanasse};
