4126 6322
356 280 465 339 653

427 366 487 455 5.
514 394 610 451 De:
648 390 877 463 excerpta
926 388 1165 445 donanda
1189 385 1378 441 debita.
1420 381 1673 439 Dicturus
1701 393 1761 435 es
1806 376 1942 435 mihi

355 490 518 547 modo
548 507 561 543 :
591 486 699 543 Sed
721 500 819 556 ego
840 500 947 539 non
973 498 1089 537 sum
1117 482 1275 546 Deus,
1307 479 1469 533 homo
1500 490 1622 531 sum
1674 479 1941 545 peccator.

357 583 471 639 Deo
494 579 713 653 gratias,
758 574 899 646 quod
945 573 1215 630 conﬁteris
1239 585 1357 626 esse
1397 576 1612 638 peccata
1650 574 1759 621 tua.
1804 564 1945 633 Ergo

359 676 597 748 ignosce,
626 679 689 728 ut
706 669 1042 726 dimittantur
1071 665 1185 722 tibi.
1214 663 1466 719 Hortatur
1496 673 1593 717 nos
1621 666 1796 712 tamen
1830 656 1945 724 ipse

358 765 620 823 Dominus
654 764 796 817 Deus
820 769 1003 815 noster
1043 766 1099 811 ut
1140 756 1409 810 imitemur
1445 767 1587 809 eum.
1635 750 1814 806 Primo
1835 761 1945 817 ipse

360 860 501 915 Deus
522 856 786 919 Christus,
819 852 887 909 de
926 866 1030 924 quo
1067 848 1341 919 apostolus
1368 847 1556 901 Petrus
1596 843 1736 897 dixit
1759 859 1773 903 :
1798 839 1946 897 Chri-

357 959 467 1005 stus
494 964 586 1017 pro
608 945 748 1000 nobis
778 960 958 1015 passus
977 952 1069 1008 est,
1094 941 1380 1011 relinquens
1404 938 1542 992 vobis
1568 936 1870 1004 exmplum,
1894 939 1947 984 ut

358 1039 643 1114 sequamini
668 1037 873 1107 vestigia
916 1036 1063 1107 ejus;
1111 1033 1197 1103 qui
1228 1039 1485 1102 peccatum
1531 1044 1633 1081 non
1679 1026 1816 1096 fecit,
1857 1039 1946 1077 nec

359 1134 591 1187 iuventus
618 1139 691 1184 est
717 1128 864 1183 dolus
886 1128 940 1181 in
975 1143 1061 1180 ore
1086 1126 1197 1197 ejus
1219 1122 1260 1196 (1
1288 1121 1432 1177 Patr.
1460 1136 1520 1186 tt,
1555 1118 1618 1173 21
1650 1128 1695 1171 et
1723 1117 1840 1186 ‘22).
1883 1116 1949 1169 Et

359 1226 542 1296 utique
586 1224 699 1293 ipse
749 1236 854 1275 non
891 1219 1119 1273 habebat
1176 1224 1469 1286 peccatum,
1500 1220 1554 1266 et
1598 1219 1837 1265 mortuus
1866 1215 1948 1261 est

360 1334 457 1390 pro
484 1316 718 1389 peccatis
736 1311 951 1375 nostris,
988 1318 1041 1365 et
1068 1309 1379 1377 sanguinem
1414 1320 1567 1360 suum
1599 1302 1732 1357 ludit
1759 1301 1812 1354 in
1858 1315 1944 1353 re-

360 1413 670 1470 missionem
700 1416 1059 1479 peccatorum.
1087 1402 1332 1471 Suscepit
1362 1415 1457 1470 pro
1475 1398 1627 1453 nobis
1674 1395 1813 1467 quod
1842 1409 1946 1448 non

360 1503 610 1569 debebat,
672 1509 729 1555 ut
777 1513 877 1555 nos
924 1512 953 1551 a
1000 1496 1177 1551 debito
1234 1494 1504 1547 liberaret.
1555 1490 1673 1545 Non
1722 1486 1951 1542 debebat

360 1596 519 1662 mori,
551 1609 651 1649 nec
676 1607 773 1646 nos
817 1591 1015 1645 vivere.
1058 1588 1273 1655 Quare?
1311 1586 1442 1653 Quia
1479 1591 1785 1654 peccatores
1834 1595 1951 1635 era-

359 1684 628 1743 mus.Ncc
656 1697 800 1737 mors
836 1680 1127 1735 debebatur
1163 1678 1256 1743 illi,
1290 1692 1390 1732 nec
1437 1676 1541 1730 vita
1580 1674 1731 1729 nobis
1762 1692 1774 1726 :
1808 1670 1950 1741 quod

361 1779 414 1836 ei
446 1793 553 1833 non
582 1775 875 1830 debebatur
895 1772 1121 1841 accepit,
1148 1769 1289 1840 quod
1320 1769 1471 1822 nobis
1512 1783 1618 1821 non
1655 1765 1951 1820 debebatur

360 1872 529 1929 dedit.
561 1869 666 1926 Sed
688 1868 937 1939 quoniam
960 1867 1027 1919 de
1054 1864 1369 1920 remissione
1385 1864 1557 1932 agitur
1589 1868 1948 1931 peccatorum,

364 1980 433 2022 ne
455 1963 681 2018 multum
711 1959 777 2014 ad
801 1975 894 2014 vos
926 1959 941 1989 ί
972 1956 1166 2028 putetis
1187 1956 1382 2010 imitari
1410 1954 1700 2015 Christum,
1725 1951 1953 2021 Aposto-

362 2059 473 2113 lutn
500 2057 677 2111 audite
698 2055 982 2118 dicentem,
1022 2050 1279 2105 Donautes
1319 2047 1697 2118 robismetipsis,
1736 2047 1863 2099 sicut
1905 2054 1953 2099 et

366 2150 505 2206 Deus
540 2150 595 2203 in
640 2148 835 2203 Christo
870 2146 1071 2200 donavit
1117 2144 1251 2198 vobis
1288 2143 1601 2213 (Coloss.m,
1638 2140 1749 2211 i5).
1778 2139 1955 2195 Estote

365 2259 484 2314 ergo
510 2242 784 2296 imitatores
815 2236 910 2292 Dei
932 2236 1147 2307 (Ep/tes.
1176 2251 1228 2303 v,
1256 2234 1328 2305 1).
1354 2234 1593 2302 Apostoli
1624 2232 1781 2287 verba
1808 2240 1950 2299 sunt,

365 2350 474 2391 non
502 2348 621 2389 mea
660 2350 672 2385 :
701 2332 874 2385 Estote
896 2346 1012 2400 ergo
1042 2329 1316 2383 imitatores
1339 2325 1454 2379 Dei.
1477 2324 1636 2381 Certe
1661 2323 1954 2393 superbum

365 2437 451 2486 est
466 2426 661 2485 imitari
689 2424 900 2481 Deum?
930 2422 1068 2478 Audi
1091 2420 1404 2491 Apostolum
1435 2438 1449 2473 :
1476 2417 1651 2473 Estote
1676 2417 1953 2472 imitatores

365 2522 485 2587 Dei,
513 2521 643 2576 sicut
676 2519 772 2589 ﬁlii
825 2517 1132 2571 charissimi.
1180 2514 1350 2568 Filius
1397 2512 1594 2567 diceris
1625 2513 1708 2567 :si
1746 2511 1956 2583 respuis

367 2612 739 2678 imitationem,
766 2624 929 2683 quare
956 2608 1150 2679 quieris
1176 2605 1577 2661 barrcditatcm?

441 2707 495 2762 4.
538 2703 783 2759 Peccator
841 2702 1068 2771 peccanti
1102 2702 1350 2771 ignoscat.
1383 2698 1494 2753 lloc
1537 2698 1771 2752 dicerem
1802 2698 1847 2752 si
1875 2697 1959 2753 ni-

367 2799 442 2854 hil
489 2797 689 2869 peccati
719 2796 968 2862 haberes,
1022 2793 1163 2864 quod
1197 2792 1288 2847 tibi
1332 2792 1559 2847 relaxari
1599 2791 1955 2847 desiderares.

368 2892 527 2950 Modo
553 2900 728 2947 autem
769 2889 1012 2960 quisquis
1043 2902 1122 2953 es,
1168 2887 1328 2941 homo
1365 2901 1424 2939 es
1454 2903 1466 2939 :
1490 2885 1665 2953 justus
1704 2886 1779 2939 sis
1810 2885 1953 2951 licet,

368 2984 533 3040 homo
558 2999 649 3049 es;
679 2982 846 3036 laicus
884 2982 980 3047 sis,
1011 2978 1171 3034 homo
1195 2986 1282 3043 es;
1326 2976 1618 3032 monachus
1664 2977 1758 3040 sis,
1796 2976 1960 3031 homo

368 3094 461 3144 es;
501 3076 726 3133 clericus
761 3074 857 3140 sis,
897 3073 1057 3127 homo
1098 3085 1188 3135 es;
1221 3070 1505 3139 episcopus
1544 3068 1636 3133 sis,
1676 3066 1837 3121 homo
1862 3082 1955 3134 es;

368 3170 644 3241 apostolus
671 3168 767 3233 sis,
794 3166 954 3221 homo
976 3180 1053 3220 es.
1086 3164 1285 3219 Vocem
1322 3162 1552 3231 apostoli
1580 3160 1701 3217 audi
1736 3179 1748 3213 :
1784 3160 1843 3216 Si
1878 3161 1959 3214 di-

369 3264 596 3317 wimus
615 3260 733 3331 quia
765 3267 1026 3331 peccatum
1048 3273 1145 3311 non
1179 3254 1439 3317 habemus,
1472 3270 1564 3308 nos
1585 3254 1723 3323 ipsos
1755 3253 1959 3309 seduci-

371 3352 692 3416 mus’.lllc,
723 3350 831 3416 ille,
888 3350 979 3405 ille
1029 3350 1263 3404 Joannes
1297 3356 1352 3404 et
1400 3348 1744 3416 evangelista,
1798 3362 1956 3417 quem

372 3443 633 3499 Dominus
673 3440 917 3498 Christus
963 3456 1070 3508 prae
1113 3439 1320 3493 ueteris
1365 3437 1646 3507 diligebat,
1683 3437 1774 3507 qui
1800 3451 1960 3506 supra

370 3548 557 3608 pectus
581 3536 695 3606 ejus
715 3532 1106 3597 discumbebat,
1136 3532 1249 3599 ipse
1284 3530 1375 3593 ait,
1401 3528 1463 3585 Si
1498 3530 1775 3583 dixerimus
1808 3545 1825 3583 :
1852 3544 1962 3584 non

371 3630 527 3694 dixit,
551 3627 609 3683 Si
660 3627 904 3682 dixeritis
942 3624 1065 3695 quia
1104 3634 1380 3693 peccatum
1424 3635 1532 3675 non
1563 3620 1807 3686 habetis;
1842 3620 1959 3686 sed,

372 3722 438 3781 Si
464 3721 740 3778 dixerimus
778 3720 897 3790 quia
948 3727 1205 3787 peccatum
1250 3732 1351 3770 non
1389 3715 1649 3780 habemus,
1700 3731 1791 3769 nos
1825 3716 1962 3784 ipsos

370 3814 700 3877 seducimus,
770 3821 818 3867 et
889 3810 1070 3865 veritas
1138 3811 1192 3861 in
1259 3806 1403 3862 nobis
1456 3822 1559 3860 non
1628 3813 1720 3868 est.
1780 3805 1966 3860 Junxit

372 3923 435 3964 se
483 3908 538 3963 in
581 3905 762 3983 culpa,
820 3910 881 3959 ut
920 3902 1233 3973 jungeretur
1277 3907 1333 3954 et
1380 3900 1432 3954 in
1464 3898 1640 3954 venia.
1706 3897 1770 3953 Si
1816 3898 1966 3953 dixe-

374 4000 536 4053 rimus
574 3995 797 4051 :videte
867 3994 987 4064 quis
1044 3992 1310 4051 dicat:Si
1361 3991 1637 4047 dixerimus
1677 3992 1796 4058 quia
1848 4008 1966 4063 pec-

372 4101 549 4151 catum
588 4106 689 4143 non
736 4088 996 4151 habemus,
1032 4103 1121 4140 nos
1168 4086 1307 4154 ipsos
1358 4083 1665 4149 seducimus,
1692 4094 1737 4138 et
1786 4086 1965 4141 veritas

373 4182 432 4237 in
481 4180 623 4237 nobis
668 4195 770 4234 non
814 4188 908 4233 est.
952 4176 1014 4232 Si
1041 4186 1209 4230 autem
1249 4175 1467 4247 confessi
1496 4175 1739 4245 fuerimus
1762 4184 1966 4243 peccata

375 4283 569 4339 nostra,
599 4271 763 4341 ﬁdelis
786 4279 859 4335 est
882 4280 929 4323 et
940 4270 1134 4339 justus,
1159 4269 1245 4338 qui
1270 4268 1487 4321 dimittat
1508 4267 1648 4322 nobis
1677 4278 1899 4337 peccata,
1922 4278 1967 4323 et

379 4367 586 4421 mandet
629 4381 720 4419 nos
754 4364 815 4417 ab
854 4363 990 4415 omni
1018 4362 1281 4431 iniquitate
1302 4359 1343 4433 (Ι
1370 4359 1527 4415 Joau.
1563 4377 1597 4424 ι,
1634 4361 1687 4422 8,
1716 4361 1793 4431 9).
1822 4362 1968 4429 Quo-

380 4460 541 4515 modo
566 4455 821 4515 muudat?
849 4452 1196 4525 Ignoscendo,
1246 4467 1350 4509 non
1387 4452 1537 4522 quasi
1580 4453 1862 4511 inveniens
1893 4452 1967 4527 (a)

379 4551 525 4622 quod
552 4550 753 4621 puniat,
780 4548 875 4603 sed
898 4532 1175 4602 inveniens
1199 4546 1340 4616 quod
1360 4546 1610 4601 dimittat.
1633 4546 1776 4619 Ergo
1798 4549 1842 4603 si
1872 4548 1967 4601 Ita-

384 4642 572 4698 bemus
612 4650 829 4711 peccata
861 4681 877 4705 ,
928 4638 1152 4704 fratres,
1212 4638 1549 4706 ignoscamus
1609 4639 1964 4707 petentibus’.

382 4733 499 4791 Non
530 4732 828 4789 inimicitias
854 4732 907 4787 in
944 4730 1106 4786 corde
1133 4738 1316 4785 nostro
1361 4738 1546 4784 contra
1591 4730 1816 4785 alterum
1840 4732 1966 4786 reti-

384 4839 626 4881 neamus.
658 4824 785 4883 Plus
814 4822 954 4878 enim
980 4820 1271 4881 inimicitia
1307 4827 1530 4877 retentas
1564 4820 1752 4891 vitiant
1797 4822 1969 4893 ipsum

384 4932 480 4974 601'
499 4924 760 4977 ηοειῐυως
1656 4925 1665 4935 ’

458 5012 515 5073 5.
552 5008 713 5067 Venia
740 5024 772 5062 a
810 5006 920 5064 Deo
949 5007 1006 5062 iis
1024 5006 1255 5062 oratione
1292 5004 1486 5077 petitur
1514 5020 1630 5059 cum
1669 5014 1815 5075 pacto
1844 5007 1975 5062 dan-

390 5104 469 5160 da:
515 5103 637 5157 aliis
686 5101 863 5157 enim.
918 5098 1051 5154 Volo
1105 5112 1234 5167 ergo
1300 5106 1355 5155 te
1410 5097 1796 5168 ignoscentem,
1850 5099 1973 5169 quia

393 5207 549 5255 teneo
568 5195 776 5253 veniam
801 5192 1178 5262 postulantem.
1203 5190 1447 5261 Rogaris,
1474 5189 1723 5259 ignosce:
1748 5191 1973 5260 rogaris,

391 5300 446 5349 et
466 5290 714 5362 rogabis;
743 5287 967 5359 rogaris,
996 5286 1246 5357 ignosce;
1275 5293 1328 5341 tu
1353 5284 1565 5355 rogabis
1593 5292 1650 5338 ut
1671 5283 1978 5355 ignoscatur

454 5445 471 5477 ι
497 5450 735 5493 Ramnes
757 5448 860 5501 M8.,
880 5437 995 5504 inde
1023 5437 1300 5504 loquentia.

453 5507 477 5539 ³
494 5511 547 5555 m
567 5512 901 5563 nonanona,
1390 5562 1395 5567 δ

454 5569 732 5621 'Roanmts
752 5561 1326 5628 naturarum.”
1358 5562 1430 5613 sic
1620 5563 1749 5628 loco,
1768 5562 1981 5628 Putaui;

392 5602 1412 5693 ωὲῒῆἆῶἷὶιόᾝεᾚ“⁷άῖηααωωτ”
1358 5602 1430 5613 “”
1458 5602 1586 5690 iiii:
1618 5602 1863 5691 WW'
1768 5602 1786 5614 ”
1807 5602 1982 5682 ""713

459 5730 545 5819 Et").
565 5760 731 5816 Forte,
754 5766 847 5804 im
869 5754 1006 5817 quasi
1024 5765 1115 5803 uoti
1136 5752 1392 5809 iam

1732 258 1966 320 SERMO
1998 257 2185 319 CXIV.

3490 252 3638 314 {653

2054 397 2167 452 tibi.
2199 396 2343 453 Ecce
2370 395 2547 451 veniet
2574 396 2591 428 ί
2622 401 2834 465 tempus
2856 392 3043 450 orandi
3071 411 3085 449 :
3113 392 3167 450 ln
3196 392 3373 449 verbis
3398 408 3519 465 quae
3547 394 3633 449 di-

2055 497 2238 543 cturus
2266 502 2343 552 es,
2369 495 2524 540 teneo
2552 494 2621 541 te.
2654 488 2896 540 Dicturus
2927 502 3005 553 es,
3040 485 3196 539 Pater
3214 496 3381 541 noster
3400 487 3484 557 qui
3506 503 3557 540 es
3581 487 3636 541 in

2054 584 2211 638 caelis.
2238 582 2352 638 Non
2384 583 2525 638 enim
2555 585 2659 635 eris
2687 582 2738 635 in
2764 596 2985 635 numero
3032 580 3283 644 filiorum,
3326 581 3369 635 si
3408 596 3513 635 non
3557 580 3636 634 di.

2054 685 2238 730 cturus
2264 690 2341 741 es,
2370 672 2526 727 Pater
2556 684 2739 726 noster.
2772 672 2913 743 Ergo
2956 672 3195 728 dicturus
3221 687 3298 737 es,
3334 670 3493 725 Pater
3539 688 3635 726 no-

2052 776 2154 822 ster
2188 767 2274 837 qui
2321 783 2371 819 es
2424 768 2476 819 in
2530 765 2685 819 ctelis.
2738 763 3018 833 Sequere:
3051 764 3411 833 Sanctiﬁcatur
3454 782 3637 820 nomen

2054 867 2212 913 tuum.
2250 859 2341 911 Dic
2362 858 2535 911 adhuc
2569 876 2583 911 :
2612 857 2855 909 Adveniat
2892 874 3100 927 regnum
3149 866 3310 910 tuum.
3343 856 3529 912 Adhuc
3550 872 3638 914 se-

2052 968 2218 1023 quere
2250 970 2263 1005 :
2296 950 2412 1004 Fiat
2432 950 2662 1006 voluntas
2684 958 2790 1014 tua,
2813 950 2940 1005 sicut
2966 950 3017 1002 in
3040 950 3181 1015 atrio,
3208 958 3251 1003 et
3272 952 3323 1003 in
3346 951 3641 1007 terra.Vide

2052 1044 2179 1115 quid
2208 1044 2464 1113 adjungas
2498 1062 2509 1097 :
2542 1042 2742 1095 Panem
2769 1052 2993 1095 nostrum
3026 1042 3377 1112 quotidianum
3404 1044 3469 1097 da
3498 1044 3641 1097 nobis

2054 1134 2222 1188 hodie.
2247 1134 2345 1189 Ubi
2377 1142 2502 1189 sunt
2539 1133 2736 1187 divitia:
2772 1132 2908 1186 tum?
2936 1132 3073 1187 Ecce
3100 1132 3391 1188 mendicas.
3422 1132 3641 1188 Interim

2055 1236 2232 1281 tamen
2264 1228 2399 1283 unde
2420 1228 2611 1297 agitur,
2642 1228 2726 1281 dic
2768 1228 2940 1281 adhuc
2989 1234 3111 1296 post
3143 1245 3154 1279 :
3185 1227 3383 1281 Panem
3413 1238 3643 1284 nostrum

2054 1320 2401 1392 quotidiana»:
2428 1322 2493 1374 da
2521 1321 2662 1375 nobis
2684 1319 2853 1374 hodie.
2883 1320 2977 1374 Dic
2995 1319 3168 1375 adhuc
3194 1321 3333 1392 quod
3352 1324 3592 1391 sequitur
3622 1340 3637 1377 :

2055 1411 2269 1465 Dimitte
2316 1412 2457 1466 nobis
2510 1412 2674 1465 debita
2708 1422 2902 1465 nostra.
2936 1412 3137 1466 Venisti
3168 1413 3233 1466 ad
3281 1414 3441 1468 verba
3474 1430 3593 1469 mea
3624 1433 3638 1470 :

2054 1502 2282 1570 Dimitte,
2317 1504 2505 1573 inquit,
2532 1505 2672 1558 nobis
2687 1503 2849 1557 debita
2879 1514 3073 1557 nostra.
3096 1504 3211 1569 Quo
3236 1504 3393 1573 jure?
3424 1521 3527 1575 quo
3545 1522 3642 1577 pa-

2055 1598 2305 1668 cto?quo
2339 1597 2571 1667 placito?
2618 1612 2724 1667 quo
2744 1596 3099 1667 chirographo
3130 1598 3389 1651 recitato?
3421 1598 3565 1652 Sicut
3596 1610 3643 1653 et

2057 1705 2147 1743 nos
2176 1689 2472 1743 dimittimus
2497 1688 2799 1743 debitoribus
2846 1689 3051 1742 nostris.
3110 1687 3327 1760 (Matth.
3367 1704 3439 1754 v1,
3469 1687 3644 1762 9-12).

2057 1779 2252 1835 Parum
2274 1788 2357 1835 est
2399 1780 2539 1850 quod
2572 1796 2677 1835 non
2705 1780 2927 1836 dimittis
2970 1800 2982 1836 :
3010 1780 3186 1836 adhuc
3216 1790 3269 1836 et
3298 1781 3409 1836 Deo
3454 1782 3648 1835 menti-

2056 1871 2152 1926 ris.
2176 1871 2421 1926 Conditio
2445 1873 2615 1941 posita
2662 1880 2763 1938 est,
2795 1873 2897 1927 lixa
2947 1881 3033 1927 est
3078 1873 3160 1927 lex
3196 1890 3207 1926 :
3244 1873 3479 1940 Dimitte,
3512 1874 3652 1930 sicut

2058 1963 2285 2019 dimitto.
2320 1964 2460 2033 Ergo
2486 1979 2591 2019 non
2620 1964 2858 2031 dimittit,
2891 1964 2992 2018 nisi
3020 1964 3277 2019 dimittas.
3310 1966 3545 2032 Dimitte,
3577 1968 3648 2021 si-

2058 2064 2148 2110 cut
2172 2055 2402 2110 dimitto.
2436 2056 2644 2110 Petenti
2672 2056 2750 2109 vis
2774 2064 2829 2108 ut
2864 2054 3161 2110 dimittatur
3186 2056 3301 2121 tibi,
3338 2058 3537 2125 petenti
3566 2058 3649 2112 di-

2059 2147 2227 2202 mitte.
2258 2148 2450 2203 Preces
2477 2147 2606 2202 istas
2649 2146 2993 2217 Jurisperitus
3021 2132 3149 2202 coeli
3185 2146 3401 2201 dictavit
3432 2166 3444 2202 :
3470 2164 3573 2203 non
3598 2159 3651 2205 te

2059 2242 2226 2307 fallit;
2274 2242 2564 2298 secundum
2593 2242 2865 2297 coalestem
2912 2241 3029 2311 ejus
3075 2256 3261 2296 vocem
3315 2256 3510 2311 posce:
3542 2244 3648 2311 die,

2060 2334 2271 2389 Dimitte
2299 2336 2463 2399 nobis,
2494 2336 2621 2390 sicut
2640 2344 2684 2388 et
2710 2350 2801 2388 nos
2831 2334 3167 2398 dimittimus;
3196 2343 3250 2388 ct
3294 2334 3376 2390 l‘ac
3397 2336 3537 2405 quod
3567 2336 3651 2388 di-

2061 2429 2161 2482 cis.
2186 2428 2286 2495 Qui
2332 2427 2587 2482 mentitur
2625 2427 2677 2480 in
2706 2426 2980 2492 Precibus,
3032 2424 3291 2481 beneﬁcio
3344 2435 3533 2483 caret:
3562 2429 3655 2497 qui

2060 2520 2317 2573 mentitur
2363 2519 2415 2572 in
2466 2517 2739 2579 Precibus,
2784 2526 2838 2571 et
2882 2516 3054 2585 perdit
3092 2532 3306 2572 causam
3357 2528 3412 2574 et
3454 2520 3657 2576 invenit

2063 2628 2297 2683 poenam.
2328 2612 2393 2666 Et
2414 2612 2458 2664 si
2484 2610 2673 2681 aliquis
2698 2610 2951 2664 mentitur
2978 2609 3307 2679 imperatori,
3335 2624 3456 2665 cum
3490 2627 3655 2667 vene-

2063 2704 2155 2769 rit,
2198 2704 2532 2759 convincitur
2602 2703 2722 2772 quia
2768 2702 3300 2772 mentitur:quando
3368 2714 3543 2761 autem
3599 2714 3657 2762 tu

2063 2796 2270 2851 orando
2315 2796 2557 2850 mentiris
2594 2796 2644 2848 in
2701 2798 2813 2865 ipsa
2858 2795 3098 2850 oratione
3145 2797 3495 2854 convinceris.
3536 2799 3657 2855 Non

2064 2887 2207 2942 enim
2237 2886 2375 2941 Deus
2403 2894 2459 2939 ut
2482 2895 2530 2939 te
2566 2886 2848 2940 convincat
2876 2894 3037 2942 testes
3089 2887 3154 2942 ad
3196 2897 3247 2943 te
3295 2890 3505 2957 quaarit.
3556 2891 3657 2958 Qui

2064 2977 2159 3031 tibi
2190 2976 2409 3031 dictavit
2436 2975 2655 3041 Preces,
2698 2975 2987 3030 advocatus
3012 2984 3094 3031 est
3120 2986 3242 3032 tuus
3273 2996 3283 3031 :
3311 2978 3356 3033 si
3384 2980 3650 3048 mentiris,

2065 3068 2217 3123 testis
2244 3076 2353 3130 est;
2376 3066 2419 3121 si
2450 3083 2559 3122 non
2583 3074 2633 3121 te
2650 3067 2894 3137 corrigis,
2922 3066 3088 3135 judex
3114 3069 3215 3122 erit
3247 3078 3399 3124 tuus:
3436 3070 3575 3142 Ergo
3600 3080 3659 3129 et.

2066 3161 2173 3228 die,
2196 3170 2249 3216 et
2274 3160 2375 3215 fac.
2409 3160 2541 3227 Quia
2572 3159 2615 3214 si
2639 3175 2743 3214 non
2782 3159 2936 3226 dicis,
2963 3168 3148 3214 contra
3182 3160 3271 3231 jus
3297 3162 3526 3231 petendo
3549 3180 3658 3220 non

2069 3255 2325 3323 impetras
2359 3272 2371 3307 :
2400 3252 2443 3307 si
2468 3262 2644 3307 autem
2668 3252 2799 3307 dicis
2828 3263 3007 3308 etnon
3035 3252 3185 3321 lacis,
3235 3256 3394 3311 etiam
3436 3258 3659 3312 menda-

2068 3348 2135 3402 cii
2164 3363 2288 3403 reus
2318 3346 2445 3401 eris.
2484 3346 2597 3401 Non
2622 3356 2703 3400 est
2728 3362 2830 3417 qua
2862 3362 3046 3403 versus
3075 3348 3175 3403 iste
3204 3357 3523 3416 transeatur,
3556 3352 3660 3408 nisi

2070 3441 2213 3511 quod
2246 3440 2479 3495 dicimus
2511 3440 2811 3509 impleatur.
2843 3441 3107 3511 Numquid
3133 3442 3315 3498 delere
3350 3445 3506 3499 istum
3537 3462 3661 3502 ver—

2069 3547 2187 3586 sum
2218 3532 2508 3601 poterimus
2536 3530 2601 3585 de
2631 3532 2874 3586 oratione
2906 3534 3121 3587 nostra?
3148 3537 3230 3589 An
3258 3536 3418 3592 vultis
3446 3547 3502 3592 ut
3525 3538 3661 3594 illud

2071 3622 2139 3675 ibi
2172 3623 2258 3686 sit,
2289 3621 2499 3675 Dimitte
2526 3622 2666 3675 nobis
2688 3622 2855 3675 debita
2881 3634 3055 3677 nostra
3076 3640 3095 3678 :
3125 3634 3176 3679 et
3210 3627 3486 3683 deleamus
3518 3630 3661 3698 quod

2070 3714 2332 3783 sequitur,
2368 3712 2581 3768 Sicutet
2611 3731 2702 3767 nos
2746 3715 3042 3770 dimittimus
3088 3716 3394 3773 debitoribus
3438 3723 3665 3776 nostris?

2069 3805 2187 3861 Non
2212 3805 2438 3872 delebis,
2466 3822 2534 3861 ne
2560 3816 2683 3861 ante
2708 3806 2957 3862 delearis.
2985 3807 3040 3860 ln
3072 3809 3317 3863 oratione
3339 3826 3468 3880 ergo
3492 3811 3626 3866 dicis
3643 3852 3660 3880 ,

2070 3896 2193 3966 Da,-
2219 3898 2352 3955 dicis
2377 3896 2588 3953 Dimitte
2612 3916 2626 3953 :
2662 3906 2719 3952 ut
2737 3898 2967 3969 accipias
2993 3899 3132 3969 quod
3158 3915 3262 3955 non
3285 3899 3469 3965 habes,
3502 3912 3556 3956 et
3576 3919 3665 3959 re-

2072 3990 2279 4046 laxetur
2323 3989 2415 4044 tibi
2442 3989 2585 4060 quod
2622 3990 2909 4060 deliquisti.
2953 3991 3095 4061 Ergo
3139 3992 3218 4047 vis
3256 3994 3516 4064 accipere,
3545 3995 3614 4050 da
3647 4014 3661 4050 :

2071 4082 2154 4136 vis
2184 4088 2241 4137 ut
2263 4080 2561 4136 dimittatur
2586 4080 2700 4145 tibi,
2721 4081 2951 4137 dimitte.
3008 4082 3190 4137 Brevis
3229 4085 3529 4154 complexio
3556 4095 3661 4141 est.

2074 4174 2253 4244 Ipsum
2281 4170 2551 4227 Christum
2578 4172 2699 4227 audi
2729 4173 2834 4228 alio
2862 4174 2981 4229 loco
3013 4193 3024 4227 :
3051 4174 3319 4243 Dimittite,
3349 4187 3395 4230 et
3425 4179 3653 4234 dimitte-

2075 4272 2206 4318 tetur
2231 4264 2403 4329 vobis;
2456 4263 2592 4330 date,
2639 4273 2691 4345 et
2712 4264 2911 4317 dabitur
2951 4266 3089 4320 vobis
3132 4264 3283 4336 (Luc.
3312 4284 3388 4334 v1,
3420 4269 3509 4335 57,
3544 4271 3662 4343 58).

2076 4354 2344 4419 Dimittile,
2401 4362 2445 4408 et
2475 4354 2756 4408 dimittetur
2794 4356 2947 4410 vobis.
2980 4356 3115 4425 Quid
3169 4358 3665 4429 dimittetis?=Quod

2076 4446 2133 4501 in
2157 4446 2309 4501 vobis
2335 4446 2423 4500 alii
2455 4458 2828 4517 peccaverunt.
2862 4448 2997 4516 Quid
3048 4457 3103 4504 et
3143 4450 3293 4504 vobis
3333 4452 3665 4509 dimittetur?

2076 4536 2229 4604 Quod
2251 4539 2530 4607 peccastis,
2560 4537 2824 4593 Dimittite.
2860 4539 3008 4603 Date,
3039 4550 3085 4593 et
3124 4541 3324 4595 dabitur
3344 4530 3479 4597 uobis
3521 4544 3667 4613 quod

2077 4629 2415 4697 desideratis,
2464 4630 2622 4687 vitam
2675 4638 2950 4684 teternam.
3002 4630 3205 4687 Fulcite
3230 4635 3474 4703 pauperis
3501 4635 3663 4693 vitam

2079 4722 2447 4792 temporalem,
2472 4729 2763 4777 sustentata
2792 4723 3038 4791 pauperis
3056 4723 3215 4776 vitam
3235 4725 3603 4792 praesentaiem
3618 4727 3666 4796 ',

2080 4822 2135 4869 et
2161 4829 2259 4885 pro
2284 4814 2387 4870 isto
2415 4823 2519 4869 tam
2561 4829 2723 4883 parvo
2775 4823 3092 4886 terrenoque
3134 4816 3339 4871 semine
3387 4817 3664 4888 accipietis

2080 4922 2311 4963 messem
2339 4907 2500 4963 vitam
2530 4916 2805 4964 aeternam.
2832 4910 3026 4964 Amen.

2146 5086 2165 5119 ί
2190 5092 2426 5136 Romanus
2446 5092 2550 5146 Ms.,
2572 5085 2714 5138 venit.
2730 5093 2784 5135 Et
2804 5086 2941 5145 infra,
2965 5086 3129 5139 tenebo
3148 5093 3211 5140 te.

2145 5150 2537 5225 {necesse
2551 5155 2693 5225 Caret
2824 5151 3037 5225 verbis»
3062 5154 3319 5225 meum
3348 5151 3577 5225 vereris
3594 5163 3671 5211 σι·

2083 5214 2183 5262 tms
2579 5217 2631 5260 Et
2644 5223 2923 5281 sermonem
2942 5212 3005 5281 ita
3020 5214 3279 5275 concludit,
3550 5208 3670 5271 mes.

2082 5271 3105 5337 εαηωιωωιεηιωρενκεωκοιυὶεααη.
