4006 6440
521 313 629 373 055

1010 429 1242 489 sermo
1278 431 1419 490 cxv
1446 423 1466 459 ί
1489 377 1586 507 (ὦ.

507 566 591 626 De
626 567 784 622 verbis
811 565 1074 639 Evangelii
1099 566 1279 635 Luem,
1304 569 1526 640 Oportet
1568 584 1782 641 semper
1824 583 1979 626 orare
2001 611 2018 636 ,
2045 579 2101 626 et

583 677 690 718 non
720 661 950 717 deﬁcere
966 701 981 727 ,
1007 670 1112 717 etc.
1143 661 1314 732 Deque
1341 663 1534 720 duobus
1558 664 1647 737 qui
1673 665 1726 719 in
1752 666 1993 736 templum
2015 682 2098 720 as-

579 755 853 812 cemlcrunt
875 764 930 809 ut
957 765 1160 810 orarent
1190 771 1210 810 :
1228 772 1292 810 ao
1317 756 1381 813 de
1418 758 1640 828 parvulis
1666 757 1864 814 Christo
1891 758 2092 827 oblatis,

484 911 486 914 ν
578 865 692 918 cap.
720 863 842 902 xvm
868 888 883 914 ,
917 847 1067 904 1-17.

577 1001 805 1059 CAPUT
862 1002 1149 1060 PRIMUM.
1202 1034 1271 1046 —
1345 1007 1397 1062 1.
1449 1005 1607 1062 Fides
1654 1012 1768 1081 fons
1827 1009 2088 1064 orationis.

503 1091 688 1148 Lectio
739 1095 910 1150 sancti
969 1095 1243 1166 Evangelii
1296 1095 1524 1153 aediﬁcat
1571 1114 1669 1154 nos
1711 1099 1778 1155 ad
1829 1100 2090 1155 orandum

489 1187 559 1242 'et
587 1187 934 1254 credendum,
963 1198 1017 1243 et
1054 1204 1160 1243 non
1189 1190 1258 1246 de
1283 1190 1435 1246 nobis
1453 1231 1469 1256 ,
1492 1193 1586 1248 sed
1615 1192 1683 1249 de
1705 1193 1927 1249 Domino
1949 1209 2088 1265 prac-

499 1275 840 1332 sumendum.
868 1279 998 1346 Quae
1027 1277 1093 1334 ad
1132 1279 1388 1335 orandum
1431 1282 1602 1352 major
1628 1283 1856 1339 hortatio
1879 1326 1894 1352 ,
1929 1300 2086 1355 quam

495 1376 557 1426 ut
579 1369 736 1425 nobis
761 1369 829 1426 de
869 1370 1052 1442 judice
1097 1372 1277 1442 iniquo
1318 1383 1708 1445 proponeretur
1754 1377 2087 1432 similitudo?

493 1458 661 1516 Judex
691 1463 833 1516 enim
864 1463 1105 1533 iniquus,
1129 1479 1228 1519 nec
1256 1465 1421 1520 Deum
1451 1465 1662 1532 timens,
1694 1483 1792 1523 nec
1815 1467 2084 1524 hominem

489 1563 748 1609 l'everens
768 1594 781 1612 ,
810 1553 1012 1608 audivit
1067 1563 1242 1610 tamen
1273 1554 1482 1610 viduam
1527 1557 1953 1628 interpellantem
1983 1576 2042 1616 se
2067 1603 2080 1626 ,

490 1644 666 1701 victus
687 1646 864 1713 tmdio,
900 1662 1003 1701 non
1036 1648 1230 1717 pietate
1252 1648 1550 1705 inclinatus.
1579 1650 1632 1706 Si
1661 1666 1786 1722 ergo
1815 1654 2082 1710 exaudivit

488 1737 584 1808 qui
606 1739 791 1792 oderat
815 1737 956 1808 quod
983 1739 1295 1809 rogabatur,
1324 1741 1593 1812 quomodo
1622 1743 1836 1798 exaudit
1866 1746 1879 1776 ¹
1911 1745 2000 1816 qui
2027 1755 2082 1802 ut

487 1840 738 1898 regemus
770 1828 1050 1884 hortatur?
1074 1829 1208 1885 Cum
1258 1846 1387 1900 ergo
1415 1832 1567 1888 nobis
1611 1833 1709 1889 ista
1755 1849 1786 1890 e
1811 1838 2080 1893 contrario

485 1919 892 1988 comparatione
942 1919 1198 1976 Dominus
1239 1921 1523 1990 suaderet,
1554 1923 1686 1990 Quia
1725 1938 1918 1995 oportet
1945 1945 2078 1983 scm-

484 2024 576 2079 per
605 2026 771 2077 orare,
799 2022 845 2065 et
877 2027 979 2064 non
1005 2012 1256 2081 deﬁcere;
1279 2013 1477 2083 adjecit
1495 2027 1549 2071 et
1573 2016 1681 2083 ait,
1723 2015 2078 2076 Verumtamen

394 2117 399 2122 ·
481 2115 599 2154 cum
645 2101 832 2155 uenerit
882 2100 1050 2157 Filius
1097 2103 1348 2172 hominis,
1395 2116 1546 2178 putas
1585 2108 1798 2165 inveniet
1833 2112 1986 2180 ﬁdem
2023 2115 2074 2170 in

479 2192 652 2246 terra?
677 2191 734 2248 Si
782 2191 912 2248 ﬁdes
933 2193 1112 2249 deﬁcit
1135 2234 1152 2262 ,
1183 2195 1354 2252 oratio
1402 2198 1560 2268 perit.
1603 2200 1732 2269 Quis
1765 2205 1908 2258 enim
1959 2217 2076 2263 orat

479 2284 622 2355 quod
651 2300 754 2339 non
792 2285 996 2341 credit?
1024 2287 1178 2344 Unde
1207 2298 1262 2344 et
1289 2291 1578 2360 Apostolus
1607 2293 1792 2351 beatus
1812 2339 1826 2364 ,
1859 2312 1979 2352 eum
2007 2300 2074 2355 ad

477 2377 738 2433 orandum
765 2379 1156 2447 exhortaretur,
1191 2382 1304 2436 ait:
1339 2383 1520 2440 Omnis
1547 2387 1844 2459 quicumque
1867 2390 2071 2445 inuoca-

477 2470 604 2524 uerit
625 2487 804 2526 nomen
831 2471 1059 2540 Domini,
1089 2475 1257 2530 salvus
1274 2477 1385 2531 erit.
1410 2477 1476 2533 Et
1501 2489 1558 2534 ut
1583 2483 1890 2539 ostenderet
1912 2485 2069 2542 ﬁdem

475 2560 677 2619 fontem
699 2579 818 2620 csse
848 2566 1124 2634 orationis,
1158 2585 1257 2624 nec
1287 2585 1446 2639 posse
1474 2572 1552 2628 ire
1573 2573 1766 2642 rivum,
1800 2577 1887 2630 ubi
1914 2589 2071 2649 caput

473 2669 629 2726 aqum
653 2655 901 2724 siccatur,
922 2657 1160 2728 adjnnxit
1185 2669 1342 2732 atque
1375 2664 1450 2718 ait
1473 2683 1486 2718 :
1510 2665 1770 2731 Quomodo
1795 2679 1962 2723 autem
1990 2672 2070 2725 in-

473 2747 715 2802 uocabunt
742 2749 794 2803 in
817 2767 960 2821 quem
978 2767 1080 2805 non
1093 2753 1412 2808 crediderunt
1429 2755 1600 2826 (Rom.
1617 2775 1667 2824 ιι,
1687 2758 1773 2822 l5,
1796 2758 1904 2832 14).
1926 2761 2066 2832 Ergo

471 2846 530 2893 ut
582 2853 796 2894 oremus
818 2881 832 2905 ,
863 2840 1180 2908 credamus;
1209 2854 1262 2899 et
1302 2846 1490 2915 utipsa
1522 2863 1627 2903 non
1677 2849 1888 2906 deﬁciat
1931 2853 2066 2911 ﬁdes

470 2943 576 2997 qua
649 2944 901 2995 oramus,
964 2948 1199 2988 oremus.
1253 2935 1414 2991 Fides
1488 2938 1660 2994 fundit
1722 2942 2060 3014 orationem,

470 3017 588 3073 fusa
613 3020 784 3075 oratio
813 3021 935 3076 ﬁdei
959 3023 1209 3093 impetrat
1237 3026 1558 3083 ﬁrmitatem.
1585 3031 1743 3087 Fides
1764 3074 1778 3098 ,
1805 3033 2018 3106 inquam
2043 3078 2058 3104 ,

470 3109 645 3166 fundit
675 3114 998 3182 orationem,
1027 3116 1140 3169 lusa
1167 3118 1338 3172 oratio
1357 3120 1517 3175 etiam
1546 3122 1643 3193 ipsi
1670 3123 1790 3178 ﬁdei
1813 3127 2063 3197 impetrat

469 3203 796 3259 ﬁrmitatem.
831 3206 1040 3261 Etenim
1091 3224 1158 3264 ne
1198 3209 1249 3263 in
1299 3213 1677 3269 tentationibus
1715 3215 1967 3274 deﬁceret
1991 3223 2058 3275 li-

469 3294 585 3361 des,
622 3305 898 3366 propterea
945 3297 1196 3354 Dominus
1223 3300 1297 3355 ait
1329 3319 1342 3356 :
1377 3301 1592 3373 Vigilate
1620 3314 1665 3358 et
1691 3317 1861 3374 orate,
1895 3326 1956 3364 ne
1978 3311 2061 3366 in-

468 3385 608 3439 tretis
653 3387 707 3439 in
745 3388 1086 3443 tentationem.
1122 3388 1339 3460 Vigilate
1358 3433 1372 3457 ,
1399 3394 1568 3464 inquit
1586 3436 1600 3462 ,
1627 3407 1672 3450 el
1693 3409 1858 3468 orate,
1881 3417 1945 3455 ne
1971 3403 2054 3458 in-

470 3479 610 3532 tretis
635 3480 688 3532 in
716 3482 1056 3535 tentationem.
1076 3482 1213 3548 Quid
1243 3493 1354 3551 est,
1384 3486 1435 3539 in
1461 3487 1803 3544 tcntatiDnem
1833 3493 2051 3564 intrare,

467 3571 571 3627 nisi
615 3588 644 3627 a
675 3573 781 3628 ﬁde
819 3575 1001 3629 exire?
1031 3575 1085 3629 ln
1115 3584 1318 3631 tantum
1364 3579 1504 3632 enim
1549 3583 1768 3637 tentatio
1809 3585 2050 3656 proﬁcit,

466 3663 520 3721 in
547 3675 802 3736 quantum
835 3665 965 3722 ﬁdes
993 3668 1205 3735 deﬁcit;
1233 3679 1287 3724 et
1330 3671 1381 3724 in
1412 3679 1615 3727 tantum
1665 3677 1885 3732 tentatio
1923 3678 2054 3734 deﬁ-

464 3759 569 3828 cit,
603 3759 653 3814 in
703 3772 960 3830 quantum
991 3761 1124 3817 ﬁdes
1168 3762 1393 3833 proﬁcit.
1426 3764 1557 3820 Nam
1607 3776 1662 3821 ut
1690 3770 1926 3837 apertius
1957 3788 2052 3826 no-

463 3850 597 3907 verit
629 3847 876 3906 Charitas
903 3861 1098 3917 vestra,
1123 3853 1189 3907 de
1216 3853 1320 3908 ﬁde
1343 3870 1408 3910 ne
1448 3854 1700 3912 deﬁceret
1729 3868 1782 3913 et
1808 3861 2046 3930 periret,

461 3942 659 3998 dixisse
689 3943 970 3999 Dominum
993 3987 1007 4011 ,
1049 3943 1266 4017 Vigilate
1294 3957 1338 4002 et
1364 3959 1522 4015 orate,
1553 3966 1616 4004 ne
1639 3951 1834 4008 intretis
1863 3955 1916 4008 in
1941 3965 2049 4010 ten-

462 4035 698 4088 tationem
726 4051 744 4089 :
776 4051 842 4091 eo
872 4037 990 4092 loco
1020 4037 1289 4108 Evangelii
1315 4039 1420 4105 ait,
1454 4039 1566 4095 Hac
1590 4053 1734 4097 nocte
1779 4047 2050 4116 postulavit

461 4115 667 4178 satanas
695 4141 874 4179 vexare
898 4143 984 4180 vos
1028 4128 1155 4182 sicut
1179 4129 1438 4194 triticum;
1467 4141 1514 4185 et
1542 4148 1634 4202 ego
1661 4137 1832 4204 rogavi
1851 4153 1943 4207 pro
1968 4149 2043 4205 te,

463 4215 646 4278 Pctre,
677 4233 738 4269 ne
779 4217 979 4284 deﬁciat
1027 4219 1152 4286 ﬁdes
1177 4229 1264 4273 tua
1292 4219 1457 4290 (Luc.
1489 4239 1599 4279 χχιι
1620 4264 1636 4292 ,
1669 4226 1767 4293 46,
1797 4227 1859 4282 51
1890 4270 1904 4294 ,
1930 4230 2044 4300 52).

460 4308 631 4377 Rogat
657 4309 746 4378 qui
770 4318 966 4377 tuetur,
992 4321 1042 4365 et
1083 4327 1188 4366 non
1217 4323 1367 4383 rogat
1391 4315 1869 4385 quLpericlitatur?
1894 4322 2045 4390 Quod

458 4409 635 4454 autem
663 4400 735 4454 ait
763 4400 1038 4467 Dominus,
1072 4400 1197 4456 Cum
1227 4406 1409 4458 uenerit
1439 4404 1606 4462 Filius
1630 4409 1867 4479 hominis,
1897 4425 2045 4483 putas

456 4493 674 4547 inueniet
716 4492 869 4562 ﬁdem
913 4493 966 4547 in
1012 4495 1192 4550 terra?
1217 4495 1283 4551 de
1323 4497 1425 4553 ﬁde
1454 4499 1613 4568 dixit,
1649 4517 1768 4572 qua:
1809 4505 2044 4574 perfecta

457 4593 560 4638 est.
590 4582 708 4654 ipsa
749 4584 892 4639 enim
923 4584 1007 4639 vix
1050 4585 1318 4642 invenitur
1344 4588 1398 4643 in
1424 4597 1585 4645 terra.
1618 4591 1756 4649 Ecce
1785 4596 1935 4664 plena
1963 4607 2045 4654 est

458 4673 551 4730 Dei
584 4674 821 4730 Ecclesia
852 4693 865 4728 :
897 4676 1016 4746 quis
1046 4676 1148 4732 huc
1187 4679 1499 4749 accederet,
1532 4682 1576 4736 si
1625 4684 1769 4739 nulla
1807 4698 1943 4742 esset
1979 4691 2041 4742 ti-

457 4765 577 4823 des?
599 4766 727 4835 Quis
747 4783 851 4822 non
875 4777 1083 4824 montes
1105 4769 1446 4838 transferret,
1472 4773 1516 4828 si
1536 4773 1690 4844 plena
1719 4787 1862 4832 esset
1886 4778 2040 4834 ﬁdes?

453 4857 727 4914 Attendite
773 4859 918 4928 ipsos
967 4859 1254 4931 Apostolos
1283 4879 1296 4915 :
1325 4862 1562 4920 dimissis
1602 4867 1850 4924 omnibus
1893 4871 2036 4939 suis,

451 4951 656 5007 calcata
693 4966 790 5024 spe
819 4952 1000 5008 smculi
1025 4994 1040 5020 ,
1073 4953 1354 5010 Dominum
1383 4972 1491 5012 non
1524 4970 1905 5030 sequerentur,
1939 4965 2039 5020 nisi

453 5057 702 5114 magnam
745 5042 1006 5101 haberent
1046 5045 1240 5114 ﬁdem;
1269 5055 1322 5102 et
1362 5058 1536 5105 tamen
1565 5051 1608 5105 si
1639 5052 1848 5123 plenam
1878 5056 2038 5112 ﬁdem

452 5130 752 5202 haberent,
795 5150 900 5191 non
948 5134 1189 5192 dicerent
1229 5137 1492 5206 Domino,
1523 5142 1664 5214 Auge
1705 5147 1848 5201 nobis
1885 5148 2040 5217 ﬁdem

451 5220 559 5295 (Id.
599 5239 739 5290 xvu,
766 5222 846 5296 5).
880 5225 1012 5281 Vide
1039 5225 1198 5282 etiam
1225 5227 1371 5284 illum
1402 5239 1685 5303 utrumque
1713 5235 1778 5290 de
1805 5251 1864 5293 se
1909 5253 2040 5294 con-

451 5313 690 5374 ﬁtentem
714 5313 857 5388 (vide
876 5316 1036 5373 ﬁdem
1060 5359 1075 5386 ,
1105 5328 1157 5374 et
1187 5335 1290 5374 non
1319 5321 1528 5391 plenam
1559 5323 1776 5398 ﬁdem),
1799 5330 1887 5400 qui
1916 5345 2036 5387 cum

448 5405 736 5467 abtulisset
778 5408 1005 5465 Domino
1056 5410 1222 5467 ﬁlium
1261 5429 1414 5469 suum
1439 5430 1469 5469 a
1493 5417 1634 5474 malo
1659 5418 1924 5478 daemonio
1948 5437 2034 5480 sa-

515 5604 764 5675 {Collatus
782 5618 892 5655 cum
937 5609 1094 5675 tribus
1120 5609 1202 5659 bn.
1230 5618 1282 5661 et
1298 5619 1504 5675 quatuor
1526 5614 1587 5665 cl.
1613 5628 1723 5666 eum
1753 5629 1798 5668 ι.
1823 5618 1950 5671 eb.f.
1973 5619 2033 5673 ﬁt.

451 5680 505 5734 α.
531 5667 590 5716 Ir.
627 5682 692 5716 ιιι.
728 5681 804 5731 pr.
829 5683 917 5717 rm.
955 5669 1033 5718 vd.
1060 5678 1239 5720 etcum
1264 5667 1360 5744 Arii.
1387 5681 1463 5725 Er.
1490 5684 1590 5726 Par.
1617 5684 1724 5729 ων.

519 5730 699 5795 ξῌάὶιῇ,
743 5730 982 5795 quomodo
1017 5744 1108 5780 non
1151 5735 1367 5786 (inuadit.
1403 5740 1562 5795 Abest,
1599 5753 1708 5795 non.
1737 5755 1765 5792 a
1787 5749 1879 5795 MSS

519 5742 537 5763 ι
563 5742 699 5790 cuiu,
743 5742 976 5793 quomodo
1017 5744 1108 5780 non
1151 5742 1367 5786 cunmm.
1403 5742 1562 5804 Abest,
1599 5753 1708 5806 non,
1737 5755 1765 5792 a
1787 5749 1895 5795 MSS.

514 5791 594 5857 (τι)
626 5791 767 5855 Alias,
791 5791 856 5844 de
880 5794 1049 5844 verbis
1070 5797 1250 5848 Domini
1273 5797 1348 5847 '56.
2045 5839 2079 5866 ,ε

1753 320 1814 379 8.
1852 318 2220 380 AUGUSTINI
2257 321 2561 382 EPISCOPI

2204 439 2441 496 nandum
2466 483 2483 510 ,
2514 451 2569 498 et
2614 452 2757 502 esset
2783 446 3135 521 interrogatus
3169 461 3342 511 utrum
3379 461 3634 538 crederet,
3669 488 3743 531 re-

2201 529 2418 600 apondit
2452 541 2506 589 et
2530 535 2604 590 ait
2633 553 2648 591 :
2675 533 2838 594 Credo
2855 580 2872 608 ,
2899 539 3113 597 Domine
3132 584 3149 612 ,
3175 546 3360 616 adjutus
3383 529 3740 618 incredulitatem

2201 636 2364 676 meam
2387 623 2575 694 (Marc.
2598 643 2651 683 ix
2674 669 2689 694 ,
2713 627 2830 702 23).
2857 630 3017 688 Credo
3033 675 3049 701 ,
3083 633 3286 707 inquit,
3312 640 3485 710 Credo,
3514 645 3703 706 Domine
3729 671 3744 710 :

2205 727 2332 784 ergo
2357 724 2438 770 est
2464 716 2616 773 ﬁdes.
2647 717 2755 776 Sed
2792 722 2980 794 adjuva
3003 725 3398 786 incredulitatem
3421 752 3571 792 meam
3595 757 3613 794 :
3634 759 3742 816 ergo

2198 819 2303 862 non
2332 808 2485 877 plena
2514 818 2598 866 est
2615 811 2766 870 ﬁdes.

2266 899 2493 957 CAPUT
2532 902 2668 960 ll.—
2692 905 2746 959 2.
2776 905 2932 963 Fides
2960 925 3060 966 non
3088 922 3160 968 est
3196 918 3534 990 superborum,
3560 929 3641 979 sed
3659 931 3742 982 Itu-

2195 989 2410 1045 milium.
2434 991 2539 1048 Sed
2565 995 2688 1066 quia
2709 996 2843 1054 ﬁdes
2888 1015 2995 1057 non
3021 1012 3108 1059 est
3145 989 3525 1079 superborum,
3549 1017 3634 1070 sed
3659 1020 3746 1074 hu-

2195 1080 2432 1151 milium,
2462 1083 2606 1140 Dixit
2639 1089 2710 1141 ad
2737 1091 2984 1160 quosdam
3019 1095 3107 1165 qui
3135 1098 3229 1152 sibi
3243 1100 3373 1169 justi
3395 1103 3687 1176 uidebantur,
3708 1123 3748 1166 et

2192 1175 2491 1243 spernebant
2515 1188 2752 1248 cwteros,
2781 1183 3160 1243 similitudinem
3190 1192 3322 1246 hanc
3353 1209 3370 1248 :
3399 1194 3510 1250 Duo
3548 1175 3750 1260 homines

2191 1268 2521 1324 ascenderunt
2541 1271 2594 1326 in
2624 1275 2866 1345 templum
2891 1294 3039 1335 orare
3059 1321 3076 1349 ,
3098 1297 3230 1337 unus
3261 1285 3557 1356 phariswus,
3578 1302 3621 1346 et
3639 1297 3751 1350 alter

2191 1359 2508 1428 publicanus.
2531 1363 2829 1423 Pharisteus
2852 1369 3048 1425 dicebat
3072 1389 3091 1428 :
3107 1373 3310 1432 Gratias
3337 1378 3442 1448 tibi,
3475 1382 3625 1450 Deus,
3647 1392 3751 1461 quia

2190 1467 2289 1506 non
2313 1470 2424 1508 sum
2455 1457 2583 1512 sicut
2622 1462 2788 1515 cwteri
2831 1463 3078 1520 homines.
3129 1467 3342 1525 Diceret
3382 1475 3587 1544 saltem,
3614 1457 3748 1536 Sicut

2186 1543 2340 1598 multi
2370 1544 2634 1605 homines.
2666 1551 2801 1620 Quid
2851 1563 2961 1622 est,
3003 1558 3132 1611 sicut
3180 1563 3349 1616 caeteri
3376 1564 3625 1637 homines,
3663 1574 3750 1628 nisi

2186 1650 2374 1693 omnes
2421 1650 2617 1710 praeter
2655 1643 2871 1713 ipsum?
2901 1646 3012 1719 Ego
3053 1649 3260 1721 inquit,
3289 1653 3463 1723 justus
3495 1675 3637 1728 sum,
3663 1680 3753 1719 car-

2186 1733 2284 1786 teri
2315 1745 2637 1804 peccatores.
2671 1737 2790 1794 Non
2817 1759 2928 1796 sum
2948 1744 3078 1800 sicut
3101 1750 3269 1803 ueteri
3293 1753 3517 1809 homines
3536 1799 3550 1823 ,
3573 1759 3751 1830 injusti,

2185 1833 2413 1894 raptores
2436 1867 2452 1892 ,
2502 1828 2739 1883 adulteri.
2785 1832 2852 1886 Et
2879 1848 3004 1890 ecce
3033 1837 3126 1893 tibi
3173 1855 3239 1895 ex
3271 1843 3446 1899 vicino
3495 1828 3754 1916 publicano

2182 1915 2401 1986 majoris
2440 1922 2661 1977 tumoris
2705 1926 2936 1981 occasio.
2987 1928 3166 1998 Sicut,
3222 1933 3428 2006 inquit,
3481 1915 3753 2008 publicanus

2181 2005 2291 2062 iste.
2317 2009 2429 2080 Ego
2453 2052 2468 2078 ,
2498 2010 2687 2084 inquit,
2721 2017 2866 2073 solus
2904 2035 3047 2088 sum,
3068 2021 3168 2078 iste
3193 2024 3262 2080 de
3290 2005 3498 2084 caeteris
3525 2041 3620 2086 est.
3650 2034 3752 2090 Non

2181 2113 2319 2168 sum,
2351 2101 2552 2173 inquit,
2584 2107 2702 2162 talis
2733 2111 2902 2179 qualis
2929 2112 3048 2178 iste,
3079 2130 3177 2186 per
3199 2117 3439 2187 justitias
3466 2140 3625 2192 meas,
3651 2129 3755 2198 qui-

2179 2191 2278 2248 bns
2305 2195 2516 2266 iniquus
2559 2215 2663 2255 non
2704 2217 2840 2257 sum.
2869 2203 3058 2275 Jejuno
3086 2207 3162 2263 bis
3203 2210 3259 2265 in
3289 2212 3495 2269 sabbato
3519 2257 3532 2280 ,
3555 2191 3755 2275 decimas

2177 2285 2244 2340 do
2265 2289 2486 2342 omnium
2511 2307 2836 2366 quiscumque
2851 2297 3104 2367 possideo.
3128 2301 3267 2370 Quid
3295 2309 3556 2376 rogaverit
3581 2309 3752 2382 Deum,

2179 2392 2360 2446 quaere
2387 2380 2438 2434 in
2467 2383 2642 2439 verbis
2672 2385 2809 2456 ejus,
2835 2388 2968 2444 nihil
2999 2391 3260 2449 invenies.
3295 2396 3554 2455 Ascendit
3576 2380 3753 2460 orare:

2175 2469 2347 2525 noluit
2377 2471 2542 2529 Deum
2571 2491 2762 2548 rogare
2785 2521 2801 2547 ,
2831 2481 2924 2536 sed
2951 2497 3011 2538 se
3039 2483 3281 2542 laudare.
3312 2488 3505 2546 Parum
3525 2502 3637 2563 est,
3660 2511 3756 2551 non

2174 2559 2340 2616 Deum
2368 2579 2574 2635 rogare,
2601 2567 2696 2622 sed
2713 2585 2772 2625 se
2797 2570 3271 2647 laudare;insuper
3293 2587 3350 2634 et
3375 2583 3578 2652 roganti
3610 2585 3759 2639 insul-
3790 2609 3792 2612 ν

2173 2661 2304 2708 tare.
2321 2653 2629 2714 Publicanus
2641 2669 2808 2716 autem
2824 2664 2887 2717 de
2901 2665 3177 2738 longinquo
3193 2671 3396 2727 stabat:
3409 2682 3464 2728 et
3476 2675 3580 2730 Deo
3596 2685 3754 2733 tamen

2170 2742 2285 2813 ipse
2313 2749 2716 2820 propinquabat.
2735 2753 2924 2809 Cordis
2946 2759 3275 2816 conscientia
3306 2767 3634 2832 removebat,
3659 2768 3759 2838 pie-

2171 2841 2251 2889 tas
2278 2838 2596 2907 applicabat.
2626 2840 2940 2901 Publicanus
2967 2859 3136 2904 autem
3165 2852 3231 2906 de
3258 2854 3541 2928 longinquo
3562 2858 3712 2913 stabat
3739 2875 3758 2913 :

2167 2928 2261 2983 sed
2292 2929 2549 2988 Dominus
2573 2950 2696 2990 eum
2725 2936 2792 2992 de
2822 2942 3116 3012 propinquo
3139 2947 3476 3004 attendebat.
3521 2949 3760 3006 Excelsns

2167 3019 2600 3090 cnimlDominus,
2617 3036 2672 3081 et
2685 3027 2904 3084 humilia
2921 3033 3155 3103 respicit.
3172 3035 3757 3112 Excelsosautem,qua-

2165 3109 2232 3164 lis
2256 3122 2370 3167 erat
2397 3114 2484 3169 ille
2505 3117 2818 3188 pharisaeus,
2851 3137 2880 3176 a
2905 3122 3059 3194 longe
3075 3129 3378 3197 cognoscit.
3408 3131 3630 3190 Excelsa
3655 3135 3761 3205 qui-

2163 3202 2284 3258 dem
2302 3222 2331 3260 a
2349 3205 2504 3278 longe
2519 3213 2792 3280 cognoscit
2809 3212 2980 3286 (Psal.
3012 3231 3251 3289 cxxxvn,
3273 3221 3356 3292 6),
3375 3226 3471 3280 sed
3494 3241 3598 3280 non
3619 3202 3756 3297 igno-

2162 3297 2280 3351 8cit.
2302 3298 2488 3354 Adhuc
2503 3302 2626 3358 audi
2641 3305 2988 3362 humilitatem
3003 3309 3302 3369 Publicani.
3325 3316 3523 3373 Parum
3535 3329 3633 3388 est,
3648 3320 3757 3390 quia

2161 3387 2226 3442 de
2247 3389 2536 3462 longinquo
2560 3394 2733 3450 stabat
2754 3415 2768 3452 :
2787 3414 2875 3452 nec
2900 3401 3072 3455 oculos
3094 3419 3212 3459 suos
3240 3409 3314 3460 ad
3339 3409 3528 3464 caelum
3541 3387 3759 3464 levabat!

2161 3478 2230 3535 Ut
2253 3483 2603 3552 aspiceretur,
2636 3503 2743 3542 non
2771 3491 3079 3559 aspiciebat.
3102 3493 3404 3566 Respicere
3430 3515 3640 3556 sursum
3659 3516 3758 3557 non

2158 3575 2388 3630 audebat
2416 3594 2429 3630 :
2456 3579 2726 3647 premebat
2745 3585 3093 3655 conscientia,
3123 3602 3252 3658 spes
3280 3592 3509 3649 subleva
3520 3594 3628 3650 bat.
3658 3595 3756 3651 Ad-

2158 3664 2262 3722 huc
2282 3669 2403 3724 audi
2426 3669 2767 3728 :Percutiebat
2781 3687 2950 3745 pectus
2964 3695 3128 3732 suum.
3144 3681 3347 3742 Plenas
3367 3687 3437 3742 de
3453 3702 3514 3744 se
3531 3687 3644 3760 ipso
3657 3688 3760 3743 exi-

2155 3759 2313 3828 gebat
2340 3777 2353 3814 :
2386 3771 2669 3832 prepterea
2690 3766 2946 3822 Dominus
2973 3770 3254 3828 conﬁtenti
3277 3759 3563 3847 parcebat,
3578 3779 3758 3833 Perru-

2155 3851 2305 3905 tiebat
2359 3861 2530 3922 pectus
2569 3871 2748 3924 suum,
2796 3859 2967 3915 dicens
2996 3876 3016 3914 :
3045 3861 3267 3921 Domine
3289 3908 3307 3935 ,
3361 3870 3615 3942 propitius
3659 3880 3757 3927 esto

2102 3933 2110 3940 ’
2155 3943 2282 3996 mihi
2306 3947 2576 4013 peccatori.
2607 3947 2746 4004 Ecce
2773 3950 2865 4020 qui
2895 3961 3069 4024 rogat.
3098 3955 3239 4022 Quid
3271 3933 3495 4018 miraris
3515 4005 3529 4029 ,
3558 3963 3604 4018 si
3626 3964 3757 4019 Deus

2154 4033 2408 4104 ignoscit,
2442 4039 2656 4108 quando
2679 4041 2796 4110 ipse
2843 4057 2902 4100 se
2945 4047 3225 4116 agnoscit?
3270 4051 3351 4109 De
3393 4053 3667 4112 Phariszeo
3708 4065 3758 4113 et

2153 4123 2444 4182 Publicano
2469 4131 2722 4200 accepisti
2744 4138 3195 4206 controversiam;
3233 4144 3367 4200 audi
3395 4149 3753 4204 sententiam:

2153 4217 2342 4272 audisti
2364 4221 2650 4290 superbum
2673 4236 3058 4296 accusatorem,
3077 4232 3275 4289 audisti
3301 4253 3460 4292 reum
3487 4240 3754 4306 humilem;

2153 4310 2272 4365 audi
2304 4327 2444 4367 nunc
2485 4313 2743 4384 judicem.
2795 4319 2954 4375 Amen
2990 4322 3103 4378 dico
3127 4325 3294 4383 vobis.
3342 4329 3558 4387 Veritas
3602 4333 3754 4400 dicit,

2152 4401 2291 4456 Deus
2338 4401 2500 4470 dicit,
2525 4405 2688 4474 judex
2732 4408 2904 4466 dicit:
2936 4412 3094 4469 Amen
3136 4418 3255 4472 diro
3297 4423 3479 4486 vobis,
3511 4423 3757 4480 descendit

2142 4495 2458 4565 justi/icatus
2481 4497 2542 4552 de
2569 4501 2756 4570 templo
2778 4502 3074 4573 publicanus
3099 4507 3186 4563 ille
3207 4551 3225 4578 ,
3257 4515 3434 4584 magis
3475 4532 3630 4587 quam
3675 4515 3758 4570 ille

2150 4586 2447 4656 phariswus.
2477 4589 2600 4656 Dic,
2636 4591 2891 4663 Domine,
2921 4611 3156 4653 causam.
3204 4600 3357 4659 Ecce
3397 4586 3559 4663 video
3579 4607 3754 4663 Publi-

2147 4693 2339 4734 canum
2357 4678 2700 4750 justilicatum
2719 4687 2888 4758 magis
2912 4687 2980 4744 de
3002 4691 3199 4761 templo
3228 4693 3581 4755 descendere
3606 4713 3754 4769 quam

2147 4766 2494 4824 Pharisszum.
2517 4771 2709 4840 Qumro
2735 4778 3141 4847 quare.'Qu.'eris
3161 4788 3375 4852 quare?
3405 4788 3552 4845 Audi
3574 4766 3752 4862 quare.

2151 4860 2282 4928 Quia
2303 4863 2464 4917 omnis
2482 4865 2566 4935 qui
2590 4882 2644 4920 se
2671 4867 2878 4934 exultat.
2898 4871 3272 4941 humiliabitur;
3304 4889 3356 4934 et
3394 4883 3488 4952 qui
3514 4899 3571 4939 se
3593 4860 3753 4937 humi-

2147 4954 2256 5020 liat,
2287 4955 2607 5013 exaltabitur.
2637 4960 2843 5017 Audisti
2867 4967 3205 5035 sententiam,
3226 4985 3371 5028 cave
3397 4988 3623 5031 causam
3645 4990 3758 5030 ma-

2146 5043 2249 5098 lam
2277 5046 2450 5102 :aliud
2470 5047 2609 5117 dico,
2634 5051 2836 5107 Audisti
2864 5057 3184 5114 sententiam
3202 5100 3218 5127 ,
3254 5076 3397 5120 cave
3427 5066 3752 5137 superbiam.

2213 5138 2440 5197 CAPUT
2476 5140 2564 5196 ΙΙΙ.
2589 5173 2658 5184 -
2681 5145 2734 5201 5.
2754 5145 2938 5202 Contra
2954 5147 3288 5224 Pelagianos.
3326 5155 3570 5215 Videant
3597 5173 3755 5226 nunc,

2143 5231 2363 5288 audiant
2388 5235 2488 5290 ista
2534 5237 2716 5293 nescio
2744 5240 2833 5310 qui
2858 5241 3021 5314 impie
3061 5245 3411 5317 garrientes,
3447 5260 3508 5308 et
3553 5252 3625 5309 de
3649 5252 3756 5309 suis

2142 5325 2384 5382 viribus'
2431 5340 2816 5398 praesumentes
2837 5334 3055 5391 audiant
3081 5337 3170 5408 qui
3209 5336 3454 5411 dicunt,
3479 5343 3632 5400 Deus
3673 5356 3757 5399 me

2145 5421 2416 5476 hominem
2450 5421 2577 5478 fecit
2599 5465 2614 5490 ,
2639 5424 2841 5495 justum
2865 5429 2980 5501 ipse
3014 5446 3100 5488 me
3128 5432 3292 5489 facio.
3325 5436 3376 5492 Ο
3401 5439 3565 5510 pejor
3590 5448 3647 5496 et
3665 5439 3757 5495 de-

2143 5511 2436 5569 testabilior
2477 5515 2775 5573 Pharisaei
2805 5519 3103 5580 Pharisaeus
3143 5524 3238 5580 ille
3267 5530 3522 5598 superbe
3539 5531 3756 5602 quidem

2139 5601 2339 5674 justum
2389 5621 2450 5661 se
2474 5607 2718 5678 dicebat,
2761 5613 2853 5668 sed
2896 5623 3071 5671 tamen
3115 5616 3242 5673 inde
3276 5621 3372 5676 ille
3405 5622 3525 5678 Deo
3561 5623 3759 5696 gratias

2141 5695 2350 5768 agebat.
2397 5698 2605 5756 Justum
2649 5719 2706 5760 se
2753 5705 2994 5777 dicebat;
3038 5711 3130 5769 sed
3161 5720 3354 5771 tamen
3401 5715 3521 5774 Deo
3560 5695 3758 5790 gratias

2208 5810 2227 5844 ί
2251 5815 2352 5866 Am.
2376 5817 2451 5863 Er.
2478 5819 2529 5866 et
2549 5820 2676 5879 uss,
2699 5816 2959 5872 uirtutibus.

3215 5921 3230 5931 ο
3265 5915 3358 5932 ...ἀν
3446 5922 3458 5930 υ
