4126 6322
398 289 504 347 657

402 405 608 477 agebat.
654 403 859 461 Gratias
902 406 1021 472 tibi,
1051 405 1188 460 Deus
1212 448 1226 471 ,
1253 406 1370 476 quia
1396 421 1495 460 non
1524 421 1633 459 sum
1664 405 1790 459 sicut
1816 404 1981 457 celeri

401 500 644 553 homines.
673 498 875 554 Gratias
901 500 988 554 tibi
1019 499 1152 554 Deus
1179 516 1197 553 :
1218 500 1412 570 gratias
1432 500 1541 554 Deo
1572 500 1709 569 agit,
1734 496 1854 568 quia
1876 512 1982 551 non

401 598 485 645 est
523 591 659 645 sicut
697 592 881 646 caeteri
909 590 1192 646 homines:
1221 600 1275 645 et
1317 600 1491 646 tamen
1520 599 1765 661 tanquam
1795 605 1982 659 supcr-

402 681 499 737 bus
526 682 811 737 etinllatus
854 683 1295 755 reprehenditur;
1339 698 1442 738 non
1486 684 1608 754 quia
1634 682 1746 737 Deo
1789 682 1985 752 gratias

402 774 626 845 agebat,
653 773 748 829 sed
794 774 915 845 quia
946 774 1094 829 velut
1121 773 1250 829 nihil
1288 774 1389 828 sibi
1417 773 1536 828 addi
1562 773 1823 842 cupiebat.
1851 771 1983 826 Cra-

401 866 498 918 tias
525 865 641 931 tibi,
669 866 788 935 quia
819 882 919 919 non
956 882 1068 919 sum
1104 866 1231 920 sicut
1282 866 1447 919 ctcteri
1493 864 1751 930 homines,
1788 863 1983 935 injusti.

400 957 542 1027 Ergo
564 967 617 1011 tu
641 956 814 1027 justus
838 973 853 1023 ;
880 972 1008 1028 ergo
1038 957 1167 1012 nihil
1197 972 1383 1028 rogas;
1407 971 1533 1026 ergo
1553 956 1662 1024 jam
1691 955 1879 1025 plenus
1898 970 1983 1021 es;

398 1063 527 1121 ergo
554 1064 659 1105 non
686 1059 768 1106 est
794 1049 1015 1105 tentatio
1043 1050 1149 1104 vita
1172 1049 1402 1103 humana
1428 1062 1587 1118 super
1632 1055 1825 1102 terram
1852 1044 1986 1116 (Job

401 1156 510 1211 vn,
545 1144 631 1215 l);
661 1157 790 1213 ergo
811 1142 920 1213 jam
944 1141 1129 1212 plenus
1158 1156 1245 1205 es;
1276 1156 1402 1211 ergo
1428 1140 1536 1210 jam
1558 1137 1830 1203 abundas;
1857 1152 1987 1208 ergo

396 1236 505 1307 jam
534 1252 639 1294 non
681 1243 763 1292 est
787 1252 952 1307 quare
974 1235 1117 1291 dicas
1142 1276 1157 1302 ,
1188 1234 1399 1289 Dimitte
1441 1236 1581 1289 nobis
1628 1232 1791 1287 debita
1817 1241 1988 1287 nostra

401 1327 615 1399 (Matth.
655 1343 742 1394 vr,
772 1327 884 1399 12).
917 1326 1056 1396 Quid
1085 1334 1169 1382 est
1204 1341 1331 1397 ergo
1372 1326 1461 1396 qui
1514 1325 1673 1396 impie
1721 1332 1989 1394 oppugnat

398 1421 655 1489 gratiam,
684 1421 729 1475 si
782 1419 1189 1490 reprehenditur
1227 1420 1313 1490 qui
1359 1418 1586 1488 superbe
1617 1417 1727 1489 agit
1748 1416 1988 1486 gratias?

471 1512 697 1569 CAPUT
736 1512 899 1567 lV.--
921 1513 973 1565 4.
1008 1511 1244 1565 Ρατνιιιὶδ
1269 1510 1559 1581 Baptismus
1587 1510 1775 1564 Christi
1819 1525 1989 1564 neces-

399 1604 583 1659 sarius.
617 1604 682 1659 Et
701 1619 826 1660 ecce
861 1602 1213 1673 postdictam
1252 1601 1670 1657 controversiam
1700 1600 1987 1671 prolatam-

399 1715 505 1769 que
542 1698 858 1754 sententiam
890 1695 1184 1765 procedunt
1211 1704 1265 1751 et
1302 1695 1540 1766 parvuli,
1570 1694 1676 1747 imo
1704 1702 1988 1763 apportan-

404 1800 488 1846 tur
511 1800 565 1847 et
586 1791 882 1846 offeruntur
911 1787 1181 1858 tangendi.
1203 1787 1298 1843 Cui
1329 1786 1595 1858 tangendi,
1618 1786 1717 1839 nisi
1743 1783 1988 1839 medico?

400 1881 557 1938 Certe
598 1883 714 1937 sani
746 1883 760 1913 ¹
798 1898 811 1937 :
840 1880 925 1936 cui
950 1878 1243 1934 olleruntur
1273 1878 1500 1933 infantes
1531 1876 1821 1947 tangendi?
1850 1874 1987 1931 Cui?

401 1973 683 2029 Salvatori.
718 1973 775 2028 Si
799 1972 1061 2028 Salvatori
1085 2013 1100 2039 ,
1132 1971 1313 2041 utique
1342 1970 1601 2023 salvandi.
1628 1968 1757 2034 Cui,
1789 1966 1887 2021 nisi
1912 1966 1986 2021 illi

401 2067 489 2137 qui
517 2067 660 2121 venit
689 2082 927 2137 quzcrere
948 2075 999 2121 et
1027 2064 1231 2120 salvare
1252 2063 1391 2133 quod
1424 2063 1652 2132 perierat
1681 2060 1828 2134 (Luc.
1856 2077 1945 2115 nx
1967 2102 1982 2128 ,

405 2160 515 2229 10).
550 2158 648 2215 Ubi
676 2159 761 2212 isti
789 2157 1092 2227 perierant?
1117 2156 1379 2224 Quantum
1396 2153 1462 2208 ad
1494 2155 1637 2225 ipsos
1664 2154 1873 2223 proprie
1902 2161 1985 2207 at-

403 2253 571 2318 tinet,
600 2251 910 2305 innocentes
940 2249 1094 2305 video
1115 2290 1130 2317 ,
1162 2259 1363 2304 reatum
1386 2262 1586 2318 quan'o.
1631 2246 1818 2302 Unde?
1844 2247 1988 2315 Apoo

403 2343 597 2396 slolum
620 2340 811 2395 audio:
845 2339 948 2395 Per
976 2356 1129 2393 unum
1157 2340 1405 2392 hominem
1420 2338 1623 2391 intravit
1650 2346 1907 2407 peccatum
1932 2337 1987 2390 in

400 2433 570 2487 orbem
594 2442 862 2486 terrarum.
886 2430 988 2485 Per
1014 2447 1189 2497 unum,
1213 2430 1421 2499 inquit,
1451 2429 1702 2483 hominem
1726 2435 1988 2498 peccatum

400 2529 603 2582 intravit
646 2529 699 2581 in
739 2527 983 2581 mundum
1007 2568 1021 2591 ,
1054 2534 1100 2581 et
1137 2541 1225 2596 per
1248 2532 1505 2594 peccatum
1530 2536 1702 2584 ntars;
1732 2528 1778 2574 et
1824 2520 1896 2572 ita
1933 2519 1988 2572 in

401 2638 572 2676 omnes
598 2621 822 2674 homines
865 2617 1185 2690 pertransivit
1204 2658 1219 2683 ,
1246 2616 1298 2670 in
1327 2631 1424 2684 quo
1470 2629 1639 2669 omnes
1660 2617 1989 2683 peccaverunt

402 2714 422 2782 (
441 2713 579 2768 Rom-
615 2730 667 2781 v,
702 2714 816 2783 l2).
849 2714 1074 2768 Veniant
1101 2726 1227 2782 ergo
1253 2708 1490 2781 parvuli,
1524 2709 1775 2762 veniant:
1806 2705 1988 2761 audia~

404 2816 488 2861 tur
520 2807 792 2872 Dominus,
819 2806 984 2861 Sinite
1002 2804 1238 2877 parvulos
1257 2803 1424 2856 venire
1447 2802 1514 2855 ad
1540 2816 1618 2855 me
1649 2799 1796 2872 (Luc.
1823 2813 1983 2864 xvnt,

404 2897 516 2969 16).
551 2897 777 2953 Veniant
807 2897 1039 2968 parvuli,
1069 2894 1301 2966 languidi
1339 2893 1405 2948 ad
1448 2892 1748 2956 medicum,
1776 2891 1990 2946 veniant

405 2991 599 3062 perditi
629 2990 694 3045 ad
741 2991 1131 3060 redemptorem
1164 3007 1177 3043 :
1207 2989 1450 3053 veniant,
1491 3002 1649 3042 nemo
1688 2986 1987 3057 prohibeat.

405 3082 461 3137 lu
495 3098 644 3137 ramo
667 3081 841 3137 adhuc
874 3082 1005 3136 nihil
1031 3080 1414 3137 commiserunt
1444 3098 1457 3134 :
1489 3078 1581 3134 sed
1607 3079 1656 3133 in
1686 3077 1864 3132 radice
1892 3092 1990 3147 pe-

406 3176 627 3230 rierunt.
671 3175 958 3230 Benedicat
1007 3174 1264 3228 Dominus
1302 3172 1526 3243 pusillos
1569 3186 1692 3227 cum
1744 3171 1987 3241 magnis:

404 3278 585 3339 tangat
609 3267 845 3323 medicus
868 3277 923 3322 et
945 3267 1169 3339 pusillos
1194 3275 1246 3321 ct
1267 3281 1511 3337 magnos.
1541 3264 1766 3319 Causam
1797 3278 1992 3333 parvu-

404 3362 578 3417 lorum
609 3360 1041 3416 commendamus
1088 3357 1395 3429 majoribus.
1433 3356 1735 3427 Loquimini
1765 3370 1862 3425 pro
1911 3365 1992 3410 ta-

403 3452 668 3514 centibus,
690 3461 838 3507 orate
868 3465 964 3521 pro
993 3449 1259 3506 ﬂentibus.
1285 3447 1341 3503 Si
1364 3463 1468 3503 non
1498 3447 1689 3503 frustra
1719 3445 1849 3501 estis
1874 3460 1991 3499 ma-

400 3545 581 3615 jores,
624 3553 794 3600 estote
819 3552 1060 3598 tutores:
1092 3541 1311 3596 tuemini
1333 3554 1429 3595 eos
1455 3539 1544 3610 qui
1570 3538 1742 3593 adhuc
1777 3551 1992 3592 causam

404 3652 558 3692 suam
588 3652 746 3707 agere
768 3651 872 3690 non
910 3643 1155 3705 possunt.
1182 3631 1495 3688 Communis
1524 3629 1622 3684 luit
1650 3629 1898 3699 perditio,
1926 3630 1996 3683 sit

408 3728 711 3783 communis
747 3726 982 3781 inventio
1011 3741 1025 3778 :
1056 3723 1215 3778 simul
1254 3720 1616 3793 perieramus,
1655 3720 1814 3775 simul
1843 3719 1995 3773 inve-

409 3822 622 3876 niamur
651 3820 704 3874 in
739 3818 974 3873 Christo.
999 3817 1192 3888 Dispar
1211 3822 1292 3870 est
1322 3814 1568 3869 meritum
1590 3854 1605 3878 ,
1631 3811 1726 3867 sed
1752 3825 1995 3865 commu-

406 3917 488 3972 nis
515 3923 599 3971 est
642 3913 828 3984 gratia.
856 3911 1000 3967 Nihil
1040 3910 1236 3966 habent
1260 3909 1422 3975 mali,
1449 3908 1549 3962 nisi
1576 3905 1716 3977 quod
1757 3905 1824 3961 de
1850 3904 1999 3961 fonte

407 4017 683 4066 traxerunt
715 4025 728 4061 :
763 4006 895 4061 nihil
947 4005 1145 4059 habent
1188 4003 1345 4065 mali,
1389 4001 1489 4055 nisi
1519 4001 1657 4071 quod
1684 3999 1751 4055 de
1792 4000 1997 4070 origine

408 4108 701 4157 traxerunt.
724 4097 841 4153 Non
867 4114 960 4154 eos
983 4096 1271 4166 impediant
1296 4110 1325 4148 a
1347 4094 1538 4160 solute,
1570 4094 1658 4163 qui
1682 4092 1749 4148 ad
1780 4092 1831 4147 id
1854 4090 1996 4162 quod

409 4200 688 4249 traxerunt
715 4190 879 4246 multa
910 4188 1242 4243 addiderunt.
1263 4186 1363 4254 Qui
1392 4184 1559 4253 major
1583 4193 1664 4239 est
1692 4191 1865 4247 aetate,
1884 4198 1997 4237 ma-

407 4285 493 4356 jor
521 4294 601 4339 est
625 4292 680 4339 et
708 4283 1003 4353 iniquitate.
1049 4278 1153 4335 Sed
1182 4280 1350 4349 gratia
1377 4278 1472 4331 Dei
1499 4277 1641 4332 delet
1665 4276 1804 4345 quod
1834 4277 1996 4331 traxi-

410 4378 499 4441 sti,
519 4377 660 4431 delct
679 4385 733 4430 et
754 4374 893 4446 quod
913 4372 1181 4427 addidisti.
1203 4370 1305 4427 Ubi
1331 4370 1472 4425 enim
1500 4368 1786 4423 abundavit
1810 4382 1997 4438 pecca-

412 4479 546 4537 tum,
574 4465 1021 4539 superabundavit
1045 4464 1213 4534 gratia
1240 4464 1259 4531 (
1288 4462 1437 4517 Rom.
1466 4476 1522 4528 v,
1544 4460 1614 4517 20
1633 4460 1673 4531 ).

918 4578 1147 4635 senuo
1183 4576 1345 4633 CXVI
1370 4576 1503 4645 ‘(a).

415 4697 494 4751 De
514 4696 674 4751 verbis
700 4693 965 4765 Evangelii
980 4694 1154 4759 Lucce,
1171 4691 1327 4748 Stetit
1345 4691 1499 4746 Jesus
1515 4690 1567 4745 in
1589 4689 1765 4745 medio
1786 4703 1993 4757 eorum,

472 4796 526 4843 et
553 4786 686 4842 dixit
710 4786 810 4851 eis,
837 4785 947 4839 Pax
975 4785 1146 4851 vobis,
1179 4793 1296 4851 etc.,
1322 4800 1436 4853 cap.
1467 4798 1610 4849 xxiv,
1649 4783 1682 4852 ᾗ
1709 4824 1721 4836 .
1746 4783 1933 4838 56-47.

483 4897 709 4954 CAPUT
760 4896 1043 4953 PRIMUM.
1093 4926 1163 4936 —
1217 4896 1269 4951 1.
1324 4895 1721 4949 Manichazorum
1769 4896 1993 4951 Ittet'esis.

415 4990 674 5061 Apparuit
712 4990 973 5043 Dominus
1040 4997 1159 5058 post
1223 4988 1668 5042 resurrectionem
1726 4984 1998 5058 discipulis

417 5083 552 5147 suis,
585 5082 725 5137 sicut
755 5080 998 5146 audistis,
1021 5089 1075 5134 et
1100 5078 1346 5133 salutavit
1373 5094 1466 5132 eos
1486 5120 1498 5143 ,
1532 5079 1734 5143 dicens,
1768 5077 1885 5133 Pax
1914 5096 1998 5132 vo-

414 5174 508 5227 bis.
540 5172 663 5227 Haec
690 5181 773 5227 est
793 5186 915 5242 pax,
943 5179 997 5225 et
1023 5170 1271 5226 salutatio
1294 5170 1477 5223 salutis
1504 5186 1516 5222 :
1545 5184 1667 5223 nam
1691 5177 1743 5223 et
1779 5170 1886 5239 ipsa
1910 5185 1997 5224 sa-

415 5264 603 5319 lutatio
628 5278 658 5317 a
680 5263 853 5317 salute
880 5277 1074 5315 nomen
1101 5262 1320 5330 accepit.
1340 5259 1441 5314 Sed
1459 5261 1581 5330 quid
1610 5261 1816 5325 melius,
1839 5277 1997 5331 quam

416 5364 477 5411 ut
499 5357 614 5427 ipsa
645 5355 840 5410 salutet
865 5354 1173 5409 hominem?
1195 5353 1349 5409 Salus
1377 5354 1517 5409 enim
1541 5362 1723 5407 nostra
1754 5351 1999 5409 Christus

414 5457 515 5503 est.
541 5447 658 5518 Ipse
681 5456 764 5503 est
783 5447 924 5502 enim
954 5445 1099 5500 salus
1122 5454 1325 5512 nostra,
1347 5445 1437 5515 qui
1463 5445 1775 5511 vulneratus
1790 5453 1872 5500 est
1902 5462 1998 5514 pro

417 5540 593 5605 nobis,
621 5547 675 5593 ct
695 5538 935 5593 conﬁxus
970 5546 1052 5591 est
1076 5537 1237 5592 clavis
1263 5538 1313 5591 in
1351 5537 1492 5606 ligno
1516 5554 1531 5602 ;
1559 5546 1612 5590 ct
1637 5535 1907 5605 depositus
1931 5537 1998 5593 de

482 5679 498 5709 ι
525 5677 600 5725 sic
615 5682 722 5726 Mss.
746 5672 865 5724 Editi
882 5686 1018 5733 vero,
1037 5672 1210 5724 insutu.

483 5739 500 5757 ‘
538 5738 827 5799 Recognitus
862 5737 921 5785 ad
938 5736 986 5799 d.
1012 5749 1053 5783 r.
1090 5751 1134 5785 v.
1154 5742 1386 5799 Par.t.ov.
1411 5741 1462 5783 et
1487 5741 1621 5795 Vigu.

482 5799 559 5871 (tt)
593 5799 738 5860 Alias.
760 5799 789 5847 4
813 5812 877 5849 ex
900 5798 1070 5849 additis
1089 5812 1116 5847 a
1134 5798 1497 5853 Parisiensibus.

1808 284 2037 343 SERMO
2071 284 2207 342 CXV

3558 293 3658 351 655

2088 405 2263 478 ligno,
2298 417 2500 478 positus
2536 413 2588 467 in
2631 412 2893 483 sepulcro.
2945 414 3022 470 De
3063 414 3310 486 sepulcro
3336 424 3512 472 autem
3548 434 3667 474 sur-

2089 500 2255 566 rexit,
2282 503 2479 557 sanatis
2514 504 2854 571 vulneribus,
2899 510 3122 565 servatis
3157 510 3509 566 cicatricibus.
3553 511 3667 568 Hoc

2087 590 2229 643 enim
2259 591 2532 662 discipulis
2570 597 2679 652 suis
2715 599 2968 669 expedire
2999 599 3285 670 judicavit,
3312 612 3367 657 ut
3392 604 3667 661 cicatrices

2089 681 2202 749 ejus
2245 694 2619 753 servarentur,
2663 690 2804 745 unde
2838 691 3015 746 cordis
3063 694 3283 749 vulnera
3325 703 3663 751 sanarentur.

2090 772 2217 841 Qua:
2263 777 2517 832 vulnera?
2560 780 2786 837 Vulnera
2832 782 3176 839 inﬁdelitatis.
3224 785 3483 856 Apparuit
3522 787 3667 842 enim

2088 866 2256 923 oculis
2284 883 2469 924 eorum
2497 887 2677 926 veram
2700 874 2957 929 exhibens
2985 891 3201 932 carnem
3228 894 3242 930 :
3271 889 3323 932 et
3350 886 3669 948 putaverunt

2090 970 2149 1014 se
2191 959 2432 1029 spiritum
2464 962 2664 1017 videre.
2705 964 2818 1019 Non
2861 965 2976 1021 leve
3012 967 3200 1022 vulnus
3240 967 3340 1023 hoc
3361 970 3537 1025 cordis
3562 976 3666 1024 est.

2090 1050 2326 1122 Denique
2352 1053 2596 1109 hzeresim
2618 1055 2902 1127 malignam
2923 1056 3190 1123 fecerunt,
3223 1060 3315 1130 qui
3351 1061 3401 1115 in
3427 1062 3527 1116 isto
3545 1059 3669 1117 vul-

2089 1156 2219 1197 nere
2276 1155 2668 1202 remanserunt.
2727 1146 2830 1201 Sed
2899 1164 3005 1202 non
3054 1158 3298 1219 putamus
3361 1153 3669 1207 vulneratos

2091 1232 2253 1289 fuisse
2291 1234 2578 1306 discipulos
2598 1279 2613 1304 ,
2643 1238 2765 1308 quia
2794 1238 2901 1293 cito
2931 1241 3097 1293 sanati
3120 1240 3277 1295 sunt?
3298 1232 3673 1312 CogitetChaQ

2090 1324 2218 1379 ritas
2244 1335 2442 1394 vestra,
2472 1329 2514 1382 si
2542 1330 2593 1383 in
2620 1330 2722 1383 isto
2749 1331 2972 1386 vulnere
2998 1332 3402 1400 remansissent,
3435 1342 3492 1388 ut
3515 1343 3671 1404 puta-

2090 1426 2211 1471 rent
2239 1434 2433 1488 corpus
2463 1422 2728 1490 sepultum
2767 1438 2871 1476 non
2896 1424 3273 1489 resurrexisse,
3304 1425 3396 1479 sed
3424 1426 3668 1495 Spiritum

2091 1509 2319 1580 imagine
2345 1514 2583 1581 corporis
2610 1514 2870 1569 humanos
2891 1516 3071 1570 oculos
3103 1516 3332 1571 illusisse
3362 1534 3375 1569 :
3405 1516 3448 1570 si
3481 1517 3532 1571 in
3568 1518 3669 1572 ista

2093 1600 2229 1668 ﬁde,
2268 1603 2372 1657 imo
2410 1604 2460 1657 in
2497 1604 2597 1657 ista
2632 1605 2851 1673 perﬁdia
2883 1609 3295 1672 remansissent,
3338 1623 3440 1662 non
3481 1622 3669 1663 eorum

2090 1695 2329 1759 vulnera,
2361 1696 2453 1750 sed
2485 1712 2628 1751 mors
2659 1698 2830 1769 plangi
2860 1698 3100 1755 deberet.

2161 1786 2384 1843 CAPUT
2426 1788 2486 1843 ΙΙ.
2509 1789 2652 1843 ——2.
2690 1791 2944 1845 Dubitatio
2974 1792 3356 1861 discipulorum.
3400 1793 3503 1849 Sed
3544 1794 3671 1864 quid

2090 1880 2439 1936 aitDominns
2463 1882 2653 1937 Jesus?
2679 1884 2813 1948 Quid
2860 1885 3041 1938 turbati
3080 1887 3225 1949 estis,
3259 1895 3304 1939 ct
3345 1887 3673 1956 cogitationes

2091 1973 2365 2027 ascendunt
2389 1974 2439 2026 in
2460 1991 2547 2028 cor
2568 1977 2823 2030 vestrum?
2844 1976 2895 2030 Si
2924 1976 3216 2031 ascendunt
3240 1978 3290 2031 in
3313 1993 3405 2031 cor
3437 1987 3669 2033 vestrum

2089 2065 2454 2133 c0gitationes,
2483 2065 2549 2121 de
2578 2076 2715 2121 terra
2739 2069 2952 2121 veniunt
2972 2069 3339 2138 cogitationes.
3367 2069 3567 2124 Bonum
3590 2079 3674 2125 est

2092 2156 2314 2225 homini,
2345 2173 2448 2211 non
2480 2159 2807 2231 utcogitatio
2832 2160 3086 2213 ascendat
3115 2159 3166 2213 in
3194 2175 3286 2215 eor
3316 2161 3459 2230 ejus,
3492 2160 3587 2216 sed
3615 2168 3673 2215 ut

2089 2263 2300 2303 sursum
2344 2250 2596 2305 ascendat
2646 2252 2815 2321 ipsum
2860 2266 2954 2306 cor
2974 2251 3124 2321 ejus:
3158 2252 3247 2307 ubi
3293 2253 3505 2307 volebat
3530 2255 3673 2323 Apo-

2089 2342 2259 2396 stolus
2288 2357 2488 2411 ponere
2528 2344 2690 2398 corda
2729 2344 3091 2411 credentium,
3121 2346 3313 2416 quibus
3340 2347 3578 2413 dicebat,
3611 2346 3675 2403 Si

2088 2434 2472 2488 consurrexistis
2487 2451 2600 2488 cum
2630 2433 2848 2502 Christo,
2872 2452 2984 2505 qua:
3002 2453 3201 2491 sursum
3228 2448 3342 2491 sunt
3368 2441 3558 2508 sapite,
3586 2437 3672 2492 ubi

2090 2525 2320 2581 Christus
2363 2536 2435 2581 est
2455 2527 2523 2580 ad
2556 2527 2812 2582 dexteram
2852 2528 2944 2582 Dei
2966 2530 3139 2583 sedens
3160 2547 3176 2592 ;
3197 2546 3310 2600 qua:
3337 2547 3533 2584 sursum
3558 2539 3675 2584 sunt

2090 2619 2295 2688 quaerite
2318 2660 2331 2682 ,
2356 2634 2455 2671 non
2490 2633 2602 2688 qum
2629 2634 2777 2687 super
2820 2628 3024 2673 terram.
3050 2618 3245 2693 Mortui
3288 2621 3419 2674 enim
3455 2622 3603 2688 estis,
3626 2630 3675 2675 et

2090 2711 2190 2763 vita
2234 2719 2397 2765 vestra
2435 2711 2727 2765 abscondita
2764 2721 2836 2765 est
2885 2728 2997 2765 cum
3044 2711 3241 2767 Christo
3284 2714 3336 2767 in
3370 2712 3476 2767 Deo
3501 2728 3521 2766 :
3556 2730 3674 2767 cum

2091 2800 2318 2856 Christus
2357 2802 2648 2873 apparuerit
2684 2803 2784 2856 vita
2834 2813 2997 2857 vestra
3024 2844 3038 2869 ,
3085 2813 3200 2857 tunc
3231 2813 3276 2856 et
3336 2820 3424 2857 vos
3450 2819 3562 2856 cum
3584 2803 3675 2856 illo

2091 2894 2393 2963 apparebitis
2426 2895 2479 2947 in
2523 2894 2686 2965 gloria
2726 2894 2940 2963 (Coloss.
2970 2910 3047 2957 ut,
3092 2894 3219 2965 1-4).
3255 2893 3307 2947 In
3338 2909 3439 2963 qua
3464 2893 3676 2963 gloria?

2094 2984 2534 3041 llesurrectionis.
2596 2984 2651 3039 ln
2678 3001 2777 3056 qua
2817 2986 3027 3055 gloria?
3058 2984 3193 3040 Audi
3230 2985 3546 3054 Apostolum
3589 2984 3673 3039 di-

2093 3085 2301 3132 centem
2327 3075 2394 3132 de
2438 3076 2539 3131 hoc
2580 3091 2807 3145 corpore
2826 3117 2840 3141 ,
2868 3076 3160 3131 Seminatur
3185 3077 3236 3130 in
3254 3077 3561 3147 ignominia,
3591 3092 3676 3130 re-

2093 3178 2261 3239 surget
2284 3169 2336 3222 in
2355 3168 2517 3239 gloria
2544 3168 2588 3239 (l
2608 3167 2725 3224 Car.
2751 3184 2840 3234 xv,
2859 3167 2972 3241 45).
3002 3169 3156 3224 Istam
3182 3170 3403 3240 gloriam
3433 3171 3676 3241 Apostoli

2094 3262 2342 3331 Magistro
2356 3277 2475 3325 suo.
2499 3262 2713 3319 Christo
2734 3278 2852 3329 suo,
2879 3263 3101 3318 Domino
3122 3277 3219 3318 suo
3244 3262 3371 3318 dare
3392 3262 3675 3320 nolebant:

2095 3354 2413 3409 resuscitare
2455 3368 2577 3409 eum
2608 3355 2843 3424 potuisse
2879 3368 3072 3425 corpus
3112 3369 3265 3409 suum
3322 3354 3389 3410 de
3430 3354 3677 3426 sepulcro

2096 3460 2200 3500 non
2233 3444 2547 3511 credebant;
2594 3445 2836 3515 Spiritum
2875 3460 2995 3500 eum
3044 3445 3330 3515 putabant,
3361 3456 3415 3503 et
3456 3461 3676 3504 carnem

2096 3536 2381 3601 videbant,
2408 3550 2506 3590 nec
2539 3535 2668 3605 ipsis
2701 3535 2873 3590 oculis
2915 3535 3025 3590 suis
3066 3535 3223 3591 tidem
3265 3536 3552 3592 habebant.
3608 3537 3678 3593 Et

2097 3628 2363 3685 credimus
2382 3628 2461 3683 eis
2485 3642 2582 3682 nos
2602 3628 3036 3682 annuntiantibus
3053 3638 3105 3683 et
3128 3643 3233 3683 non
3249 3628 3674 3685 ostendentibus.

2094 3712 2237 3780 Ecce
2261 3724 2359 3794 ipsi
2383 3722 2596 3778 Christo
2633 3737 2692 3778 se
2721 3722 2894 3792 ipsum
2921 3721 3218 3778 ostendenti
3236 3737 3341 3777 non
3360 3721 3671 3777 credebant.

2098 3814 2293 3869 Malum
2354 3814 2552 3870 vulnus
2592 3832 2604 3866 :
2642 3812 2898 3883 prodeant
2936 3812 3320 3867 medicamenta
3348 3811 3677 3868 cicatricum.

2104 3906 2239 3974 Quid
2264 3904 2451 3959 turbati
2473 3905 2588 3959 estis
2607 3945 2621 3970 ,
2648 3913 2693 3958 et
2717 3903 3039 3975 cogitationes
3081 3903 3355 3957 ascendunt
3391 3902 3444 3957 in
3480 3919 3568 3956 cor
3592 3919 3677 3957 ve-

2100 3998 2298 4052 strum?
2335 3995 2503 4050 Videte
2528 4012 2705 4049 manus
2746 4012 2882 4049 meas
2920 4005 2967 4048 et
3007 3995 3155 4066 pedes
3191 4010 3322 4049 meos
3346 4036 3361 4060 ,
3386 3994 3477 4049 ubi
3511 3995 3678 4051 clavis

2100 4090 2341 4146 conﬁxus
2370 4088 2462 4143 fui.
2492 4087 2709 4157 Palpate
2732 4096 2778 4141 et
2805 4088 2981 4141 videte.
3010 4086 3114 4142 Sed
3142 4086 3350 4153 videtis,
3372 4096 3427 4143 et
3457 4103 3561 4143 non
3594 4089 3649 4143 vi

2101 4182 2258 4237 detis.
2288 4179 2502 4250 Palpate
2539 4189 2585 4233 et
2628 4179 2805 4233 videte.
2830 4178 2999 4247 Quid?
3033 4178 3165 4245 Quia
3210 4177 3431 4249 Spiritus
3472 4196 3586 4235 ossa
3629 4190 3679 4235 et

2100 4291 2303 4329 carnem
2326 4291 2427 4328 non
2474 4273 2640 4338 habet,
2663 4272 2789 4327 sicut
2813 4289 2892 4326 me
2922 4273 3096 4327 videtis
3132 4272 3329 4327 habere.
3355 4271 3480 4327 Haec
3506 4273 3678 4330 dicens

2102 4367 2201 4439 (sic
2226 4366 2505 4421 recitatum
2535 4365 2637 4433 est)
2665 4364 2876 4418 ostendit
2902 4364 2972 4419 eis
3000 4381 3177 4418 manus
3200 4376 3247 4418 et
3268 4365 3437 4436 pedes.

2171 4459 2394 4515 CAPUT
2430 4457 2512 4511 Ill.
2533 4457 2670 4513 —'5.
2696 4456 3096 4513 Resurrecliouis
3113 4457 3297 4512 Christi
3322 4459 3447 4527 ﬁdes
3465 4477 3646 4531 quomo

2101 4552 2166 4605 do
2192 4550 2605 4621 persuadebatur.
2622 4577 2695 4590 --—
2712 4547 2778 4602 Et
2803 4549 2969 4602 adhuc
2985 4549 3346 4619 trepidantibus
3376 4559 3423 4603 et
3447 4552 3654 4605 miranti

2100 4644 2228 4698 tibus
2251 4658 2355 4712 pro:
2373 4642 2581 4711 gaudio.
2613 4639 2729 4695 Jam
2766 4639 3015 4709 gaudium
3055 4648 3197 4706 erat,
3224 4648 3274 4694 et
3302 4639 3476 4695 adhuc
3510 4641 3674 4712 trepi-

2102 4734 2244 4789 datio
2276 4732 2639 4803 permanebat.
2677 4731 2781 4785 Res
2819 4732 2959 4785 enim
2994 4731 3317 4786 incredibilis
3360 4741 3476 4786 erat
3513 4731 3675 4800 facta,

2102 4829 2194 4884 sed
2225 4837 2398 4882 tamen
2426 4824 2584 4881 facta.
2616 4823 2882 4894 Numquid
2926 4839 3065 4879 nunc
3096 4823 3405 4879 incredibile
3430 4833 3531 4892 est,
3554 4827 3676 4895 quia

2102 4920 2391 4976 resurrexit
2426 4933 2550 4973 caro
2592 4917 2800 4971 Domini
2840 4916 2907 4971 de
2932 4916 3211 4985 sepulcro?
3238 4916 3401 4971 Totus
3428 4917 3527 4972 hoc
3554 4932 3679 4973 cre-

2102 5013 2235 5067 didit
2257 5010 2484 5066 mundus
2509 5028 2520 5064 :
2545 5009 2635 5080 qui
2661 5024 2765 5063 non
2788 5008 3043 5074 credidit,
3076 5009 3330 5063 remansit
3353 5009 3676 5067 immundus.

2103 5106 2253 5161 Tunc
2300 5114 2474 5159 tamen
2511 5102 2825 5159 incredibile
2854 5110 3001 5156 erat:
3031 5109 3085 5157 et
3125 5100 3541 5170 persuadebatur
3569 5117 3675 5158 non

2104 5200 2273 5255 solum
2305 5196 2491 5263 oculis,
2511 5194 2604 5251 sed
2625 5204 2678 5251 et
2704 5193 2966 5259 manibus,
2998 5202 3054 5247 ut
3085 5209 3178 5264 per
3204 5208 3416 5248 sensum
3439 5197 3680 5266 corporis

2106 5290 2238 5347 ﬁdes
2268 5291 2318 5345 in
2344 5304 2437 5345 cor
2474 5288 2855 5351 descenderet,
2887 5296 2941 5341 et
2974 5286 3024 5341 in
3050 5301 3144 5341 cor
3183 5284 3316 5341 ﬁdes
3351 5287 3679 5346 descendens

2104 5391 2284 5453 posset
2321 5378 2601 5451 praedicari
2642 5394 2735 5449 per
2779 5377 3031 5432 mundum
3057 5417 3072 5442 ,
3106 5392 3210 5433 non
3246 5377 3546 5434 videntibus
3588 5390 3681 5437 aut

2104 5474 2466 5544 tangentibus,
2495 5480 2548 5527 et
2588 5478 2764 5526 tamen
2797 5468 2912 5524 sine
2949 5469 3277 5524 dubitatione
3320 5470 3677 5528 credentibus.

2099 5567 2309 5622 Habetis
2338 5569 2438 5636 hic,
2473 5570 2661 5639 inquit,
2687 5571 2878 5641 aliquid
2914 5571 3049 5643 quod
3078 5571 3447 5627 manducetur?
3471 5569 3682 5637 Quanta

2092 5656 2242 5713 addit
2261 5659 2325 5713 ad
2345 5660 2630 5714 aediﬁcium
2658 5659 2784 5716 lidci
2808 5663 3074 5720 structor‘
3107 5661 3321 5719 bonus?
3341 5660 3454 5715 Non
3481 5660 3675 5720 esurie-

2156 5798 2171 5831 ι
2209 5802 2258 5848 tu
2275 5802 2405 5857 ttss.,
2428 5796 2704 5848 instructor.
