4006 6430
535 363 642 421 669

534 481 663 549 bat,
708 488 765 537 et
797 476 1118 535 manducare
1154 472 1449 546 quaerebat.
1487 469 1553 526 Et
1594 466 1933 524 mutducavit
1964 472 2119 537 pote-

1776 349 1834 407 S.
1875 340 2245 405 Αυαυετικι
2280 343 2589 405 EPISCOPI

3680 358 3770 421 ϐω

2231 462 2453 520 latebat.
2503 463 2788 519 Promittst
2831 468 2888 520 et
2930 462 3120 535 ipsam.
3148 462 3241 520 Sic
3281 466 3516 535 scriptam
3534 480 3769 539 estetsi:

535 578 694 638 state,
712 585 820 625 non
841 567 1182 625 necessitate.
1205 559 1913 636 Agnoscanteruodiwipuli
1932 572 2122 614 verum
2228 555 2492 625 οφοτεώαι
2538 553 2798 610 cm
2826 554 2951 626 Pa“.
2975 564 3027 611 α
3065 568 3374 628 mergeret!
3408 564 3601 620 mortuis
3640 573 3765 627 tertio

534 675 764 733 corpus,
822 659 967 733 quod
1014 658 1234 732 agnovit
1287 655 1419 727 ipsis
1490 652 1904 726 praedicantibus
1959 664 2122 705 mim-

537 752 658 810 dus.
1204 810 1211 815 .

600 843 830 903 CAPUT
867 843 957 900 1V.
986 872 1058 904 σέ-
1080 843 1136 899 4.
1164 840 1354 898 Contra
1387 838 1724 897 Hanidueos.
1758 835 1817 894 Si
1853 834 1989 891 forte
2020 832 2120 889 ali-

526 937 620 1013 qui
658 935 897 993 hmretici
922 944 1079 1002 sunt,
1106 935 1196 1007 qui
1232 932 1410 993 adhuc
1444 932 1648 988 habent
1683 929 1738 985 in
1756 922 2121 997 coldnqlod

527 1026 833 1084 exhibuerit
867 1041 927 1083 se
964 1025 1130 1082 oculis
1164 1024 1409 1081 Christus
1431 1064 1448 1091 ,
1473 1031 1528 1078 et
1555 1036 1679 1077 vera
1719 1033 1849 1076 ears
1871 1032 1981 1074 non
2003 1023 2122 1073 erat

524 1118 726 1176 Christi
750 1135 765 1185 ;
788 1120 900 1190 jam
948 1126 1149 1189 ponant
1178 1117 1309 1175 illud
1328 1158 1346 1180 .
1375 1114 1698 1187 persuadeat
1730 1113 1836 1168 illis
1873 1111 2118 1180 Evange-

525 1208 681 1265 lium.
719 1208 830 1267 Nos
872 1224 968 1265 eos
1014 1205 1492 1279 reprehendimus,
1538 1206 1660 1275 quia
1711 1204 1816 1258 hoc
1867 1201 2116 1271 sapiunt:

524 1301 801 1377 damnabit
822 1300 932 1367 ille,
957 1302 1003 1357 si
1030 1300 1131 1356 hoc
1164 1316 1359 1370 sapere
1385 1306 1748 1368 perseverant.
1772 1295 1853 1349 Tu
1871 1293 1991 1365 quis
2021 1308 2079 1349 es
2099 1335 2116 1362 ,

523 1395 616 1467 qui
639 1410 745 1450 non
780 1394 955 1451 credis
992 1409 1188 1464 corpus
1212 1395 1264 1448 in
1305 1393 1552 1462 sepulcro
1580 1392 1808 1461 positum
1838 1400 2119 1459 resurgere

522 1489 806 1561 potuisse?
828 1488 883 1546 Si
921 1486 1246 1545 Manichacus
1288 1486 1385 1543 es?
1409 1479 1499 1557 qui
1529 1500 1630 1540 nec
1670 1483 1980 1539 cruciﬁxum
2001 1496 2117 1537 cre-

523 1582 635 1650 dis,
665 1583 785 1654 quia
825 1598 923 1638 nec
942 1591 1125 1637 uatum
1169 1579 1573 1646 credis;omnia
1612 1592 1737 1633 eum
1773 1574 1905 1631 falsa
1930 1584 2116 1631 osten-

521 1677 668 1733 disse
690 1676 969 1746 praedicas.
1000 1674 1094 1730 llle
1118 1674 1248 1728 lalsa
1291 1671 1555 1738 ostendit,
1583 1678 1638 1726 et
1665 1679 1719 1725 tu
1738 1685 1926 1725 verum
1946 1668 2115 1722 dicis?

522 1768 600 1823 Tu
650 1784 755 1832 non
800 1766 1042 1822 mentiris
1067 1781 1197 1832 ore;
1219 1764 1315 1820 sed
1338 1765 1427 1818 ille
1460 1762 1714 1818 mentitus
1743 1768 1825 1816 est
1857 1759 2115 1828 corpore?

520 1858 662 1914 Ecce
702 1858 978 1914 arbitraris
1038 1858 1349 1928 apparuisse
1396 1856 1567 1911 oculis
1621 1854 1766 1925 quod
1817 1869 1926 1909 non
1960 1860 2111 1919 erat;

520 1950 767 2020 spiritum
800 1950 980 2014 fuisse,
1005 1965 1112 2005 non
1132 1964 1370 2005 carnem.
1396 1947 1534 2003 Audi
1558 1947 1706 2003 illum
1734 1964 1748 2002 :
1775 1954 1920 2001 amat
1950 1953 2021 2012 te,
2046 1960 2115 2002 ne

519 2039 740 2097 damnet
765 2049 834 2096 te.
881 2040 1020 2095 Audi
1056 2040 1203 2099 illum
1245 2039 1512 2094 dicentem
1537 2057 1551 2093 :
1575 2052 1704 2094 ecce
1734 2036 1827 2092 tibi
1852 2036 1999 2103 dicit,
2033 2036 2116 2092 in-

518 2132 683 2201 felix;
714 2133 805 2187 tibi
829 2132 1098 2203 loquitur:
1124 2132 1261 2201 Quid
1293 2131 1538 2187 turbatus
1571 2146 1653 2198 es,
1679 2138 1736 2185 et
1762 2130 2113 2200 cogitationes

517 2225 815 2282 ascendunt
838 2226 891 2280 in
913 2240 1007 2281 cor
1030 2225 1216 2280 tuum?
1252 2224 1441 2289 Videte,
1466 2224 1668 2296 inquit,
1688 2240 1867 2278 manus
1899 2239 2037 2278 meas
2065 2231 2113 2277 et

519 2316 675 2388 pedes
704 2333 860 2371 meos.
901 2314 1120 2387 Palpate
1144 2324 1191 2370 et
1218 2315 1398 2382 uidete,
1422 2315 1540 2384 quia
1560 2315 1770 2386 spiritus
1789 2331 1904 2370 ossa
1924 2324 1972 2370 et
1997 2331 2112 2368 car-

518 2424 633 2462 nem
677 2424 778 2462 non
824 2407 993 2475 habet,
1018 2409 1146 2461 sicut
1186 2424 1263 2463 me
1293 2406 1469 2461 videtis
1507 2406 1707 2461 habere.
1750 2405 1879 2462 Haec
1900 2406 2114 2462 dicebat

515 2499 734 2567 veritas,
762 2506 815 2556 et
848 2499 1108 2555 fallebat?
1136 2498 1342 2569 Corpus
1365 2509 1502 2567 erat,
1538 2513 1667 2554 caro
1688 2507 1830 2566 erat;
1859 2498 2002 2570 quod
2026 2514 2112 2554 se-

517 2593 723 2662 pullum
748 2591 941 2658 fuerat,
975 2592 1287 2664 apparebat.
1325 2590 1518 2648 Pereat
1539 2590 1827 2658 dubitatio,
1859 2599 2112 2662 sequatur

517 2684 673 2753 digna
700 2683 953 2740 laudatio.

589 2779 641 2834 5.
674 2776 905 2833 Christus
942 2777 1094 2849 fidem
1126 2778 1362 2849 inspirat.
1407 2775 1653 2833 Ostendit
1670 2790 1800 2847 ergo
1837 2774 2111 2846 discipth

516 2883 595 2924 se.
627 2869 760 2938 Quid
787 2879 889 2934 est,
919 2870 1017 2925 se?
1045 2869 1217 2937 Caput
1236 2869 1491 2933 Ecclesiae
1515 2882 1648 2924 sure.
1668 2868 1907 2924 Ecclesia
1932 2866 2109 2922 futura

435 2970 439 2974 ‘
518 2976 615 3030 per
636 2960 891 3015 mundum
917 2961 987 3016 ab
1020 2961 1137 3030 ipso
1156 2959 1550 3031 praevidebatur
1571 3000 1587 3027 ,
1619 2975 1651 3015 a
1671 2958 1950 3028 discipulis
1974 2973 2108 3014 non-

515 3052 642 3108 dum
665 3052 964 3109 videbatur.
985 3052 1155 3124 Caput
1177 3054 1513 3122 ostendebat,
1534 3067 1729 3123 corpus
1744 3053 2106 3123 promittebat.

515 3144 652 3214 Quid
681 3145 823 3201 enim
847 3154 1065 3201 secutus
1102 3146 1386 3216 adiunxit?
1411 3145 1538 3200 Han:
1578 3155 1696 3199 sunt
1736 3145 1883 3199 verba
1906 3162 2018 3216 quis
2042 3148 2115 3202 lo-

514 3246 666 3292 eutus
690 3254 802 3293 sum
827 3238 895 3291 ad
919 3254 1023 3304 vos,
1048 3239 1171 3292 dum
1195 3237 1362 3292 adhuc
1388 3254 1544 3292 essent
1564 3234 1838 3293 vobiscum.
1860 3238 1998 3306 Quid
2027 3248 2111 3296 est

514 3327 639 3396 hoc,
670 3328 794 3385 dum
812 3330 983 3384 adhuc
1020 3347 1183 3386 essent
1227 3330 1520 3386 vobiscum?
1542 3330 1808 3401 Numquid
1851 3348 1959 3388 non
1984 3343 2109 3390 tunc

514 3436 638 3479 cum
669 3422 774 3478 illis
812 3432 946 3495 erat,
993 3438 1115 3478 cum
1155 3424 1260 3479 illis
1307 3424 1818 3495 loquebaturtQuid
1862 3436 1964 3492 est,
1993 3444 2108 3483 eum

515 3514 683 3569 adhuc
709 3532 867 3570 essem
892 3515 1181 3573 vobiscum?
1207 3517 1494 3573 Vobiscum
1534 3519 1772 3573 mortalis
1793 3561 1808 3586 ,
1833 3519 1975 3590 quod
1995 3521 2109 3590 jam

514 3620 625 3661 non
655 3621 795 3663 sum.
836 3606 1123 3664 Vobiscum
1150 3622 1297 3663 eram
1318 3649 1332 3673 ,
1361 3608 1577 3679 quando
1614 3611 1905 3666 moriturus
1934 3627 2104 3667 eram.

514 3697 653 3771 Quid
681 3708 784 3770 est,
822 3701 1115 3757 uobiscum?
1136 3701 1271 3757 Cum
1311 3703 1590 3758 morituris
1617 3705 1926 3760 moriturus.
1952 3706 2109 3763 Modo

513 3792 623 3864 iam
642 3810 750 3850 non
773 3795 1041 3852 vobiscum
1079 3796 1234 3867 :quia
1261 3811 1383 3852 cum
1422 3798 1697 3853 morituris
1726 3814 1994 3870 nunquam
2023 3801 2108 3858 ul-

514 3886 682 3943 terius
708 3886 1017 3944 moriturus.
1041 3888 1155 3944 Hoc
1175 3904 1303 3960 ergo
1323 3888 1565 3945 dicebam
1591 3891 1965 3959 vobis-Quid?

589 3979 816 4036 CAPUT
878 3980 946 4036 ν.
994 4010 1066 4023 -—
1118 3980 1253 4049 Quia
1314 3984 1580 4054 oportebat
1649 3984 1851 4055 impleri
1914 3986 2104 4055 omnia,

515 4086 629 4143 qua:
670 4072 861 4142 scripta
888 4082 1007 4128 sunt
1044 4073 1100 4126 in
1145 4072 1279 4144 Lege
1300 4112 1316 4139 ,
1369 4082 1418 4127 et
1442 4073 1737 4144 Prophetis,
1793 4084 1841 4131 et
1881 4074 2109 4133 Psalmis

518 4162 582 4216 de
617 4178 719 4218 me.
760 4162 881 4218 Dixi
923 4164 1107 4230 vobis,
1146 4164 1269 4233 quia
1311 4166 1593 4235 oportebat
1642 4167 1821 4223 omnia
1871 4168 2103 4240 impleri.

520 4253 663 4310 Tunc
703 4256 904 4327 aperuit
953 4257 1056 4311 illis
1093 4273 1314 4313 sensum.
1347 4257 1479 4313 Veni
1522 4274 1671 4329 ergo,
1713 4260 1967 4330 Domine,
2022 4263 2107 4322 fac

516 4347 727 4416 claves,
779 4348 958 4419 aperi,
1014 4358 1073 4404 ut
1118 4348 1496 4420 intelligamus.
1546 4351 1685 4407 Ecce
1729 4353 1907 4408 omnia
1948 4354 2103 4425 dicis,

517 4449 573 4496 et
601 4454 706 4494 non
728 4439 982 4497 crederis.
1021 4440 1232 4496 Pataris
1266 4442 1522 4512 spiritus;
1554 4445 1819 4516 tangeris,
1840 4447 2103 4519 pulsaris,

516 4538 571 4588 et
595 4529 769 4586 adhuc
798 4530 1064 4600 trepidant
1086 4532 1177 4602 qui
1207 4541 1261 4589 te
1300 4541 1541 4603 tangunt.
1588 4532 1669 4592 De
1691 4535 1979 4608 Scripturis
2007 4539 2105 4595 ad-

515 4638 739 4692 mones,
770 4632 826 4680 et
856 4625 1035 4680 adhuc
1063 4640 1169 4680 non
1212 4626 1531 4698 intelligunt.
1551 4625 1741 4685 Clausa
1774 4640 1899 4687 sunt
1918 4633 2102 4703 corda,

514 4715 690 4786 aperi,
713 4726 769 4772 et
791 4717 951 4772 intra.
980 4715 1325 4773 Fecie:Tunc
1337 4719 1539 4789 aperuit
1556 4719 1659 4775 illis
1678 4738 1897 4776 sensum.
1917 4724 2102 4795 Aperi,

515 4809 771 4875 Domine,
797 4819 853 4865 et
880 4809 1142 4864 dubitanti
1179 4808 1247 4865 de
1277 4808 1493 4866 Christo
1532 4812 1680 4881 aperi
1713 4828 1826 4869 cor.
1867 4815 2030 4886 Aperi
2054 4819 2107 4874 ei

515 4914 758 4969 sensum,
784 4902 875 4972 qui
895 4901 1212 4973 phantasma
1236 4900 1406 4957 fuisse
1446 4903 1616 4959 credit
1643 4904 1937 4962 Christum.
1958 4907 2106 4965 Tune

513 4997 712 5069 aperuit
738 4995 841 5051 illis
864 5011 1086 5062 sensum,
1108 5004 1168 5077 ut
1186 4996 1524 5068 intelligerent
1550 4996 1865 5069 Scripturas.

586 5090 640 5148 6.
669 5090 899 5146 Ecclesia
920 5107 1012 5162 per
1048 5107 1221 5146 omnes
1262 5100 1435 5163 gentes
1457 5093 1635 5165 futura
1674 5096 2004 5165 promittitur.
2027 5098 2105 5155 Ab

515 5187 774 5257 Apostolis
801 5184 1053 5252 Christus,
1086 5184 1318 5240 Ecclesia
1338 5203 1371 5239 a
1394 5186 1538 5240 nobis
1549 5187 1789 5244 cernitur.
1805 5189 1959 5253 ,—-Et
1974 5191 2105 5248 dixit

514 5280 609 5336 eis.
631 5278 810 5348 Quid?
836 5278 1090 5347 Quoniam
1133 5278 1206 5332 sic
1248 5278 1526 5349 oportebat.
1570 5278 1826 5347 Quoniam
1861 5282 1936 5337 sic
1975 5285 2104 5340 scri-

515 5382 661 5447 ptum
685 5380 783 5439 est,
799 5381 845 5427 et
867 5374 939 5426 sic
980 5373 1255 5444 oportebat.
1279 5372 1416 5440 Quid
1431 5372 1457 5426 τ
1482 5372 1735 5428 Christum
1778 5375 1888 5447 pati
1904 5418 1919 5444 ,
1949 5386 1997 5432 et
2022 5395 2105 5434 re-

514 5481 725 5537 surgere
764 5481 797 5518 a
836 5466 1046 5520 mortuis
1087 5474 1230 5520 terno
1275 5466 1374 5519 die.
1413 5465 1671 5521 Viderunt
1693 5465 1824 5537 hoc;
1858 5469 2105 5528 viderunt

514 5558 808 5631 patientem
830 5595 848 5622 ,
877 5556 1126 5613 viderunt
1177 5557 1496 5628 pendentem
1521 5600 1535 5624 ,
1584 5558 1835 5616 videbant
1866 5570 1988 5633 post
2019 5579 2105 5620 re-

513 5649 899 5708 surrectionem
938 5658 1270 5719 praesentem,
1316 5651 1603 5707 viventem.
1660 5652 1796 5721 Quid
1820 5670 1952 5726 ergo
1995 5671 2102 5715 non

513 5745 804 5803 videbant?
825 5744 1061 5814 Corpus,
1090 5744 1140 5799 id
1167 5755 1268 5811 est,
1302 5744 1620 5801 Ecclesiam.
1648 5746 1800 5802 illum
1827 5748 2096 5819 videbant,

514 5840 664 5903 illam
680 5853 803 5910 non.
814 5836 1084 5898 videbant.
1112 5837 1379 5911 Sponsum
1403 5836 1676 5912 videbant,
1704 5856 1902 5915 sponsa
1923 5842 2103 5904 adhuc

2121 5982 2202 6018 κβ

2229 646 2328 701 die.
2356 645 2468 701 Hoc
2486 660 2714 717 sponsus
2738 654 2843 703 est.

2298 736 2523 794 CAPUT
2562 738 2650 795 Vl.
2679 738 2913 808 —Quid
2951 738 3019 796 de
3058 738 3293 811 sponsa?
3336 736 3404 798 Et
3439 744 3682 815 prde
3721 753 3768 810 in

2228 833 2430 887 nomine
2448 834 2558 905 ejus
2586 834 2925 905 petulantiam
2950 842 2996 889 et
3019 835 3358 891 remissionem
3387 848 3679 909 peccatorum
3692 862 3770 917 per

2224 938 2399 979 omnes
2423 934 2591 997 gentes
2609 969 2624 993 ,
2644 926 2998 998 incipientibus
3025 925 3414 986 (tolerantem.
3436 926 3542 989 Hoc
3561 934 3770 994 nondum

2225 1015 2477 1073 videbant
2514 1017 2760 1091 discipuli
2789 1036 2804 1075 :
2831 1017 3126 1075 Ecclesiam
3159 1032 3257 1090 per
3281 1035 3463 1079 omnes
3480 1036 3670 1096 gentes,
3696 1028 3771 1086 in-

2222 1108 2543 1179 cipientibus
2577 1111 2645 1167 ab
2680 1109 3011 1182 Jerusalem,
3057 1110 3293 1168 nondum
3330 1113 3586 1173 videbant.
3624 1119 3772 1192 Caput

2223 1201 2583 1259 videbant:et
2622 1202 2691 1259 de
2732 1219 2960 1276 corpore
2999 1204 3161 1276 capiti
3210 1205 3494 1264 credebant
3552 1206 3648 1266 Per
3685 1211 3773 1270 hoc

2222 1294 2367 1363 quod
2397 1295 2670 1361 videbant,
2689 1295 2832 1368 quod
2862 1311 2967 1352 non
2987 1297 3239 1353 videbant
3263 1300 3562 1357 credebant.
3585 1302 3772 1361 Similes

2226 1387 2332 1444 illis
2368 1403 2555 1446 sumus
2580 1398 2636 1446 et
2660 1404 2760 1447 nos
2787 1408 2802 1446 :
2827 1390 3071 1448 videmus
3111 1392 3308 1462 aliquid
3329 1435 3343 1460 ,
3368 1392 3505 1465 quod
3546 1395 3638 1466 ipsi
3679 1410 3769 1454 non

2222 1480 2507 1549 videbant;
2561 1491 2617 1540 et
2664 1498 2771 1539 non
2814 1483 3057 1541 videmus
3103 1486 3495 1558 aliquid,quod
3522 1488 3616 1560 ipsi
3637 1489 3769 1546 vide-
3870 1476 3873 1477 ν

2220 1572 2367 1628 bant.
2392 1575 2527 1643 Quid
2549 1590 2648 1631 nos
2680 1575 2922 1631 videmus
2940 1619 2956 1645 ,
2988 1576 3129 1648 quod
3153 1592 3250 1647 ips:
3278 1590 3382 1633 non
3403 1579 3668 1635 videbant?
3690 1580 3774 1637 Ec-

2221 1666 2436 1721 clesiam
2466 1682 2561 1736 per
2584 1682 2770 1723 omnes
2812 1678 3017 1739 gentes.
3048 1668 3187 1738 Quid
3227 1682 3335 1724 non
3363 1669 3591 1727 videmus
3612 1714 3627 1739 ,
3652 1671 3773 1743 quod

2221 1759 2320 1829 ipsi
2342 1760 2625 1815 videbant?
2653 1761 2925 1816 Christum
2962 1763 3017 1817 in
3054 1776 3216 1818 carne
3256 1764 3608 1818 constitutum.
3652 1761 3776 1832 Quo-

2219 1851 2381 1907 modo
2402 1852 2475 1907 illi
2500 1853 2643 1907 illum
2660 1852 2928 1920 videbant,
2950 1862 3007 1909 et
3030 1852 3098 1909 de
3123 1868 3351 1924 corpore
3377 1854 3647 1911 credebant
3672 1874 3684 1909 :
3710 1854 3777 1913 sic

2218 1959 2319 2000 nos
2364 1960 2559 2017 corpus
2597 1944 2877 2015 videmus,
2903 1945 2970 2002 de
3008 1947 3182 2017 capite
3226 1946 3527 2003 credamus.
3570 1946 3775 2004 Invicem

2218 2054 2317 2097 nos
2342 2042 2593 2112 adjuvent
2619 2043 2730 2097 visa
2762 2051 2965 2099 nostra.
2998 2043 3231 2116 Adiuvat
3258 2061 3354 2102 eos
3379 2044 3524 2101 visus
3539 2044 3772 2110 Christus,

2218 2141 2276 2189 ut
2319 2131 2551 2188 futuram
2592 2132 2886 2190 Ecclesiam
2938 2134 3261 2192 crederent:
3291 2134 3504 2208 adjuvat
3545 2151 3636 2192 nos
3676 2135 3773 2192 visa

2218 2225 2475 2293 Ecclesia,
2503 2236 2557 2280 ut
2576 2224 2844 2282 Christum
2873 2228 3232 2284 resurrexisse
3262 2228 3557 2285 credamus.
3581 2226 3773 2299 lmpleta

2218 2328 2303 2376 est
2331 2319 2463 2375 lides
2482 2320 2715 2386 illorum,
2749 2320 3002 2391 impletur
3041 2331 3096 2378 et
3136 2332 3322 2378 nostra
3349 2341 3366 2377 ι
3396 2323 3601 2394 impleta
3627 2330 3701 2378 est
3723 2318 3775 2377 il-

2215 2409 2389 2465 lorum
2420 2411 2488 2467 de
2533 2412 2740 2483 capite,
2774 2411 3025 2482 impletur
3052 2421 3233 2469 nostra
3264 2413 3334 2471 de
3374 2428 3604 2483 corpore.
3634 2411 3773 2467 Totus

2213 2496 2461 2560 Christus
2490 2512 2544 2560 et
2568 2501 2674 2559 illis
2716 2504 2979 2572 innotuit,
3003 2513 3057 2561 et
3094 2506 3248 2562 nobis
3300 2505 3524 2561 innotuit
3553 2522 3566 2559 :
3596 2502 3776 2560 scd'to-

2215 2603 2302 2650 tus
2323 2596 2389 2651 ab
2409 2596 2486 2651 eis
2524 2611 2631 2651 non
2667 2606 2747 2652 est
2775 2597 2920 2652 visus
2940 2639 2955 2665 ,
2981 2612 3080 2653 nec
3115 2613 3143 2653 a
3184 2598 3344 2653 nobis
3373 2606 3506 2654 totus
3532 2604 3609 2653 est
3629 2595 3770 2651 visus.

2214 2684 2300 2741 Ab
2338 2686 2416 2741 eis
2442 2695 2602 2756 caput
2626 2694 2707 2742 est
2761 2688 2931 2743 visum
2956 2728 2971 2752 ,
3014 2703 3211 2758 corpus
3252 2687 3550 2745 creditum:
3580 2702 3607 2742 a
3643 2683 3773 2742 nobis

2214 2792 2408 2848 eor-pus
2450 2779 2642 2846 visum,
2686 2788 2843 2850 caput
2889 2780 3172 2836 creditum.
3224 2779 3371 2837 Nulli
3424 2789 3590 2835 tamen
3642 2775 3773 2833 deest

2212 2869 2460 2926 Christus
2493 2890 2507 2926 :
2548 2872 2600 2926 in
2626 2872 2873 2927 omnibus
2918 2873 3106 2942 plenus
3134 2882 3249 2939 est,
3277 2882 3333 2928 et
3367 2871 3536 2929 adhuc
3561 2871 3605 2927 ei
3625 2878 3770 2928 restat

2214 2975 2427 3033 corpus.
2458 2962 2819 3019 Crediderunt
2845 2963 2964 3035 ipsi,
2998 2965 3346 3021 crediderunt
3389 2979 3483 3036 per
3506 2963 3616 3019 illos
3638 2961 3771 3018 Jero-

2214 3055 2515 3127 solymitani
2562 3056 2744 3122 multi;
2786 3055 3013 3113 credidit
3036 3056 3253 3123 Judae‘a,
3287 3052 3764 3113 crediditSamaria.

2213 3146 2484 3202 Accedant
2529 3148 2770 3204 membra
2795 3189 2810 3213 ,
2850 3147 3068 3203 accedat
3116 3148 3402 3205 aedilicium
3442 3146 3769 3203 fundamento.

2214 3237 2627 3294 Fundamentum
2654 3246 2785 3295 enim
2810 3255 2954 3295 nemo
2978 3249 3142 3313 potest
3167 3258 3376 3312 ponere,
3400 3239 3472 3295 ait
3497 3235 3768 3310 Apostolus,

2214 3331 2468 3404 nisiquod
2516 3339 2588 3385 est
2624 3331 2870 3403 positum,
2901 3331 3037 3405 quod
3056 3342 3129 3386 est
3155 3329 3391 3387 Christus
3430 3329 3573 3386 Iesus
3610 3328 3649 3399 (Ι
3667 3324 3768 3382 Cor.

2213 3438 2290 3487 nl,
2326 3422 2436 3496 tl).
2478 3408 2751 3493 Insaniam
2775 3423 2943 3479 διιόπί
2964 3466 2979 3489 ,
3010 3424 3335 3494 impleantur
3360 3424 3508 3480 zelo:
3538 3420 3771 3493 lapidetur

2214 3512 2554 3584 Stephanus,
2610 3524 2788 3570 servet
2834 3514 3182 3586 lapidantium
3220 3517 3540 3573 vestimenta
3584 3512 3769 3577 Saulus,

2213 3604 2408 3661 Saulus
2447 3594 2658 3661 futurus
2696 3606 2890 3662 Paulus
2928 3607 3219 3679 apostolus.
3276 3608 3552 3666 Occidatur
3575 3602 3772 3676 Stepha-

2211 3713 2335 3764 nus,
2358 3699 2695 3768 perturbetur
2715 3698 2951 3755 Ecclesia
2968 3699 3413 3773 Jerosolymitana
3436 3700 3567 3771 (Aet.
3584 3714 3669 3764 vn,
3691 3694 3767 3762 57,

2211 3807 2251 3861 1,
2272 3792 2356 3863 1):
2377 3791 2656 3848 discedant
2681 3792 2803 3848 inde
2824 3791 2962 3865 ligna
2988 3793 3252 3858 ardentia,
3281 3792 3532 3849 accedant
3546 3800 3597 3848 et
3611 3789 3770 3844 incen-

2213 3882 2357 3938 dant.
2386 3883 2551 3955 Ligna
2577 3885 2719 3941 enim
2742 3885 2971 3957 quodam
2999 3885 3159 3942 modo
3190 3886 3246 3942 in
3276 3886 3512 3944 Ecclesia
3532 3881 3774 3955 .lcrssoly-

2211 3976 2411 4032 mitana
2440 3976 2700 4035 ardebant
2745 3976 2945 4049 Spiritu
2992 3986 3201 4045 sancto,
3228 3979 3446 4051 quando
3472 3982 3585 4034 erat
3616 3975 3708 4032 illis
3726 3973 3770 4028 in

2213 4067 2382 4124 Deum
2403 4069 2578 4123 anima
2609 4077 2734 4139 una,
2762 4078 2815 4124 et
2838 4085 2933 4124 cor
2959 4085 3121 4125 unum
3151 4068 3265 4145 (Id.
3290 4088 3365 4139 IV,
3396 4069 3505 4145 52).
3546 4066 3774 4139 Lapidato

2212 4157 2488 4230 Stephano
2528 4174 2686 4231 passa
2734 4166 2817 4216 est
2859 4160 2953 4215 illa
2997 4162 3284 4232 congeries
3335 4160 3769 4234 persecutionem:

2211 4264 2395 4323 sparsa
2425 4262 2553 4308 sunt
2576 4252 2739 4323 ligna,
2764 4260 2818 4309 et
2838 4267 3094 4311 accensus
3124 4263 3206 4311 est
3224 4256 3481 4311 mundus.

2280 4344 2508 4403 CAPUT
2549 4347 2660 4403 νη.
2686 4378 2758 4389 -
2779 4347 2832 4403 7.
2874 4346 3067 4403 Saulus
3091 4357 3319 4404 mutatus
3338 4349 3393 4404 in
3427 4345 3774 4421 medicatam!

2213 4437 2497 4509 Evangelii.
2528 4438 2765 4511 Denique
2790 4438 2906 4495 haec
2922 4448 3138 4495 secutus
3156 4438 3342 4497 furens
3356 4439 3546 4497 Saulus
3564 4437 3674 4505 ille,
3697 4446 3774 4489 ac-

2211 4531 2353 4600 cepit
2377 4531 2630 4602 cpistolas
2659 4546 2690 4586 a
2718 4531 3047 4602 principibus
3075 4533 3437 4600 sacerdotum,
3463 4542 3517 4588 et
3541 4528 3689 4601 erepit
3709 4525 3775 4580 ire

2212 4623 2468 4691 saeviens,
2499 4625 2758 4679 anhelans
2782 4625 3017 4692 caedem,
3055 4626 3241 4681 sitiens
3266 4625 3599 4696 sanguinem,
3625 4618 3774 4676 unde-

2211 4728 2438 4784 cumque
2476 4724 2691 4784 posset,
2721 4730 2857 4786 quos
2880 4725 3061 4785 posset
3085 4717 3296 4775 vinctos
3318 4716 3552 4782 trahere,
3580 4712 3641 4769 ad
3662 4723 3775 4779 sup-

2210 4807 2427 4880 plicium
2462 4822 2654 4879 rapere
2675 4846 2703 4876 ,κ
2734 4823 2795 4865 se
2828 4806 2999 4865 elluso
3040 4811 3299 4881 sanguine
3327 4812 3541 4867 satiare.
3578 4805 3675 4864 Sed
3698 4799 3774 4858 Illi

2211 4899 2377 4966 Deus,
2409 4901 2497 4957 ubi
2520 4898 2785 4969 Christus,
2816 4902 2903 4957 ubi
2923 4900 3179 4975 Stephani
3199 4904 3526 4961 coronatos?
3548 4899 3662 4967 Ubi.
3686 4892 3774 4953 nisi

2210 4993 2266 5050 in
2297 4993 2471 5051 εωιοῖ
2502 4993 2692 5051 Videat
2716 5003 2772 5050 et
2797 4994 3014 5053 Saulum
3035 5039 3050 5066 ,
3079 4998 3303 5055 irrideat
3329 4998 3650 5059 saevientem.
3677 4994 3776 5048 cla-

2210 5098 2323 5146 met
2345 5086 2415 5146 de
2438 5090 2599 5159 caelo,
2632 5076 2821 5159 Saulr,
2850 5090 3031 5161 Saule,
3057 5093 3179 5164 quid
3202 5110 3285 5148 me
3303 5089 3652 5165 persequeris?
3677 5086 3776 5156 Ego

2210 5180 2267 5237 in
2296 5180 2433 5240 calo
2456 5197 2575 5239 sum
2595 5223 2612 5251 ,
2638 5188 2696 5239 tu
2722 5181 2778 5238 in
2818 5190 2997 5251 terra;
3024 5194 3080 5240 et
3108 5193 3285 5241 tamen
3311 5182 3643 5256 persequeris
3681 5190 3776 5234 me.

2211 5274 2382 5349 Caput
2406 5291 2514 5332 non
2544 5275 2716 5348 tangis
2733 5318 2749 5344 ,
2781 5276 2875 5333 sed
2898 5277 3143 5335 membra
3179 5294 3298 5336 mea
3322 5279 3518 5335 calcas.
3542 5274 3646 5333 Sed
3664 5267 3777 5342 alii

2211 5373 2381 5430 facis?
2413 5371 2540 5444 quid
2574 5372 2826 5444 proficis?
2863 5372 3064 5429 Durant
3098 5374 3189 5430 tibi
3224 5383 3301 5429 est
3325 5383 3503 5430 contra
3544 5368 3774 5429 etiis-tm

2212 5465 2498 5522 catcitrare.
2542 5465 3043 5539 Quantumcumque
3077 5468 3251 5524 calces
3283 5468 3498 5533 mittas,
3536 5473 3589 5520 te
3615 5471 3776 5517 vexas.

2212 5559 2361 5618 Pone
2378 5574 2508 5631 ergo
2532 5559 2791 5628 furorem,
2807 5575 2939 5632 cape
2961 5561 3263 5620 sanitatem.
3289 5560 3439 5618 Pone
3452 5557 3648 5615 malum
3667 5562 3781 5608 can-

2213 5654 2390 5711 silium
2409 5696 2425 5724 ,
2455 5662 2645 5726 appete
2685 5653 2883 5710 bonum
2911 5656 3185 5712 auxilium.
3218 5654 3361 5709 Voce
3397 5652 3484 5708 illa
3508 5651 3780 5722 prostratus

2214 5757 2317 5806 est.
2347 5748 2476 5817 Quis
2508 5756 2593 5805 est
2626 5749 2960 5820 prostratus?
2989 5750 3322 5807 Persecutor.
3357 5746 3498 5804 Ecce
3522 5743 3685 5801 victus
3708 5741 3781 5794 eti

2214 5859 2320 5904 una
2347 5857 2495 5902 voce.
2521 5840 2661 5915 Quid
2688 5840 2844 5903 ibas?
2867 5842 2997 5919 quid
3019 5841 3311 5905 serviens?
3332 5842 3479 5912 Quos
3500 5833 3775 5916 quam
