  <div class='ocr_page' id='page_1' title='image "/cluster/home/n/w/nwhite01/storage/ocr_20150623/38/hvd.32044015706294/336.png"; bbox 0 0 4126 6322; ppageno 0'>
   <div class='ocr_carea' id='block_1_1' title="bbox 411 305 511 362">
    <p class='ocr_par' dir='ltr' id='par_1_1' title="bbox 411 305 511 362">
     <span class='ocr_line' id='line_1_1' title="bbox 411 305 511 362; baseline 0 0"><span class='ocrx_word' id='word_1_1' title='bbox 411 305 511 362; x_wconf 79' lang='grc'><strong>661</strong></span> 
     </span>
    </p>
   </div>
   <div class='ocr_carea' id='block_1_2' title="bbox 410 406 1996 491">
    <p class='ocr_par' dir='ltr' id='par_1_2' title="bbox 410 406 1996 491">
     <span class='ocr_line' id='line_1_2' title="bbox 410 406 1996 491; baseline -0.013 -11"><span class='ocrx_word' id='word_1_2' title='bbox 410 421 572 480; x_wconf 90' lang='lat' dir='ltr'><strong>modo</strong></span> <span class='ocrx_word' id='word_1_3' title='bbox 601 418 840 491; x_wconf 80' lang='lat' dir='ltr'><strong>sequeris</strong></span> <span class='ocrx_word' id='word_1_4' title='bbox 870 434 882 470; x_wconf 88' lang='lat'>:</span> <span class='ocrx_word' id='word_1_5' title='bbox 913 431 1048 488; x_wconf 89' lang='lat' dir='ltr'><strong>quos</strong></span> <span class='ocrx_word' id='word_1_6' title='bbox 1076 411 1525 484; x_wconf 42' lang='lat' dir='ltr'><strong>,persequebaris,</strong></span> <span class='ocrx_word' id='word_1_7' title='bbox 1567 407 1727 464; x_wconf 90' lang='lat' dir='ltr'><strong>modo</strong></span> <span class='ocrx_word' id='word_1_8' title='bbox 1763 422 1862 478; x_wconf 89' lang='lat' dir='ltr'><strong>pro</strong></span> <span class='ocrx_word' id='word_1_9' title='bbox 1890 406 1996 461; x_wconf 85' lang='lat' dir='ltr'><strong>illis</strong></span> 
     </span>
    </p>
   </div>
   <div class='ocr_carea' id='block_1_3' title="bbox 409 498 1996 590">
    <p class='ocr_par' dir='ltr' id='par_1_3' title="bbox 409 498 1996 590">
     <span class='ocr_line' id='line_1_3' title="bbox 409 498 1996 590; baseline -0.012 -18"><span class='ocrx_word' id='word_1_10' title='bbox 409 515 842 590; x_wconf 79' lang='lat' dir='ltr'><strong>persecutionem</strong></span> <span class='ocrx_word' id='word_1_11' title='bbox 882 510 1099 582; x_wconf 85' lang='lat' dir='ltr'><strong>pateris.</strong></span> <span class='ocrx_word' id='word_1_12' title='bbox 1141 509 1320 578; x_wconf 78' lang='lat' dir='ltr'><strong>Surgit</strong></span> <span class='ocrx_word' id='word_1_13' title='bbox 1359 498 1701 578; x_wconf 69' lang='lat' dir='ltr'><strong>praedicator,</strong></span> <span class='ocrx_word' id='word_1_14' title='bbox 1742 501 1830 576; x_wconf 87' lang='lat' dir='ltr'><strong>qui</strong></span> <span class='ocrx_word' id='word_1_15' title='bbox 1872 517 1996 571; x_wconf 59' lang='lat' dir='ltr'><strong>pros</strong></span> 
     </span>
    </p>
   </div>
   <div class='ocr_carea' id='block_1_4' title="bbox 411 591 2000 680">
    <p class='ocr_par' dir='ltr' id='par_1_4' title="bbox 411 591 2000 680">
     <span class='ocr_line' id='line_1_4' title="bbox 411 591 2000 680; baseline -0.012 -12"><span class='ocrx_word' id='word_1_16' title='bbox 411 619 608 668; x_wconf 87' lang='lat' dir='ltr'><strong>stratus</strong></span> <span class='ocrx_word' id='word_1_17' title='bbox 628 618 708 665; x_wconf 89' lang='lat' dir='ltr'><strong>est</strong></span> <span class='ocrx_word' id='word_1_18' title='bbox 735 615 1062 680; x_wconf 90' lang='lat' dir='ltr'><strong>persecutor.</strong></span> <span class='ocrx_word' id='word_1_19' title='bbox 1092 603 1303 660; x_wconf 80' lang='lat' dir='ltr'><strong>Audivit</strong></span> <span class='ocrx_word' id='word_1_20' title='bbox 1330 599 1539 656; x_wconf 87' lang='lat' dir='ltr'><strong>Domini</strong></span> <span class='ocrx_word' id='word_1_21' title='bbox 1574 613 1780 654; x_wconf 90' lang='lat' dir='ltr'><strong>vocem.</strong></span> <span class='ocrx_word' id='word_1_22' title='bbox 1813 591 2000 652; x_wconf 62' lang='lat' dir='ltr'><strong>Erexe-</strong></span> 
     </span>
    </p>
   </div>
   <div class='ocr_carea' id='block_1_5' title="bbox 411 687 1996 771">
    <p class='ocr_par' dir='ltr' id='par_1_5' title="bbox 411 687 1996 771">
     <span class='ocr_line' id='line_1_5' title="bbox 411 687 1996 771; baseline -0.013 -8"><span class='ocrx_word' id='word_1_23' title='bbox 411 716 562 764; x_wconf 88' lang='lat' dir='ltr'><strong>catus</strong></span> <span class='ocrx_word' id='word_1_24' title='bbox 585 714 694 767; x_wconf 77' lang='lat' dir='ltr'><strong>est,</strong></span> <span class='ocrx_word' id='word_1_25' title='bbox 718 703 814 759; x_wconf 89' lang='lat' dir='ltr'><strong>sed</strong></span> <span class='ocrx_word' id='word_1_26' title='bbox 847 703 897 756; x_wconf 92' lang='lat' dir='ltr'><strong>in</strong></span> <span class='ocrx_word' id='word_1_27' title='bbox 929 715 1153 771; x_wconf 89' lang='lat' dir='ltr'><strong>corpore</strong></span> <span class='ocrx_word' id='word_1_28' title='bbox 1175 739 1191 765; x_wconf 91' lang='lat'><strong>,</strong></span> <span class='ocrx_word' id='word_1_29' title='bbox 1229 705 1290 752; x_wconf 91' lang='lat' dir='ltr'><strong>ut</strong></span> <span class='ocrx_word' id='word_1_30' title='bbox 1317 695 1704 750; x_wconf 88' lang='lat' dir='ltr'><strong>illuminaretur</strong></span> <span class='ocrx_word' id='word_1_31' title='bbox 1734 691 1786 746; x_wconf 90' lang='lat' dir='ltr'><strong>in</strong></span> <span class='ocrx_word' id='word_1_32' title='bbox 1815 687 1996 746; x_wconf 90' lang='lat' dir='ltr'><strong>corde.</strong></span> 
     </span>
    </p>
   </div>
   <div class='ocr_carea' id='block_1_6' title="bbox 409 779 1997 858">
    <p class='ocr_par' dir='ltr' id='par_1_6' title="bbox 409 779 1997 858">
     <span class='ocr_line' id='line_1_6' title="bbox 409 779 1997 858; baseline -0.014 -2"><span class='ocrx_word' id='word_1_33' title='bbox 409 797 705 856; x_wconf 78' lang='lat' dir='ltr'><strong>Perductus</strong></span> <span class='ocrx_word' id='word_1_34' title='bbox 731 794 796 849; x_wconf 89' lang='lat' dir='ltr'><strong>ad</strong></span> <span class='ocrx_word' id='word_1_35' title='bbox 830 793 1110 857; x_wconf 83' lang='lat' dir='ltr'><strong>Ananiam,</strong></span> <span class='ocrx_word' id='word_1_36' title='bbox 1137 789 1204 844; x_wconf 88' lang='lat' dir='ltr'><strong>de</strong></span> <span class='ocrx_word' id='word_1_37' title='bbox 1232 786 1468 858; x_wconf 81' lang='lat' dir='ltr'><strong>pluribus</strong></span> <span class='ocrx_word' id='word_1_38' title='bbox 1495 782 1868 844; x_wconf 85' lang='lat' dir='ltr'><strong>catcchizatus,</strong></span> <span class='ocrx_word' id='word_1_39' title='bbox 1900 779 1997 834; x_wconf 85' lang='lat' dir='ltr'><strong>ba-</strong></span> 
     </span>
    </p>
   </div>
   <div class='ocr_carea' id='block_1_7' title="bbox 409 873 2002 961">
    <p class='ocr_par' dir='ltr' id='par_1_7' title="bbox 409 873 2002 961">
     <span class='ocr_line' id='line_1_7' title="bbox 409 873 2002 961; baseline -0.013 -17"><span class='ocrx_word' id='word_1_40' title='bbox 409 888 658 961; x_wconf 81' lang='lat' dir='ltr'><strong>ptizatus,</strong></span> <span class='ocrx_word' id='word_1_41' title='bbox 675 884 929 955; x_wconf 79' lang='lat' dir='ltr'><strong>processit</strong></span> <span class='ocrx_word' id='word_1_42' title='bbox 941 881 1210 952; x_wconf 74' lang='lat' dir='ltr'><strong>apostolus</strong></span> <span class='ocrx_word' id='word_1_43' title='bbox 1225 877 1334 953; x_wconf 87' lang='lat' dir='ltr'><strong>(Id.</strong></span> <span class='ocrx_word' id='word_1_44' title='bbox 1349 877 1432 948; x_wconf 80' lang='lat' dir='ltr'><strong>ix)</strong></span> <span class='ocrx_word' id='word_1_45' title='bbox 1443 917 1456 932; x_wconf 92' lang='lat'><strong>.</strong></span> <span class='ocrx_word' id='word_1_46' title='bbox 1473 875 1586 942; x_wconf 86' lang='lat' dir='ltr'><strong>Dic,</strong></span> <span class='ocrx_word' id='word_1_47' title='bbox 1599 873 1854 944; x_wconf 68' lang='lat' dir='ltr'><strong>praedica:</strong></span> <span class='ocrx_word' id='word_1_48' title='bbox 1873 885 2002 942; x_wconf 60' lang='lat' dir='ltr'><strong>prae</strong></span> 
     </span>
    </p>
   </div>
   <div class='ocr_carea' id='block_1_8' title="bbox 411 963 2000 1043">
    <p class='ocr_par' dir='ltr' id='par_1_8' title="bbox 411 963 2000 1043">
     <span class='ocr_line' id='line_1_8' title="bbox 411 963 2000 1043; baseline -0.011 -6"><span class='ocrx_word' id='word_1_49' title='bbox 411 979 529 1037; x_wconf 89' lang='lat' dir='ltr'><strong>dica</strong></span> <span class='ocrx_word' id='word_1_50' title='bbox 553 977 848 1043; x_wconf 78' lang='lat' dir='ltr'><strong>Clu-istum,</strong></span> <span class='ocrx_word' id='word_1_51' title='bbox 870 974 1180 1038; x_wconf 85' lang='lat' dir='ltr'><strong>dissemiua,</strong></span> <span class='ocrx_word' id='word_1_52' title='bbox 1200 987 1232 1026; x_wconf 94' lang='grc' dir='ltr'>ο</span> <span class='ocrx_word' id='word_1_53' title='bbox 1247 971 1388 1026; x_wconf 89' lang='lat' dir='ltr'><strong>bone</strong></span> <span class='ocrx_word' id='word_1_54' title='bbox 1402 968 1564 1034; x_wconf 89' lang='lat' dir='ltr'><strong>aries,</strong></span> <span class='ocrx_word' id='word_1_55' title='bbox 1578 964 1888 1038; x_wconf 86' lang='lat' dir='ltr'><strong>jamdudum</strong></span> <span class='ocrx_word' id='word_1_56' title='bbox 1916 963 2000 1020; x_wconf 84' lang='lat' dir='ltr'><strong>iu-</strong></span> 
     </span>
    </p>
   </div>
   <div class='ocr_carea' id='block_1_9' title="bbox 411 1057 2003 1142">
    <p class='ocr_par' dir='ltr' id='par_1_9' title="bbox 411 1057 2003 1142">
     <span class='ocr_line' id='line_1_9' title="bbox 411 1057 2003 1142; baseline -0.01 -16"><span class='ocrx_word' id='word_1_57' title='bbox 411 1085 531 1142; x_wconf 90' lang='lat' dir='ltr'><strong>pus.</strong></span> <span class='ocrx_word' id='word_1_58' title='bbox 553 1069 682 1123; x_wconf 85' lang='lat' dir='ltr'><strong>Vide</strong></span> <span class='ocrx_word' id='word_1_59' title='bbox 695 1068 863 1132; x_wconf 91' lang='lat' dir='ltr'><strong>illum,</strong></span> <span class='ocrx_word' id='word_1_60' title='bbox 883 1066 1097 1126; x_wconf 87' lang='lat' dir='ltr'><strong>attende</strong></span> <span class='ocrx_word' id='word_1_61' title='bbox 1111 1064 1279 1130; x_wconf 89' lang='lat' dir='ltr'><strong>illum,</strong></span> <span class='ocrx_word' id='word_1_62' title='bbox 1293 1063 1380 1133; x_wconf 87' lang='lat' dir='ltr'><strong>qui</strong></span> <span class='ocrx_word' id='word_1_63' title='bbox 1398 1059 1675 1117; x_wconf 77' lang='lat' dir='ltr'><strong>saeviebat:</strong></span> <span class='ocrx_word' id='word_1_64' title='bbox 1694 1057 1823 1111; x_wconf 76' lang='lat' dir='ltr'><strong>Mihi</strong></span> <span class='ocrx_word' id='word_1_65' title='bbox 1835 1065 2003 1110; x_wconf 82' lang='lat' dir='ltr'><strong>autem</strong></span> 
     </span>
    </p>
   </div>
   <div class='ocr_carea' id='block_1_10' title="bbox 410 1149 2000 1234">
    <p class='ocr_par' dir='ltr' id='par_1_10' title="bbox 410 1149 2000 1234">
     <span class='ocr_line' id='line_1_10' title="bbox 410 1149 2000 1234; baseline -0.008 -17"><span class='ocrx_word' id='word_1_66' title='bbox 410 1163 539 1217; x_wconf 72' lang='lat' dir='ltr'><strong>absit</strong></span> <span class='ocrx_word' id='word_1_67' title='bbox 561 1160 793 1234; x_wconf 81' lang='lat' dir='ltr'><strong>gloriari,</strong></span> <span class='ocrx_word' id='word_1_68' title='bbox 834 1160 929 1214; x_wconf 77' lang='lat' dir='ltr'><strong>nisi</strong></span> <span class='ocrx_word' id='word_1_69' title='bbox 957 1159 1010 1212; x_wconf 83' lang='lat' dir='ltr'><strong>in</strong></span> <span class='ocrx_word' id='word_1_70' title='bbox 1038 1174 1186 1213; x_wconf 84' lang='lat' dir='ltr'><strong>cruce</strong></span> <span class='ocrx_word' id='word_1_71' title='bbox 1222 1155 1428 1209; x_wconf 82' lang='lat' dir='ltr'><strong>Domini</strong></span> <span class='ocrx_word' id='word_1_72' title='bbox 1455 1153 1612 1208; x_wconf 78' lang='lat' dir='ltr'><strong>nostri</strong></span> <span class='ocrx_word' id='word_1_73' title='bbox 1636 1151 1666 1206; x_wconf 84' lang='lat' dir='ltr'><strong><em>J</em></strong></span> <span class='ocrx_word' id='word_1_74' title='bbox 1674 1169 1760 1206; x_wconf 83' lang='lat' dir='ltr'><strong>esu</strong></span> <span class='ocrx_word' id='word_1_75' title='bbox 1791 1149 2000 1216; x_wconf 82' lang='lat' dir='ltr'><strong>Christi,</strong></span> 
     </span>
    </p>
   </div>
   <div class='ocr_carea' id='block_1_11' title="bbox 410 1241 2002 1326">
    <p class='ocr_par' dir='ltr' id='par_1_11' title="bbox 410 1241 2002 1326">
     <span class='ocr_line' id='line_1_11' title="bbox 410 1241 2002 1326; baseline -0.011 -15"><span class='ocrx_word' id='word_1_76' title='bbox 410 1271 501 1326; x_wconf 80' lang='lat' dir='ltr'><strong>per</strong></span> <span class='ocrx_word' id='word_1_77' title='bbox 537 1270 683 1324; x_wconf 85' lang='lat' dir='ltr'><strong>quem</strong></span> <span class='ocrx_word' id='word_1_78' title='bbox 724 1252 847 1306; x_wconf 76' lang='lat' dir='ltr'><strong>mihi</strong></span> <span class='ocrx_word' id='word_1_79' title='bbox 879 1250 1094 1306; x_wconf 84' lang='lat' dir='ltr'><strong>mundus</strong></span> <span class='ocrx_word' id='word_1_80' title='bbox 1132 1247 1406 1318; x_wconf 75' lang='lat' dir='ltr'><strong>cruciﬁxus</strong></span> <span class='ocrx_word' id='word_1_81' title='bbox 1443 1254 1551 1308; x_wconf 79' lang='lat' dir='ltr'><strong>est,</strong></span> <span class='ocrx_word' id='word_1_82' title='bbox 1593 1253 1639 1298; x_wconf 84' lang='lat' dir='ltr'><strong>et</strong></span> <span class='ocrx_word' id='word_1_83' title='bbox 1678 1259 1767 1314; x_wconf 85' lang='lat' dir='ltr'><strong>ego</strong></span> <span class='ocrx_word' id='word_1_84' title='bbox 1813 1241 2002 1294; x_wconf 86' lang='lat' dir='ltr'><strong>mundo</strong></span> 
     </span>
    </p>
   </div>
   <div class='ocr_carea' id='block_1_12' title="bbox 414 1335 2001 1418">
    <p class='ocr_par' dir='ltr' id='par_1_12' title="bbox 414 1335 2001 1418">
     <span class='ocr_line' id='line_1_12' title="bbox 414 1335 2001 1418; baseline -0.008 -17"><span class='ocrx_word' id='word_1_85' title='bbox 414 1343 609 1418; x_wconf 73' lang='lat' dir='ltr'><strong>(Calai.</strong></span> <span class='ocrx_word' id='word_1_86' title='bbox 643 1361 714 1407; x_wconf 84' lang='lat' dir='ltr'><strong>Vi,</strong></span> <span class='ocrx_word' id='word_1_87' title='bbox 747 1341 852 1416; x_wconf 66' lang='lat' dir='ltr'><strong>it).</strong></span> <span class='ocrx_word' id='word_1_88' title='bbox 888 1341 1071 1398; x_wconf 82' lang='lat' dir='ltr'><strong>Funde</strong></span> <span class='ocrx_word' id='word_1_89' title='bbox 1101 1339 1444 1410; x_wconf 77' lang='lat' dir='ltr'><strong>Evangelimn</strong></span> <span class='ocrx_word' id='word_1_90' title='bbox 1476 1357 1487 1392; x_wconf 75' lang='grc' dir='ltr'>ε</span> <span class='ocrx_word' id='word_1_91' title='bbox 1516 1336 1658 1407; x_wconf 88' lang='lat' dir='ltr'><strong>quod</strong></span> <span class='ocrx_word' id='word_1_92' title='bbox 1687 1335 1848 1392; x_wconf 86' lang='lat' dir='ltr'><strong>corde</strong></span> <span class='ocrx_word' id='word_1_93' title='bbox 1869 1350 2001 1390; x_wconf 87' lang='lat' dir='ltr'><strong>cou-</strong></span> 
     </span>
    </p>
   </div>
   <div class='ocr_carea' id='block_1_13' title="bbox 408 1429 2001 1512">
    <p class='ocr_par' dir='ltr' id='par_1_13' title="bbox 408 1429 2001 1512">
     <span class='ocr_line' id='line_1_13' title="bbox 408 1429 2001 1512; baseline -0.01 -15"><span class='ocrx_word' id='word_1_94' title='bbox 408 1440 621 1512; x_wconf 88' lang='lat' dir='ltr'><strong>cepisti,</strong></span> <span class='ocrx_word' id='word_1_95' title='bbox 649 1454 744 1494; x_wconf 90' lang='lat' dir='ltr'><strong>ore</strong></span> <span class='ocrx_word' id='word_1_96' title='bbox 776 1435 1087 1494; x_wconf 83' lang='lat' dir='ltr'><strong>dissemina.</strong></span> <span class='ocrx_word' id='word_1_97' title='bbox 1127 1434 1359 1490; x_wconf 89' lang='lat' dir='ltr'><strong>Audiant</strong></span> <span class='ocrx_word' id='word_1_98' title='bbox 1383 1441 1567 1502; x_wconf 85' lang='lat' dir='ltr'><strong>gentes</strong></span> <span class='ocrx_word' id='word_1_99' title='bbox 1586 1473 1601 1498; x_wconf 97' lang='lat'><strong>,</strong></span> <span class='ocrx_word' id='word_1_100' title='bbox 1625 1429 1844 1486; x_wconf 87' lang='lat' dir='ltr'><strong>credant</strong></span> <span class='ocrx_word' id='word_1_101' title='bbox 1868 1443 2001 1498; x_wconf 75' lang='lat' dir='ltr'><strong>gen-</strong></span> 
     </span>
    </p>
   </div>
   <div class='ocr_carea' id='block_1_14' title="bbox 411 1526 2003 1603">
    <p class='ocr_par' dir='ltr' id='par_1_14' title="bbox 411 1526 2003 1603">
     <span class='ocr_line' id='line_1_14' title="bbox 411 1526 2003 1603; baseline -0.009 -13"><span class='ocrx_word' id='word_1_102' title='bbox 411 1542 493 1590; x_wconf 87' lang='lat' dir='ltr'><strong>tes</strong></span> <span class='ocrx_word' id='word_1_103' title='bbox 522 1547 536 1583; x_wconf 91' lang='lat'><strong>:</strong></span> <span class='ocrx_word' id='word_1_104' title='bbox 562 1532 824 1603; x_wconf 82' lang='lat' dir='ltr'><strong>pullulent</strong></span> <span class='ocrx_word' id='word_1_105' title='bbox 843 1541 1051 1602; x_wconf 75' lang='lat' dir='ltr'><strong>gentes,</strong></span> <span class='ocrx_word' id='word_1_106' title='bbox 1069 1538 1319 1586; x_wconf 86' lang='lat' dir='ltr'><strong>nascatur</strong></span> <span class='ocrx_word' id='word_1_107' title='bbox 1341 1527 1407 1584; x_wconf 90' lang='lat' dir='ltr'><strong>de</strong></span> <span class='ocrx_word' id='word_1_108' title='bbox 1432 1526 1689 1596; x_wconf 82' lang='lat' dir='ltr'><strong>sanguine</strong></span> <span class='ocrx_word' id='word_1_109' title='bbox 1709 1533 2003 1594; x_wconf 78' lang='lat' dir='ltr'><strong>martyrum</strong></span> 
     </span>
    </p>
   </div>
   <div class='ocr_carea' id='block_1_15' title="bbox 409 1613 2004 1697">
    <p class='ocr_par' dir='ltr' id='par_1_15' title="bbox 409 1613 2004 1697">
     <span class='ocr_line' id='line_1_15' title="bbox 409 1613 2004 1697; baseline -0.01 -15"><span class='ocrx_word' id='word_1_110' title='bbox 409 1639 607 1697; x_wconf 79' lang='lat' dir='ltr'><strong>Sponsa</strong></span> <span class='ocrx_word' id='word_1_111' title='bbox 645 1623 870 1679; x_wconf 90' lang='lat' dir='ltr'><strong>Domino</strong></span> <span class='ocrx_word' id='word_1_112' title='bbox 898 1628 1205 1693; x_wconf 85' lang='lat' dir='ltr'><strong>purpurata.</strong></span> <span class='ocrx_word' id='word_1_113' title='bbox 1246 1619 1311 1673; x_wconf 81' lang='lat' dir='ltr'><strong>Et</strong></span> <span class='ocrx_word' id='word_1_114' title='bbox 1335 1635 1399 1673; x_wconf 85' lang='lat' dir='ltr'><strong>ex</strong></span> <span class='ocrx_word' id='word_1_115' title='bbox 1428 1618 1513 1671; x_wconf 89' lang='lat' dir='ltr'><strong>illa</strong></span> <span class='ocrx_word' id='word_1_116' title='bbox 1541 1631 1698 1687; x_wconf 90' lang='lat' dir='ltr'><strong>quam</strong></span> <span class='ocrx_word' id='word_1_117' title='bbox 1736 1613 1885 1669; x_wconf 89' lang='lat' dir='ltr'><strong>multi</strong></span> <span class='ocrx_word' id='word_1_118' title='bbox 1909 1628 2004 1668; x_wconf 88' lang='lat' dir='ltr'><strong>ae-</strong></span> 
     </span>
    </p>
   </div>
   <div class='ocr_carea' id='block_1_16' title="bbox 409 1707 2007 1786">
    <p class='ocr_par' dir='ltr' id='par_1_16' title="bbox 409 1707 2007 1786">
     <span class='ocr_line' id='line_1_16' title="bbox 409 1707 2007 1786; baseline -0.008 -13"><span class='ocrx_word' id='word_1_119' title='bbox 409 1715 724 1772; x_wconf 85' lang='lat' dir='ltr'><strong>cesseruut?</strong></span> <span class='ocrx_word' id='word_1_120' title='bbox 754 1730 910 1786; x_wconf 86' lang='lat' dir='ltr'><strong>quam</strong></span> <span class='ocrx_word' id='word_1_121' title='bbox 935 1712 1096 1766; x_wconf 86' lang='lat' dir='ltr'><strong>multa</strong></span> <span class='ocrx_word' id='word_1_122' title='bbox 1125 1710 1362 1766; x_wconf 88' lang='lat' dir='ltr'><strong>membra</strong></span> <span class='ocrx_word' id='word_1_123' title='bbox 1389 1708 1548 1779; x_wconf 85' lang='lat' dir='ltr'><strong>capiti</strong></span> <span class='ocrx_word' id='word_1_124' title='bbox 1569 1707 1922 1771; x_wconf 56' lang='lat' dir='ltr'><strong>cohaeserunt,</strong></span> <span class='ocrx_word' id='word_1_125' title='bbox 1951 1712 2007 1760; x_wconf 89' lang='lat' dir='ltr'><strong>et</strong></span> 
     </span>
    </p>
   </div>
   <div class='ocr_carea' id='block_1_17' title="bbox 407 1800 2006 1874">
    <p class='ocr_par' dir='ltr' id='par_1_17' title="bbox 407 1800 2006 1874">
     <span class='ocr_line' id='line_1_17' title="bbox 407 1800 2006 1874; baseline -0.009 -8"><span class='ocrx_word' id='word_1_126' title='bbox 407 1811 683 1867; x_wconf 70' lang='lat' dir='ltr'><strong>cohaerent</strong></span> <span class='ocrx_word' id='word_1_127' title='bbox 713 1824 872 1874; x_wconf 89' lang='lat' dir='ltr'><strong>nunc,</strong></span> <span class='ocrx_word' id='word_1_128' title='bbox 913 1806 1242 1863; x_wconf 87' lang='lat' dir='ltr'><strong>etcredunt?</strong></span> <span class='ocrx_word' id='word_1_129' title='bbox 1267 1805 1335 1862; x_wconf 86' lang='lat' dir='ltr'><strong>Et</strong></span> <span class='ocrx_word' id='word_1_130' title='bbox 1364 1803 1611 1871; x_wconf 77' lang='lat' dir='ltr'><strong>baptizali</strong></span> <span class='ocrx_word' id='word_1_131' title='bbox 1642 1810 1765 1855; x_wconf 86' lang='lat' dir='ltr'><strong>sunt</strong></span> <span class='ocrx_word' id='word_1_132' title='bbox 1808 1800 1915 1866; x_wconf 88' lang='lat' dir='ltr'><strong>isti,</strong></span> <span class='ocrx_word' id='word_1_133' title='bbox 1953 1807 2006 1852; x_wconf 89' lang='lat' dir='ltr'><strong>et</strong></span> 
     </span>
    </p>
   </div>
   <div class='ocr_carea' id='block_1_18' title="bbox 409 1893 2003 1974">
    <p class='ocr_par' dir='ltr' id='par_1_18' title="bbox 409 1893 2003 1974">
     <span class='ocr_line' id='line_1_18' title="bbox 409 1893 2003 1974; baseline -0.009 -13"><span class='ocrx_word' id='word_1_134' title='bbox 409 1904 819 1974; x_wconf 80' lang='lat' dir='ltr'><strong>baptizabuntur</strong></span> <span class='ocrx_word' id='word_1_135' title='bbox 857 1902 974 1968; x_wconf 87' lang='lat' dir='ltr'><strong>alii,</strong></span> <span class='ocrx_word' id='word_1_136' title='bbox 1002 1911 1055 1954; x_wconf 88' lang='lat' dir='ltr'><strong>et</strong></span> <span class='ocrx_word' id='word_1_137' title='bbox 1094 1908 1214 1970; x_wconf 85' lang='lat' dir='ltr'><strong>post</strong></span> <span class='ocrx_word' id='word_1_138' title='bbox 1252 1913 1348 1952; x_wconf 84' lang='lat' dir='ltr'><strong>nos</strong></span> <span class='ocrx_word' id='word_1_139' title='bbox 1373 1896 1586 1951; x_wconf 85' lang='lat' dir='ltr'><strong>venient</strong></span> <span class='ocrx_word' id='word_1_140' title='bbox 1614 1895 1788 1948; x_wconf 86' lang='lat' dir='ltr'><strong>alteri.</strong></span> <span class='ocrx_word' id='word_1_141' title='bbox 1818 1893 2003 1960; x_wconf 89' lang='lat' dir='ltr'><strong>Tunc,</strong></span> 
     </span>
    </p>
   </div>
   <div class='ocr_carea' id='block_1_19' title="bbox 411 1987 2003 2067">
    <p class='ocr_par' dir='ltr' id='par_1_19' title="bbox 411 1987 2003 2067">
     <span class='ocr_line' id='line_1_19' title="bbox 411 1987 2003 2067; baseline -0.01 -13"><span class='ocrx_word' id='word_1_142' title='bbox 411 1998 654 2067; x_wconf 89' lang='lat' dir='ltr'><strong>inquam,</strong></span> <span class='ocrx_word' id='word_1_143' title='bbox 685 1997 742 2050; x_wconf 90' lang='lat' dir='ltr'><strong>in</strong></span> <span class='ocrx_word' id='word_1_144' title='bbox 768 1997 874 2050; x_wconf 86' lang='lat' dir='ltr'><strong>line</strong></span> <span class='ocrx_word' id='word_1_145' title='bbox 903 1994 1082 2049; x_wconf 71' lang='lat' dir='ltr'><strong>saeculi</strong></span> <span class='ocrx_word' id='word_1_146' title='bbox 1111 1991 1367 2047; x_wconf 85' lang='lat' dir='ltr'><strong>accedent</strong></span> <span class='ocrx_word' id='word_1_147' title='bbox 1401 1989 1600 2058; x_wconf 82' lang='lat' dir='ltr'><strong>lapides</strong></span> <span class='ocrx_word' id='word_1_148' title='bbox 1637 1987 2003 2053; x_wconf 71' lang='lat' dir='ltr'><strong>fundamento,</strong></span> 
     </span>
    </p>
   </div>
   <div class='ocr_carea' id='block_1_20' title="bbox 411 2080 2006 2160">
    <p class='ocr_par' dir='ltr' id='par_1_20' title="bbox 411 2080 2006 2160">
     <span class='ocr_line' id='line_1_20' title="bbox 411 2080 2006 2160; baseline -0.005 -16"><span class='ocrx_word' id='word_1_149' title='bbox 411 2089 617 2160; x_wconf 79' lang='lat' dir='ltr'><strong>lapides</strong></span> <span class='ocrx_word' id='word_1_150' title='bbox 643 2089 770 2154; x_wconf 84' lang='lat' dir='ltr'><strong>vivi,</strong></span> <span class='ocrx_word' id='word_1_151' title='bbox 796 2087 998 2156; x_wconf 82' lang='lat' dir='ltr'><strong>lapides</strong></span> <span class='ocrx_word' id='word_1_152' title='bbox 1018 2086 1208 2148; x_wconf 85' lang='lat' dir='ltr'><strong>sancti,</strong></span> <span class='ocrx_word' id='word_1_153' title='bbox 1239 2093 1295 2138; x_wconf 92' lang='lat' dir='ltr'><strong>ut</strong></span> <span class='ocrx_word' id='word_1_154' title='bbox 1317 2085 1368 2136; x_wconf 90' lang='lat' dir='ltr'><strong>in</strong></span> <span class='ocrx_word' id='word_1_155' title='bbox 1393 2081 1498 2136; x_wconf 77' lang='lat' dir='ltr'><strong>line</strong></span> <span class='ocrx_word' id='word_1_156' title='bbox 1521 2080 1812 2138; x_wconf 65' lang='lat' dir='ltr'><strong>aediﬁcetur</strong></span> <span class='ocrx_word' id='word_1_157' title='bbox 1839 2089 2006 2136; x_wconf 88' lang='lat' dir='ltr'><strong>totum</strong></span> 
     </span>
    </p>
   </div>
   <div class='ocr_carea' id='block_1_21' title="bbox 413 2171 2004 2243">
    <p class='ocr_par' dir='ltr' id='par_1_21' title="bbox 413 2171 2004 2243">
     <span class='ocr_line' id='line_1_21' title="bbox 413 2171 2004 2243; baseline -0.009 -3"><span class='ocrx_word' id='word_1_158' title='bbox 413 2182 696 2240; x_wconf 57' lang='lat' dir='ltr'><strong>aedilicium</strong></span> <span class='ocrx_word' id='word_1_159' title='bbox 725 2179 792 2234; x_wconf 88' lang='lat' dir='ltr'><strong>ab</strong></span> <span class='ocrx_word' id='word_1_160' title='bbox 819 2180 906 2236; x_wconf 90' lang='lat' dir='ltr'><strong>illa</strong></span> <span class='ocrx_word' id='word_1_161' title='bbox 934 2178 1202 2242; x_wconf 80' lang='lat' dir='ltr'><strong>Ecclesia;</strong></span> <span class='ocrx_word' id='word_1_162' title='bbox 1231 2177 1338 2231; x_wconf 88' lang='lat' dir='ltr'><strong>imo</strong></span> <span class='ocrx_word' id='word_1_163' title='bbox 1367 2173 1434 2229; x_wconf 84' lang='lat' dir='ltr'><strong>ab</strong></span> <span class='ocrx_word' id='word_1_164' title='bbox 1471 2173 1571 2228; x_wconf 85' lang='lat' dir='ltr'><strong>ista</strong></span> <span class='ocrx_word' id='word_1_165' title='bbox 1596 2173 1709 2243; x_wconf 85' lang='lat' dir='ltr'><strong>ipsa</strong></span> <span class='ocrx_word' id='word_1_166' title='bbox 1740 2171 2004 2239; x_wconf 80' lang='lat' dir='ltr'><strong>Ecclesia,</strong></span> 
     </span>
    </p>
   </div>
   <div class='ocr_carea' id='block_1_22' title="bbox 415 2262 2007 2346">
    <p class='ocr_par' dir='ltr' id='par_1_22' title="bbox 415 2262 2007 2346">
     <span class='ocr_line' id='line_1_22' title="bbox 415 2262 2007 2346; baseline -0.008 -18"><span class='ocrx_word' id='word_1_167' title='bbox 415 2289 533 2346; x_wconf 81' lang='lat' dir='ltr'><strong>quae</strong></span> <span class='ocrx_word' id='word_1_168' title='bbox 560 2272 720 2328; x_wconf 88' lang='lat' dir='ltr'><strong>modo</strong></span> <span class='ocrx_word' id='word_1_169' title='bbox 744 2281 922 2326; x_wconf 83' lang='lat' dir='ltr'><strong>cantat</strong></span> <span class='ocrx_word' id='word_1_170' title='bbox 951 2269 1215 2325; x_wconf 73' lang='lat' dir='ltr'><strong>canticum</strong></span> <span class='ocrx_word' id='word_1_171' title='bbox 1246 2283 1465 2333; x_wconf 89' lang='lat' dir='ltr'><strong>novum,</strong></span> <span class='ocrx_word' id='word_1_172' title='bbox 1491 2265 1619 2320; x_wconf 91' lang='lat' dir='ltr'><strong>dum</strong></span> <span class='ocrx_word' id='word_1_173' title='bbox 1657 2264 1848 2320; x_wconf 85' lang='lat' dir='ltr'><strong>domus</strong></span> <span class='ocrx_word' id='word_1_174' title='bbox 1875 2262 2007 2318; x_wconf 75' lang='lat' dir='ltr'><strong>redi-</strong></span> 
     </span>
    </p>
   </div>
   <div class='ocr_carea' id='block_1_23' title="bbox 413 2357 2010 2435">
    <p class='ocr_par' dir='ltr' id='par_1_23' title="bbox 413 2357 2010 2435">
     <span class='ocr_line' id='line_1_23' title="bbox 413 2357 2010 2435; baseline -0.009 -9"><span class='ocrx_word' id='word_1_175' title='bbox 413 2370 624 2426; x_wconf 81' lang='lat' dir='ltr'><strong>ﬁcatur.</strong></span> <span class='ocrx_word' id='word_1_176' title='bbox 656 2369 745 2424; x_wconf 88' lang='lat' dir='ltr'><strong>Sic</strong></span> <span class='ocrx_word' id='word_1_177' title='bbox 763 2369 906 2423; x_wconf 84' lang='lat' dir='ltr'><strong>enim</strong></span> <span class='ocrx_word' id='word_1_178' title='bbox 935 2367 1094 2422; x_wconf 83' lang='lat' dir='ltr'><strong>habet</strong></span> <span class='ocrx_word' id='word_1_179' title='bbox 1124 2366 1237 2435; x_wconf 89' lang='lat' dir='ltr'><strong>ipse</strong></span> <span class='ocrx_word' id='word_1_180' title='bbox 1266 2363 1509 2418; x_wconf 85' lang='lat' dir='ltr'><strong>Psaimus</strong></span> <span class='ocrx_word' id='word_1_181' title='bbox 1535 2378 1548 2416; x_wconf 91' lang='lat'><strong>:</strong></span> <span class='ocrx_word' id='word_1_182' title='bbox 1583 2359 1799 2426; x_wconf 78' lang='lat' dir='ltr'><strong>Quando</strong></span> <span class='ocrx_word' id='word_1_183' title='bbox 1829 2357 2010 2412; x_wconf 82' lang='lat' dir='ltr'><strong>domus</strong></span> 
     </span>
    </p>
   </div>
   <div class='ocr_carea' id='block_1_24' title="bbox 411 2449 2008 2536">
    <p class='ocr_par' dir='ltr' id='par_1_24' title="bbox 411 2449 2008 2536">
     <span class='ocr_line' id='line_1_24' title="bbox 411 2449 2008 2536; baseline -0.012 -16"><span class='ocrx_word' id='word_1_184' title='bbox 411 2464 764 2536; x_wconf 61' lang='lat' dir='ltr'><strong>ediﬁcabatur</strong></span> <span class='ocrx_word' id='word_1_185' title='bbox 787 2469 898 2531; x_wconf 76' lang='lat' dir='ltr'><strong>post</strong></span> <span class='ocrx_word' id='word_1_186' title='bbox 925 2459 1279 2530; x_wconf 71' lang='lat' dir='ltr'><strong>captivitatem.</strong></span> <span class='ocrx_word' id='word_1_187' title='bbox 1305 2455 1376 2510; x_wconf 84' lang='lat' dir='ltr'><strong>Et</strong></span> <span class='ocrx_word' id='word_1_188' title='bbox 1402 2451 1565 2524; x_wconf 89' lang='lat' dir='ltr'><strong>quid?</strong></span> <span class='ocrx_word' id='word_1_189' title='bbox 1595 2450 1803 2506; x_wconf 73' lang='lat' dir='ltr'><strong>Caritate</strong></span> <span class='ocrx_word' id='word_1_190' title='bbox 1825 2449 2008 2502; x_wconf 78' lang='lat' dir='ltr'><strong>Domi-</strong></span> 
     </span>
    </p>
   </div>
   <div class='ocr_carea' id='block_1_25' title="bbox 415 2539 2006 2617">
    <p class='ocr_par' dir='ltr' id='par_1_25' title="bbox 415 2539 2006 2617">
     <span class='ocr_line' id='line_1_25' title="bbox 415 2539 2006 2617; baseline -0.012 -6"><span class='ocrx_word' id='word_1_191' title='bbox 415 2573 484 2612; x_wconf 79' lang='lat' dir='ltr'><strong>no</strong></span> <span class='ocrx_word' id='word_1_192' title='bbox 501 2556 752 2610; x_wconf 81' lang='lat' dir='ltr'><strong>canticum</strong></span> <span class='ocrx_word' id='word_1_193' title='bbox 778 2569 960 2606; x_wconf 85' lang='lat' dir='ltr'><strong>novum</strong></span> <span class='ocrx_word' id='word_1_194' title='bbox 981 2569 1000 2617; x_wconf 88' lang='lat'><strong><em>;</em></strong></span> <span class='ocrx_word' id='word_1_195' title='bbox 1031 2558 1228 2604; x_wconf 82' lang='lat' dir='ltr'><strong>cantate</strong></span> <span class='ocrx_word' id='word_1_196' title='bbox 1252 2547 1471 2600; x_wconf 83' lang='lat' dir='ltr'><strong>Domino</strong></span> <span class='ocrx_word' id='word_1_197' title='bbox 1494 2544 1654 2599; x_wconf 70' lang='lat' dir='ltr'><strong>omnis</strong></span> <span class='ocrx_word' id='word_1_198' title='bbox 1674 2552 1807 2596; x_wconf 81' lang='lat' dir='ltr'><strong>terra</strong></span> <span class='ocrx_word' id='word_1_199' title='bbox 1835 2539 2006 2611; x_wconf 72' lang='lat' dir='ltr'><strong>(Pani.</strong></span> 
     </span>
    </p>
   </div>
   <div class='ocr_carea' id='block_1_26' title="bbox 415 2634 2012 2718">
    <p class='ocr_par' dir='ltr' id='par_1_26' title="bbox 415 2634 2012 2718">
     <span class='ocr_line' id='line_1_26' title="bbox 415 2634 2012 2718; baseline -0.013 -14"><span class='ocrx_word' id='word_1_200' title='bbox 415 2663 542 2716; x_wconf 74' lang='lat' dir='ltr'><strong>xcv,</strong></span> <span class='ocrx_word' id='word_1_201' title='bbox 574 2649 653 2718; x_wconf 82' lang='lat' dir='ltr'><strong>i).</strong></span> <span class='ocrx_word' id='word_1_202' title='bbox 709 2646 879 2713; x_wconf 88' lang='lat' dir='ltr'><strong>Quam</strong></span> <span class='ocrx_word' id='word_1_203' title='bbox 927 2657 1118 2712; x_wconf 76' lang='lat' dir='ltr'><strong>magna</strong></span> <span class='ocrx_word' id='word_1_204' title='bbox 1163 2639 1388 2695; x_wconf 78' lang='lat' dir='ltr'><strong>domus!</strong></span> <span class='ocrx_word' id='word_1_205' title='bbox 1437 2635 1542 2692; x_wconf 86' lang='lat' dir='ltr'><strong>Sed</strong></span> <span class='ocrx_word' id='word_1_206' title='bbox 1578 2634 1788 2705; x_wconf 83' lang='lat' dir='ltr'><strong>quando</strong></span> <span class='ocrx_word' id='word_1_207' title='bbox 1835 2640 2012 2686; x_wconf 88' lang='lat' dir='ltr'><strong>cantat</strong></span> 
     </span>
    </p>
   </div>
   <div class='ocr_carea' id='block_1_27' title="bbox 415 2722 2011 2798">
    <p class='ocr_par' dir='ltr' id='par_1_27' title="bbox 415 2722 2011 2798">
     <span class='ocr_line' id='line_1_27' title="bbox 415 2722 2011 2798; baseline -0.014 0"><span class='ocrx_word' id='word_1_208' title='bbox 415 2741 683 2798; x_wconf 82' lang='lat' dir='ltr'><strong>cauticum</strong></span> <span class='ocrx_word' id='word_1_209' title='bbox 708 2735 937 2794; x_wconf 85' lang='lat' dir='ltr'><strong>novum?</strong></span> <span class='ocrx_word' id='word_1_210' title='bbox 967 2735 1102 2790; x_wconf 87' lang='lat' dir='ltr'><strong>Cum</strong></span> <span class='ocrx_word' id='word_1_211' title='bbox 1123 2732 1436 2788; x_wconf 61' lang='lat' dir='ltr'><strong>aedificatur.</strong></span> <span class='ocrx_word' id='word_1_212' title='bbox 1458 2727 1682 2797; x_wconf 82' lang='lat' dir='ltr'><strong>Quando</strong></span> <span class='ocrx_word' id='word_1_213' title='bbox 1705 2722 2011 2781; x_wconf 78' lang='lat' dir='ltr'><strong>dedicatur?</strong></span> 
     </span>
    </p>
   </div>
   <div class='ocr_carea' id='block_1_28' title="bbox 417 2817 2011 2892">
    <p class='ocr_par' dir='ltr' id='par_1_28' title="bbox 417 2817 2011 2892">
     <span class='ocr_line' id='line_1_28' title="bbox 417 2817 2011 2892; baseline -0.013 -4"><span class='ocrx_word' id='word_1_214' title='bbox 417 2833 476 2888; x_wconf 74' lang='lat' dir='ltr'><strong>in</strong></span> <span class='ocrx_word' id='word_1_215' title='bbox 508 2831 613 2887; x_wconf 83' lang='lat' dir='ltr'><strong>line</strong></span> <span class='ocrx_word' id='word_1_216' title='bbox 641 2830 844 2886; x_wconf 59' lang='lat' dir='ltr'><strong>saeculi.</strong></span> <span class='ocrx_word' id='word_1_217' title='bbox 888 2827 1316 2882; x_wconf 76' lang='lat' dir='ltr'><strong>Fundamentum</strong></span> <span class='ocrx_word' id='word_1_218' title='bbox 1349 2821 1515 2892; x_wconf 82' lang='lat' dir='ltr'><strong>ipsius</strong></span> <span class='ocrx_word' id='word_1_219' title='bbox 1557 2819 1667 2888; x_wconf 88' lang='lat' dir='ltr'><strong>jam</strong></span> <span class='ocrx_word' id='word_1_220' title='bbox 1712 2817 2011 2872; x_wconf 87' lang='lat' dir='ltr'><strong>dedicatum</strong></span> 
     </span>
    </p>
   </div>
   <div class='ocr_carea' id='block_1_29' title="bbox 417 2909 2012 2996">
    <p class='ocr_par' dir='ltr' id='par_1_29' title="bbox 417 2909 2012 2996">
     <span class='ocr_line' id='line_1_29' title="bbox 417 2909 2012 2996; baseline -0.013 -14"><span class='ocrx_word' id='word_1_221' title='bbox 417 2935 500 2982; x_wconf 84' lang='lat' dir='ltr'><strong>est</strong></span> <span class='ocrx_word' id='word_1_222' title='bbox 526 2945 540 2981; x_wconf 90' lang='lat'><strong>:</strong></span> <span class='ocrx_word' id='word_1_223' title='bbox 571 2926 691 2996; x_wconf 85' lang='lat' dir='ltr'><strong>quia</strong></span> <span class='ocrx_word' id='word_1_224' title='bbox 719 2923 956 2978; x_wconf 84' lang='lat' dir='ltr'><strong>ascendit</strong></span> <span class='ocrx_word' id='word_1_225' title='bbox 985 2921 1038 2975; x_wconf 90' lang='lat' dir='ltr'><strong>in</strong></span> <span class='ocrx_word' id='word_1_226' title='bbox 1064 2920 1280 2983; x_wconf 75' lang='lat' dir='ltr'><strong>cmimn,</strong></span> <span class='ocrx_word' id='word_1_227' title='bbox 1309 2926 1365 2971; x_wconf 91' lang='lat' dir='ltr'><strong>et</strong></span> <span class='ocrx_word' id='word_1_228' title='bbox 1388 2931 1494 2970; x_wconf 88' lang='lat' dir='ltr'><strong>non</strong></span> <span class='ocrx_word' id='word_1_229' title='bbox 1521 2912 1761 2968; x_wconf 89' lang='lat' dir='ltr'><strong>moritur.</strong></span> <span class='ocrx_word' id='word_1_230' title='bbox 1790 2909 2012 2976; x_wconf 83' lang='lat' dir='ltr'><strong>Quando</strong></span> 
     </span>
    </p>
   </div>
   <div class='ocr_carea' id='block_1_30' title="bbox 416 2999 2013 3080">
    <p class='ocr_par' dir='ltr' id='par_1_30' title="bbox 416 2999 2013 3080">
     <span class='ocr_line' id='line_1_30' title="bbox 416 2999 2013 3080; baseline -0.013 -6"><span class='ocrx_word' id='word_1_231' title='bbox 416 3025 476 3074; x_wconf 83' lang='lat' dir='ltr'><strong>et</strong></span> <span class='ocrx_word' id='word_1_232' title='bbox 502 3032 601 3072; x_wconf 89' lang='lat' dir='ltr'><strong>nos</strong></span> <span class='ocrx_word' id='word_1_233' title='bbox 627 3014 1038 3080; x_wconf 78' lang='lat' dir='ltr'><strong>surrexerimus,</strong></span> <span class='ocrx_word' id='word_1_234' title='bbox 1063 3021 1120 3068; x_wconf 87' lang='lat' dir='ltr'><strong>ut</strong></span> <span class='ocrx_word' id='word_1_235' title='bbox 1139 3023 1412 3080; x_wconf 81' lang='lat' dir='ltr'><strong>nunquam</strong></span> <span class='ocrx_word' id='word_1_236' title='bbox 1434 3004 1744 3068; x_wconf 83' lang='lat' dir='ltr'><strong>moriamur,</strong></span> <span class='ocrx_word' id='word_1_237' title='bbox 1775 3010 1902 3058; x_wconf 87' lang='lat' dir='ltr'><strong>tunc</strong></span> <span class='ocrx_word' id='word_1_238' title='bbox 1915 2999 2013 3056; x_wconf 82' lang='lat' dir='ltr'><strong>de-</strong></span> 
     </span>
    </p>
   </div>
   <div class='ocr_carea' id='block_1_31' title="bbox 415 3110 740 3168">
    <p class='ocr_par' dir='ltr' id='par_1_31' title="bbox 415 3110 740 3168">
     <span class='ocr_line' id='line_1_31' title="bbox 415 3110 740 3168; baseline -0.012 0"><span class='ocrx_word' id='word_1_239' title='bbox 415 3110 740 3168; x_wconf 80' lang='lat' dir='ltr'><strong>dicabimur.</strong></span> 
     </span>
    </p>
   </div>
   <div class='ocr_carea' id='block_1_32' title="bbox 913 3235 1517 3306">
    <p class='ocr_par' dir='ltr' id='par_1_32' title="bbox 913 3235 1517 3306">
     <span class='ocr_line' id='line_1_32' title="bbox 913 3235 1517 3306; baseline -0.017 -9"><span class='ocrx_word' id='word_1_240' title='bbox 913 3239 1140 3298; x_wconf 75' lang='lat' dir='ltr'><strong>ssnuo</strong></span> <span class='ocrx_word' id='word_1_241' title='bbox 1177 3236 1393 3294; x_wconf 72' lang='lat' dir='ltr'><strong>cxvrr</strong></span> <span class='ocrx_word' id='word_1_242' title='bbox 1421 3235 1517 3306; x_wconf 84' lang='grc' dir='ltr'><strong>(α).</strong></span> 
     </span>
    </p>
   </div>
   <div class='ocr_carea' id='block_1_33' title="bbox 421 3367 2016 3449">
    <p class='ocr_par' dir='ltr' id='par_1_33' title="bbox 421 3367 2016 3449">
     <span class='ocr_line' id='line_1_33' title="bbox 421 3367 2016 3449; baseline -0.011 -13"><span class='ocrx_word' id='word_1_243' title='bbox 421 3377 502 3436; x_wconf 80' lang='lat' dir='ltr'><strong>De</strong></span> <span class='ocrx_word' id='word_1_244' title='bbox 531 3378 694 3434; x_wconf 74' lang='lat' dir='ltr'><strong>verbis</strong></span> <span class='ocrx_word' id='word_1_245' title='bbox 719 3375 986 3449; x_wconf 65' lang='lat' dir='ltr'><strong>Evangelii</strong></span> <span class='ocrx_word' id='word_1_246' title='bbox 1011 3375 1252 3441; x_wconf 70' lang='lat' dir='ltr'><strong>laminis,</strong></span> <span class='ocrx_word' id='word_1_247' title='bbox 1277 3389 1392 3443; x_wconf 87' lang='lat' dir='ltr'><strong>cap.</strong></span> <span class='ocrx_word' id='word_1_248' title='bbox 1429 3387 1468 3437; x_wconf 85' lang='grc' dir='ltr'><strong>ι,</strong></span> <span class='ocrx_word' id='word_1_249' title='bbox 1511 3370 1606 3424; x_wconf 74' lang='grc'><strong>1-5</strong></span> <span class='ocrx_word' id='word_1_250' title='bbox 1625 3410 1638 3434; x_wconf 91' lang='grc'><strong>,</strong></span> <span class='ocrx_word' id='word_1_251' title='bbox 1675 3367 1728 3422; x_wconf 92' lang='lat' dir='ltr'><strong>in</strong></span> <span class='ocrx_word' id='word_1_252' title='bbox 1755 3367 2016 3437; x_wconf 81' lang='lat' dir='ltr'><strong>principio</strong></span> 
     </span>
    </p>
   </div>
   <div class='ocr_carea' id='block_1_34' title="bbox 493 3460 2016 3538">
    <p class='ocr_par' dir='ltr' id='par_1_34' title="bbox 493 3460 2016 3538">
     <span class='ocr_line' id='line_1_34' title="bbox 493 3460 2016 3538; baseline -0.009 -10"><span class='ocrx_word' id='word_1_253' title='bbox 493 3481 609 3528; x_wconf 88' lang='lat' dir='ltr'><strong>erat</strong></span> <span class='ocrx_word' id='word_1_254' title='bbox 638 3471 892 3538; x_wconf 88' lang='lat' dir='ltr'><strong>Verbum,</strong></span> <span class='ocrx_word' id='word_1_255' title='bbox 918 3479 973 3526; x_wconf 90' lang='lat' dir='ltr'><strong>et</strong></span> <span class='ocrx_word' id='word_1_256' title='bbox 1003 3469 1234 3524; x_wconf 81' lang='lat' dir='ltr'><strong>Verbum</strong></span> <span class='ocrx_word' id='word_1_257' title='bbox 1267 3474 1382 3521; x_wconf 91' lang='lat' dir='ltr'><strong>erat</strong></span> <span class='ocrx_word' id='word_1_258' title='bbox 1410 3463 1550 3534; x_wconf 88' lang='lat' dir='ltr'><strong>apud</strong></span> <span class='ocrx_word' id='word_1_259' title='bbox 1576 3463 1763 3528; x_wconf 87' lang='lat' dir='ltr'><strong>Deum,</strong></span> <span class='ocrx_word' id='word_1_260' title='bbox 1791 3469 1847 3516; x_wconf 88' lang='lat' dir='ltr'><strong>et</strong></span> <span class='ocrx_word' id='word_1_261' title='bbox 1872 3460 2016 3514; x_wconf 82' lang='lat' dir='ltr'><strong>Deus</strong></span> 
     </span>
    </p>
   </div>
   <div class='ocr_carea' id='block_1_35' title="bbox 492 3554 1926 3633">
    <p class='ocr_par' dir='ltr' id='par_1_35' title="bbox 492 3554 1926 3633">
     <span class='ocr_line' id='line_1_35' title="bbox 492 3554 1926 3633; baseline -0.01 -11"><span class='ocrx_word' id='word_1_262' title='bbox 492 3574 609 3622; x_wconf 87' lang='lat' dir='ltr'><strong>erat</strong></span> <span class='ocrx_word' id='word_1_263' title='bbox 626 3566 880 3633; x_wconf 81' lang='lat' dir='ltr'><strong>Verbum,</strong></span> <span class='ocrx_word' id='word_1_264' title='bbox 912 3572 1008 3618; x_wconf 75' lang='lat' dir='ltr'><strong>etc.</strong></span> <span class='ocrx_word' id='word_1_265' title='bbox 1031 3561 1219 3616; x_wconf 78' lang='lat' dir='ltr'><strong>Contra</strong></span> <span class='ocrx_word' id='word_1_266' title='bbox 1241 3559 1462 3613; x_wconf 70' lang='lat' dir='ltr'><strong>Arianae</strong></span> <span class='ocrx_word' id='word_1_267' title='bbox 1487 3554 1586 3628; x_wconf 74' lang='grc' dir='ltr'><strong>(ὑ).</strong></span> <span class='ocrx_word' id='word_1_268' title='bbox 1922 3555 1926 3560; x_wconf 88' lang='grc'><em>’</em></span> 
     </span>
    </p>
   </div>
   <div class='ocr_carea' id='block_1_36' title="bbox 492 3661 2016 3734">
    <p class='ocr_par' dir='ltr' id='par_1_36' title="bbox 492 3661 2016 3734">
     <span class='ocr_line' id='line_1_36' title="bbox 492 3661 2016 3734; baseline -0.014 1"><span class='ocrx_word' id='word_1_269' title='bbox 492 3677 718 3734; x_wconf 80' lang='lat' dir='ltr'><strong>CAPUT</strong></span> <span class='ocrx_word' id='word_1_270' title='bbox 757 3674 1040 3732; x_wconf 75' lang='lat' dir='ltr'><strong>PRIMUM.</strong></span> <span class='ocrx_word' id='word_1_271' title='bbox 1091 3703 1163 3714; x_wconf 91' lang='lat'><strong>-—</strong></span> <span class='ocrx_word' id='word_1_272' title='bbox 1210 3673 1264 3725; x_wconf 75' lang='lat' dir='ltr'><strong>i.</strong></span> <span class='ocrx_word' id='word_1_273' title='bbox 1322 3668 1537 3722; x_wconf 78' lang='lat' dir='ltr'><strong>Verbum</strong></span> <span class='ocrx_word' id='word_1_274' title='bbox 1582 3665 1676 3718; x_wconf 77' lang='lat' dir='ltr'><strong>Dei</strong></span> <span class='ocrx_word' id='word_1_275' title='bbox 1725 3670 1781 3717; x_wconf 85' lang='lat' dir='ltr'><strong>ut</strong></span> <span class='ocrx_word' id='word_1_276' title='bbox 1826 3661 2016 3715; x_wconf 71' lang='lat' dir='ltr'><strong>intelli-</strong></span> 
     </span>
    </p>
   </div>
   <div class='ocr_carea' id='block_1_37' title="bbox 422 3754 2019 3843">
    <p class='ocr_par' dir='ltr' id='par_1_37' title="bbox 422 3754 2019 3843">
     <span class='ocr_line' id='line_1_37' title="bbox 422 3754 2019 3843; baseline -0.012 -17"><span class='ocrx_word' id='word_1_277' title='bbox 422 3780 590 3843; x_wconf 83' lang='lat' dir='ltr'><strong>gatur,</strong></span> <span class='ocrx_word' id='word_1_278' title='bbox 626 3787 724 3842; x_wconf 84' lang='lat' dir='ltr'><strong>quo</strong></span> <span class='ocrx_word' id='word_1_279' title='bbox 768 3771 925 3840; x_wconf 83' lang='lat' dir='ltr'><strong>pretio</strong></span> <span class='ocrx_word' id='word_1_280' title='bbox 963 3759 1705 3837; x_wconf 80' lang='lat' dir='ltr'><strong>comparandum.Capitulum</strong></span> <span class='ocrx_word' id='word_1_281' title='bbox 1749 3754 2019 3824; x_wconf 82' lang='lat' dir='ltr'><strong>Evangelii</strong></span> 
     </span>
    </p>
   </div>
   <div class='ocr_carea' id='block_1_38' title="bbox 421 3847 2016 3935">
    <p class='ocr_par' dir='ltr' id='par_1_38' title="bbox 421 3847 2016 3935">
     <span class='ocr_line' id='line_1_38' title="bbox 421 3847 2016 3935; baseline -0.013 -16"><span class='ocrx_word' id='word_1_282' title='bbox 421 3864 565 3935; x_wconf 91' lang='lat' dir='ltr'><strong>quod</strong></span> <span class='ocrx_word' id='word_1_283' title='bbox 605 3865 800 3917; x_wconf 88' lang='lat' dir='ltr'><strong>lectum</strong></span> <span class='ocrx_word' id='word_1_284' title='bbox 828 3867 939 3925; x_wconf 89' lang='lat' dir='ltr'><strong>est,</strong></span> <span class='ocrx_word' id='word_1_285' title='bbox 973 3858 1166 3912; x_wconf 82' lang='lat' dir='ltr'><strong>fratres</strong></span> <span class='ocrx_word' id='word_1_286' title='bbox 1196 3852 1527 3909; x_wconf 85' lang='lat' dir='ltr'><strong>dilectissimi</strong></span> <span class='ocrx_word' id='word_1_287' title='bbox 1547 3893 1560 3915; x_wconf 89' lang='lat'><strong>,</strong></span> <span class='ocrx_word' id='word_1_288' title='bbox 1590 3865 1778 3922; x_wconf 86' lang='lat' dir='ltr'><strong>purum</strong></span> <span class='ocrx_word' id='word_1_289' title='bbox 1808 3847 2016 3901; x_wconf 63' lang='lat' dir='ltr'><strong>oculum</strong></span> 
     </span>
    </p>
   </div>
   <div class='ocr_carea' id='block_1_39' title="bbox 419 3939 2019 4023">
    <p class='ocr_par' dir='ltr' id='par_1_39' title="bbox 419 3939 2019 4023">
     <span class='ocr_line' id='line_1_39' title="bbox 419 3939 2019 4023; baseline -0.011 -13"><span class='ocrx_word' id='word_1_290' title='bbox 419 3954 604 4012; x_wconf 92' lang='lat' dir='ltr'><strong>cordis</strong></span> <span class='ocrx_word' id='word_1_291' title='bbox 632 3952 868 4023; x_wconf 86' lang='lat' dir='ltr'><strong>inquirit.</strong></span> <span class='ocrx_word' id='word_1_292' title='bbox 900 3949 1185 4004; x_wconf 82' lang='lat' dir='ltr'><strong>Dmuinum</strong></span> <span class='ocrx_word' id='word_1_293' title='bbox 1213 3939 1355 4001; x_wconf 79' lang='lat' dir='ltr'><strong>enim</strong></span> <span class='ocrx_word' id='word_1_294' title='bbox 1387 3953 1626 3998; x_wconf 84' lang='lat' dir='ltr'><strong>nostrum</strong></span> <span class='ocrx_word' id='word_1_295' title='bbox 1649 3941 1833 3997; x_wconf 83' lang='lat' dir='ltr'><strong>Jesum</strong></span> <span class='ocrx_word' id='word_1_296' title='bbox 1861 3940 2019 3994; x_wconf 87' lang='lat' dir='ltr'><strong>Chri-</strong></span> 
     </span>
    </p>
   </div>
   <div class='ocr_carea' id='block_1_40' title="bbox 421 4032 2018 4113">
    <p class='ocr_par' dir='ltr' id='par_1_40' title="bbox 421 4032 2018 4113">
     <span class='ocr_line' id='line_1_40' title="bbox 421 4032 2018 4113; baseline -0.009 -13"><span class='ocrx_word' id='word_1_297' title='bbox 421 4053 565 4102; x_wconf 82' lang='lat' dir='ltr'><strong>stum</strong></span> <span class='ocrx_word' id='word_1_298' title='bbox 589 4043 893 4113; x_wconf 86' lang='lat' dir='ltr'><strong>accepimus</strong></span> <span class='ocrx_word' id='word_1_299' title='bbox 923 4041 1212 4097; x_wconf 89' lang='lat' dir='ltr'><strong>secundum</strong></span> <span class='ocrx_word' id='word_1_300' title='bbox 1231 4037 1562 4093; x_wconf 82' lang='lat' dir='ltr'><strong>divinitatem</strong></span> <span class='ocrx_word' id='word_1_301' title='bbox 1591 4035 1657 4090; x_wconf 91' lang='lat' dir='ltr'><strong>ad</strong></span> <span class='ocrx_word' id='word_1_302' title='bbox 1687 4032 2018 4089; x_wconf 83' lang='lat' dir='ltr'><strong>condendam</strong></span> 
     </span>
    </p>
   </div>
   <div class='ocr_carea' id='block_1_41' title="bbox 369 4126 2018 4200">
    <p class='ocr_par' dir='ltr' id='par_1_41' title="bbox 369 4126 2018 4200">
     <span class='ocr_line' id='line_1_41' title="bbox 369 4126 2018 4200; baseline -0.007 -7"><span class='ocrx_word' id='word_1_303' title='bbox 369 4139 380 4150; x_wconf 84' lang='lat'>&#39;</span> <span class='ocrx_word' id='word_1_304' title='bbox 421 4138 731 4193; x_wconf 84' lang='lat' dir='ltr'><strong>universam</strong></span> <span class='ocrx_word' id='word_1_305' title='bbox 757 4143 1077 4200; x_wconf 86' lang='lat' dir='ltr'><strong>creaturam,</strong></span> <span class='ocrx_word' id='word_1_306' title='bbox 1103 4130 1397 4188; x_wconf 90' lang='lat' dir='ltr'><strong>secundum</strong></span> <span class='ocrx_word' id='word_1_307' title='bbox 1427 4129 1812 4184; x_wconf 82' lang='lat' dir='ltr'><strong>immanitatem</strong></span> <span class='ocrx_word' id='word_1_308' title='bbox 1838 4126 1906 4183; x_wconf 91' lang='lat' dir='ltr'><strong>ad</strong></span> <span class='ocrx_word' id='word_1_309' title='bbox 1931 4141 2018 4182; x_wconf 89' lang='lat' dir='ltr'><strong>re-</strong></span> 
     </span>
    </p>
   </div>
   <div class='ocr_carea' id='block_1_42' title="bbox 423 4220 2015 4304">
    <p class='ocr_par' dir='ltr' id='par_1_42' title="bbox 423 4220 2015 4304">
     <span class='ocr_line' id='line_1_42' title="bbox 423 4220 2015 4304; baseline -0.007 -19"><span class='ocrx_word' id='word_1_310' title='bbox 423 4230 713 4304; x_wconf 76' lang='lat' dir='ltr'><strong>parandum</strong></span> <span class='ocrx_word' id='word_1_311' title='bbox 763 4229 966 4299; x_wconf 85' lang='lat' dir='ltr'><strong>lapsam</strong></span> <span class='ocrx_word' id='word_1_312' title='bbox 1006 4237 1327 4293; x_wconf 85' lang='lat' dir='ltr'><strong>creaturam,</strong></span> <span class='ocrx_word' id='word_1_313' title='bbox 1358 4224 1754 4294; x_wconf 84' lang='lat' dir='ltr'><strong>cvangelizante</strong></span> <span class='ocrx_word' id='word_1_314' title='bbox 1791 4220 2015 4277; x_wconf 82' lang='lat' dir='ltr'><strong>Joanne.</strong></span> 
     </span>
    </p>
   </div>
   <div class='ocr_carea' id='block_1_43' title="bbox 424 4311 2019 4394">
    <p class='ocr_par' dir='ltr' id='par_1_43' title="bbox 424 4311 2019 4394">
     <span class='ocr_line' id='line_1_43' title="bbox 424 4311 2019 4394; baseline -0.006 -16"><span class='ocrx_word' id='word_1_315' title='bbox 424 4321 483 4378; x_wconf 87' lang='lat' dir='ltr'><strong>in</strong></span> <span class='ocrx_word' id='word_1_316' title='bbox 510 4323 626 4394; x_wconf 89' lang='lat' dir='ltr'><strong>ipso</strong></span> <span class='ocrx_word' id='word_1_317' title='bbox 645 4331 822 4377; x_wconf 90' lang='lat' dir='ltr'><strong>autem</strong></span> <span class='ocrx_word' id='word_1_318' title='bbox 847 4320 1132 4391; x_wconf 82' lang='lat' dir='ltr'><strong>Evangeiio</strong></span> <span class='ocrx_word' id='word_1_319' title='bbox 1160 4317 1330 4390; x_wconf 86' lang='lat' dir='ltr'><strong>qualis</strong></span> <span class='ocrx_word' id='word_1_320' title='bbox 1351 4326 1404 4371; x_wconf 88' lang='lat' dir='ltr'><strong>et</strong></span> <span class='ocrx_word' id='word_1_321' title='bbox 1429 4323 1658 4386; x_wconf 86' lang='lat' dir='ltr'><strong>quantus</strong></span> <span class='ocrx_word' id='word_1_322' title='bbox 1678 4314 1762 4368; x_wconf 88' lang='lat' dir='ltr'><strong>vir</strong></span> <span class='ocrx_word' id='word_1_323' title='bbox 1785 4311 2019 4368; x_wconf 86' lang='lat' dir='ltr'><strong>Joannes</strong></span> 
     </span>
    </p>
   </div>
   <div class='ocr_carea' id='block_1_44' title="bbox 423 4402 2019 4482">
    <p class='ocr_par' dir='ltr' id='par_1_44' title="bbox 423 4402 2019 4482">
     <span class='ocr_line' id='line_1_44' title="bbox 423 4402 2019 4482; baseline -0.009 -11"><span class='ocrx_word' id='word_1_324' title='bbox 423 4413 603 4482; x_wconf 87' lang='lat' dir='ltr'><strong>fuerit,</strong></span> <span class='ocrx_word' id='word_1_325' title='bbox 636 4414 935 4470; x_wconf 88' lang='lat' dir='ltr'><strong>invenimus</strong></span> <span class='ocrx_word' id='word_1_326' title='bbox 954 4455 968 4480; x_wconf 93' lang='lat'><strong>,</strong></span> <span class='ocrx_word' id='word_1_327' title='bbox 994 4419 1049 4467; x_wconf 92' lang='lat' dir='ltr'><strong>ut</strong></span> <span class='ocrx_word' id='word_1_328' title='bbox 1077 4427 1143 4467; x_wconf 86' lang='lat' dir='ltr'><strong>ex</strong></span> <span class='ocrx_word' id='word_1_329' title='bbox 1171 4410 1428 4480; x_wconf 81' lang='lat' dir='ltr'><strong>dignitate</strong></span> <span class='ocrx_word' id='word_1_330' title='bbox 1451 4404 1838 4477; x_wconf 87' lang='lat' dir='ltr'><strong>dispensatoris</strong></span> <span class='ocrx_word' id='word_1_331' title='bbox 1861 4402 2019 4458; x_wconf 87' lang='lat' dir='ltr'><strong>intel-</strong></span> 
     </span>
    </p>
   </div>
   <div class='ocr_carea' id='block_1_45' title="bbox 426 4495 2018 4578">
    <p class='ocr_par' dir='ltr' id='par_1_45' title="bbox 426 4495 2018 4578">
     <span class='ocr_line' id='line_1_45' title="bbox 426 4495 2018 4578; baseline -0.008 -16"><span class='ocrx_word' id='word_1_332' title='bbox 426 4507 619 4578; x_wconf 80' lang='lat' dir='ltr'><strong>ligatur</strong></span> <span class='ocrx_word' id='word_1_333' title='bbox 647 4507 829 4577; x_wconf 88' lang='lat' dir='ltr'><strong>quanti</strong></span> <span class='ocrx_word' id='word_1_334' title='bbox 865 4505 1018 4576; x_wconf 88' lang='lat' dir='ltr'><strong>pretii</strong></span> <span class='ocrx_word' id='word_1_335' title='bbox 1047 4505 1116 4558; x_wconf 91' lang='lat' dir='ltr'><strong>sit</strong></span> <span class='ocrx_word' id='word_1_336' title='bbox 1139 4502 1378 4558; x_wconf 81' lang='lat' dir='ltr'><strong>Verbum</strong></span> <span class='ocrx_word' id='word_1_337' title='bbox 1397 4543 1410 4568; x_wconf 92' lang='lat'><strong>,</strong></span> <span class='ocrx_word' id='word_1_338' title='bbox 1434 4497 1576 4571; x_wconf 90' lang='lat' dir='ltr'><strong>quod</strong></span> <span class='ocrx_word' id='word_1_339' title='bbox 1602 4515 1698 4570; x_wconf 86' lang='lat' dir='ltr'><strong>per</strong></span> <span class='ocrx_word' id='word_1_340' title='bbox 1725 4499 1884 4552; x_wconf 86' lang='lat' dir='ltr'><strong>talem</strong></span> <span class='ocrx_word' id='word_1_341' title='bbox 1913 4495 2018 4550; x_wconf 83' lang='lat' dir='ltr'><strong>dici</strong></span> 
     </span>
    </p>
   </div>
   <div class='ocr_carea' id='block_1_46' title="bbox 425 4593 2018 4670">
    <p class='ocr_par' dir='ltr' id='par_1_46' title="bbox 425 4593 2018 4670">
     <span class='ocr_line' id='line_1_46' title="bbox 425 4593 2018 4670; baseline -0.008 -15"><span class='ocrx_word' id='word_1_342' title='bbox 425 4601 598 4670; x_wconf 89' lang='lat' dir='ltr'><strong>potuit</strong></span> <span class='ocrx_word' id='word_1_343' title='bbox 624 4617 638 4652; x_wconf 89' lang='lat'><strong>:</strong></span> <span class='ocrx_word' id='word_1_344' title='bbox 667 4599 774 4653; x_wconf 90' lang='lat' dir='ltr'><strong>imo</strong></span> <span class='ocrx_word' id='word_1_345' title='bbox 803 4613 962 4670; x_wconf 86' lang='lat' dir='ltr'><strong>quam</strong></span> <span class='ocrx_word' id='word_1_346' title='bbox 992 4595 1188 4652; x_wconf 89' lang='lat' dir='ltr'><strong>nullius</strong></span> <span class='ocrx_word' id='word_1_347' title='bbox 1217 4595 1371 4666; x_wconf 88' lang='lat' dir='ltr'><strong>pretii</strong></span> <span class='ocrx_word' id='word_1_348' title='bbox 1397 4595 1467 4648; x_wconf 91' lang='lat' dir='ltr'><strong>sit</strong></span> <span class='ocrx_word' id='word_1_349' title='bbox 1491 4593 1632 4664; x_wconf 89' lang='lat' dir='ltr'><strong>quod</strong></span> <span class='ocrx_word' id='word_1_350' title='bbox 1657 4597 1872 4664; x_wconf 88' lang='lat' dir='ltr'><strong>superat</strong></span> <span class='ocrx_word' id='word_1_351' title='bbox 1902 4604 2018 4645; x_wconf 91' lang='lat' dir='ltr'><strong>om-</strong></span> 
     </span>
    </p>
   </div>
   <div class='ocr_carea' id='block_1_47' title="bbox 488 4722 2016 4792">
    <p class='ocr_par' dir='ltr' id='par_1_47' title="bbox 488 4722 2016 4792">
     <span class='ocr_line' id='line_1_47' title="bbox 488 4722 2016 4792; baseline -0.006 -11"><span class='ocrx_word' id='word_1_352' title='bbox 488 4731 510 4751; x_wconf 81' lang='lat'><strong><em>‘</em></strong></span> <span class='ocrx_word' id='word_1_353' title='bbox 541 4731 831 4782; x_wconf 82' lang='lat' dir='ltr'><strong>Emendatus</strong></span> <span class='ocrx_word' id='word_1_354' title='bbox 851 4730 912 4792; x_wconf 84' lang='lat' dir='ltr'><strong>ad</strong></span> <span class='ocrx_word' id='word_1_355' title='bbox 934 4736 1039 4782; x_wconf 89' lang='lat' dir='ltr'><strong>tres</strong></span> <span class='ocrx_word' id='word_1_356' title='bbox 1052 4730 1137 4778; x_wconf 90' lang='lat' dir='ltr'><strong>bu.</strong></span> <span class='ocrx_word' id='word_1_357' title='bbox 1153 4734 1421 4792; x_wconf 86' lang='lat' dir='ltr'><strong>etquatuor</strong></span> <span class='ocrx_word' id='word_1_358' title='bbox 1442 4724 1504 4779; x_wconf 85' lang='lat' dir='ltr'><strong>oi.</strong></span> <span class='ocrx_word' id='word_1_359' title='bbox 1529 4739 1640 4780; x_wconf 80' lang='lat' dir='ltr'><strong>cum</strong></span> <span class='ocrx_word' id='word_1_360' title='bbox 1663 4723 1803 4778; x_wconf 84' lang='lat' dir='ltr'><strong>a.eb.</strong></span> <span class='ocrx_word' id='word_1_361' title='bbox 1828 4723 1862 4772; x_wconf 90' lang='lat' dir='ltr'><strong>f.</strong></span> <span class='ocrx_word' id='word_1_362' title='bbox 1879 4722 1938 4776; x_wconf 77' lang='lat' dir='ltr'><strong>is.</strong></span> <span class='ocrx_word' id='word_1_363' title='bbox 1963 4737 2016 4788; x_wconf 67' lang='grc' dir='ltr'><strong>θ.</strong></span> 
     </span>
    </p>
   </div>
   <div class='ocr_carea' id='block_1_48' title="bbox 425 4789 1488 4855">
    <p class='ocr_par' dir='ltr' id='par_1_48' title="bbox 425 4789 1488 4855">
     <span class='ocr_line' id='line_1_48' title="bbox 425 4789 1488 4855; baseline -0.008 -11"><span class='ocrx_word' id='word_1_364' title='bbox 425 4792 486 4844; x_wconf 86' lang='lat' dir='ltr'><strong>ir.</strong></span> <span class='ocrx_word' id='word_1_365' title='bbox 514 4808 578 4843; x_wconf 91' lang='lat' dir='ltr'><strong>m.</strong></span> <span class='ocrx_word' id='word_1_366' title='bbox 606 4808 652 4855; x_wconf 78' lang='lat' dir='ltr'><strong>p.</strong></span> <span class='ocrx_word' id='word_1_367' title='bbox 681 4808 771 4842; x_wconf 91' lang='lat' dir='ltr'><strong>rm.</strong></span> <span class='ocrx_word' id='word_1_368' title='bbox 813 4791 912 4842; x_wconf 90' lang='lat' dir='ltr'><strong>vei.</strong></span> <span class='ocrx_word' id='word_1_369' title='bbox 952 4799 1004 4842; x_wconf 88' lang='lat' dir='ltr'><strong>et</strong></span> <span class='ocrx_word' id='word_1_370' title='bbox 1027 4801 1125 4840; x_wconf 81' lang='lat' dir='ltr'><strong>Am.</strong></span> <span class='ocrx_word' id='word_1_371' title='bbox 1146 4789 1356 4855; x_wconf 12' lang='lat' dir='ltr'><strong>_Er.ﬁ&#39;_ljar.</strong></span> <span class='ocrx_word' id='word_1_372' title='bbox 1379 4789 1488 4840; x_wconf 87' lang='lat' dir='ltr'><strong>Lov.</strong></span> 
     </span>
    </p>
   </div>
   <div class='ocr_carea' id='block_1_49' title="bbox 489 4851 1302 4978">
    <p class='ocr_par' dir='ltr' id='par_1_49' title="bbox 489 4851 1302 4978">
     <span class='ocr_line' id='line_1_49' title="bbox 489 4851 1302 4978; baseline -0.007 -73"><span class='ocrx_word' id='word_1_373' title='bbox 489 4856 562 4978; x_wconf 51' lang='lat' dir='ltr'><strong>Ea;</strong></span> <span class='ocrx_word' id='word_1_374' title='bbox 589 4851 727 4914; x_wconf 47' lang='lat' dir='ltr'><strong>Alias,</strong></span> <span class='ocrx_word' id='word_1_375' title='bbox 750 4856 814 4905; x_wconf 87' lang='lat' dir='ltr'><strong>de</strong></span> <span class='ocrx_word' id='word_1_376' title='bbox 837 4857 1008 4904; x_wconf 83' lang='lat' dir='ltr'><strong>verbis</strong></span> <span class='ocrx_word' id='word_1_377' title='bbox 1030 4853 1209 4903; x_wconf 72' lang='lat' dir='ltr'><strong>Damni</strong></span> <span class='ocrx_word' id='word_1_378' title='bbox 1224 4851 1302 4900; x_wconf 78' lang='lat'><strong>38.</strong></span> 
     </span>
     <span class='ocr_line' id='line_1_50' title="bbox 511 4916 1302 4978; baseline -0.005 -11"><span class='ocrx_word' id='word_1_379' title='bbox 511 4916 540 4967; x_wconf 90' lang='lat' dir='ltr'><strong>b</strong></span> <span class='ocrx_word' id='word_1_380' title='bbox 587 4926 637 4966; x_wconf 64' lang='grc' dir='ltr'><strong>ι).</strong></span> <span class='ocrx_word' id='word_1_381' title='bbox 657 4919 875 4978; x_wconf 87' lang='lat' dir='ltr'><strong>signatus</strong></span> <span class='ocrx_word' id='word_1_382' title='bbox 899 4918 1088 4967; x_wconf 84' lang='lat' dir='ltr'><strong>videtur</strong></span> <span class='ocrx_word' id='word_1_383' title='bbox 1108 4930 1136 4964; x_wconf 89' lang='lat' dir='ltr'><strong>a</strong></span> <span class='ocrx_word' id='word_1_384' title='bbox 1159 4916 1302 4965; x_wconf 71' lang='lat' dir='ltr'><strong>Possit</strong></span> 
     </span>
    </p>
   </div>
   <div class='ocr_carea' id='block_1_50' title="bbox 511 4909 2020 4981">
    <p class='ocr_par' dir='ltr' id='par_1_50' title="bbox 511 4909 2020 4981">
     <span class='ocr_line' id='line_1_51' title="bbox 511 4909 2020 4981; baseline -0.007 -14"><span class='ocrx_word' id='word_1_385' title='bbox 511 4909 562 4981; x_wconf 68' lang='grc' dir='ltr'>ὁ)</span> <span class='ocrx_word' id='word_1_386' title='bbox 587 4926 637 4966; x_wconf 64' lang='grc' dir='ltr'><strong>ι).</strong></span> <span class='ocrx_word' id='word_1_387' title='bbox 657 4909 875 4981; x_wconf 73' lang='lat' dir='ltr'><strong>signatus</strong></span> <span class='ocrx_word' id='word_1_388' title='bbox 899 4918 1088 4981; x_wconf 70' lang='lat' dir='ltr'><strong>videtin</strong></span> <span class='ocrx_word' id='word_1_389' title='bbox 1108 4930 1136 4964; x_wconf 89' lang='lat' dir='ltr'><strong>a</strong></span> <span class='ocrx_word' id='word_1_390' title='bbox 1159 4915 1435 4981; x_wconf 83' lang='lat' dir='ltr'><strong>Possidioin</strong></span> <span class='ocrx_word' id='word_1_391' title='bbox 1466 4909 1824 4981; x_wconf 84' lang='lat' dir='ltr'><strong>lndiculo,eap.</strong></span> <span class='ocrx_word' id='word_1_392' title='bbox 1846 4909 1896 4969; x_wconf 72' lang='grc' dir='ltr'><strong>εί,</strong></span> <span class='ocrx_word' id='word_1_393' title='bbox 1933 4911 2020 4969; x_wconf 83' lang='lat' dir='ltr'><strong>ubi</strong></span> 
     </span>
    </p>
   </div>
   <div class='ocr_carea' id='block_1_51' title="bbox 426 4977 2017 5054">
    <p class='ocr_par' dir='ltr' id='par_1_51' title="bbox 426 4977 2017 5054">
     <span class='ocr_line' id='line_1_52' title="bbox 426 4977 2017 5054; baseline -0.007 -23"><span class='ocrx_word' id='word_1_394' title='bbox 426 4977 556 5054; x_wconf 78' lang='lat' dir='ltr'><strong>inter</strong></span> <span class='ocrx_word' id='word_1_395' title='bbox 579 4977 809 5041; x_wconf 65' lang='grc' dir='ltr'><strong>οι.ιιςόυ1;ι</strong></span> <span class='ocrx_word' id='word_1_396' title='bbox 831 4979 1083 5054; x_wconf 54' lang='grc' dir='ltr'><strong>ῥυειιριὶιιὶ</strong></span> <span class='ocrx_word' id='word_1_397' title='bbox 1106 4985 1278 5054; x_wconf 48' lang='lat' dir='ltr'><strong>contra:</strong></span> <span class='ocrx_word' id='word_1_398' title='bbox 1314 4977 1517 5054; x_wconf 66' lang='lat' dir='ltr'><strong>Arianos</strong></span> <span class='ocrx_word' id='word_1_399' title='bbox 1549 4979 1802 5023; x_wconf 73' lang='lat' dir='ltr'><strong>tractaturo</strong></span> <span class='ocrx_word' id='word_1_400' title='bbox 1840 4985 2017 5054; x_wconf 55' lang='lat' dir='ltr'><strong>recen-</strong></span> 
     </span>
    </p>
   </div>
   <div class='ocr_carea' id='block_1_52' title="bbox 425 5033 2019 5105">
    <p class='ocr_par' dir='ltr' id='par_1_52' title="bbox 425 5033 2019 5105">
     <span class='ocr_line' id='line_1_53' title="bbox 425 5033 2019 5105; baseline -0.006 -12"><span class='ocrx_word' id='word_1_401' title='bbox 425 5049 524 5103; x_wconf 85' lang='lat' dir='ltr'><strong>set,</strong></span> <span class='ocrx_word' id='word_1_402' title='bbox 550 5033 659 5090; x_wconf 56' lang='lat'><strong>«132‘</strong></span> <span class='ocrx_word' id='word_1_403' title='bbox 689 5051 744 5092; x_wconf 81' lang='lat' dir='ltr'><strong>In</strong></span> <span class='ocrx_word' id='word_1_404' title='bbox 764 5033 1004 5105; x_wconf 65' lang='lat' dir='ltr'><strong>principio</strong></span> <span class='ocrx_word' id='word_1_405' title='bbox 1023 5045 1130 5090; x_wconf 81' lang='lat' dir='ltr'><strong>erat</strong></span> <span class='ocrx_word' id='word_1_406' title='bbox 1161 5037 1424 5105; x_wconf 71' lang='lat' dir='ltr'><strong>Verbwn._»</strong></span> <span class='ocrx_word' id='word_1_407' title='bbox 1453 5038 1628 5105; x_wconf 81' lang='lat' dir='ltr'><strong>citatur</strong></span> <span class='ocrx_word' id='word_1_408' title='bbox 1652 5047 1848 5105; x_wconf 81' lang='lat' dir='ltr'><strong>quoque</strong></span> <span class='ocrx_word' id='word_1_409' title='bbox 1872 5047 1900 5082; x_wconf 86' lang='lat' dir='ltr'><strong>a</strong></span> <span class='ocrx_word' id='word_1_410' title='bbox 1917 5033 2019 5083; x_wconf 69' lang='lat' dir='ltr'><strong>Fiu-</strong></span> 
     </span>
    </p>
   </div>
   <div class='ocr_carea' id='block_1_53' title="bbox 426 5099 2017 5164">
    <p class='ocr_par' dir='ltr' id='par_1_53' title="bbox 426 5099 2017 5164">
     <span class='ocr_line' id='line_1_54' title="bbox 426 5099 2017 5164; baseline -0.006 -8"><span class='ocrx_word' id='word_1_411' title='bbox 426 5118 484 5156; x_wconf 85' lang='lat' dir='ltr'><strong>ro</strong></span> <span class='ocrx_word' id='word_1_412' title='bbox 507 5099 567 5154; x_wconf 81' lang='lat' dir='ltr'><strong>ad</strong></span> <span class='ocrx_word' id='word_1_413' title='bbox 589 5113 736 5153; x_wconf 63' lang='lat' dir='ltr'><strong>Henr.</strong></span> <span class='ocrx_word' id='word_1_414' title='bbox 761 5099 808 5154; x_wconf 69' lang='grc' dir='ltr'><strong>ἱ.</strong></span> <span class='ocrx_word' id='word_1_415' title='bbox 832 5099 1109 5164; x_wconf 78' lang='lat' dir='ltr'><strong>Quanquam</strong></span> <span class='ocrx_word' id='word_1_416' title='bbox 1127 5113 1247 5152; x_wconf 89' lang='lat' dir='ltr'><strong>vero</strong></span> <span class='ocrx_word' id='word_1_417' title='bbox 1270 5100 1396 5164; x_wconf 84' lang='lat' dir='ltr'><strong>apud</strong></span> <span class='ocrx_word' id='word_1_418' title='bbox 1433 5100 1756 5164; x_wconf 71' lang='lat' dir='ltr'><strong>lpvauiettsus</strong></span> <span class='ocrx_word' id='word_1_419' title='bbox 1779 5099 1887 5164; x_wconf 78' lang='lat' dir='ltr'><strong>istc_</strong></span> <span class='ocrx_word' id='word_1_420' title='bbox 1907 5111 2017 5164; x_wconf 71' lang='lat' dir='ltr'><strong>ser-</strong></span> 
     </span>
    </p>
   </div>
   <div class='ocr_carea' id='block_1_54' title="bbox 426 5159 2019 5230">
    <p class='ocr_par' dir='ltr' id='par_1_54' title="bbox 426 5159 2019 5230">
     <span class='ocr_line' id='line_1_55' title="bbox 426 5159 2019 5230; baseline -0.004 -14"><span class='ocrx_word' id='word_1_421' title='bbox 426 5181 508 5216; x_wconf 88' lang='lat' dir='ltr'><strong>mo</strong></span> <span class='ocrx_word' id='word_1_422' title='bbox 521 5159 1205 5230; x_wconf 17' lang='lat' dir='ltr'><strong>abSqueiAugustininomine,</strong></span> <span class='ocrx_word' id='word_1_423' title='bbox 1233 5159 1360 5230; x_wconf 58' lang='grc' dir='ltr'><strong>(λιιὺά</strong></span> <span class='ocrx_word' id='word_1_424' title='bbox 1386 5161 1472 5230; x_wconf 81' lang='lat' dir='ltr'><strong>ipsi</strong></span> <span class='ocrx_word' id='word_1_425' title='bbox 1496 5167 1722 5230; x_wconf 68' lang='lat' dir='ltr'><strong>curarunt</strong></span> <span class='ocrx_word' id='word_1_426' title='bbox 1741 5173 1836 5207; x_wconf 91' lang='lat' dir='ltr'><strong>non</strong></span> <span class='ocrx_word' id='word_1_427' title='bbox 1859 5159 2019 5230; x_wconf 81' lang='lat' dir='ltr'><strong>dubiis</strong></span> 
     </span>
    </p>
   </div>
   <div class='ocr_carea' id='block_1_55' title="bbox 426 5221 2015 5287">
    <p class='ocr_par' dir='ltr' id='par_1_55' title="bbox 426 5221 2015 5287">
     <span class='ocr_line' id='line_1_56' title="bbox 426 5221 2015 5287; baseline -0.006 -8"><span class='ocrx_word' id='word_1_428' title='bbox 426 5221 758 5279; x_wconf 63' lang='lat' dir='ltr'><strong>tantumt&#39;nado</strong></span> <span class='ocrx_word' id='word_1_429' title='bbox 789 5221 1096 5278; x_wconf 67' lang='lat' dir='ltr'><strong>sermonibus</strong></span> <span class='ocrx_word' id='word_1_430' title='bbox 1135 5221 1500 5287; x_wconf 64' lang='lat' dir='ltr'><strong>prasiigendum,</strong></span> <span class='ocrx_word' id='word_1_431' title='bbox 1541 5221 1700 5270; x_wconf 81' lang='lat' dir='ltr'><strong>editus</strong></span> <span class='ocrx_word' id='word_1_432' title='bbox 1721 5221 2015 5287; x_wconf 81' lang='lat' dir='ltr'><strong>reperiatur,</strong></span> 
     </span>
    </p>
   </div>
   <div class='ocr_carea' id='block_1_56' title="bbox 425 5283 2020 5341">
    <p class='ocr_par' dir='ltr' id='par_1_56' title="bbox 425 5283 2020 5341">
     <span class='ocr_line' id='line_1_57' title="bbox 425 5283 2020 5341; baseline -0.006 0"><span class='ocrx_word' id='word_1_433' title='bbox 425 5304 538 5341; x_wconf 88' lang='lat' dir='ltr'><strong>cum</strong></span> <span class='ocrx_word' id='word_1_434' title='bbox 561 5293 649 5340; x_wconf 74' lang='lat' dir='ltr'><strong>hac</strong></span> <span class='ocrx_word' id='word_1_435' title='bbox 672 5302 876 5340; x_wconf 68' lang='lat' dir='ltr'><strong>censura</strong></span> <span class='ocrx_word' id='word_1_436' title='bbox 901 5303 913 5338; x_wconf 88' lang='lat'>:</span> <span class='ocrx_word' id='word_1_437' title='bbox 946 5307 969 5336; x_wconf 71' lang='grc' dir='ltr'>α</span> <span class='ocrx_word' id='word_1_438' title='bbox 991 5283 1186 5338; x_wconf 82' lang='lat' dir='ltr'><strong>videtur</strong></span> <span class='ocrx_word' id='word_1_439' title='bbox 1209 5283 1454 5334; x_wconf 81' lang='lat' dir='ltr'><strong>nonnullis</strong></span> <span class='ocrx_word' id='word_1_440' title='bbox 1482 5296 1645 5332; x_wconf 82' lang='lat' dir='ltr'><strong>sermo</strong></span> <span class='ocrx_word' id='word_1_441' title='bbox 1657 5283 2020 5339; x_wconf 60' lang='lat' dir='ltr'><strong>consarcinante</strong></span> 
     </span>
    </p>
   </div>
   <div class='ocr_carea' id='block_1_57' title="bbox 429 5343 2019 5403">
    <p class='ocr_par' dir='ltr' id='par_1_57' title="bbox 429 5343 2019 5403">
     <span class='ocr_line' id='line_1_58' title="bbox 429 5343 2019 5403; baseline -0.006 0"><span class='ocrx_word' id='word_1_442' title='bbox 429 5361 482 5403; x_wconf 92' lang='lat' dir='ltr'><strong>et</strong></span> <span class='ocrx_word' id='word_1_443' title='bbox 507 5368 600 5402; x_wconf 91' lang='lat' dir='ltr'><strong>non</strong></span> <span class='ocrx_word' id='word_1_444' title='bbox 622 5361 752 5402; x_wconf 73' lang='lat' dir='ltr'><strong>lotus</strong></span> <span class='ocrx_word' id='word_1_445' title='bbox 775 5366 887 5403; x_wconf 88' lang='lat' dir='ltr'><strong>esse</strong></span> <span class='ocrx_word' id='word_1_446' title='bbox 906 5359 957 5400; x_wconf 88' lang='lat' dir='ltr'><strong>D.</strong></span> <span class='ocrx_word' id='word_1_447' title='bbox 980 5350 1248 5403; x_wconf 73' lang='lat' dir='ltr'><strong>Aumtstini.</strong></span> <span class='ocrx_word' id='word_1_448' title='bbox 1273 5365 1294 5392; x_wconf 66' lang='grc' dir='ltr'><strong>η</strong></span> <span class='ocrx_word' id='word_1_449' title='bbox 1317 5348 1458 5396; x_wconf 66' lang='lat' dir='ltr'><strong>Nobis</strong></span> <span class='ocrx_word' id='word_1_450' title='bbox 1481 5353 1642 5394; x_wconf 83' lang='lat' dir='ltr'><strong>tamen</strong></span> <span class='ocrx_word' id='word_1_451' title='bbox 1663 5358 1758 5394; x_wconf 88' lang='lat' dir='ltr'><strong>non</strong></span> <span class='ocrx_word' id='word_1_452' title='bbox 1777 5343 1952 5393; x_wconf 87' lang='lat' dir='ltr'><strong>licebat</strong></span> <span class='ocrx_word' id='word_1_453' title='bbox 1967 5347 2019 5398; x_wconf 90' lang='lat' dir='ltr'><strong>in</strong></span> 
     </span>
    </p>
   </div>
   <div class='ocr_carea' id='block_1_58' title="bbox 427 5408 2068 5470">
    <p class='ocr_par' dir='ltr' id='par_1_58' title="bbox 427 5408 2068 5470">
     <span class='ocr_line' id='line_1_59' title="bbox 427 5408 2068 5470; baseline -0.005 -6"><span class='ocrx_word' id='word_1_454' title='bbox 427 5416 683 5464; x_wconf 85' lang='lat' dir='ltr'><strong>dubiorum</strong></span> <span class='ocrx_word' id='word_1_455' title='bbox 716 5426 992 5463; x_wconf 86' lang='lat' dir='ltr'><strong>sermonum</strong></span> <span class='ocrx_word' id='word_1_456' title='bbox 1032 5408 1237 5460; x_wconf 71' lang='lat' dir='ltr'><strong>classem</strong></span> <span class='ocrx_word' id='word_1_457' title='bbox 1267 5411 1425 5470; x_wconf 83' lang='lat' dir='ltr'><strong>ipsum</strong></span> <span class='ocrx_word' id='word_1_458' title='bbox 1451 5408 1659 5470; x_wconf 73' lang='lat' dir='ltr'><strong>rcjicere</strong></span> <span class='ocrx_word' id='word_1_459' title='bbox 1685 5421 1696 5454; x_wconf 93' lang='lat'>:</span> <span class='ocrx_word' id='word_1_460' title='bbox 1724 5409 1907 5469; x_wconf 87' lang='lat' dir='ltr'><strong>quippe</strong></span> <span class='ocrx_word' id='word_1_461' title='bbox 1931 5421 2017 5456; x_wconf 90' lang='lat' dir='ltr'><strong>cu-</strong></span> <span class='ocrx_word' id='word_1_462' title='bbox 2065 5431 2068 5438; x_wconf 73' lang='grc' dir='ltr'>ι</span> 
     </span>
    </p>
   </div>
   <div class='ocr_carea' id='block_1_59' title="bbox 422 5469 2018 5540">
    <p class='ocr_par' dir='ltr' id='par_1_59' title="bbox 422 5469 2018 5540">
     <span class='ocr_line' id='line_1_60' title="bbox 422 5469 2018 5540; baseline -0.005 -14"><span class='ocrx_word' id='word_1_463' title='bbox 422 5477 505 5539; x_wconf 85' lang='lat' dir='ltr'><strong>jus</strong></span> <span class='ocrx_word' id='word_1_464' title='bbox 527 5484 688 5540; x_wconf 58' lang='lat' dir='ltr'><strong>partes.</strong></span> <span class='ocrx_word' id='word_1_465' title='bbox 702 5489 882 5540; x_wconf 87' lang='lat' dir='ltr'><strong>omnes</strong></span> <span class='ocrx_word' id='word_1_466' title='bbox 905 5469 1394 5540; x_wconf 63' lang='lat' dir='ltr'><strong>optime_co_hzcrere,</strong></span> <span class='ocrx_word' id='word_1_467' title='bbox 1437 5471 1622 5540; x_wconf 81' lang='lat' dir='ltr'><strong>quique</strong></span> <span class='ocrx_word' id='word_1_468' title='bbox 1655 5469 1906 5540; x_wconf 76' lang='lat' dir='ltr'><strong>Augustini</strong></span> <span class='ocrx_word' id='word_1_469' title='bbox 1928 5470 2018 5518; x_wconf 86' lang='lat' dir='ltr'><strong>do-</strong></span> 
     </span>
    </p>
   </div>
   <div class='ocr_carea' id='block_1_60' title="bbox 427 5533 2020 5595">
    <p class='ocr_par' dir='ltr' id='par_1_60' title="bbox 427 5533 2020 5595">
     <span class='ocr_line' id='line_1_61' title="bbox 427 5533 2020 5595; baseline -0.004 -7"><span class='ocrx_word' id='word_1_470' title='bbox 427 5533 646 5595; x_wconf 72' lang='lat' dir='ltr'><strong>ctrinam,</strong></span> <span class='ocrx_word' id='word_1_471' title='bbox 685 5533 956 5588; x_wconf 87' lang='lat' dir='ltr'><strong>disserendi</strong></span> <span class='ocrx_word' id='word_1_472' title='bbox 1000 5535 1277 5585; x_wconf 88' lang='lat' dir='ltr'><strong>methodum</strong></span> <span class='ocrx_word' id='word_1_473' title='bbox 1322 5539 1373 5595; x_wconf 87' lang='lat' dir='ltr'><strong>et</strong></span> <span class='ocrx_word' id='word_1_474' title='bbox 1415 5533 1616 5581; x_wconf 87' lang='lat' dir='ltr'><strong>usitatas</strong></span> <span class='ocrx_word' id='word_1_475' title='bbox 1663 5533 1826 5581; x_wconf 90' lang='lat' dir='ltr'><strong>eidem</strong></span> <span class='ocrx_word' id='word_1_476' title='bbox 1871 5544 2020 5582; x_wconf 89' lang='lat' dir='ltr'><strong>voces</strong></span> 
     </span>
    </p>
   </div>
   <div class='ocr_carea' id='block_1_61' title="bbox 429 5594 2016 5658">
    <p class='ocr_par' dir='ltr' id='par_1_61' title="bbox 429 5594 2016 5658">
     <span class='ocr_line' id='line_1_62' title="bbox 429 5594 2016 5658; baseline -0.003 -9"><span class='ocrx_word' id='word_1_477' title='bbox 429 5594 692 5656; x_wconf 78' lang='lat' dir='ltr'><strong>exhibere,</strong></span> <span class='ocrx_word' id='word_1_478' title='bbox 717 5601 757 5649; x_wconf 91' lang='lat' dir='ltr'><strong>si</strong></span> <span class='ocrx_word' id='word_1_479' title='bbox 782 5600 891 5658; x_wconf 86' lang='lat' dir='ltr'><strong>quis</strong></span> <span class='ocrx_word' id='word_1_480' title='bbox 912 5598 1050 5658; x_wconf 89' lang='lat' dir='ltr'><strong>alius,</strong></span> <span class='ocrx_word' id='word_1_481' title='bbox 1073 5594 1556 5658; x_wconf 73' lang='lat' dir='ltr'><strong>deprehendebatur.</strong></span> <span class='ocrx_word' id='word_1_482' title='bbox 1581 5600 1747 5658; x_wconf 80' lang='lat' dir='ltr'><strong>Neque</strong></span> <span class='ocrx_word' id='word_1_483' title='bbox 1770 5605 1889 5658; x_wconf 85' lang='lat' dir='ltr'><strong>vero</strong></span> <span class='ocrx_word' id='word_1_484' title='bbox 1913 5607 2016 5644; x_wconf 89' lang='lat' dir='ltr'><strong>mo-</strong></span> 
     </span>
    </p>
   </div>
   <div class='ocr_carea' id='block_1_62' title="bbox 427 5657 2019 5721">
    <p class='ocr_par' dir='ltr' id='par_1_62' title="bbox 427 5657 2019 5721">
     <span class='ocr_line' id='line_1_63' title="bbox 427 5657 2019 5721; baseline -0.004 -9"><span class='ocrx_word' id='word_1_485' title='bbox 427 5663 526 5712; x_wconf 89' lang='lat' dir='ltr'><strong>rari</strong></span> <span class='ocrx_word' id='word_1_486' title='bbox 547 5662 720 5711; x_wconf 86' lang='lat' dir='ltr'><strong>debuit</strong></span> <span class='ocrx_word' id='word_1_487' title='bbox 741 5657 898 5721; x_wconf 87' lang='lat' dir='ltr'><strong>stilus,</strong></span> <span class='ocrx_word' id='word_1_488' title='bbox 922 5660 1016 5716; x_wconf 87' lang='lat' dir='ltr'><strong>hic,</strong></span> <span class='ocrx_word' id='word_1_489' title='bbox 1038 5657 1095 5708; x_wconf 84' lang='lat' dir='ltr'><strong>ut</strong></span> <span class='ocrx_word' id='word_1_490' title='bbox 1118 5657 1168 5707; x_wconf 84' lang='lat' dir='ltr'><strong>in</strong></span> <span class='ocrx_word' id='word_1_491' title='bbox 1192 5657 1588 5721; x_wconf 72' lang='lat' dir='ltr'><strong>externporaueis</strong></span> <span class='ocrx_word' id='word_1_492' title='bbox 1608 5657 1918 5721; x_wconf 82' lang='lat' dir='ltr'><strong>conciouibus</strong></span> <span class='ocrx_word' id='word_1_493' title='bbox 1941 5669 2019 5721; x_wconf 49' lang='lat' dir='ltr'><strong>es:</strong></span> 
     </span>
    </p>
   </div>
   <div class='ocr_carea' id='block_1_63' title="bbox 428 5718 2017 5796">
    <p class='ocr_par' dir='ltr' id='par_1_63' title="bbox 428 5718 2017 5796">
     <span class='ocr_line' id='line_1_64' title="bbox 428 5718 2017 5796; baseline -0.003 -20"><span class='ocrx_word' id='word_1_494' title='bbox 428 5723 655 5794; x_wconf 75' lang='lat' dir='ltr'><strong>sesolet,</strong></span> <span class='ocrx_word' id='word_1_495' title='bbox 681 5718 925 5796; x_wconf 63' lang='lat' dir='ltr'><strong>aliptant&#39;o</strong></span> <span class='ocrx_word' id='word_1_496' title='bbox 946 5721 1160 5796; x_wconf 67' lang='lat' dir='ltr'><strong>diffusior</strong></span> <span class='ocrx_word' id='word_1_497' title='bbox 1185 5727 1237 5773; x_wconf 88' lang='lat' dir='ltr'><strong>et</strong></span> <span class='ocrx_word' id='word_1_498' title='bbox 1258 5718 1526 5785; x_wconf 69' lang='lat' dir='ltr'><strong>inaequalis.</strong></span> <span class='ocrx_word' id='word_1_499' title='bbox 1574 5720 1790 5771; x_wconf 85' lang='lat' dir='ltr'><strong>Pertinet</strong></span> <span class='ocrx_word' id='word_1_500' title='bbox 1809 5718 1934 5772; x_wconf 84' lang='lat' dir='ltr'><strong>forte</strong></span> <span class='ocrx_word' id='word_1_501' title='bbox 1955 5719 2017 5772; x_wconf 84' lang='lat' dir='ltr'><strong>ad</strong></span> 
     </span>
    </p>
   </div>
   <div class='ocr_carea' id='block_1_64' title="bbox 430 5788 1080 5854">
    <p class='ocr_par' dir='ltr' id='par_1_64' title="bbox 430 5788 1080 5854">
     <span class='ocr_line' id='line_1_65' title="bbox 430 5788 1080 5854; baseline -0.008 -14"><span class='ocrx_word' id='word_1_502' title='bbox 430 5788 620 5854; x_wconf 79' lang='lat' dir='ltr'><strong>priores</strong></span> <span class='ocrx_word' id='word_1_503' title='bbox 641 5799 793 5838; x_wconf 82' lang='lat' dir='ltr'><strong>annos</strong></span> <span class='ocrx_word' id='word_1_504' title='bbox 814 5788 1080 5851; x_wconf 70' lang='lat' dir='ltr'><strong>Augustini.</strong></span> 
     </span>
    </p>
   </div>
   <div class='ocr_carea' id='block_1_65' title="bbox 1805 284 2278 347">
    <p class='ocr_par' dir='ltr' id='par_1_65' title="bbox 1805 284 2278 347">
     <span class='ocr_line' id='line_1_66' title="bbox 1805 284 2278 347; baseline -0.002 0"><span class='ocrx_word' id='word_1_505' title='bbox 1805 284 2036 347; x_wconf 79' lang='lat' dir='ltr'><strong>SERMO</strong></span> <span class='ocrx_word' id='word_1_506' title='bbox 2072 284 2278 346; x_wconf 78' lang='lat' dir='ltr'><strong>CXVII.</strong></span> 
     </span>
    </p>
   </div>
   <div class='ocr_carea' id='block_1_66' title="bbox 3484 290 3700 350">
    <p class='ocr_par' dir='ltr' id='par_1_66' title="bbox 3484 290 3700 350">
     <span class='ocr_line' id='line_1_67' title="bbox 3484 290 3700 350; baseline -0.023 1"><span class='ocrx_word' id='word_1_507' title='bbox 3484 290 3700 350; x_wconf 75' lang='lat'><strong>-682</strong></span> 
     </span>
    </p>
   </div>
   <div class='ocr_carea' id='block_1_67' title="bbox 2110 403 3698 484">
    <p class='ocr_par' dir='ltr' id='par_1_67' title="bbox 2110 403 3698 484">
     <span class='ocr_line' id='line_1_68' title="bbox 2110 403 3698 484; baseline 0.004 -26"><span class='ocrx_word' id='word_1_508' title='bbox 2110 405 2215 459; x_wconf 89' lang='lat' dir='ltr'><strong>nia.</strong></span> <span class='ocrx_word' id='word_1_509' title='bbox 2249 403 2426 464; x_wconf 81' lang='lat' dir='ltr'><strong>Pretio</strong></span> <span class='ocrx_word' id='word_1_510' title='bbox 2447 406 2594 468; x_wconf 84' lang='lat' dir='ltr'><strong>enim</strong></span> <span class='ocrx_word' id='word_1_511' title='bbox 2619 414 2710 469; x_wconf 81' lang='lat' dir='ltr'><strong>aut</strong></span> <span class='ocrx_word' id='word_1_512' title='bbox 2739 417 3076 484; x_wconf 79' lang='lat' dir='ltr'><strong>comparatur</strong></span> <span class='ocrx_word' id='word_1_513' title='bbox 3101 423 3189 468; x_wconf 79' lang='lat' dir='ltr'><strong>res</strong></span> <span class='ocrx_word' id='word_1_514' title='bbox 3209 408 3441 478; x_wconf 82' lang='lat' dir='ltr'><strong>venalis.</strong></span> <span class='ocrx_word' id='word_1_515' title='bbox 3458 417 3548 466; x_wconf 85' lang='lat' dir='ltr'><strong>aut</strong></span> <span class='ocrx_word' id='word_1_516' title='bbox 3568 409 3698 464; x_wconf 85' lang='lat' dir='ltr'><strong>sub-</strong></span> 
     </span>
    </p>
   </div>
   <div class='ocr_carea' id='block_1_68' title="bbox 2101 499 3696 576">
    <p class='ocr_par' dir='ltr' id='par_1_68' title="bbox 2101 499 3696 576">
     <span class='ocr_line' id='line_1_69' title="bbox 2101 499 3696 576; baseline 0.002 -21"><span class='ocrx_word' id='word_1_517' title='bbox 2101 499 2303 574; x_wconf 86' lang='lat' dir='ltr'><strong>jicitur,</strong></span> <span class='ocrx_word' id='word_1_518' title='bbox 2338 511 2429 558; x_wconf 82' lang='lat' dir='ltr'><strong>aut</strong></span> <span class='ocrx_word' id='word_1_519' title='bbox 2449 502 2661 562; x_wconf 77' lang='lat' dir='ltr'><strong>excedit</strong></span> <span class='ocrx_word' id='word_1_520' title='bbox 2698 519 2838 564; x_wconf 87' lang='lat' dir='ltr'><strong>eam.</strong></span> <span class='ocrx_word' id='word_1_521' title='bbox 2879 504 3103 574; x_wconf 85' lang='lat' dir='ltr'><strong>Quando</strong></span> <span class='ocrx_word' id='word_1_522' title='bbox 3128 512 3275 562; x_wconf 86' lang='lat' dir='ltr'><strong>tanto</strong></span> <span class='ocrx_word' id='word_1_523' title='bbox 3294 505 3517 576; x_wconf 83' lang='lat' dir='ltr'><strong>quisque</strong></span> <span class='ocrx_word' id='word_1_524' title='bbox 3545 519 3696 560; x_wconf 84' lang='lat' dir='ltr'><strong>com-</strong></span> 
     </span>
    </p>
   </div>
   <div class='ocr_carea' id='block_1_69' title="bbox 2109 596 3701 670">
    <p class='ocr_par' dir='ltr' id='par_1_69' title="bbox 2109 596 3701 670">
     <span class='ocr_line' id='line_1_70' title="bbox 2109 596 3701 670; baseline 0.003 -23"><span class='ocrx_word' id='word_1_525' title='bbox 2109 602 2261 665; x_wconf 88' lang='lat' dir='ltr'><strong>parat</strong></span> <span class='ocrx_word' id='word_1_526' title='bbox 2286 603 2485 666; x_wconf 85' lang='lat' dir='ltr'><strong>quanto</strong></span> <span class='ocrx_word' id='word_1_527' title='bbox 2507 596 2670 663; x_wconf 90' lang='lat' dir='ltr'><strong>valet,</strong></span> <span class='ocrx_word' id='word_1_528' title='bbox 2690 607 2928 668; x_wconf 62' lang='lat' dir='ltr'><strong>aequatur</strong></span> <span class='ocrx_word' id='word_1_529' title='bbox 2951 597 3176 666; x_wconf 82' lang='lat' dir='ltr'><strong>pretium</strong></span> <span class='ocrx_word' id='word_1_530' title='bbox 3193 598 3271 653; x_wconf 88' lang='lat' dir='ltr'><strong>rei</strong></span> <span class='ocrx_word' id='word_1_531' title='bbox 3287 613 3408 670; x_wconf 72' lang='lat' dir='ltr'><strong>quas</strong></span> <span class='ocrx_word' id='word_1_532' title='bbox 3423 611 3701 668; x_wconf 78' lang='lat' dir='ltr'><strong>compara-</strong></span> 
     </span>
    </p>
   </div>
   <div class='ocr_carea' id='block_1_70' title="bbox 2109 685 3696 762">
    <p class='ocr_par' dir='ltr' id='par_1_70' title="bbox 2109 685 3696 762">
     <span class='ocr_line' id='line_1_71' title="bbox 2109 685 3696 762; baseline 0.001 -22"><span class='ocrx_word' id='word_1_533' title='bbox 2109 691 2238 740; x_wconf 89' lang='lat' dir='ltr'><strong>tur:</strong></span> <span class='ocrx_word' id='word_1_534' title='bbox 2270 685 2482 755; x_wconf 89' lang='lat' dir='ltr'><strong>quando</strong></span> <span class='ocrx_word' id='word_1_535' title='bbox 2527 686 2719 756; x_wconf 89' lang='lat' dir='ltr'><strong>vilius,</strong></span> <span class='ocrx_word' id='word_1_536' title='bbox 2769 687 3047 758; x_wconf 84' lang='lat' dir='ltr'><strong>subjicitur</strong></span> <span class='ocrx_word' id='word_1_537' title='bbox 3087 689 3180 744; x_wconf 85' lang='lat' dir='ltr'><strong>ei:</strong></span> <span class='ocrx_word' id='word_1_538' title='bbox 3223 688 3440 762; x_wconf 87' lang='lat' dir='ltr'><strong>quando</strong></span> <span class='ocrx_word' id='word_1_539' title='bbox 3479 688 3655 748; x_wconf 85' lang='lat' dir='ltr'><strong>carius</strong></span> <span class='ocrx_word' id='word_1_540' title='bbox 3679 728 3696 753; x_wconf 90' lang='lat'><strong>,</strong></span> 
     </span>
    </p>
   </div>
   <div class='ocr_carea' id='block_1_71' title="bbox 2107 778 3696 852">
    <p class='ocr_par' dir='ltr' id='par_1_71' title="bbox 2107 778 3696 852">
     <span class='ocr_line' id='line_1_72' title="bbox 2107 778 3696 852; baseline 0.003 -20"><span class='ocrx_word' id='word_1_541' title='bbox 2107 787 2322 848; x_wconf 88' lang='lat' dir='ltr'><strong>superat</strong></span> <span class='ocrx_word' id='word_1_542' title='bbox 2343 794 2480 834; x_wconf 87' lang='lat' dir='ltr'><strong>eam.</strong></span> <span class='ocrx_word' id='word_1_543' title='bbox 2510 778 2687 836; x_wconf 90' lang='lat' dir='ltr'><strong>Verbo</strong></span> <span class='ocrx_word' id='word_1_544' title='bbox 2713 789 2890 836; x_wconf 86' lang='lat' dir='ltr'><strong>autem</strong></span> <span class='ocrx_word' id='word_1_545' title='bbox 2921 781 3014 840; x_wconf 83' lang='lat' dir='ltr'><strong>Dei</strong></span> <span class='ocrx_word' id='word_1_546' title='bbox 3041 796 3140 840; x_wconf 81' lang='lat' dir='ltr'><strong>nec</strong></span> <span class='ocrx_word' id='word_1_547' title='bbox 3159 781 3359 852; x_wconf 57' lang='lat' dir='ltr'><strong>aquari</strong></span> <span class='ocrx_word' id='word_1_548' title='bbox 3379 779 3576 851; x_wconf 87' lang='lat' dir='ltr'><strong>aliquid</strong></span> <span class='ocrx_word' id='word_1_549' title='bbox 3603 794 3696 850; x_wconf 88' lang='lat' dir='ltr'><strong>po-</strong></span> 
     </span>
    </p>
   </div>
   <div class='ocr_carea' id='block_1_72' title="bbox 2108 869 3695 944">
    <p class='ocr_par' dir='ltr' id='par_1_72' title="bbox 2108 869 3695 944">
     <span class='ocr_line' id='line_1_73' title="bbox 2108 869 3695 944; baseline -0.001 -19"><span class='ocrx_word' id='word_1_550' title='bbox 2108 878 2232 935; x_wconf 86' lang='lat' dir='ltr'><strong>test,</strong></span> <span class='ocrx_word' id='word_1_551' title='bbox 2252 886 2350 928; x_wconf 90' lang='lat' dir='ltr'><strong>nec</strong></span> <span class='ocrx_word' id='word_1_552' title='bbox 2369 870 2435 926; x_wconf 89' lang='lat' dir='ltr'><strong>ad</strong></span> <span class='ocrx_word' id='word_1_553' title='bbox 2454 871 2798 928; x_wconf 88' lang='lat' dir='ltr'><strong>mutationem</strong></span> <span class='ocrx_word' id='word_1_554' title='bbox 2823 872 3032 942; x_wconf 77' lang='lat' dir='ltr'><strong>subjici,</strong></span> <span class='ocrx_word' id='word_1_555' title='bbox 3057 889 3157 929; x_wconf 84' lang='lat' dir='ltr'><strong>nec</strong></span> <span class='ocrx_word' id='word_1_556' title='bbox 3171 872 3458 944; x_wconf 86' lang='lat' dir='ltr'><strong>superponi</strong></span> <span class='ocrx_word' id='word_1_557' title='bbox 3473 869 3695 944; x_wconf 85' lang='lat' dir='ltr'><strong>aliquid.</strong></span> 
     </span>
    </p>
   </div>
   <div class='ocr_carea' id='block_1_73' title="bbox 2107 963 3700 1038">
    <p class='ocr_par' dir='ltr' id='par_1_73' title="bbox 2107 963 3700 1038">
     <span class='ocr_line' id='line_1_74' title="bbox 2107 963 3700 1038; baseline -0.001 -18"><span class='ocrx_word' id='word_1_558' title='bbox 2107 963 2305 1034; x_wconf 83' lang='lat' dir='ltr'><strong>Subjici</strong></span> <span class='ocrx_word' id='word_1_559' title='bbox 2344 965 2487 1020; x_wconf 83' lang='lat' dir='ltr'><strong>enim</strong></span> <span class='ocrx_word' id='word_1_560' title='bbox 2527 964 2702 1019; x_wconf 89' lang='lat' dir='ltr'><strong>omnia</strong></span> <span class='ocrx_word' id='word_1_561' title='bbox 2734 974 2959 1035; x_wconf 88' lang='lat' dir='ltr'><strong>possunt</strong></span> <span class='ocrx_word' id='word_1_562' title='bbox 2985 966 3160 1024; x_wconf 90' lang='lat' dir='ltr'><strong>Verbo</strong></span> <span class='ocrx_word' id='word_1_563' title='bbox 3191 966 3322 1035; x_wconf 87' lang='lat' dir='ltr'><strong>Dei,</strong></span> <span class='ocrx_word' id='word_1_564' title='bbox 3363 966 3486 1038; x_wconf 86' lang='lat' dir='ltr'><strong>quia</strong></span> <span class='ocrx_word' id='word_1_565' title='bbox 3528 965 3700 1024; x_wconf 79' lang='lat' dir='ltr'><strong>omnia</strong></span> 
     </span>
    </p>
   </div>
   <div class='ocr_carea' id='block_1_74' title="bbox 2109 1056 3699 1128">
    <p class='ocr_par' dir='ltr' id='par_1_74' title="bbox 2109 1056 3699 1128">
     <span class='ocr_line' id='line_1_75' title="bbox 2109 1056 3699 1128; baseline 0.002 -19"><span class='ocrx_word' id='word_1_566' title='bbox 2109 1071 2198 1125; x_wconf 87' lang='lat' dir='ltr'><strong>per</strong></span> <span class='ocrx_word' id='word_1_567' title='bbox 2224 1056 2391 1127; x_wconf 83' lang='lat' dir='ltr'><strong>ipsum</strong></span> <span class='ocrx_word' id='word_1_568' title='bbox 2421 1058 2558 1127; x_wconf 77' lang='lat' dir='ltr'><strong>facta</strong></span> <span class='ocrx_word' id='word_1_569' title='bbox 2595 1065 2709 1112; x_wconf 81' lang='lat' dir='ltr'><strong>sunt</strong></span> <span class='ocrx_word' id='word_1_570' title='bbox 2732 1075 2750 1111; x_wconf 87' lang='lat'><em>:</em></span> <span class='ocrx_word' id='word_1_571' title='bbox 2781 1072 2886 1111; x_wconf 92' lang='lat' dir='ltr'><strong>non</strong></span> <span class='ocrx_word' id='word_1_572' title='bbox 2932 1066 3104 1118; x_wconf 81' lang='lat' dir='ltr'><strong>tamen</strong></span> <span class='ocrx_word' id='word_1_573' title='bbox 3147 1057 3518 1128; x_wconf 72' lang='lat' dir='ltr'><strong>subjiciuntur,</strong></span> <span class='ocrx_word' id='word_1_574' title='bbox 3545 1057 3699 1128; x_wconf 83' lang='lat' dir='ltr'><strong>quasi</strong></span> 
     </span>
    </p>
   </div>
   <div class='ocr_carea' id='block_1_75' title="bbox 2110 1146 3700 1220">
    <p class='ocr_par' dir='ltr' id='par_1_75' title="bbox 2110 1146 3700 1220">
     <span class='ocr_line' id='line_1_76' title="bbox 2110 1146 3700 1220; baseline 0.008 -22"><span class='ocrx_word' id='word_1_575' title='bbox 2110 1146 2336 1216; x_wconf 85' lang='lat' dir='ltr'><strong>pretium</strong></span> <span class='ocrx_word' id='word_1_576' title='bbox 2369 1147 2474 1204; x_wconf 87' lang='lat' dir='ltr'><strong>sint</strong></span> <span class='ocrx_word' id='word_1_577' title='bbox 2515 1147 2704 1213; x_wconf 80' lang='lat' dir='ltr'><strong>Verbi,</strong></span> <span class='ocrx_word' id='word_1_578' title='bbox 2749 1157 2807 1204; x_wconf 90' lang='lat' dir='ltr'><strong>ut</strong></span> <span class='ocrx_word' id='word_1_579' title='bbox 2835 1147 3058 1220; x_wconf 91' lang='lat' dir='ltr'><strong>quisque</strong></span> <span class='ocrx_word' id='word_1_580' title='bbox 3082 1148 3173 1204; x_wconf 85' lang='lat' dir='ltr'><strong>det</strong></span> <span class='ocrx_word' id='word_1_581' title='bbox 3200 1149 3434 1220; x_wconf 89' lang='lat' dir='ltr'><strong>aliquid,</strong></span> <span class='ocrx_word' id='word_1_582' title='bbox 3470 1157 3527 1208; x_wconf 88' lang='lat' dir='ltr'><strong>ut</strong></span> <span class='ocrx_word' id='word_1_583' title='bbox 3567 1149 3700 1210; x_wconf 79' lang='lat' dir='ltr'><strong>illud</strong></span> 
     </span>
    </p>
   </div>
   <div class='ocr_carea' id='block_1_76' title="bbox 2109 1237 3701 1309">
    <p class='ocr_par' dir='ltr' id='par_1_76' title="bbox 2109 1237 3701 1309">
     <span class='ocr_line' id='line_1_77' title="bbox 2109 1237 3701 1309; baseline 0.005 -19"><span class='ocrx_word' id='word_1_584' title='bbox 2109 1237 2352 1308; x_wconf 83' lang='lat' dir='ltr'><strong>accipiat.</strong></span> <span class='ocrx_word' id='word_1_585' title='bbox 2379 1237 2577 1294; x_wconf 85' lang='lat' dir='ltr'><strong>Tamen</strong></span> <span class='ocrx_word' id='word_1_586' title='bbox 2606 1239 2648 1293; x_wconf 87' lang='lat' dir='ltr'><strong>si</strong></span> <span class='ocrx_word' id='word_1_587' title='bbox 2679 1239 2785 1296; x_wconf 90' lang='lat' dir='ltr'><strong>dici</strong></span> <span class='ocrx_word' id='word_1_588' title='bbox 2815 1248 3014 1309; x_wconf 79' lang='lat' dir='ltr'><strong>potest,</strong></span> <span class='ocrx_word' id='word_1_589' title='bbox 3041 1249 3095 1296; x_wconf 86' lang='lat' dir='ltr'><strong>et</strong></span> <span class='ocrx_word' id='word_1_590' title='bbox 3118 1241 3350 1298; x_wconf 84' lang='lat' dir='ltr'><strong>admittit</strong></span> <span class='ocrx_word' id='word_1_591' title='bbox 3376 1257 3571 1300; x_wconf 86' lang='lat' dir='ltr'><strong>nomen</strong></span> <span class='ocrx_word' id='word_1_592' title='bbox 3595 1241 3701 1298; x_wconf 85' lang='lat' dir='ltr'><strong>hoc</strong></span> 
     </span>
    </p>
   </div>
   <div class='ocr_carea' id='block_1_77' title="bbox 2109 1329 3701 1406">
    <p class='ocr_par' dir='ltr' id='par_1_77' title="bbox 2109 1329 3701 1406">
     <span class='ocr_line' id='line_1_78' title="bbox 2109 1329 3701 1406; baseline 0.003 -22"><span class='ocrx_word' id='word_1_593' title='bbox 2109 1333 2246 1385; x_wconf 90' lang='lat' dir='ltr'><strong>ratio</strong></span> <span class='ocrx_word' id='word_1_594' title='bbox 2272 1330 2446 1400; x_wconf 87' lang='lat' dir='ltr'><strong>aliqua</strong></span> <span class='ocrx_word' id='word_1_595' title='bbox 2475 1331 2556 1390; x_wconf 85' lang='lat' dir='ltr'><strong>vel</strong></span> <span class='ocrx_word' id='word_1_596' title='bbox 2587 1331 2836 1402; x_wconf 86' lang='lat' dir='ltr'><strong>loquendi</strong></span> <span class='ocrx_word' id='word_1_597' title='bbox 2861 1329 3212 1406; x_wconf 83' lang='lat' dir='ltr'><strong>consuetudo,</strong></span> <span class='ocrx_word' id='word_1_598' title='bbox 3235 1335 3463 1404; x_wconf 88' lang='lat' dir='ltr'><strong>pretium</strong></span> <span class='ocrx_word' id='word_1_599' title='bbox 3482 1348 3701 1404; x_wconf 81' lang='lat' dir='ltr'><strong>compa-</strong></span> 
     </span>
    </p>
   </div>
   <div class='ocr_carea' id='block_1_78' title="bbox 2109 1411 3702 1498">
    <p class='ocr_par' dir='ltr' id='par_1_78' title="bbox 2109 1411 3702 1498">
     <span class='ocr_line' id='line_1_79' title="bbox 2109 1411 3702 1498; baseline 0.001 -17"><span class='ocrx_word' id='word_1_600' title='bbox 2109 1425 2261 1481; x_wconf 89' lang='lat' dir='ltr'><strong>randi</strong></span> <span class='ocrx_word' id='word_1_601' title='bbox 2289 1425 2447 1481; x_wconf 89' lang='lat' dir='ltr'><strong>Vcrbi</strong></span> <span class='ocrx_word' id='word_1_602' title='bbox 2475 1426 2589 1496; x_wconf 80' lang='lat' dir='ltr'><strong>ipse</strong></span> <span class='ocrx_word' id='word_1_603' title='bbox 2621 1411 2959 1496; x_wconf 78' lang='lat' dir='ltr'><strong>comparatur</strong></span> <span class='ocrx_word' id='word_1_604' title='bbox 2978 1435 3078 1494; x_wconf 84' lang='lat' dir='ltr'><strong>est,</strong></span> <span class='ocrx_word' id='word_1_605' title='bbox 3107 1426 3195 1498; x_wconf 82' lang='lat' dir='ltr'><strong>qui</strong></span> <span class='ocrx_word' id='word_1_606' title='bbox 3233 1442 3292 1490; x_wconf 80' lang='lat' dir='ltr'><strong>se</strong></span> <span class='ocrx_word' id='word_1_607' title='bbox 3319 1427 3491 1496; x_wconf 81' lang='lat' dir='ltr'><strong>ipsum</strong></span> <span class='ocrx_word' id='word_1_608' title='bbox 3519 1442 3615 1497; x_wconf 83' lang='lat' dir='ltr'><strong>pro</strong></span> <span class='ocrx_word' id='word_1_609' title='bbox 3640 1441 3702 1482; x_wconf 80' lang='lat' dir='ltr'><strong>se</strong></span> 
     </span>
    </p>
   </div>
   <div class='ocr_carea' id='block_1_79' title="bbox 2110 1516 3700 1590">
    <p class='ocr_par' dir='ltr' id='par_1_79' title="bbox 2110 1516 3700 1590">
     <span class='ocr_line' id='line_1_80' title="bbox 2110 1516 3700 1590; baseline -0.001 -16"><span class='ocrx_word' id='word_1_610' title='bbox 2110 1517 2226 1588; x_wconf 88' lang='lat' dir='ltr'><strong>ipso</strong></span> <span class='ocrx_word' id='word_1_611' title='bbox 2261 1516 2468 1572; x_wconf 87' lang='lat' dir='ltr'><strong>dederit</strong></span> <span class='ocrx_word' id='word_1_612' title='bbox 2505 1517 2631 1574; x_wconf 88' lang='lat' dir='ltr'><strong>huic</strong></span> <span class='ocrx_word' id='word_1_613' title='bbox 2665 1517 2855 1574; x_wconf 82' lang='lat' dir='ltr'><strong>Verbo.</strong></span> <span class='ocrx_word' id='word_1_614' title='bbox 2883 1519 3066 1589; x_wconf 82' lang='lat' dir='ltr'><strong>Itaque</strong></span> <span class='ocrx_word' id='word_1_615' title='bbox 3091 1518 3308 1588; x_wconf 76' lang='lat' dir='ltr'><strong>quando</strong></span> <span class='ocrx_word' id='word_1_616' title='bbox 3334 1518 3534 1590; x_wconf 86' lang='lat' dir='ltr'><strong>aliquid</strong></span> <span class='ocrx_word' id='word_1_617' title='bbox 3561 1519 3700 1575; x_wconf 87' lang='lat' dir='ltr'><strong>emi-</strong></span> 
     </span>
    </p>
   </div>
   <div class='ocr_carea' id='block_1_80' title="bbox 2109 1609 3702 1682">
    <p class='ocr_par' dir='ltr' id='par_1_80' title="bbox 2109 1609 3702 1682">
     <span class='ocr_line' id='line_1_81' title="bbox 2109 1609 3702 1682; baseline 0 -16"><span class='ocrx_word' id='word_1_618' title='bbox 2109 1623 2261 1674; x_wconf 86' lang='lat' dir='ltr'><strong>mus,</strong></span> <span class='ocrx_word' id='word_1_619' title='bbox 2311 1609 2600 1680; x_wconf 77' lang='lat' dir='ltr'><strong>quzerimus</strong></span> <span class='ocrx_word' id='word_1_620' title='bbox 2641 1610 2842 1682; x_wconf 81' lang='lat' dir='ltr'><strong>aliquid</strong></span> <span class='ocrx_word' id='word_1_621' title='bbox 2888 1612 3029 1681; x_wconf 88' lang='lat' dir='ltr'><strong>quod</strong></span> <span class='ocrx_word' id='word_1_622' title='bbox 3068 1612 3280 1678; x_wconf 77' lang='lat' dir='ltr'><strong>demus,</strong></span> <span class='ocrx_word' id='word_1_623' title='bbox 3309 1619 3370 1666; x_wconf 89' lang='lat' dir='ltr'><strong>ut</strong></span> <span class='ocrx_word' id='word_1_624' title='bbox 3412 1611 3702 1668; x_wconf 80' lang='lat' dir='ltr'><strong>habeamus</strong></span> 
     </span>
    </p>
   </div>
   <div class='ocr_carea' id='block_1_81' title="bbox 2110 1700 3702 1773">
    <p class='ocr_par' dir='ltr' id='par_1_81' title="bbox 2110 1700 3702 1773">
     <span class='ocr_line' id='line_1_82' title="bbox 2110 1700 3702 1773; baseline 0.003 -19"><span class='ocrx_word' id='word_1_625' title='bbox 2110 1715 2224 1755; x_wconf 88' lang='lat' dir='ltr'><strong>rem</strong></span> <span class='ocrx_word' id='word_1_626' title='bbox 2255 1700 2377 1756; x_wconf 86' lang='lat' dir='ltr'><strong>dato</strong></span> <span class='ocrx_word' id='word_1_627' title='bbox 2408 1702 2575 1770; x_wconf 88' lang='lat' dir='ltr'><strong>pretio</strong></span> <span class='ocrx_word' id='word_1_628' title='bbox 2605 1718 2764 1773; x_wconf 89' lang='lat' dir='ltr'><strong>quam</strong></span> <span class='ocrx_word' id='word_1_629' title='bbox 2793 1703 3037 1758; x_wconf 87' lang='lat' dir='ltr'><strong>volumus</strong></span> <span class='ocrx_word' id='word_1_630' title='bbox 3071 1719 3272 1760; x_wconf 81' lang='lat' dir='ltr'><strong>emere.</strong></span> <span class='ocrx_word' id='word_1_631' title='bbox 3306 1703 3375 1758; x_wconf 80' lang='lat' dir='ltr'><strong>Et</strong></span> <span class='ocrx_word' id='word_1_632' title='bbox 3412 1714 3562 1758; x_wconf 78' lang='lat' dir='ltr'><strong>extra</strong></span> <span class='ocrx_word' id='word_1_633' title='bbox 3602 1718 3702 1758; x_wconf 80' lang='lat' dir='ltr'><strong>nos</strong></span> 
     </span>
    </p>
   </div>
   <div class='ocr_carea' id='block_1_82' title="bbox 2111 1794 3704 1866">
    <p class='ocr_par' dir='ltr' id='par_1_82' title="bbox 2111 1794 3704 1866">
     <span class='ocr_line' id='line_1_83' title="bbox 2111 1794 3704 1866; baseline 0.002 -18"><span class='ocrx_word' id='word_1_634' title='bbox 2111 1802 2194 1849; x_wconf 88' lang='lat' dir='ltr'><strong>est</strong></span> <span class='ocrx_word' id='word_1_635' title='bbox 2218 1794 2360 1862; x_wconf 88' lang='lat' dir='ltr'><strong>quod</strong></span> <span class='ocrx_word' id='word_1_636' title='bbox 2387 1794 2607 1861; x_wconf 83' lang='lat' dir='ltr'><strong>damus;</strong></span> <span class='ocrx_word' id='word_1_637' title='bbox 2645 1804 2699 1850; x_wconf 91' lang='lat' dir='ltr'><strong>et</strong></span> <span class='ocrx_word' id='word_1_638' title='bbox 2727 1797 2772 1850; x_wconf 89' lang='lat' dir='ltr'><strong>si</strong></span> <span class='ocrx_word' id='word_1_639' title='bbox 2799 1796 2941 1866; x_wconf 90' lang='lat' dir='ltr'><strong>apud</strong></span> <span class='ocrx_word' id='word_1_640' title='bbox 2970 1811 3068 1851; x_wconf 86' lang='lat' dir='ltr'><strong>nos</strong></span> <span class='ocrx_word' id='word_1_641' title='bbox 3095 1806 3229 1861; x_wconf 86' lang='lat' dir='ltr'><strong>erat,</strong></span> <span class='ocrx_word' id='word_1_642' title='bbox 3256 1796 3314 1850; x_wconf 82' lang='lat' dir='ltr'><strong>iit</strong></span> <span class='ocrx_word' id='word_1_643' title='bbox 3338 1804 3489 1852; x_wconf 74' lang='lat' dir='ltr'><strong>extra</strong></span> <span class='ocrx_word' id='word_1_644' title='bbox 3517 1811 3614 1850; x_wconf 86' lang='lat' dir='ltr'><strong>nos</strong></span> <span class='ocrx_word' id='word_1_645' title='bbox 3640 1797 3704 1851; x_wconf 81' lang='lat' dir='ltr'><strong>ii-</strong></span> 
     </span>
    </p>
   </div>
   <div class='ocr_carea' id='block_1_83' title="bbox 2113 1884 3704 1958">
    <p class='ocr_par' dir='ltr' id='par_1_83' title="bbox 2113 1884 3704 1958">
     <span class='ocr_line' id='line_1_84' title="bbox 2113 1884 3704 1958; baseline 0.003 -18"><span class='ocrx_word' id='word_1_646' title='bbox 2113 1884 2202 1940; x_wconf 90' lang='lat' dir='ltr'><strong>iud</strong></span> <span class='ocrx_word' id='word_1_647' title='bbox 2232 1885 2373 1954; x_wconf 85' lang='lat' dir='ltr'><strong>quod</strong></span> <span class='ocrx_word' id='word_1_648' title='bbox 2399 1885 2608 1950; x_wconf 87' lang='lat' dir='ltr'><strong>damus,</strong></span> <span class='ocrx_word' id='word_1_649' title='bbox 2635 1896 2690 1940; x_wconf 90' lang='lat' dir='ltr'><strong>ut</strong></span> <span class='ocrx_word' id='word_1_650' title='bbox 2719 1888 2788 1941; x_wconf 87' lang='lat' dir='ltr'><strong>sit</strong></span> <span class='ocrx_word' id='word_1_651' title='bbox 2813 1887 2951 1956; x_wconf 89' lang='lat' dir='ltr'><strong>apud</strong></span> <span class='ocrx_word' id='word_1_652' title='bbox 2981 1903 3080 1942; x_wconf 83' lang='lat' dir='ltr'><strong>nos</strong></span> <span class='ocrx_word' id='word_1_653' title='bbox 3111 1887 3237 1943; x_wconf 89' lang='lat' dir='ltr'><strong>illud</strong></span> <span class='ocrx_word' id='word_1_654' title='bbox 3265 1886 3406 1957; x_wconf 92' lang='lat' dir='ltr'><strong>quod</strong></span> <span class='ocrx_word' id='word_1_655' title='bbox 3427 1902 3704 1958; x_wconf 79' lang='lat' dir='ltr'><strong>compara-</strong></span> 
     </span>
    </p>
   </div>
   <div class='ocr_carea' id='block_1_84' title="bbox 2114 1977 3705 2050">
    <p class='ocr_par' dir='ltr' id='par_1_84' title="bbox 2114 1977 3705 2050">
     <span class='ocr_line' id='line_1_85' title="bbox 2114 1977 3705 2050; baseline 0.003 -18"><span class='ocrx_word' id='word_1_656' title='bbox 2114 1992 2252 2032; x_wconf 86' lang='lat' dir='ltr'><strong>mus.</strong></span> <span class='ocrx_word' id='word_1_657' title='bbox 2286 1977 2550 2047; x_wconf 84' lang='lat' dir='ltr'><strong>Quidquid</strong></span> <span class='ocrx_word' id='word_1_658' title='bbox 2577 1979 2732 2048; x_wconf 85' lang='lat' dir='ltr'><strong>pretii</strong></span> <span class='ocrx_word' id='word_1_659' title='bbox 2772 1980 3032 2034; x_wconf 84' lang='lat' dir='ltr'><strong>invenerit</strong></span> <span class='ocrx_word' id='word_1_660' title='bbox 3062 1981 3152 2050; x_wconf 86' lang='lat' dir='ltr'><strong>qui</strong></span> <span class='ocrx_word' id='word_1_661' title='bbox 3197 1980 3326 2036; x_wconf 84' lang='lat' dir='ltr'><strong>emit</strong></span> <span class='ocrx_word' id='word_1_662' title='bbox 3361 1979 3578 2050; x_wconf 79' lang='lat' dir='ltr'><strong>aliquid,</strong></span> <span class='ocrx_word' id='word_1_663' title='bbox 3607 1995 3705 2036; x_wconf 85' lang='lat' dir='ltr'><strong>ne-</strong></span> 
     </span>
    </p>
   </div>
   <div class='ocr_carea' id='block_1_85' title="bbox 2113 2071 3707 2142">
    <p class='ocr_par' dir='ltr' id='par_1_85' title="bbox 2113 2071 3707 2142">
     <span class='ocr_line' id='line_1_86' title="bbox 2113 2071 3707 2142; baseline 0.003 -16"><span class='ocrx_word' id='word_1_664' title='bbox 2113 2085 2263 2126; x_wconf 88' lang='lat' dir='ltr'><strong>cesse</strong></span> <span class='ocrx_word' id='word_1_665' title='bbox 2290 2079 2371 2125; x_wconf 88' lang='lat' dir='ltr'><strong>est</strong></span> <span class='ocrx_word' id='word_1_666' title='bbox 2397 2079 2454 2124; x_wconf 90' lang='lat' dir='ltr'><strong>ut</strong></span> <span class='ocrx_word' id='word_1_667' title='bbox 2477 2071 2578 2125; x_wconf 90' lang='lat' dir='ltr'><strong>tale</strong></span> <span class='ocrx_word' id='word_1_668' title='bbox 2609 2071 2870 2136; x_wconf 89' lang='lat' dir='ltr'><strong>inveniat,</strong></span> <span class='ocrx_word' id='word_1_669' title='bbox 2895 2082 2951 2126; x_wconf 91' lang='lat' dir='ltr'><strong>ut</strong></span> <span class='ocrx_word' id='word_1_670' title='bbox 2983 2072 3073 2127; x_wconf 85' lang='lat' dir='ltr'><strong>det</strong></span> <span class='ocrx_word' id='word_1_671' title='bbox 3107 2073 3247 2142; x_wconf 90' lang='lat' dir='ltr'><strong>quod</strong></span> <span class='ocrx_word' id='word_1_672' title='bbox 3277 2073 3454 2137; x_wconf 87' lang='lat' dir='ltr'><strong>habet,</strong></span> <span class='ocrx_word' id='word_1_673' title='bbox 3486 2083 3539 2129; x_wconf 91' lang='lat' dir='ltr'><strong>et</strong></span> <span class='ocrx_word' id='word_1_674' title='bbox 3565 2074 3707 2130; x_wconf 76' lang='lat' dir='ltr'><strong>uoci-</strong></span> 
     </span>
    </p>
   </div>
   <div class='ocr_carea' id='block_1_86' title="bbox 2113 2163 3708 2236">
    <p class='ocr_par' dir='ltr' id='par_1_86' title="bbox 2113 2163 3708 2236">
     <span class='ocr_line' id='line_1_87' title="bbox 2113 2163 3708 2236; baseline 0.004 -20"><span class='ocrx_word' id='word_1_675' title='bbox 2113 2163 2222 2234; x_wconf 89' lang='lat' dir='ltr'><strong>piat</strong></span> <span class='ocrx_word' id='word_1_676' title='bbox 2244 2163 2384 2232; x_wconf 91' lang='lat' dir='ltr'><strong>quod</strong></span> <span class='ocrx_word' id='word_1_677' title='bbox 2406 2178 2511 2218; x_wconf 90' lang='lat' dir='ltr'><strong>non</strong></span> <span class='ocrx_word' id='word_1_678' title='bbox 2536 2164 2696 2231; x_wconf 80' lang='lat' dir='ltr'><strong>habet</strong></span> <span class='ocrx_word' id='word_1_679' title='bbox 2715 2181 2729 2229; x_wconf 89' lang='lat'><strong>;</strong></span> <span class='ocrx_word' id='word_1_680' title='bbox 2750 2175 2962 2220; x_wconf 85' lang='lat' dir='ltr'><strong>maneat</strong></span> <span class='ocrx_word' id='word_1_681' title='bbox 2987 2174 3164 2220; x_wconf 82' lang='lat' dir='ltr'><strong>tamen</strong></span> <span class='ocrx_word' id='word_1_682' title='bbox 3186 2165 3276 2222; x_wconf 91' lang='lat' dir='ltr'><strong>ille</strong></span> <span class='ocrx_word' id='word_1_683' title='bbox 3299 2181 3330 2222; x_wconf 79' lang='lat' dir='ltr'><strong>tt</strong></span> <span class='ocrx_word' id='word_1_684' title='bbox 3349 2181 3452 2236; x_wconf 91' lang='lat' dir='ltr'><strong>quo</strong></span> <span class='ocrx_word' id='word_1_685' title='bbox 3468 2166 3708 2222; x_wconf 82' lang='lat' dir='ltr'><strong>abscedit</strong></span> 
     </span>
    </p>
   </div>
   <div class='ocr_carea' id='block_1_87' title="bbox 2113 2257 3704 2330">
    <p class='ocr_par' dir='ltr' id='par_1_87' title="bbox 2113 2257 3704 2330">
     <span class='ocr_line' id='line_1_88' title="bbox 2113 2257 3704 2330; baseline 0.003 -20"><span class='ocrx_word' id='word_1_686' title='bbox 2113 2257 2344 2326; x_wconf 88' lang='lat' dir='ltr'><strong>pretium</strong></span> <span class='ocrx_word' id='word_1_687' title='bbox 2372 2297 2387 2324; x_wconf 92' lang='lat'><strong>,</strong></span> <span class='ocrx_word' id='word_1_688' title='bbox 2439 2264 2495 2314; x_wconf 88' lang='lat' dir='ltr'><strong>et</strong></span> <span class='ocrx_word' id='word_1_689' title='bbox 2548 2257 2769 2313; x_wconf 89' lang='lat' dir='ltr'><strong>accedat</strong></span> <span class='ocrx_word' id='word_1_690' title='bbox 2824 2258 2952 2314; x_wconf 88' lang='lat' dir='ltr'><strong>illud</strong></span> <span class='ocrx_word' id='word_1_691' title='bbox 3003 2274 3099 2328; x_wconf 90' lang='lat' dir='ltr'><strong>pro</strong></span> <span class='ocrx_word' id='word_1_692' title='bbox 3150 2274 3258 2329; x_wconf 90' lang='lat' dir='ltr'><strong>quo</strong></span> <span class='ocrx_word' id='word_1_693' title='bbox 3308 2259 3399 2315; x_wconf 88' lang='lat' dir='ltr'><strong>dat</strong></span> <span class='ocrx_word' id='word_1_694' title='bbox 3451 2260 3704 2330; x_wconf 84' lang='lat' dir='ltr'><strong>pretium.-</strong></span> 
     </span>
    </p>
   </div>
   <div class='ocr_carea' id='block_1_88' title="bbox 2113 2348 3710 2423">
    <p class='ocr_par' dir='ltr' id='par_1_88' title="bbox 2113 2348 3710 2423">
     <span class='ocr_line' id='line_1_89' title="bbox 2113 2348 3710 2423; baseline 0.002 -20"><span class='ocrx_word' id='word_1_695' title='bbox 2113 2348 2215 2418; x_wconf 88' lang='lat' dir='ltr'><strong>Qui</strong></span> <span class='ocrx_word' id='word_1_696' title='bbox 2261 2359 2438 2406; x_wconf 87' lang='lat' dir='ltr'><strong>autem</strong></span> <span class='ocrx_word' id='word_1_697' title='bbox 2479 2351 2592 2406; x_wconf 88' lang='lat' dir='ltr'><strong>vult</strong></span> <span class='ocrx_word' id='word_1_698' title='bbox 2641 2365 2953 2421; x_wconf 85' lang='lat' dir='ltr'><strong>comparare</strong></span> <span class='ocrx_word' id='word_1_699' title='bbox 3003 2351 3236 2408; x_wconf 86' lang='lat' dir='ltr'><strong>Verbum</strong></span> <span class='ocrx_word' id='word_1_700' title='bbox 3291 2351 3410 2419; x_wconf 87' lang='lat' dir='ltr'><strong>hoc,</strong></span> <span class='ocrx_word' id='word_1_701' title='bbox 3470 2353 3558 2423; x_wconf 87' lang='lat' dir='ltr'><strong>qui</strong></span> <span class='ocrx_word' id='word_1_702' title='bbox 3598 2353 3710 2407; x_wconf 86' lang='lat' dir='ltr'><strong>vult</strong></span> 
     </span>
    </p>
   </div>
   <div class='ocr_carea' id='block_1_89' title="bbox 2113 2440 3709 2516">
    <p class='ocr_par' dir='ltr' id='par_1_89' title="bbox 2113 2440 3709 2516">
     <span class='ocr_line' id='line_1_90' title="bbox 2113 2440 3709 2516; baseline 0.004 -20"><span class='ocrx_word' id='word_1_703' title='bbox 2113 2440 2348 2510; x_wconf 84' lang='lat' dir='ltr'><strong>habere,</strong></span> <span class='ocrx_word' id='word_1_704' title='bbox 2402 2459 2508 2500; x_wconf 89' lang='lat' dir='ltr'><strong>non</strong></span> <span class='ocrx_word' id='word_1_705' title='bbox 2555 2452 2762 2515; x_wconf 68' lang='lat' dir='ltr'><strong>quierat</strong></span> <span class='ocrx_word' id='word_1_706' title='bbox 2793 2455 2943 2501; x_wconf 79' lang='lat' dir='ltr'><strong>extra</strong></span> <span class='ocrx_word' id='word_1_707' title='bbox 2981 2461 3042 2502; x_wconf 81' lang='lat' dir='ltr'><strong>se</strong></span> <span class='ocrx_word' id='word_1_708' title='bbox 3073 2446 3249 2516; x_wconf 84' lang='lat' dir='ltr'><strong>ipsum</strong></span> <span class='ocrx_word' id='word_1_709' title='bbox 3293 2445 3437 2516; x_wconf 84' lang='lat' dir='ltr'><strong>quod</strong></span> <span class='ocrx_word' id='word_1_710' title='bbox 3481 2445 3606 2511; x_wconf 87' lang='lat' dir='ltr'><strong>det,</strong></span> <span class='ocrx_word' id='word_1_711' title='bbox 3649 2459 3709 2502; x_wconf 77' lang='lat' dir='ltr'><strong>se</strong></span> 
     </span>
    </p>
   </div>
   <div class='ocr_carea' id='block_1_90' title="bbox 2116 2535 3712 2607">
    <p class='ocr_par' dir='ltr' id='par_1_90' title="bbox 2116 2535 3712 2607">
     <span class='ocr_line' id='line_1_91' title="bbox 2116 2535 3712 2607; baseline 0.001 -17"><span class='ocrx_word' id='word_1_712' title='bbox 2116 2535 2288 2606; x_wconf 89' lang='lat' dir='ltr'><strong>ipsum</strong></span> <span class='ocrx_word' id='word_1_713' title='bbox 2319 2536 2429 2591; x_wconf 82' lang='lat' dir='ltr'><strong>det.</strong></span> <span class='ocrx_word' id='word_1_714' title='bbox 2462 2536 2615 2602; x_wconf 85' lang='lat' dir='ltr'><strong>Quod</strong></span> <span class='ocrx_word' id='word_1_715' title='bbox 2642 2552 2761 2593; x_wconf 90' lang='lat' dir='ltr'><strong>cum</strong></span> <span class='ocrx_word' id='word_1_716' title='bbox 2805 2537 3023 2604; x_wconf 83' lang='lat' dir='ltr'><strong>fecerit,</strong></span> <span class='ocrx_word' id='word_1_717' title='bbox 3067 2554 3173 2596; x_wconf 87' lang='lat' dir='ltr'><strong>non</strong></span> <span class='ocrx_word' id='word_1_718' title='bbox 3208 2553 3266 2594; x_wconf 81' lang='lat' dir='ltr'><strong>se</strong></span> <span class='ocrx_word' id='word_1_719' title='bbox 3303 2539 3530 2607; x_wconf 82' lang='lat' dir='ltr'><strong>amittit,</strong></span> <span class='ocrx_word' id='word_1_720' title='bbox 3571 2537 3712 2594; x_wconf 82' lang='lat' dir='ltr'><strong>sicut</strong></span> 
     </span>
    </p>
   </div>
   <div class='ocr_carea' id='block_1_91' title="bbox 2115 2630 3218 2703">
    <p class='ocr_par' dir='ltr' id='par_1_91' title="bbox 2115 2630 3218 2703">
     <span class='ocr_line' id='line_1_92' title="bbox 2115 2630 3218 2703; baseline 0.004 -20"><span class='ocrx_word' id='word_1_721' title='bbox 2115 2630 2308 2684; x_wconf 87' lang='lat' dir='ltr'><strong>amittit</strong></span> <span class='ocrx_word' id='word_1_722' title='bbox 2331 2630 2576 2699; x_wconf 87' lang='lat' dir='ltr'><strong>pretium,</strong></span> <span class='ocrx_word' id='word_1_723' title='bbox 2604 2630 2818 2701; x_wconf 87' lang='lat' dir='ltr'><strong>quando</strong></span> <span class='ocrx_word' id='word_1_724' title='bbox 2843 2631 3040 2703; x_wconf 84' lang='lat' dir='ltr'><strong>aliquid</strong></span> <span class='ocrx_word' id='word_1_725' title='bbox 3069 2633 3218 2688; x_wconf 87' lang='lat' dir='ltr'><strong>emit.</strong></span> 
     </span>
    </p>
   </div>
   <div class='ocr_carea' id='block_1_92' title="bbox 2189 2723 3710 2796">
    <p class='ocr_par' dir='ltr' id='par_1_92' title="bbox 2189 2723 3710 2796">
     <span class='ocr_line' id='line_1_93' title="bbox 2189 2723 3710 2796; baseline 0.003 -20"><span class='ocrx_word' id='word_1_726' title='bbox 2189 2723 2414 2779; x_wconf 78' lang='lat' dir='ltr'><strong>CAPUT</strong></span> <span class='ocrx_word' id='word_1_727' title='bbox 2455 2723 2516 2778; x_wconf 91' lang='lat' dir='ltr'><strong>ii.</strong></span> <span class='ocrx_word' id='word_1_728' title='bbox 2543 2723 2694 2778; x_wconf 65' lang='lat'><strong>—2.</strong></span> <span class='ocrx_word' id='word_1_729' title='bbox 2747 2724 2976 2780; x_wconf 77' lang='lat' dir='ltr'><strong>Pretium</strong></span> <span class='ocrx_word' id='word_1_730' title='bbox 3027 2723 3176 2781; x_wconf 82' lang='lat' dir='ltr'><strong>Verbi</strong></span> <span class='ocrx_word' id='word_1_731' title='bbox 3219 2725 3325 2796; x_wconf 77' lang='lat' dir='ltr'><strong>ipse</strong></span> <span class='ocrx_word' id='word_1_732' title='bbox 3366 2725 3533 2779; x_wconf 67' lang='lat' dir='ltr'><strong>homo.</strong></span> <span class='ocrx_word' id='word_1_733' title='bbox 3577 2723 3710 2780; x_wconf 81' lang='lat' dir='ltr'><strong>Ver-</strong></span> 
     </span>
    </p>
   </div>
   <div class='ocr_carea' id='block_1_93' title="bbox 2116 2813 3709 2886">
    <p class='ocr_par' dir='ltr' id='par_1_93' title="bbox 2116 2813 3709 2886">
     <span class='ocr_line' id='line_1_94' title="bbox 2116 2813 3709 2886; baseline 0.001 -17"><span class='ocrx_word' id='word_1_734' title='bbox 2116 2813 2240 2869; x_wconf 89' lang='lat' dir='ltr'><strong>bum</strong></span> <span class='ocrx_word' id='word_1_735' title='bbox 2265 2831 2394 2884; x_wconf 84' lang='lat' dir='ltr'><strong>ergo</strong></span> <span class='ocrx_word' id='word_1_736' title='bbox 2417 2815 2508 2870; x_wconf 87' lang='lat' dir='ltr'><strong>Dei</strong></span> <span class='ocrx_word' id='word_1_737' title='bbox 2531 2817 2862 2885; x_wconf 83' lang='lat' dir='ltr'><strong>propositum</strong></span> <span class='ocrx_word' id='word_1_738' title='bbox 2883 2825 2964 2871; x_wconf 85' lang='lat' dir='ltr'><strong>est</strong></span> <span class='ocrx_word' id='word_1_739' title='bbox 2983 2817 3232 2872; x_wconf 80' lang='lat' dir='ltr'><strong>omnibus</strong></span> <span class='ocrx_word' id='word_1_740' title='bbox 3256 2834 3269 2870; x_wconf 91' lang='lat'><strong>:</strong></span> <span class='ocrx_word' id='word_1_741' title='bbox 3292 2824 3602 2886; x_wconf 72' lang='lat' dir='ltr'><strong>comparent</strong></span> <span class='ocrx_word' id='word_1_742' title='bbox 3620 2817 3709 2884; x_wconf 89' lang='lat' dir='ltr'><strong>qui</strong></span> 
     </span>
    </p>
   </div>
   <div class='ocr_carea' id='block_1_94' title="bbox 2117 2906 3709 2977">
    <p class='ocr_par' dir='ltr' id='par_1_94' title="bbox 2117 2906 3709 2977">
     <span class='ocr_line' id='line_1_95' title="bbox 2117 2906 3709 2977; baseline 0.002 -20"><span class='ocrx_word' id='word_1_743' title='bbox 2117 2915 2375 2974; x_wconf 81' lang='lat' dir='ltr'><strong>possunt;</strong></span> <span class='ocrx_word' id='word_1_744' title='bbox 2407 2915 2626 2974; x_wconf 87' lang='lat' dir='ltr'><strong>possunt</strong></span> <span class='ocrx_word' id='word_1_745' title='bbox 2650 2915 2827 2962; x_wconf 84' lang='lat' dir='ltr'><strong>autem</strong></span> <span class='ocrx_word' id='word_1_746' title='bbox 2849 2908 2939 2977; x_wconf 90' lang='lat' dir='ltr'><strong>qui</strong></span> <span class='ocrx_word' id='word_1_747' title='bbox 2963 2906 3048 2977; x_wconf 87' lang='lat' dir='ltr'><strong>pio</strong></span> <span class='ocrx_word' id='word_1_748' title='bbox 3077 2907 3357 2962; x_wconf 78' lang='lat' dir='ltr'><strong>voluerint.</strong></span> <span class='ocrx_word' id='word_1_749' title='bbox 3377 2907 3435 2961; x_wconf 93' lang='lat' dir='ltr'><strong>in</strong></span> <span class='ocrx_word' id='word_1_750' title='bbox 3455 2908 3546 2960; x_wconf 91' lang='lat' dir='ltr'><strong>illo</strong></span> <span class='ocrx_word' id='word_1_751' title='bbox 3565 2907 3709 2961; x_wconf 81' lang='lat' dir='ltr'><strong>enim</strong></span> 
     </span>
    </p>
   </div>
   <div class='ocr_carea' id='block_1_95' title="bbox 2119 2996 3714 3067">
    <p class='ocr_par' dir='ltr' id='par_1_95' title="bbox 2119 2996 3714 3067">
     <span class='ocr_line' id='line_1_96' title="bbox 2119 2996 3714 3067; baseline 0.003 -17"><span class='ocrx_word' id='word_1_752' title='bbox 2119 2996 2294 3052; x_wconf 85' lang='lat' dir='ltr'><strong>Verbo</strong></span> <span class='ocrx_word' id='word_1_753' title='bbox 2322 3013 2422 3066; x_wconf 84' lang='lat' dir='ltr'><strong>pax</strong></span> <span class='ocrx_word' id='word_1_754' title='bbox 2453 3015 2464 3050; x_wconf 91' lang='lat'><strong>:</strong></span> <span class='ocrx_word' id='word_1_755' title='bbox 2499 3007 2552 3056; x_wconf 84' lang='lat' dir='ltr'><strong>et</strong></span> <span class='ocrx_word' id='word_1_756' title='bbox 2579 3014 2677 3067; x_wconf 81' lang='lat' dir='ltr'><strong>pax</strong></span> <span class='ocrx_word' id='word_1_757' title='bbox 2702 2999 2924 3054; x_wconf 85' lang='lat' dir='ltr'><strong>interra</strong></span> <span class='ocrx_word' id='word_1_758' title='bbox 2951 3000 3256 3056; x_wconf 80' lang='lat' dir='ltr'><strong>hominibus</strong></span> <span class='ocrx_word' id='word_1_759' title='bbox 3279 3001 3432 3056; x_wconf 78' lang='lat' dir='ltr'><strong>honre</strong></span> <span class='ocrx_word' id='word_1_760' title='bbox 3465 3001 3714 3054; x_wconf 82' lang='lat' dir='ltr'><strong>volunta-</strong></span> 
     </span>
    </p>
   </div>
   <div class='ocr_carea' id='block_1_96' title="bbox 2121 3087 3712 3162">
    <p class='ocr_par' dir='ltr' id='par_1_96' title="bbox 2121 3087 3712 3162">
     <span class='ocr_line' id='line_1_97' title="bbox 2121 3087 3712 3162; baseline 0.003 -19"><span class='ocrx_word' id='word_1_761' title='bbox 2121 3088 2186 3143; x_wconf 88' lang='lat' dir='ltr'><strong>tis</strong></span> <span class='ocrx_word' id='word_1_762' title='bbox 2220 3089 2236 3157; x_wconf 90' lang='lat'>(</span> <span class='ocrx_word' id='word_1_763' title='bbox 2263 3087 2388 3141; x_wconf 87' lang='lat' dir='ltr'><strong>Luc.</strong></span> <span class='ocrx_word' id='word_1_764' title='bbox 2419 3105 2475 3156; x_wconf 88' lang='lat' dir='ltr'><strong>u,</strong></span> <span class='ocrx_word' id='word_1_765' title='bbox 2524 3089 2590 3143; x_wconf 78' lang='grc'><strong>14</strong></span> <span class='ocrx_word' id='word_1_766' title='bbox 2611 3090 2650 3159; x_wconf 91' lang='grc'><strong>).</strong></span> <span class='ocrx_word' id='word_1_767' title='bbox 2697 3089 2840 3161; x_wconf 73' lang='lat' dir='ltr'><strong>Ergo</strong></span> <span class='ocrx_word' id='word_1_768' title='bbox 2867 3092 2958 3161; x_wconf 83' lang='lat' dir='ltr'><strong>qui</strong></span> <span class='ocrx_word' id='word_1_769' title='bbox 2987 3091 3100 3148; x_wconf 89' lang='lat' dir='ltr'><strong>vult</strong></span> <span class='ocrx_word' id='word_1_770' title='bbox 3128 3107 3440 3162; x_wconf 82' lang='lat' dir='ltr'><strong>comparare</strong></span> <span class='ocrx_word' id='word_1_771' title='bbox 3460 3133 3474 3158; x_wconf 93' lang='lat'><strong>,</strong></span> <span class='ocrx_word' id='word_1_772' title='bbox 3515 3091 3607 3146; x_wconf 89' lang='lat' dir='ltr'><strong>det</strong></span> <span class='ocrx_word' id='word_1_773' title='bbox 3651 3107 3712 3147; x_wconf 88' lang='lat' dir='ltr'><strong>se</strong></span> 
     </span>
    </p>
   </div>
   <div class='ocr_carea' id='block_1_97' title="bbox 2119 3183 3712 3254">
    <p class='ocr_par' dir='ltr' id='par_1_97' title="bbox 2119 3183 3712 3254">
     <span class='ocr_line' id='line_1_98' title="bbox 2119 3183 3712 3254; baseline 0.001 -16"><span class='ocrx_word' id='word_1_774' title='bbox 2119 3183 2312 3252; x_wconf 84' lang='lat' dir='ltr'><strong>ipsum.</strong></span> <span class='ocrx_word' id='word_1_775' title='bbox 2357 3183 2518 3251; x_wconf 86' lang='lat' dir='ltr'><strong>Quasi</strong></span> <span class='ocrx_word' id='word_1_776' title='bbox 2565 3186 2797 3254; x_wconf 77' lang='lat' dir='ltr'><strong>pretium</strong></span> <span class='ocrx_word' id='word_1_777' title='bbox 2833 3193 2920 3241; x_wconf 85' lang='lat' dir='ltr'><strong>est</strong></span> <span class='ocrx_word' id='word_1_778' title='bbox 2958 3186 3063 3241; x_wconf 74' lang='lat' dir='ltr'><strong>hoc</strong></span> <span class='ocrx_word' id='word_1_779' title='bbox 3093 3185 3283 3252; x_wconf 85' lang='lat' dir='ltr'><strong>Verbi,</strong></span> <span class='ocrx_word' id='word_1_780' title='bbox 3314 3186 3359 3240; x_wconf 90' lang='lat' dir='ltr'><strong>si</strong></span> <span class='ocrx_word' id='word_1_781' title='bbox 3389 3186 3492 3240; x_wconf 92' lang='lat' dir='ltr'><strong>dici</strong></span> <span class='ocrx_word' id='word_1_782' title='bbox 3534 3185 3712 3254; x_wconf 88' lang='lat' dir='ltr'><strong>aliquo</strong></span> 
     </span>
    </p>
   </div>
   <div class='ocr_carea' id='block_1_98' title="bbox 2119 3274 3710 3348">
    <p class='ocr_par' dir='ltr' id='par_1_98' title="bbox 2119 3274 3710 3348">
     <span class='ocr_line' id='line_1_99' title="bbox 2119 3274 3710 3348; baseline 0.001 -20"><span class='ocrx_word' id='word_1_783' title='bbox 2119 3274 2279 3329; x_wconf 90' lang='lat' dir='ltr'><strong>modo</strong></span> <span class='ocrx_word' id='word_1_784' title='bbox 2310 3284 2501 3344; x_wconf 87' lang='lat' dir='ltr'><strong>potest,</strong></span> <span class='ocrx_word' id='word_1_785' title='bbox 2532 3276 2747 3346; x_wconf 87' lang='lat' dir='ltr'><strong>quando</strong></span> <span class='ocrx_word' id='word_1_786' title='bbox 2773 3293 2872 3338; x_wconf 87' lang='lat' dir='ltr'><strong>nec</strong></span> <span class='ocrx_word' id='word_1_787' title='bbox 2896 3293 2954 3333; x_wconf 82' lang='lat' dir='ltr'><strong>se</strong></span> <span class='ocrx_word' id='word_1_788' title='bbox 2981 3277 3154 3347; x_wconf 89' lang='lat' dir='ltr'><strong>perdit</strong></span> <span class='ocrx_word' id='word_1_789' title='bbox 3183 3279 3275 3348; x_wconf 93' lang='lat' dir='ltr'><strong>qui</strong></span> <span class='ocrx_word' id='word_1_790' title='bbox 3307 3277 3415 3342; x_wconf 86' lang='lat' dir='ltr'><strong>dat,</strong></span> <span class='ocrx_word' id='word_1_791' title='bbox 3443 3287 3498 3333; x_wconf 91' lang='lat' dir='ltr'><strong>et</strong></span> <span class='ocrx_word' id='word_1_792' title='bbox 3525 3276 3710 3346; x_wconf 81' lang='lat' dir='ltr'><strong>acqui-</strong></span> 
     </span>
    </p>
   </div>
   <div class='ocr_carea' id='block_1_99' title="bbox 2120 3365 3712 3438">
    <p class='ocr_par' dir='ltr' id='par_1_99' title="bbox 2120 3365 3712 3438">
     <span class='ocr_line' id='line_1_100' title="bbox 2120 3365 3712 3438; baseline 0.001 -18"><span class='ocrx_word' id='word_1_793' title='bbox 2120 3365 2188 3420; x_wconf 91' lang='lat' dir='ltr'><strong>rit</strong></span> <span class='ocrx_word' id='word_1_794' title='bbox 2215 3365 2447 3421; x_wconf 87' lang='lat' dir='ltr'><strong>Verbum</strong></span> <span class='ocrx_word' id='word_1_795' title='bbox 2475 3383 2572 3437; x_wconf 90' lang='lat' dir='ltr'><strong>pro</strong></span> <span class='ocrx_word' id='word_1_796' title='bbox 2606 3382 2712 3438; x_wconf 93' lang='lat' dir='ltr'><strong>quo</strong></span> <span class='ocrx_word' id='word_1_797' title='bbox 2735 3383 2796 3423; x_wconf 86' lang='lat' dir='ltr'><strong>se</strong></span> <span class='ocrx_word' id='word_1_798' title='bbox 2829 3368 2938 3432; x_wconf 78' lang='lat' dir='ltr'><strong>dat,</strong></span> <span class='ocrx_word' id='word_1_799' title='bbox 2963 3379 3018 3424; x_wconf 88' lang='lat' dir='ltr'><strong>et</strong></span> <span class='ocrx_word' id='word_1_800' title='bbox 3046 3383 3104 3424; x_wconf 89' lang='lat' dir='ltr'><strong>se</strong></span> <span class='ocrx_word' id='word_1_801' title='bbox 3129 3369 3301 3438; x_wconf 86' lang='lat' dir='ltr'><strong>ipsum</strong></span> <span class='ocrx_word' id='word_1_802' title='bbox 3338 3369 3389 3422; x_wconf 89' lang='lat' dir='ltr'><strong>in</strong></span> <span class='ocrx_word' id='word_1_803' title='bbox 3419 3368 3595 3422; x_wconf 84' lang='lat' dir='ltr'><strong>Verbo</strong></span> <span class='ocrx_word' id='word_1_804' title='bbox 3617 3381 3712 3422; x_wconf 83' lang='lat' dir='ltr'><strong>ac-</strong></span> 
     </span>
    </p>
   </div>
   <div class='ocr_carea' id='block_1_100' title="bbox 2119 3459 3714 3532">
    <p class='ocr_par' dir='ltr' id='par_1_100' title="bbox 2119 3459 3714 3532">
     <span class='ocr_line' id='line_1_101' title="bbox 2119 3459 3714 3532; baseline 0.001 -17"><span class='ocrx_word' id='word_1_805' title='bbox 2119 3459 2282 3530; x_wconf 80' lang='lat' dir='ltr'><strong>quirit</strong></span> <span class='ocrx_word' id='word_1_806' title='bbox 2314 3460 2396 3514; x_wconf 90' lang='lat' dir='ltr'><strong>cui</strong></span> <span class='ocrx_word' id='word_1_807' title='bbox 2424 3475 2483 3514; x_wconf 86' lang='lat' dir='ltr'><strong>se</strong></span> <span class='ocrx_word' id='word_1_808' title='bbox 2507 3459 2617 3515; x_wconf 88' lang='lat' dir='ltr'><strong>dat.</strong></span> <span class='ocrx_word' id='word_1_809' title='bbox 2646 3461 2716 3516; x_wconf 77' lang='lat' dir='ltr'><strong>Et</strong></span> <span class='ocrx_word' id='word_1_810' title='bbox 2743 3461 2868 3532; x_wconf 90' lang='lat' dir='ltr'><strong>quid</strong></span> <span class='ocrx_word' id='word_1_811' title='bbox 2901 3461 2991 3517; x_wconf 86' lang='lat' dir='ltr'><strong>dat</strong></span> <span class='ocrx_word' id='word_1_812' title='bbox 3023 3461 3238 3517; x_wconf 76' lang='lat' dir='ltr'><strong>Verbo?</strong></span> <span class='ocrx_word' id='word_1_813' title='bbox 3273 3461 3389 3515; x_wconf 82' lang='lat' dir='ltr'><strong>Non</strong></span> <span class='ocrx_word' id='word_1_814' title='bbox 3424 3459 3621 3530; x_wconf 89' lang='lat' dir='ltr'><strong>aliquid</strong></span> <span class='ocrx_word' id='word_1_815' title='bbox 3647 3461 3714 3516; x_wconf 89' lang='lat' dir='ltr'><strong>ab</strong></span> 
     </span>
    </p>
   </div>
   <div class='ocr_carea' id='block_1_101' title="bbox 2122 3551 3713 3623">
    <p class='ocr_par' dir='ltr' id='par_1_101' title="bbox 2122 3551 3713 3623">
     <span class='ocr_line' id='line_1_102' title="bbox 2122 3551 3713 3623; baseline 0.001 -19"><span class='ocrx_word' id='word_1_816' title='bbox 2122 3551 2239 3618; x_wconf 92' lang='lat' dir='ltr'><strong>ipso</strong></span> <span class='ocrx_word' id='word_1_817' title='bbox 2282 3551 2548 3618; x_wconf 88' lang='lat' dir='ltr'><strong>alienum,</strong></span> <span class='ocrx_word' id='word_1_818' title='bbox 2594 3567 2693 3621; x_wconf 88' lang='lat' dir='ltr'><strong>pro</strong></span> <span class='ocrx_word' id='word_1_819' title='bbox 2732 3568 2838 3622; x_wconf 90' lang='lat' dir='ltr'><strong>quo</strong></span> <span class='ocrx_word' id='word_1_820' title='bbox 2863 3568 2923 3607; x_wconf 90' lang='lat' dir='ltr'><strong>se</strong></span> <span class='ocrx_word' id='word_1_821' title='bbox 2959 3553 3084 3619; x_wconf 89' lang='lat' dir='ltr'><strong>dat;</strong></span> <span class='ocrx_word' id='word_1_822' title='bbox 3116 3553 3210 3608; x_wconf 90' lang='lat' dir='ltr'><strong>sed</strong></span> <span class='ocrx_word' id='word_1_823' title='bbox 3245 3553 3386 3623; x_wconf 79' lang='lat' dir='ltr'><strong>quod</strong></span> <span class='ocrx_word' id='word_1_824' title='bbox 3416 3567 3510 3622; x_wconf 85' lang='lat' dir='ltr'><strong>per</strong></span> <span class='ocrx_word' id='word_1_825' title='bbox 3538 3553 3713 3622; x_wconf 89' lang='lat' dir='ltr'><strong>ipsum</strong></span> 
     </span>
    </p>
   </div>
   <div class='ocr_carea' id='block_1_102' title="bbox 2121 3641 3711 3707">
    <p class='ocr_par' dir='ltr' id='par_1_102' title="bbox 2121 3641 3711 3707">
     <span class='ocr_line' id='line_1_103' title="bbox 2121 3641 3711 3707; baseline 0.001 -11"><span class='ocrx_word' id='word_1_826' title='bbox 2121 3641 2356 3696; x_wconf 84' lang='lat' dir='ltr'><strong>Verbum</strong></span> <span class='ocrx_word' id='word_1_827' title='bbox 2404 3643 2606 3696; x_wconf 77' lang='lat' dir='ltr'><strong>factum</strong></span> <span class='ocrx_word' id='word_1_828' title='bbox 2655 3651 2757 3707; x_wconf 83' lang='lat' dir='ltr'><strong>est,</strong></span> <span class='ocrx_word' id='word_1_829' title='bbox 2809 3643 2912 3698; x_wconf 84' lang='lat' dir='ltr'><strong>hoc</strong></span> <span class='ocrx_word' id='word_1_830' title='bbox 2951 3645 3000 3698; x_wconf 89' lang='lat' dir='ltr'><strong>ei</strong></span> <span class='ocrx_word' id='word_1_831' title='bbox 3033 3644 3279 3699; x_wconf 79' lang='lat' dir='ltr'><strong>redditur</strong></span> <span class='ocrx_word' id='word_1_832' title='bbox 3325 3651 3380 3698; x_wconf 89' lang='lat' dir='ltr'><strong>ut</strong></span> <span class='ocrx_word' id='word_1_833' title='bbox 3424 3643 3711 3699; x_wconf 72' lang='lat' dir='ltr'><strong>reficietur.</strong></span> 
     </span>
    </p>
   </div>
   <div class='ocr_carea' id='block_1_103' title="bbox 2125 3731 3712 3805">
    <p class='ocr_par' dir='ltr' id='par_1_103' title="bbox 2125 3731 3712 3805">
     <span class='ocr_line' id='line_1_104' title="bbox 2125 3731 3712 3805; baseline 0.001 -19"><span class='ocrx_word' id='word_1_834' title='bbox 2125 3731 2311 3786; x_wconf 80' lang='lat' dir='ltr'><strong>Omnia</strong></span> <span class='ocrx_word' id='word_1_835' title='bbox 2336 3749 2425 3803; x_wconf 76' lang='lat' dir='ltr'><strong>per</strong></span> <span class='ocrx_word' id='word_1_836' title='bbox 2447 3735 2614 3804; x_wconf 72' lang='lat' dir='ltr'><strong>ipsum</strong></span> <span class='ocrx_word' id='word_1_837' title='bbox 2633 3737 2768 3804; x_wconf 76' lang='lat' dir='ltr'><strong>facta</strong></span> <span class='ocrx_word' id='word_1_838' title='bbox 2789 3743 2924 3789; x_wconf 80' lang='lat' dir='ltr'><strong>sunt.</strong></span> <span class='ocrx_word' id='word_1_839' title='bbox 2949 3734 3005 3788; x_wconf 82' lang='lat' dir='ltr'><strong>Si</strong></span> <span class='ocrx_word' id='word_1_840' title='bbox 3033 3734 3232 3802; x_wconf 75' lang='lat' dir='ltr'><strong>omnia,</strong></span> <span class='ocrx_word' id='word_1_841' title='bbox 3251 3735 3433 3805; x_wconf 87' lang='lat' dir='ltr'><strong>utique</strong></span> <span class='ocrx_word' id='word_1_842' title='bbox 3453 3744 3506 3788; x_wconf 92' lang='lat' dir='ltr'><strong>et</strong></span> <span class='ocrx_word' id='word_1_843' title='bbox 3525 3733 3712 3788; x_wconf 81' lang='lat' dir='ltr'><strong>homo.</strong></span> 
     </span>
    </p>
   </div>
   <div class='ocr_carea' id='block_1_104' title="bbox 2119 3823 3760 3894">
    <p class='ocr_par' dir='ltr' id='par_1_104' title="bbox 2119 3823 3760 3894">
     <span class='ocr_line' id='line_1_105' title="bbox 2119 3823 3760 3894; baseline -0.001 -15"><span class='ocrx_word' id='word_1_844' title='bbox 2119 3823 2178 3879; x_wconf 79' lang='lat' dir='ltr'><strong>Si</strong></span> <span class='ocrx_word' id='word_1_845' title='bbox 2203 3825 2398 3878; x_wconf 77' lang='lat' dir='ltr'><strong>emittm</strong></span> <span class='ocrx_word' id='word_1_846' title='bbox 2419 3865 2436 3889; x_wconf 89' lang='lat'><strong>,</strong></span> <span class='ocrx_word' id='word_1_847' title='bbox 2469 3825 2512 3878; x_wconf 85' lang='lat' dir='ltr'><strong>si</strong></span> <span class='ocrx_word' id='word_1_848' title='bbox 2541 3832 2680 3878; x_wconf 83' lang='lat' dir='ltr'><strong>terra</strong></span> <span class='ocrx_word' id='word_1_849' title='bbox 2701 3865 2716 3890; x_wconf 92' lang='lat'><strong>,</strong></span> <span class='ocrx_word' id='word_1_850' title='bbox 2749 3825 2793 3877; x_wconf 90' lang='lat' dir='ltr'><strong>si</strong></span> <span class='ocrx_word' id='word_1_851' title='bbox 2832 3839 2978 3878; x_wconf 86' lang='lat' dir='ltr'><strong>mare</strong></span> <span class='ocrx_word' id='word_1_852' title='bbox 2997 3865 3012 3891; x_wconf 88' lang='lat'><strong>,</strong></span> <span class='ocrx_word' id='word_1_853' title='bbox 3040 3825 3085 3879; x_wconf 79' lang='lat' dir='ltr'><strong>si</strong></span> <span class='ocrx_word' id='word_1_854' title='bbox 3114 3826 3291 3879; x_wconf 75' lang='lat' dir='ltr'><strong>oni-uia</strong></span> <span class='ocrx_word' id='word_1_855' title='bbox 3334 3837 3452 3894; x_wconf 69' lang='lat' dir='ltr'><strong>quae</strong></span> <span class='ocrx_word' id='word_1_856' title='bbox 3491 3823 3544 3878; x_wconf 88' lang='lat' dir='ltr'><strong>in</strong></span> <span class='ocrx_word' id='word_1_857' title='bbox 3586 3823 3714 3892; x_wconf 84' lang='lat' dir='ltr'><strong>ipsis</strong></span> <span class='ocrx_word' id='word_1_858' title='bbox 3743 3832 3760 3838; x_wconf 81' lang='lat'>‘</span> 
     </span>
    </p>
   </div>
   <div class='ocr_carea' id='block_1_105' title="bbox 2113 3914 3710 3987">
    <p class='ocr_par' dir='ltr' id='par_1_105' title="bbox 2113 3914 3710 3987">
     <span class='ocr_line' id='line_1_106' title="bbox 2113 3914 3710 3987; baseline -0.001 -16"><span class='ocrx_word' id='word_1_859' title='bbox 2113 3923 2282 3983; x_wconf 81' lang='lat' dir='ltr'><strong>sunt,</strong></span> <span class='ocrx_word' id='word_1_860' title='bbox 2323 3916 2369 3970; x_wconf 88' lang='lat' dir='ltr'><strong>si</strong></span> <span class='ocrx_word' id='word_1_861' title='bbox 2397 3917 2643 3971; x_wconf 79' lang='lat' dir='ltr'><strong>universa</strong></span> <span class='ocrx_word' id='word_1_862' title='bbox 2673 3926 2951 3982; x_wconf 73' lang='lat' dir='ltr'><strong>creatum;</strong></span> <span class='ocrx_word' id='word_1_863' title='bbox 2987 3917 3166 3987; x_wconf 86' lang='lat' dir='ltr'><strong>utique</strong></span> <span class='ocrx_word' id='word_1_864' title='bbox 3212 3917 3302 3973; x_wconf 89' lang='lat' dir='ltr'><strong>ille</strong></span> <span class='ocrx_word' id='word_1_865' title='bbox 3347 3914 3710 3980; x_wconf 84' lang='lat' dir='ltr'><strong>manifestius,</strong></span> 
     </span>
    </p>
   </div>
   <div class='ocr_carea' id='block_1_106' title="bbox 2123 4006 3710 4079">
    <p class='ocr_par' dir='ltr' id='par_1_106' title="bbox 2123 4006 3710 4079">
     <span class='ocr_line' id='line_1_107' title="bbox 2123 4006 3710 4079; baseline -0.001 -16"><span class='ocrx_word' id='word_1_866' title='bbox 2123 4009 2214 4078; x_wconf 84' lang='lat' dir='ltr'><strong>qui</strong></span> <span class='ocrx_word' id='word_1_867' title='bbox 2229 4008 2295 4063; x_wconf 88' lang='lat' dir='ltr'><strong>ad</strong></span> <span class='ocrx_word' id='word_1_868' title='bbox 2313 4009 2594 4079; x_wconf 68' lang='lat' dir='ltr'><strong>imaginem</strong></span> <span class='ocrx_word' id='word_1_869' title='bbox 2609 4009 2702 4063; x_wconf 70' lang='lat' dir='ltr'><strong>ilei</strong></span> <span class='ocrx_word' id='word_1_870' title='bbox 2717 4008 2887 4064; x_wconf 84' lang='lat' dir='ltr'><strong>factus</strong></span> <span class='ocrx_word' id='word_1_871' title='bbox 2901 4024 2996 4079; x_wconf 86' lang='lat' dir='ltr'><strong>per</strong></span> <span class='ocrx_word' id='word_1_872' title='bbox 3010 4008 3240 4064; x_wconf 87' lang='lat' dir='ltr'><strong>Verbum</strong></span> <span class='ocrx_word' id='word_1_873' title='bbox 3254 4006 3427 4062; x_wconf 84' lang='lat' dir='ltr'><strong>factus</strong></span> <span class='ocrx_word' id='word_1_874' title='bbox 3437 4015 3520 4062; x_wconf 90' lang='lat' dir='ltr'><strong>est</strong></span> <span class='ocrx_word' id='word_1_875' title='bbox 3529 4006 3710 4062; x_wconf 85' lang='lat' dir='ltr'><strong>homo.</strong></span> 
     </span>
    </p>
   </div>
   <div class='ocr_carea' id='block_1_107' title="bbox 2195 4099 3714 4174">
    <p class='ocr_par' dir='ltr' id='par_1_107' title="bbox 2195 4099 3714 4174">
     <span class='ocr_line' id='line_1_108' title="bbox 2195 4099 3714 4174; baseline -0.002 -16"><span class='ocrx_word' id='word_1_876' title='bbox 2195 4104 2248 4159; x_wconf 74' lang='lat'><strong>5.</strong></span> <span class='ocrx_word' id='word_1_877' title='bbox 2300 4101 2515 4156; x_wconf 80' lang='lat' dir='ltr'><strong>Verbum</strong></span> <span class='ocrx_word' id='word_1_878' title='bbox 2542 4101 2639 4156; x_wconf 82' lang='lat' dir='ltr'><strong>Dei</strong></span> <span class='ocrx_word' id='word_1_879' title='bbox 2675 4107 2840 4174; x_wconf 77' lang='lat' dir='ltr'><strong>[arma</strong></span> <span class='ocrx_word' id='word_1_880' title='bbox 2866 4102 3098 4173; x_wconf 62' lang='lat' dir='ltr'><strong>quaedam</strong></span> <span class='ocrx_word' id='word_1_881' title='bbox 3122 4118 3223 4156; x_wconf 81' lang='lat' dir='ltr'><strong>non</strong></span> <span class='ocrx_word' id='word_1_882' title='bbox 3254 4105 3488 4173; x_wconf 75' lang='lat' dir='ltr'><strong>formata.</strong></span> <span class='ocrx_word' id='word_1_883' title='bbox 3519 4099 3714 4155; x_wconf 69' lang='lat' dir='ltr'><strong>Forma</strong></span> 
     </span>
    </p>
   </div>
   <div class='ocr_carea' id='block_1_108' title="bbox 2119 4193 3711 4265">
    <p class='ocr_par' dir='ltr' id='par_1_108' title="bbox 2119 4193 3711 4265">
     <span class='ocr_line' id='line_1_109' title="bbox 2119 4193 3711 4265; baseline -0.001 -15"><span class='ocrx_word' id='word_1_884' title='bbox 2119 4195 2231 4251; x_wconf 70' lang='lat' dir='ltr'><strong>sine</strong></span> <span class='ocrx_word' id='word_1_885' title='bbox 2259 4205 2481 4265; x_wconf 86' lang='lat' dir='ltr'><strong>tempore</strong></span> <span class='ocrx_word' id='word_1_886' title='bbox 2503 4204 2553 4249; x_wconf 73' lang='lat' dir='ltr'><strong>et</strong></span> <span class='ocrx_word' id='word_1_887' title='bbox 2586 4195 2715 4249; x_wconf 74' lang='lat' dir='ltr'><strong>loco.</strong></span> <span class='ocrx_word' id='word_1_888' title='bbox 2752 4193 2875 4250; x_wconf 77' lang='lat' dir='ltr'><strong>Non</strong></span> <span class='ocrx_word' id='word_1_889' title='bbox 2905 4195 3062 4250; x_wconf 81' lang='lat' dir='ltr'><strong>modo</strong></span> <span class='ocrx_word' id='word_1_890' title='bbox 3081 4196 3096 4227; x_wconf 71' lang='grc' dir='ltr'>ι</span> <span class='ocrx_word' id='word_1_891' title='bbox 3118 4237 3133 4263; x_wconf 89' lang='grc'>,</span> <span class='ocrx_word' id='word_1_892' title='bbox 3157 4195 3370 4259; x_wconf 78' lang='lat' dir='ltr'><strong>fratres,</strong></span> <span class='ocrx_word' id='word_1_893' title='bbox 3401 4200 3711 4262; x_wconf 83' lang='lat' dir='ltr'><strong>tractamus,</strong></span> 
     </span>
    </p>
   </div>
   <div class='ocr_carea' id='block_1_109' title="bbox 2115 4287 3713 4366">
    <p class='ocr_par' dir='ltr' id='par_1_109' title="bbox 2115 4287 3713 4366">
     <span class='ocr_line' id='line_1_110' title="bbox 2115 4287 3713 4366; baseline -0.004 -20"><span class='ocrx_word' id='word_1_894' title='bbox 2115 4289 2394 4361; x_wconf 81' lang='lat' dir='ltr'><strong>quomodo</strong></span> <span class='ocrx_word' id='word_1_895' title='bbox 2419 4291 2587 4360; x_wconf 83' lang='lat' dir='ltr'><strong>possit</strong></span> <span class='ocrx_word' id='word_1_896' title='bbox 2612 4291 2843 4366; x_wconf 41' lang='lat' dir='ltr'><strong>inteiiigi‘</strong></span> <span class='ocrx_word' id='word_1_897' title='bbox 2859 4290 3001 4361; x_wconf 65' lang='lat' dir='ltr'><strong>qum!</strong></span> <span class='ocrx_word' id='word_1_898' title='bbox 3025 4289 3226 4344; x_wconf 80' lang='lat' dir='ltr'><strong>dictum</strong></span> <span class='ocrx_word' id='word_1_899' title='bbox 3255 4297 3353 4343; x_wconf 85' lang='lat' dir='ltr'><strong>est.</strong></span> <span class='ocrx_word' id='word_1_900' title='bbox 3379 4287 3439 4340; x_wconf 82' lang='lat' dir='ltr'><strong>In</strong></span> <span class='ocrx_word' id='word_1_901' title='bbox 3463 4287 3713 4358; x_wconf 79' lang='lat' dir='ltr'><strong>principio</strong></span> 
     </span>
    </p>
   </div>
   <div class='ocr_carea' id='block_1_110' title="bbox 2115 4375 3716 4451">
    <p class='ocr_par' dir='ltr' id='par_1_110' title="bbox 2115 4375 3716 4451">
     <span class='ocr_line' id='line_1_111' title="bbox 2115 4375 3716 4451; baseline -0.004 -14"><span class='ocrx_word' id='word_1_902' title='bbox 2115 4392 2232 4437; x_wconf 72' lang='lat' dir='ltr'><strong>erat</strong></span> <span class='ocrx_word' id='word_1_903' title='bbox 2266 4380 2502 4450; x_wconf 76' lang='lat' dir='ltr'><strong>Verbum,</strong></span> <span class='ocrx_word' id='word_1_904' title='bbox 2533 4391 2580 4436; x_wconf 82' lang='lat' dir='ltr'><strong>et</strong></span> <span class='ocrx_word' id='word_1_905' title='bbox 2608 4381 2823 4436; x_wconf 83' lang='lat' dir='ltr'><strong>Verbum</strong></span> <span class='ocrx_word' id='word_1_906' title='bbox 2855 4391 2961 4435; x_wconf 82' lang='lat' dir='ltr'><strong>erat</strong></span> <span class='ocrx_word' id='word_1_907' title='bbox 2987 4380 3126 4451; x_wconf 82' lang='lat' dir='ltr'><strong>apud</strong></span> <span class='ocrx_word' id='word_1_908' title='bbox 3152 4379 3340 4444; x_wconf 82' lang='lat' dir='ltr'><strong>Deum,</strong></span> <span class='ocrx_word' id='word_1_909' title='bbox 3369 4388 3416 4433; x_wconf 80' lang='lat' dir='ltr'><strong>et</strong></span> <span class='ocrx_word' id='word_1_910' title='bbox 3442 4375 3581 4432; x_wconf 77' lang='lat' dir='ltr'><strong>Deus</strong></span> <span class='ocrx_word' id='word_1_911' title='bbox 3605 4385 3716 4432; x_wconf 72' lang='lat' dir='ltr'><strong>erat</strong></span> 
     </span>
    </p>
   </div>
   <div class='ocr_carea' id='block_1_111' title="bbox 2133 4469 3718 4546">
    <p class='ocr_par' dir='ltr' id='par_1_111' title="bbox 2133 4469 3718 4546">
     <span class='ocr_line' id='line_1_112' title="bbox 2133 4469 3718 4546; baseline -0.004 -17"><span class='ocrx_word' id='word_1_912' title='bbox 2133 4474 2371 4530; x_wconf 78' lang='lat' dir='ltr'><strong>Verbum.</strong></span> <span class='ocrx_word' id='word_1_913' title='bbox 2394 4475 2737 4531; x_wconf 81' lang='lat' dir='ltr'><strong>l-neffabiiiter</strong></span> <span class='ocrx_word' id='word_1_914' title='bbox 2763 4482 2940 4546; x_wconf 79' lang='lat' dir='ltr'><strong>potest</strong></span> <span class='ocrx_word' id='word_1_915' title='bbox 2967 4473 3187 4544; x_wconf 80' lang='lat' dir='ltr'><strong>intelligi</strong></span> <span class='ocrx_word' id='word_1_916' title='bbox 3221 4491 3232 4527; x_wconf 94' lang='lat'>:</span> <span class='ocrx_word' id='word_1_917' title='bbox 3267 4487 3373 4528; x_wconf 88' lang='lat' dir='ltr'><strong>non</strong></span> <span class='ocrx_word' id='word_1_918' title='bbox 3408 4471 3588 4527; x_wconf 84' lang='lat' dir='ltr'><strong>verbis</strong></span> <span class='ocrx_word' id='word_1_919' title='bbox 3613 4469 3718 4524; x_wconf 66' lang='lat' dir='ltr'><strong>ho-</strong></span> 
     </span>
    </p>
   </div>
   <div class='ocr_carea' id='block_1_112' title="bbox 2123 4563 3716 4641">
    <p class='ocr_par' dir='ltr' id='par_1_112' title="bbox 2123 4563 3716 4641">
     <span class='ocr_line' id='line_1_113' title="bbox 2123 4563 3716 4641; baseline -0.004 -16"><span class='ocrx_word' id='word_1_920' title='bbox 2123 4569 2285 4626; x_wconf 87' lang='lat' dir='ltr'><strong>minis</strong></span> <span class='ocrx_word' id='word_1_921' title='bbox 2307 4571 2364 4625; x_wconf 83' lang='lat' dir='ltr'><strong>iit</strong></span> <span class='ocrx_word' id='word_1_922' title='bbox 2383 4579 2442 4625; x_wconf 86' lang='lat' dir='ltr'><strong>ut</strong></span> <span class='ocrx_word' id='word_1_923' title='bbox 2457 4571 2795 4641; x_wconf 76' lang='lat' dir='ltr'><strong>intelligatur.</strong></span> <span class='ocrx_word' id='word_1_924' title='bbox 2826 4569 3064 4626; x_wconf 78' lang='lat' dir='ltr'><strong>Verbum</strong></span> <span class='ocrx_word' id='word_1_925' title='bbox 3096 4567 3188 4623; x_wconf 86' lang='lat' dir='ltr'><strong>Dei</strong></span> <span class='ocrx_word' id='word_1_926' title='bbox 3217 4576 3521 4633; x_wconf 83' lang='lat' dir='ltr'><strong>tractamus,</strong></span> <span class='ocrx_word' id='word_1_927' title='bbox 3550 4571 3608 4620; x_wconf 83' lang='lat' dir='ltr'><strong>et</strong></span> <span class='ocrx_word' id='word_1_928' title='bbox 3633 4563 3716 4620; x_wconf 86' lang='lat' dir='ltr'><strong>di-</strong></span> 
     </span>
    </p>
   </div>
   <div class='ocr_carea' id='block_1_113' title="bbox 2123 4648 3718 4736">
    <p class='ocr_par' dir='ltr' id='par_1_113' title="bbox 2123 4648 3718 4736">
     <span class='ocr_line' id='line_1_114' title="bbox 2123 4648 3718 4736; baseline -0.004 -15"><span class='ocrx_word' id='word_1_929' title='bbox 2123 4665 2296 4722; x_wconf 74' lang='lat' dir='ltr'><strong>cimus</strong></span> <span class='ocrx_word' id='word_1_930' title='bbox 2334 4679 2499 4736; x_wconf 86' lang='lat' dir='ltr'><strong>quare</strong></span> <span class='ocrx_word' id='word_1_931' title='bbox 2532 4679 2639 4719; x_wconf 88' lang='lat' dir='ltr'><strong>non</strong></span> <span class='ocrx_word' id='word_1_932' title='bbox 2669 4663 3014 4735; x_wconf 78' lang='lat' dir='ltr'><strong>intelligatur.</strong></span> <span class='ocrx_word' id='word_1_933' title='bbox 3053 4648 3169 4717; x_wconf 78' lang='lat' dir='ltr'><strong>Non</strong></span> <span class='ocrx_word' id='word_1_934' title='bbox 3208 4674 3346 4715; x_wconf 86' lang='lat' dir='ltr'><strong>nunc</strong></span> <span class='ocrx_word' id='word_1_935' title='bbox 3381 4658 3609 4715; x_wconf 81' lang='lat' dir='ltr'><strong>dicimus</strong></span> <span class='ocrx_word' id='word_1_936' title='bbox 3655 4665 3718 4714; x_wconf 86' lang='lat' dir='ltr'><strong>ut</strong></span> 
     </span>
    </p>
   </div>
   <div class='ocr_carea' id='block_1_114' title="bbox 2113 4751 3710 4831">
    <p class='ocr_par' dir='ltr' id='par_1_114' title="bbox 2113 4751 3710 4831">
     <span class='ocr_line' id='line_1_115' title="bbox 2113 4751 3710 4831; baseline -0.008 -15"><span class='ocrx_word' id='word_1_937' title='bbox 2113 4760 2472 4831; x_wconf 73' lang='lat' dir='ltr'><strong>intelligatur,</strong></span> <span class='ocrx_word' id='word_1_938' title='bbox 2495 4759 2589 4815; x_wconf 89' lang='lat' dir='ltr'><strong>sed</strong></span> <span class='ocrx_word' id='word_1_939' title='bbox 2610 4759 2836 4814; x_wconf 89' lang='lat' dir='ltr'><strong>dicimus</strong></span> <span class='ocrx_word' id='word_1_940' title='bbox 2851 4757 2976 4829; x_wconf 88' lang='lat' dir='ltr'><strong>quid</strong></span> <span class='ocrx_word' id='word_1_941' title='bbox 3003 4755 3258 4826; x_wconf 88' lang='lat' dir='ltr'><strong>impediat</strong></span> <span class='ocrx_word' id='word_1_942' title='bbox 3278 4769 3346 4809; x_wconf 91' lang='lat' dir='ltr'><strong>ne</strong></span> <span class='ocrx_word' id='word_1_943' title='bbox 3367 4751 3710 4823; x_wconf 75' lang='lat' dir='ltr'><strong>inteliigatur.</strong></span> 
     </span>
    </p>
   </div>
   <div class='ocr_carea' id='block_1_115' title="bbox 2119 4840 3715 4921">
    <p class='ocr_par' dir='ltr' id='par_1_115' title="bbox 2119 4840 3715 4921">
     <span class='ocr_line' id='line_1_116' title="bbox 2119 4840 3715 4921; baseline -0.008 -12"><span class='ocrx_word' id='word_1_944' title='bbox 2119 4852 2223 4908; x_wconf 77' lang='lat' dir='ltr'><strong>Est</strong></span> <span class='ocrx_word' id='word_1_945' title='bbox 2263 4852 2410 4908; x_wconf 76' lang='lat' dir='ltr'><strong>enim</strong></span> <span class='ocrx_word' id='word_1_946' title='bbox 2442 4850 2610 4906; x_wconf 84' lang='lat' dir='ltr'><strong>forma</strong></span> <span class='ocrx_word' id='word_1_947' title='bbox 2655 4848 2899 4921; x_wconf 59' lang='lat' dir='ltr'><strong>quadam</strong></span> <span class='ocrx_word' id='word_1_948' title='bbox 2921 4891 2937 4918; x_wconf 95' lang='lat'><strong>,</strong></span> <span class='ocrx_word' id='word_1_949' title='bbox 2981 4845 3150 4903; x_wconf 87' lang='lat' dir='ltr'><strong>forma</strong></span> <span class='ocrx_word' id='word_1_950' title='bbox 3179 4853 3287 4901; x_wconf 79' lang='lat' dir='ltr'><strong>non</strong></span> <span class='ocrx_word' id='word_1_951' title='bbox 3327 4842 3585 4910; x_wconf 77' lang='lat' dir='ltr'><strong>formata,</strong></span> <span class='ocrx_word' id='word_1_952' title='bbox 3618 4840 3715 4898; x_wconf 86' lang='lat' dir='ltr'><strong>sed</strong></span> 
     </span>
    </p>
   </div>
   <div class='ocr_carea' id='block_1_116' title="bbox 2123 4931 3710 5002">
    <p class='ocr_par' dir='ltr' id='par_1_116' title="bbox 2123 4931 3710 5002">
     <span class='ocr_line' id='line_1_117' title="bbox 2123 4931 3710 5002; baseline -0.007 -2"><span class='ocrx_word' id='word_1_953' title='bbox 2123 4945 2294 5000; x_wconf 83' lang='lat' dir='ltr'><strong>forma</strong></span> <span class='ocrx_word' id='word_1_954' title='bbox 2335 4944 2575 5000; x_wconf 83' lang='lat' dir='ltr'><strong>omnium</strong></span> <span class='ocrx_word' id='word_1_955' title='bbox 2601 4941 2949 4998; x_wconf 75' lang='lat' dir='ltr'><strong>formatorem</strong></span> <span class='ocrx_word' id='word_1_956' title='bbox 2981 4957 2994 4993; x_wconf 88' lang='lat'><strong>:</strong></span> <span class='ocrx_word' id='word_1_957' title='bbox 3026 4938 3198 4995; x_wconf 86' lang='lat' dir='ltr'><strong>forma</strong></span> <span class='ocrx_word' id='word_1_958' title='bbox 3229 4931 3710 5002; x_wconf 60' lang='lat' dir='ltr'><strong>incommutabiik,</strong></span> 
     </span>
    </p>
   </div>
   <div class='ocr_carea' id='block_1_117' title="bbox 2123 5026 3714 5109">
    <p class='ocr_par' dir='ltr' id='par_1_117' title="bbox 2123 5026 3714 5109">
     <span class='ocr_line' id='line_1_118' title="bbox 2123 5026 3714 5109; baseline -0.01 -14"><span class='ocrx_word' id='word_1_959' title='bbox 2123 5039 2242 5096; x_wconf 84' lang='lat' dir='ltr'><strong>sine</strong></span> <span class='ocrx_word' id='word_1_960' title='bbox 2270 5039 2446 5109; x_wconf 81' lang='lat' dir='ltr'><strong>lapsu,</strong></span> <span class='ocrx_word' id='word_1_961' title='bbox 2471 5037 2587 5093; x_wconf 88' lang='lat' dir='ltr'><strong>sine</strong></span> <span class='ocrx_word' id='word_1_962' title='bbox 2615 5035 2846 5103; x_wconf 85' lang='lat' dir='ltr'><strong>defectu,</strong></span> <span class='ocrx_word' id='word_1_963' title='bbox 2881 5035 2998 5089; x_wconf 89' lang='lat' dir='ltr'><strong>sine</strong></span> <span class='ocrx_word' id='word_1_964' title='bbox 3020 5039 3279 5102; x_wconf 88' lang='lat' dir='ltr'><strong>tempore,</strong></span> <span class='ocrx_word' id='word_1_965' title='bbox 3309 5028 3425 5082; x_wconf 89' lang='lat' dir='ltr'><strong>sine</strong></span> <span class='ocrx_word' id='word_1_966' title='bbox 3451 5026 3592 5092; x_wconf 91' lang='lat' dir='ltr'><strong>loco,</strong></span> <span class='ocrx_word' id='word_1_967' title='bbox 3621 5035 3714 5080; x_wconf 84' lang='lat' dir='ltr'><strong>su-</strong></span> 
     </span>
    </p>
   </div>
   <div class='ocr_carea' id='block_1_118' title="bbox 2121 5118 3715 5202">
    <p class='ocr_par' dir='ltr' id='par_1_118' title="bbox 2121 5118 3715 5202">
     <span class='ocr_line' id='line_1_119' title="bbox 2121 5118 3715 5202; baseline -0.009 -16"><span class='ocrx_word' id='word_1_968' title='bbox 2121 5143 2319 5202; x_wconf 85' lang='lat' dir='ltr'><strong>perans</strong></span> <span class='ocrx_word' id='word_1_969' title='bbox 2363 5129 2570 5195; x_wconf 88' lang='lat' dir='ltr'><strong>omnia,</strong></span> <span class='ocrx_word' id='word_1_970' title='bbox 2623 5127 2891 5184; x_wconf 81' lang='lat' dir='ltr'><strong>existens’</strong></span> <span class='ocrx_word' id='word_1_971' title='bbox 2936 5123 3184 5180; x_wconf 89' lang='lat' dir='ltr'><strong>omnibus</strong></span> <span class='ocrx_word' id='word_1_972' title='bbox 3223 5130 3276 5178; x_wconf 90' lang='lat' dir='ltr'><strong>et</strong></span> <span class='ocrx_word' id='word_1_973' title='bbox 3312 5118 3715 5176; x_wconf 86' lang='lat' dir='ltr'><strong>fundamentum</strong></span> 
     </span>
    </p>
   </div>
   <div class='ocr_carea' id='block_1_119' title="bbox 2124 5207 3716 5293">
    <p class='ocr_par' dir='ltr' id='par_1_119' title="bbox 2124 5207 3716 5293">
     <span class='ocr_line' id='line_1_120' title="bbox 2124 5207 3716 5293; baseline -0.009 -16"><span class='ocrx_word' id='word_1_974' title='bbox 2124 5221 2391 5293; x_wconf 87' lang='lat' dir='ltr'><strong>quoddam</strong></span> <span class='ocrx_word' id='word_1_975' title='bbox 2431 5220 2482 5275; x_wconf 88' lang='lat' dir='ltr'><strong>in</strong></span> <span class='ocrx_word' id='word_1_976' title='bbox 2522 5233 2627 5290; x_wconf 90' lang='lat' dir='ltr'><strong>quo</strong></span> <span class='ocrx_word' id='word_1_977' title='bbox 2664 5219 2804 5284; x_wconf 88' lang='lat' dir='ltr'><strong>sint,</strong></span> <span class='ocrx_word' id='word_1_978' title='bbox 2849 5225 2903 5273; x_wconf 88' lang='lat' dir='ltr'><strong>et</strong></span> <span class='ocrx_word' id='word_1_979' title='bbox 2932 5213 3195 5286; x_wconf 83' lang='lat' dir='ltr'><strong>fastigium</strong></span> <span class='ocrx_word' id='word_1_980' title='bbox 3233 5212 3332 5269; x_wconf 90' lang='lat' dir='ltr'><strong>sub</strong></span> <span class='ocrx_word' id='word_1_981' title='bbox 3371 5225 3476 5283; x_wconf 91' lang='lat' dir='ltr'><strong>quo</strong></span> <span class='ocrx_word' id='word_1_982' title='bbox 3503 5211 3627 5265; x_wconf 75' lang='lat' dir='ltr'><strong>sint.</strong></span> <span class='ocrx_word' id='word_1_983' title='bbox 3654 5207 3716 5266; x_wconf 82' lang='lat' dir='ltr'><strong>Si</strong></span> 
     </span>
    </p>
   </div>
   <div class='ocr_carea' id='block_1_120' title="bbox 2118 5298 3712 5385">
    <p class='ocr_par' dir='ltr' id='par_1_120' title="bbox 2118 5298 3712 5385">
     <span class='ocr_line' id='line_1_121' title="bbox 2118 5298 3712 5385; baseline -0.01 -14"><span class='ocrx_word' id='word_1_984' title='bbox 2118 5313 2260 5371; x_wconf 81' lang='lat' dir='ltr'><strong>dicis</strong></span> <span class='ocrx_word' id='word_1_985' title='bbox 2297 5314 2419 5385; x_wconf 86' lang='lat' dir='ltr'><strong>quia</strong></span> <span class='ocrx_word' id='word_1_986' title='bbox 2455 5312 2633 5368; x_wconf 90' lang='lat' dir='ltr'><strong>omnia</strong></span> <span class='ocrx_word' id='word_1_987' title='bbox 2662 5312 2717 5366; x_wconf 89' lang='lat' dir='ltr'><strong>in</strong></span> <span class='ocrx_word' id='word_1_988' title='bbox 2757 5309 2848 5364; x_wconf 89' lang='lat' dir='ltr'><strong>ilio</strong></span> <span class='ocrx_word' id='word_1_989' title='bbox 2880 5316 3036 5372; x_wconf 88' lang='lat' dir='ltr'><strong>sunt,</strong></span> <span class='ocrx_word' id='word_1_990' title='bbox 3075 5322 3184 5361; x_wconf 89' lang='lat' dir='ltr'><strong>non</strong></span> <span class='ocrx_word' id='word_1_991' title='bbox 3210 5302 3473 5360; x_wconf 72' lang='lat' dir='ltr'><strong>mentiris.</strong></span> <span class='ocrx_word' id='word_1_992' title='bbox 3505 5298 3712 5357; x_wconf 74' lang='lat' dir='ltr'><strong>Dictum</strong></span> 
     </span>
    </p>
   </div>
   <div class='ocr_carea' id='block_1_121' title="bbox 2114 5395 3714 5478">
    <p class='ocr_par' dir='ltr' id='par_1_121' title="bbox 2114 5395 3714 5478">
     <span class='ocr_line' id='line_1_122' title="bbox 2114 5395 3714 5478; baseline -0.012 -11"><span class='ocrx_word' id='word_1_993' title='bbox 2114 5417 2210 5467; x_wconf 66' lang='lat' dir='ltr'><strong>est</strong></span> <span class='ocrx_word' id='word_1_994' title='bbox 2227 5407 2372 5464; x_wconf 86' lang='lat' dir='ltr'><strong>enim</strong></span> <span class='ocrx_word' id='word_1_995' title='bbox 2393 5407 2567 5478; x_wconf 78' lang='lat' dir='ltr'><strong>ipsum</strong></span> <span class='ocrx_word' id='word_1_996' title='bbox 2588 5403 2819 5460; x_wconf 81' lang='lat' dir='ltr'><strong>Verbum</strong></span> <span class='ocrx_word' id='word_1_997' title='bbox 2841 5401 2863 5434; x_wconf 85' lang='grc'><strong><em>³</em></strong></span> <span class='ocrx_word' id='word_1_998' title='bbox 2885 5400 3157 5472; x_wconf 79' lang='lat' dir='ltr'><strong>Sapientia</strong></span> <span class='ocrx_word' id='word_1_999' title='bbox 3178 5398 3274 5455; x_wconf 84' lang='lat' dir='ltr'><strong>Dei</strong></span> <span class='ocrx_word' id='word_1_1000' title='bbox 3298 5415 3311 5452; x_wconf 90' lang='lat'><strong>:</strong></span> <span class='ocrx_word' id='word_1_1001' title='bbox 3334 5395 3594 5454; x_wconf 76' lang='lat' dir='ltr'><strong>habemus</strong></span> <span class='ocrx_word' id='word_1_1002' title='bbox 3614 5407 3714 5449; x_wconf 86' lang='lat' dir='ltr'><strong>au-</strong></span> 
     </span>
    </p>
   </div>
   <div class='ocr_carea' id='block_1_122' title="bbox 2190 5582 3527 5651">
    <p class='ocr_par' dir='ltr' id='par_1_122' title="bbox 2190 5582 3527 5651">
     <span class='ocr_line' id='line_1_123' title="bbox 2190 5582 3527 5651; baseline -0.008 -10"><span class='ocrx_word' id='word_1_1003' title='bbox 2190 5594 2207 5625; x_wconf 78' lang='grc' dir='ltr'>ι</span> <span class='ocrx_word' id='word_1_1004' title='bbox 2239 5599 2348 5642; x_wconf 86' lang='lat' dir='ltr'><strong>Lov.</strong></span> <span class='ocrx_word' id='word_1_1005' title='bbox 2366 5625 2380 5651; x_wconf 93' lang='lat'><strong>,</strong></span> <span class='ocrx_word' id='word_1_1006' title='bbox 2405 5599 2526 5642; x_wconf 84' lang='lat' dir='ltr'><strong>Nam</strong></span> <span class='ocrx_word' id='word_1_1007' title='bbox 2545 5585 2720 5649; x_wconf 87' lang='lat' dir='ltr'><strong>modo;</strong></span> <span class='ocrx_word' id='word_1_1008' title='bbox 2743 5584 3100 5648; x_wconf 78' lang='lat' dir='ltr'><strong>refragantibus</strong></span> <span class='ocrx_word' id='word_1_1009' title='bbox 3374 5582 3527 5651; x_wconf 75' lang='lat' dir='ltr'><strong>libris.</strong></span> 
     </span>
    </p>
   </div>
   <div class='ocr_carea' id='block_1_123' title="bbox 2185 5644 3652 5713">
    <p class='ocr_par' dir='ltr' id='par_1_123' title="bbox 2185 5644 3652 5713">
     <span class='ocr_line' id='line_1_124' title="bbox 2185 5644 3652 5713; baseline -0.007 -9"><span class='ocrx_word' id='word_1_1010' title='bbox 2185 5657 2208 5688; x_wconf 77' lang='grc'><em>³</em></span> <span class='ocrx_word' id='word_1_1011' title='bbox 2238 5644 2436 5704; x_wconf 73' lang='grc' dir='ltr'><strong>ωγ.’θι</strong></span> <span class='ocrx_word' id='word_1_1012' title='bbox 2471 5651 2652 5713; x_wconf 79' lang='lat' dir='ltr'><strong>aliquot</strong></span> <span class='ocrx_word' id='word_1_1013' title='bbox 2693 5644 2831 5713; x_wconf 27' lang='lat' dir='ltr'><strong>itast,</strong></span> <span class='ocrx_word' id='word_1_1014' title='bbox 2862 5644 3090 5700; x_wconf 64' lang='lat' dir='ltr'><strong>emeris.</strong></span> <span class='ocrx_word' id='word_1_1015' title='bbox 3123 5646 3211 5697; x_wconf 68' lang='lat' dir='ltr'><strong>alii</strong></span> <span class='ocrx_word' id='word_1_1016' title='bbox 3248 5646 3386 5706; x_wconf 84' lang='lat' dir='ltr'><strong>libri,</strong></span> <span class='ocrx_word' id='word_1_1017' title='bbox 3426 5644 3652 5713; x_wconf 65' lang='lat' dir='ltr'><strong>existens.</strong></span> 
     </span>
    </p>
   </div>
   <div class='ocr_carea' id='block_1_124' title="bbox 2126 5704 3716 5844">
    <p class='ocr_par' dir='ltr' id='par_1_124' title="bbox 2126 5704 3716 5844">
     <span class='ocr_line' id='line_1_125' title="bbox 2126 5704 3716 5833; baseline -0.004 -66"><span class='ocrx_word' id='word_1_1018' title='bbox 2126 5716 2455 5833; x_wconf 34' lang='lat' dir='ltr'><strong>“ﬁliique</strong></span> <span class='ocrx_word' id='word_1_1019' title='bbox 2497 5704 2636 5778; x_wconf 63' lang='grc' dir='ltr'><strong>Μέθη</strong></span> <span class='ocrx_word' id='word_1_1020' title='bbox 2678 5719 2724 5765; x_wconf 84' lang='lat' dir='ltr'><strong>et</strong></span> <span class='ocrx_word' id='word_1_1021' title='bbox 2769 5704 2951 5764; x_wconf 78' lang='lat' dir='ltr'><strong>dictum</strong></span> <span class='ocrx_word' id='word_1_1022' title='bbox 2993 5718 3081 5766; x_wconf 81' lang='lat' dir='ltr'><strong>est.</strong></span> <span class='ocrx_word' id='word_1_1023' title='bbox 3128 5719 3294 5777; x_wconf 86' lang='lat' dir='ltr'><strong>Ipsum</strong></span> <span class='ocrx_word' id='word_1_1024' title='bbox 3333 5704 3404 5761; x_wconf 69' lang='lat' dir='ltr'><strong>eat</strong></span> <span class='ocrx_word' id='word_1_1025' title='bbox 3440 5704 3569 5760; x_wconf 68' lang='lat' dir='ltr'><strong>enim</strong></span> <span class='ocrx_word' id='word_1_1026' title='bbox 3598 5715 3716 5760; x_wconf 75' lang='lat' dir='ltr'><strong>Ver-</strong></span> 
     </span>
     <span class='ocr_line' id='line_1_126' title="bbox 2249 5812 2386 5844; baseline -0.007 -15"><span class='ocrx_word' id='word_1_1027' title='bbox 2249 5813 2265 5844; x_wconf 89' lang='lat'><strong>,</strong></span> <span class='ocrx_word' id='word_1_1028' title='bbox 2373 5812 2386 5828; x_wconf 94' lang='lat'><strong>.</strong></span> 
     </span>
    </p>
   </div>
  </div>
