4006 6434
459 345 566 404 663

459 471 569 518 tem
608 461 891 532 scriptum,
922 458 1105 516 Omnia
1132 459 1187 514 in
1221 455 1486 522 Sapientia
1517 455 1678 527 fecisti
1702 454 1723 529 (
1741 455 1885 511 Psal.
1913 458 2036 522 ciu,

458 555 528 609 24
546 553 588 625 ).
617 553 760 625 Ergo
784 554 838 608 in
861 552 952 607 illo
975 560 1099 606 sunt
1117 552 1294 607 omnia
1321 567 1335 604 :
1359 559 1413 605 et
1434 558 1610 605 tamen
1633 549 1756 619 quia
1783 550 1918 604 Deus
1936 554 2038 613 est,

460 646 561 699 sub
580 646 674 699 illo
698 651 819 698 sunt
845 642 1043 697 omnia.
1069 642 1300 697 Dicimus
1326 656 1482 713 quam
1506 639 2042 710 incomprehensibile

459 738 529 790 sit
553 735 692 806 quod
723 734 916 788 lectum
957 740 1039 788 est
1065 749 1079 787 :
1111 741 1288 788 tamen
1316 733 1510 788 lectum
1540 740 1641 797 εει,
1676 748 1779 785 non
1810 739 1869 784 ut
1891 745 2041 786 com-

458 826 877 898 prehenderetur
905 825 971 879 ab
998 825 1241 891 homine,
1282 825 1376 881 sed
1404 834 1461 880 ut
1484 824 1689 879 doleret
1725 823 1883 877 homo
1917 822 2040 892 quia

460 933 565 972 non
615 916 1037 986 comprehendit,
1090 924 1144 971 et
1192 915 1454 971 inveniret
1495 914 1635 970 unde
1684 913 1967 984 impeditur
2008 928 2042 968 a

457 1007 937 1078 comprehensione
957 1050 970 1073 ,
1001 1017 1055 1062 et
1083 1016 1381 1063 removeret
1409 1022 1491 1073 ea,
1524 1017 1577 1062 ct
1606 1006 1835 1061 inliiaret
1858 1019 2042 1074 perce—

459 1098 629 1170 ptioni
654 1099 1099 1154 incommutabilis
1120 1099 1301 1164 Verbi,
1332 1100 1444 1169 ipse
1464 1113 1529 1153 ex
1553 1099 1817 1154 deteriore
1846 1098 1901 1153 in
1929 1112 2043 1154 me-

459 1191 562 1247 lius
586 1199 957 1246 commutatus.
992 1190 1107 1245 Non
1135 1192 1276 1246 enim
1308 1191 1537 1246 Verbum
1564 1192 1773 1261 proiicit
1808 1199 1900 1247 aut
1926 1206 2043 1247 cre-

459 1285 561 1340 scit
584 1283 873 1339 accedente
908 1284 1182 1355 cognitore
1211 1300 1223 1337 :
1256 1282 1350 1339 sed
1382 1284 1698 1354 integrum‘,
1725 1282 1771 1337 si
1797 1297 2044 1352 perman-

459 1374 621 1440 seris;
646 1374 928 1443 integrum,
952 1374 996 1428 si
1012 1373 1330 1439 recesseris;
1351 1374 1631 1441 integrum,
1648 1388 1768 1427 cum
1785 1371 2038 1439 redieris;

460 1477 682 1519 manens
725 1464 779 1519 in
818 1478 911 1531 se,
957 1471 1012 1519 et
1052 1464 1312 1518 innovans
1335 1463 1533 1518 omnia.
1575 1463 1713 1532 Ergo
1751 1470 1834 1517 est
1873 1462 2041 1517 forma

457 1555 694 1610 omnium
734 1569 913 1610 rerum
934 1595 948 1619 ,
978 1554 1146 1609 forma
1176 1553 1515 1619 infabricata,
1550 1554 1665 1609 sine
1694 1562 1951 1623 tempore,
1984 1561 2043 1609 ut

459 1648 720 1716 diximus,
748 1657 803 1704 et
832 1648 947 1703 sine
968 1647 1151 1717 spatiis
1174 1648 1433 1702 locorum.
1461 1645 1721 1716 Quidquid
1751 1646 1893 1701 enim
1923 1646 2041 1700 loco

459 1741 685 1809 capitur,
719 1738 1188 1793 circumscribitur.
1218 1737 1410 1791 Forma
1438 1737 1887 1792 circumscribitur
1920 1734 2041 1789 ﬁni-

460 1830 616 1897 bus”,
642 1831 802 1885 habet
823 1841 992 1885 metas
1018 1829 1157 1885 unde
1185 1836 1236 1884 et
1264 1843 1538 1899 quousque
1567 1829 1653 1882 sit.
1674 1827 1878 1883 Deinde
1897 1826 2041 1897 quod

459 1923 577 1976 loco
600 1922 807 1992 capitur
834 1931 887 1977 et
907 1922 1050 1977 mole
1070 1920 1295 1991 quadam
1317 1929 1370 1976 et
1393 1921 1563 1990 spatio
1585 1920 1921 1987 distenditur,
1943 1919 2042 1974 mi-

460 2029 560 2069 nus
588 2024 670 2072 est
695 2016 747 2069 in
775 2024 945 2084 parte,
973 2029 1129 2085 quam
1161 2015 1213 2068 in
1243 2020 1375 2069 toto.
1406 2012 1587 2067 Faciat
1611 2013 1748 2067 Deus
1768 2021 1824 2066 ut
1850 2010 2041 2067 intelli-

458 2106 615 2175 gatis.

529 2195 756 2251 CAPUT
792 2194 878 2250 111.
909 2226 978 2236 --
1002 2196 1056 2250 4.
1083 2194 1202 2250 Non
1231 2195 1394 2249 minor
1420 2195 1473 2249 in
1500 2204 1641 2266 parte
1658 2211 1809 2266 quam
1836 2196 1889 2249 in
1916 2203 2038 2250 toto.

463 2288 711 2355 Quotidie
735 2297 908 2342 autem
941 2288 1008 2343 de
1046 2288 1378 2357 corporibus,
1417 2304 1534 2358 quze
1575 2296 1697 2344 ante
1732 2289 1914 2344 oculos
1940 2303 2039 2342 no-

459 2387 601 2432 stros
639 2387 782 2444 sunt,
823 2393 941 2448 quae
986 2378 1246 2445 videmus,
1279 2394 1397 2449 qua:
1437 2379 1718 2449 tangimus,
1763 2379 1900 2436 inter
1922 2394 2040 2451 quae

459 2484 662 2536 sumus,
695 2485 974 2539 possumus
997 2472 1237 2541 judicare
1280 2487 1473 2543 corpus
1512 2474 1786 2543 quodlibet
1824 2475 1877 2529 in
1921 2475 2042 2531 loco

462 2562 659 2618 habere
680 2562 924 2618 formam.
953 2564 1121 2619 Omne
1141 2573 1316 2619 autem
1340 2564 1480 2635 quod
1503 2566 1729 2634 spatium
1753 2565 1855 2620 loci
1878 2580 2039 2622 occu-

461 2662 568 2722 pat,
598 2654 772 2709 minus
796 2664 879 2710 est.
914 2656 966 2710 in
1007 2664 1156 2725 parte
1182 2670 1340 2726 quam
1385 2655 1439 2711 in
1479 2663 1609 2711 toto.
1644 2657 1774 2710 Pars
1799 2658 2040 2728 corporis

463 2744 696 2809 humani,
740 2745 888 2800 verbi
926 2746 1114 2816 gratia,
1164 2745 1437 2800 brachium
1471 2764 1484 2800 :
1515 2747 1696 2817 utique
1740 2748 1916 2802 min’us
1958 2755 2043 2804 est

460 2835 733 2889 brachium
762 2851 922 2906 quam
954 2846 1119 2892 totum
1147 2851 1361 2906 corpus.
1398 2837 1465 2891 Et
1506 2837 1551 2891 si
1596 2838 1771 2892 minus
1811 2846 1893 2892 est
1916 2838 2040 2893 bra-

459 2924 636 2978 chium
665 2925 708 2991 ³,
733 2925 1029 2981 breviorem
1071 2927 1243 2981 locum
1268 2935 1511 2997 occupat.
1543 2927 1671 2983 Item
1701 2939 1878 2998 caput,
1918 2930 2040 2998 quia

461 3029 584 3084 pars
619 3024 701 3070 est
737 3016 997 3086 corporis,
1028 3016 1082 3070 in
1121 3018 1330 3073 minore
1368 3018 1485 3073 loco
1523 3026 1625 3085 est,
1666 3027 1721 3073 et
1758 3020 1930 3073 minus
1960 3028 2042 3075 est

462 3121 619 3175 quam
659 3114 826 3161 totum
865 3122 1077 3176 corpus,
1119 3109 1203 3162 cui
1247 3118 1405 3178 caput
1449 3118 1549 3165 εει.
1594 3109 1682 3165 Sic
1720 3112 1893 3165 omnia
1924 3128 2041 3180 qua:

461 3206 584 3250 sunt
612 3197 664 3251 in
696 3197 837 3264 loco,
870 3198 1076 3253 minora
1105 3208 1232 3254 sunt
1260 3200 1313 3253 in
1342 3210 1495 3270 parte
1528 3215 1684 3270 quam
1706 3202 1758 3255 in
1787 3210 1916 3256 toto.
1945 3202 2040 3257 Ni-

462 3286 531 3341 hil
560 3288 669 3342 tale
696 3287 763 3342 de
792 3289 882 3343 illo
902 3286 1079 3342 Verbo
1104 3290 1415 3354 sentiamus,
1444 3290 1574 3345 nihil
1596 3290 1698 3347 tale
1727 3291 2037 3362 cogitemus.

461 3377 574 3431 Non
622 3376 689 3432 de
739 3378 1074 3447 suggestione
1112 3380 1284 3433 carnis
1334 3380 1624 3450 spiritualia
1671 3383 2039 3451 lmaginemur.

462 3466 574 3520 Non
605 3475 687 3521 est
720 3466 811 3521 ille
835 3466 1047 3535 Sermo,
1082 3482 1187 3523 non
1217 3475 1300 3524 est
1327 3469 1416 3524 ille
1440 3469 1579 3526 Deus
1606 3471 1781 3526 minor
1811 3473 1863 3527 in
1893 3482 2041 3543 parte

463 3572 621 3627 quam
650 3558 702 3611 in
729 3566 860 3612 toto.

529 3648 582 3702 5.
614 3646 679 3701 In
698 3649 843 3702 rebus
870 3648 1050 3704 divinis
1080 3650 1165 3720 pia
1192 3651 1478 3721 ignorantia
1515 3652 1693 3707 melior
1727 3670 1877 3723 quam
1906 3672 2040 3727 prce-

458 3747 661 3809 sumpta
698 3740 925 3795 scientia.
970 3740 1130 3795 Oculo
1154 3743 1318 3797 cordis
1343 3741 1482 3797 Deus
1506 3744 2038 3816 incomprehensibilis.

463 3830 552 3887 Dei
576 3833 858 3903 cognitione
886 3833 945 3904 fit
969 3834 1118 3889 homo
1138 3834 1327 3890 beatus.
1347 3835 1485 3891 Deus
1507 3853 1570 3892 ea:
1588 3848 1735 3892 notra
1759 3840 2043 3910 cognitione

459 3938 560 3976 non
603 3925 797 3978 crescit.
830 3923 938 3979 Sed
973 3939 1081 3980 non
1109 3933 1258 3995 potes
1284 3926 1389 3982 tale
1415 3927 1610 3998 aliquid
1636 3930 1890 4000 cogitare.
1926 3930 2040 3986 lia-

458 4015 540 4084 gis
564 4015 648 4084 pia
673 4022 757 4069 est
786 4014 906 4070 talis
927 4016 1246 4086 ignorantia,
1270 4032 1430 4087 quam
1450 4027 1771 4090 praesumpta
1798 4021 2037 4076 scientia.

460 4104 752 4174 Loquimur
776 4105 921 4161 enim
965 4106 1033 4161 de
1078 4106 1207 4162 Deo.
1246 4108 1451 4162 Dictum
1500 4116 1601 4176 est,
1646 4107 1715 4163 Et
1755 4109 1893 4166 Deus
1936 4120 2042 4167 erat

469 4194 705 4250 Verbum.
737 4195 816 4252 De
841 4198 951 4252 Deo
979 4197 1265 4267 loquimur,
1296 4198 1422 4268 quid
1458 4198 1652 4255 mirum
1690 4201 1734 4256 si
1763 4217 1868 4257 non
1895 4216 2041 4258 com-

462 4288 790 4359 prehendis?
812 4288 869 4344 Si
893 4289 1038 4345 enim
1073 4290 1502 4361 comprehendis,
1533 4307 1640 4349 non
1668 4303 1751 4350 est
1771 4295 1928 4351 Deus.
1961 4297 2044 4353 Sit

460 4382 547 4455 pia
575 4380 840 4438 confessio
860 4382 1173 4453 ignorantia:
1201 4383 1389 4454 magis,
1414 4399 1571 4455 quam
1602 4387 1885 4445 temeraria
1911 4403 2040 4459 pro-

460 4473 623 4530 fessio
666 4474 919 4530 scientiae.
964 4474 1237 4545 Attingere
1272 4476 1597 4547 aliquantum
1635 4488 1815 4536 mente
1853 4481 2038 4549 Deum;

461 4581 652 4635 magna
679 4565 953 4622 beatitudo
977 4574 1058 4622 est
1083 4584 1097 4621 :
1121 4568 1571 4638 comprehendere
1597 4577 1793 4635 autem,
1825 4572 2042 4628 omnino

462 4656 811 4728 impossibile.
839 4656 921 4713 Ad
955 4665 1186 4712 mentem
1223 4658 1361 4713 Deus
1389 4660 1635 4728 pertinet,
1671 4661 2041 4733 intelligendus

460 4758 543 4803 est
579 4764 594 4801 :
631 4746 700 4803 ad
736 4746 919 4803 oculos
956 4760 1169 4818 corpus,
1210 4746 1496 4803 videndum
1537 4757 1619 4804 est
1642 4748 1683 4803 ⁸.
1708 4750 1813 4807 Sed
1850 4765 2041 4821 corpus

459 4838 616 4894 oculo
650 4838 1109 4910 comprehendere
1146 4847 1200 4895 te
1242 4839 1431 4909 putas?
1470 4839 1699 4898 Omnino
1734 4859 1843 4900 non
1866 4854 2039 4915 potes.

460 4929 725 5000 Quidquid
758 4930 898 4985 enim
925 4931 1137 5002 aspicis,
1170 4946 1276 4987 non
1302 4940 1468 4988 totum
1496 4935 1707 5005 aspicis.
1745 4936 1910 5008 Cujus
1938 4938 2041 4995 bo-

460 5020 621 5074 minis
664 5018 849 5076 faciem
894 5020 1064 5088 vides,
1114 5021 1331 5078 dorsum
1378 5038 1484 5080 non
1518 5026 1669 5083 vides
1712 5042 1777 5083 eo
1804 5037 2042 5101 tempore

460 5124 567 5180 quo
593 5108 783 5165 faciem
811 5110 960 5166 vides
987 5129 1001 5165 :
1032 5119 1087 5167 et
1122 5112 1334 5183 quando
1369 5114 1587 5172 dorsum
1623 5117 1795 5185 vides,
1824 5133 1889 5175 eo
1912 5128 2041 5177 tem-

462 5216 593 5271 pore
621 5202 807 5258 faciem
834 5217 940 5259 non
964 5204 1136 5260 vides.
1180 5204 1296 5261 Non
1337 5208 1414 5263 sic
1446 5224 1573 5279 ergo
1603 5210 1770 5275 vides,
1800 5220 1859 5267 ut
1889 5228 2041 5269 com-

460 5294 762 5366 prehendas
791 5313 805 5349 :
838 5297 931 5352 sed
957 5298 1168 5368 quando
1200 5300 1395 5370 aspicis
1435 5302 1593 5357 aliam
1629 5312 1855 5373 partem,
1882 5321 2039 5378 quam

460 5407 654 5517 ,δὲέκ
693 5408 820 5471 apud
847 5414 962 5460 Lov.
1007 5410 1212 5472 additur,
1250 5419 1437 5476 umet;
1463 5415 1640 5478 quoda
1675 5418 1868 5470 exteris
1906 5418 2043 5474 libris

645 5530 1081 5603 quibusdam'libris
1101 5536 1342 5603 sic_verba
1354 5538 1772 5603 interpunguntur
1797 5554 1809 5590 :
1837 5540 2043 5596 circum.

706 5591 880 5665 forata,
906 5592 1321 5665 circumscribitur

462 5652 559 5762 el;
591 5652 730 5711 MSS-3
774 5660 828 5704 ει
874 5654 917 5704 si
951 5653 1106 5707 minus
1148 5652 1434 5721 est,id'est
1490 5662 1700 5725 brevius”,
1745 5665 2038 5730 tiret-iorem,

526 5776 543 5811 ἰ
569 5774 928 5839 δοιιιιιιιιὶιίεεη
952 5778 1011 5830 ab
1033 5779 1181 5833 oculis
1205 5776 1365 5839 cordis
1389 5784 1620 5840 ridendus
1643 5796 1726 5842 est.

1685 341 1744 397 S.
1783 336 2150 398 AUGUSTINI
2185 336 2488 398 EPISCOPI

3614 344 3713 404 665

2146 470 2252 510 non
2273 454 2505 520 videras,
2532 453 2635 511 nisi
2667 453 2922 511 memoria
2948 438 3123 512 tecum
3149 452 3305 510 faciat
3329 461 3388 509 ut
3410 455 3713 514 memineris

2144 555 2197 605 te
2230 548 2427 605 vidisse
2464 548 2608 604 unde
2640 548 2867 616 recedis,
2897 562 3168 619 nunquam
3213 557 3265 604 te
3291 548 3487 605 dixeris
3522 548 3714 621 aliquid

2144 639 2229 695 vel
2255 642 2308 695 in
2338 640 2617 711 superﬁcie
2636 641 3121 711 comprehendisse.
3147 639 3366 695 Tramas
3389 641 3528 711 quod
3549 641 3715 708 vides,

2144 744 2325 787 versas
2361 731 2467 787 huc
2502 740 2663 803 atque
2690 731 2836 801 illuc,
2868 732 2954 788 vel
2983 732 3097 802 ipse
3133 732 3327 788 circuis
3353 738 3412 786 ut
3443 740 3607 789 totum
3636 732 3717 787 vi-

2148 819 2296 874 deas.
2325 819 2447 876 Uno
2486 835 2613 892 ergo
2652 831 2869 891 aspectu
2910 830 3079 877 totum
3107 822 3290 878 videre
3324 836 3429 877 non
3456 832 3627 895 potes.
3655 823 3722 879 Et

2144 912 2395 981 quamdiu
2438 926 2623 968 versas
2660 922 2718 967 ut
2758 912 2961 981 videas,
3001 921 3201 983 partes,
3232 912 3380 969 vides
3424 930 3440 968 :
3488 922 3543 969 et
3588 928 3721 970 eon-

2146 1004 2370 1058 texendo
2420 1005 2541 1074 quia
2585 1004 2763 1059 vidisti
2805 1006 2938 1059 alias
2981 1013 3182 1075 partes,
3198 1005 3393 1061 videris
3426 1014 3597 1061 totum
3644 1006 3725 1062 in-

2144 1094 2369 1163 spicere.
2398 1094 2513 1150 Non
2539 1106 2713 1151 autem
2742 1095 2828 1150 hic
2846 1096 3123 1151 oculorum
3148 1096 3315 1163 visus,
3336 1096 3429 1152 sed
3452 1097 3724 1152 memoriae

2145 1186 2397 1240 vivacitas
2435 1187 2765 1256 intelligitur.
2810 1187 2948 1253 Quid
2989 1201 3117 1258 ergo
3157 1186 3228 1242 de
3268 1186 3360 1242 illo
3386 1185 3584 1253 Verbo,
3614 1187 3724 1241 fra-

2145 1284 2273 1341 tres,
2302 1276 2405 1331 dici
2432 1276 2641 1346 potest?
2666 1277 2808 1333 Ecce
2844 1277 2911 1332 de
2934 1276 3246 1348 corporibus
3282 1275 3507 1332 dicimus
3544 1277 3725 1347 subja-

2145 1366 2385 1422 centibus
2410 1368 2578 1423 oculis
2618 1370 2835 1436 nostris,
2876 1384 2981 1423 non
3015 1368 3101 1422 illa
3127 1375 3350 1438 possunt
3369 1368 3725 1438 comprehen-

2145 1457 2273 1513 dere
2300 1466 2517 1527 aspectu
2552 1478 2565 1513 :
2596 1460 2715 1529 quis
2751 1474 2880 1530 ergo
2917 1459 3100 1514 oculus
3124 1459 3302 1513 cordis
3326 1458 3730 1530 comprehendit

2148 1548 2345 1604 Deum?
2369 1549 2579 1605 Sufficit
2598 1560 2655 1606 ut
2681 1551 2921 1621 attingat,
2953 1551 2999 1606 si
3024 1565 3189 1622 purus
3209 1559 3290 1606 est
3308 1552 3514 1607 oculus.
3545 1552 3603 1607 Si
3634 1566 3730 1607 au-

2147 1650 2250 1695 tem
2277 1642 2504 1713 attingit,
2529 1651 2669 1699 tactu
2689 1644 2916 1713 quodam
2948 1645 3159 1715 attingit
3192 1645 3507 1715 incorporeo
3531 1652 3586 1701 et
3614 1644 3728 1714 spi-

2143 1734 2341 1800 rituali,
2374 1749 2479 1789 non
2526 1744 2701 1790 tamen
2747 1736 3185 1805 comprehendit;
3228 1746 3282 1793 et
3319 1737 3439 1803 hoc,
3472 1739 3516 1793 si
3559 1753 3730 1808 purus

2143 1832 2244 1879 est.
2277 1825 2341 1879 Et
2372 1824 2530 1880 homo
2558 1826 2613 1881 tit
2638 1827 2825 1882 beatus
2849 1827 3206 1898 contingendo
3229 1828 3392 1884 corde
3420 1828 3548 1883 illud
3583 1829 3731 1900 quod

2143 1928 2356 1985 semper
2384 1917 2595 1971 beatum
2644 1927 2824 1973 manet
2867 1935 2880 1971 :
2914 1927 2969 1974 et
3006 1928 3089 1974 est
3130 1918 3257 1973 illud
3301 1919 3413 1989 ipsa
3456 1920 3731 1978 beatitudo

2144 2018 2421 2077 perpetua,
2449 2016 2504 2062 et
2529 2008 2669 2063 unde
2698 2008 2755 2062 fit
2783 2008 2944 2064 homo
2971 2010 3141 2075 vivus,
3169 2010 3280 2065 vita
3309 2019 3593 2081 perpetua;
3630 2027 3734 2065 un-

2144 2096 2210 2152 de
2238 2097 2293 2150 fit
2328 2096 2488 2151 homo
2528 2098 2765 2168 sapiens,
2811 2099 3069 2168 sapientia
3092 2099 3356 2170 perfecta;
3389 2100 3530 2155 unde
3567 2101 3732 2159 homo

2145 2186 2204 2240 ﬁt
2232 2186 2577 2255 illuminatus,
2606 2188 2783 2243 lumen
2809 2189 3189 2258 sempiternum
3207 2189 3519 2246 est.Etvide
3543 2206 3735 2261 quem-

2143 2278 2427 2333 admodum
2492 2287 2547 2334 tu
2603 2279 2959 2350 contingendo
3021 2280 3246 2336 efficeris
3283 2280 3424 2351 quod
3451 2295 3555 2335 non
3585 2297 3731 2350 eras,

2146 2385 2253 2425 non
2283 2370 2415 2425 illud
2453 2371 2593 2441 quod
2637 2372 2898 2442 contingis
2944 2371 3072 2427 facis
3113 2387 3233 2429 esse
3276 2374 3417 2443 quod
3460 2390 3567 2429 non
3590 2384 3731 2430 erat.

2144 2460 2257 2516 Hoc
2280 2463 2421 2528 dico,
2448 2463 2588 2518 Deus
2614 2477 2717 2518 non
2739 2463 2937 2519 crescit
2963 2478 3030 2519 ex
3052 2465 3348 2535 cognitore,
3371 2464 3465 2520 sed
3489 2466 3736 2536 cognitor

2145 2568 2211 2609 ex
2233 2554 2533 2624 cognitione
2558 2553 2675 2609 Dei.

2217 2643 2442 2701 CAPUT
2502 2645 2590 2701 IV.
2633 2676 2703 2689 —
2744 2646 2822 2703 Ne
2868 2656 3130 2718 putemus,
3174 2647 3366 2704 fratres
3408 2647 3733 2717 charissimi,

2143 2740 2265 2810 quia
2303 2740 2616 2795 beneficium
2656 2748 2970 2809 praestamus
3008 2741 3137 2803 Deo,
3169 2740 3294 2811 quia
3332 2740 3561 2795 diximus
3600 2755 3736 2810 pre-

2145 2830 2275 2885 tium
2314 2846 2413 2886 nos
2442 2830 2567 2885 dare
2605 2830 2835 2901 quodam
2865 2832 3042 2886 modo.
3073 2830 3188 2886 Non
3214 2831 3355 2886 enim
3376 2831 3514 2885 unde
3538 2846 3737 2901 augea-

2144 2928 2250 2987 tur,
2279 2921 2352 2975 illi
2381 2920 2593 2987 damus,
2617 2922 2707 2992 qui
2727 2930 2783 2976 et
2820 2930 2871 2977 te
2898 2922 3044 2992 lapso
3078 2922 3284 2991 integer
3306 2931 3407 2986 est,
3438 2932 3493 2977 et
3516 2930 3570 2975 te
3599 2922 3736 2977 red-

2145 3022 2304 3070 eunte
2341 3014 2545 3084 integer
2604 3024 2813 3082 manet,
2855 3022 3068 3085 paratus
3106 3014 3273 3069 videri
3310 3016 3327 3046 ¹
3363 3024 3422 3069 ut
3464 3014 3736 3071 beatificet

2144 3123 2452 3173 conversos,
2481 3116 2535 3164 et
2560 3124 2779 3165 aversos
2819 3110 3001 3180 puniat
3033 3110 3291 3165 cmcitate.
3315 3107 3562 3163 Vindicat
3590 3109 3735 3163 enim

2145 3199 2318 3270 primo
2348 3200 2399 3255 in
2422 3201 2596 3255 anima
2620 3215 2806 3256 aversa
2832 3216 2863 3256 a
2892 3217 2970 3269 se,
2997 3200 3216 3256 exordio
3235 3216 3508 3272 poenarum
3542 3203 3589 3266 ²,
3623 3202 3735 3270 ipsa

2145 3291 2402 3346 etecitate.
2434 3291 2533 3360 Qui
2560 3293 2701 3346 enim
2730 3307 2789 3347 se
2817 3294 3009 3347 avertit
3030 3307 3060 3346 a
3088 3292 3287 3348 lumine
3308 3306 3459 3357 vero,
3486 3291 3539 3345 id
3567 3302 3673 3356 est,
3703 3305 3735 3346 a

2147 3382 2276 3447 Deo,
2319 3382 2427 3452 jam
2484 3398 2657 3438 caecus
2702 3382 2950 3439 efficitur.
2999 3382 3241 3440 Nondum
3283 3383 3443 3439 sentit
3491 3398 3731 3453 poenam,

2150 3471 2244 3527 sed
2267 3472 2377 3542 jam
2409 3472 2587 3528 habet.

2217 3564 2270 3619 6.
2309 3563 2523 3618 Verbum
2553 3574 2859 3619 coaeternum
2885 3563 3033 3619 Patri
3044 3564 3287 3619 asseritur
3301 3572 3474 3618 contra
3490 3562 3731 3619 Arianos.

2147 3654 2327 3726 Itaque
2353 3656 2584 3711 Verbum
2624 3656 2751 3723 Dei,
2789 3656 2980 3712 fratres
3013 3655 3331 3721 charissimi,
3380 3654 3735 3723 incorporali-

2148 3755 2249 3811 ter,
2294 3746 2685 3814 inviolabiliter,
2733 3744 3255 3811 incommutabiliter,
3291 3745 3407 3799 sine
3450 3743 3735 3815 temporali

2146 3839 2443 3905 nativitate,
2490 3846 2673 3893 natum
2722 3847 2900 3893 tamen
2947 3837 3302 3907 intelligamus
3330 3852 3360 3891 a
3390 3835 3520 3891 Deo.
3569 3836 3735 3891 Puta-

2145 3945 2334 3985 musne
2372 3944 2652 4000 possumus
2681 3930 2856 4001 aliquo
2882 3930 3042 3985 modo
3066 3929 3383 4000 persuadere
3413 3929 3736 3999 quibusdam

2148 4018 2449 4074 infidelibus
2477 4036 2581 4075 non
2619 4020 2908 4076 abhorrere
2937 4036 2966 4073 a
2998 4035 3144 4085 vero,
3184 4020 3324 4090 quod
3350 4019 3545 4075 dicitur
3574 4035 3606 4074 a
3632 4035 3735 4074 no-

2146 4111 2227 4167 bis
2252 4111 2357 4167 nde
2375 4112 2656 4176 catholica,
2683 4128 2800 4182 quae
2825 4113 3092 4167 contraria
3123 4120 3206 4167 est
3228 4112 3459 4175 Arianis,
3485 4126 3515 4165 a
3536 4112 3735 4181 quibus

2146 4201 2383 4256 Ecclesia
2405 4202 2499 4256 Dei
2520 4217 2661 4271 saepe
2680 4210 2880 4257 tentata
2900 4212 3001 4267 est,
3019 4217 3138 4257 cum
3156 4203 3395 4258 carnales
3415 4202 3665 4258 homines
3682 4202 3735 4257 id

2146 4291 2351 4349 facilius
2401 4293 2667 4362 accipiunt
2719 4294 2860 4364 quod
2906 4294 3088 4350 videre
3133 4294 3559 4351 consueverunt?
3604 4293 3737 4349 Ausi

2146 4394 2269 4441 sunt
2308 4386 2450 4441 enim
2493 4386 2708 4456 quidam
2746 4386 2945 4454 dicere,
2978 4386 3144 4457 Major
3172 4395 3255 4442 est
3288 4386 3444 4441 Pater
3486 4386 3649 4451 Filio,
3681 4393 3737 4441 et

2114 4488 2119 4493 ‘
2146 4480 2400 4550 praecedit
2425 4494 2547 4535 eum
2575 4489 2815 4552 tempore
2844 4497 2856 4534 :
2887 4480 2939 4534 id
2965 4487 3067 4544 est,
3090 4480 3260 4549 major
3284 4488 3366 4534 est
3391 4478 3524 4533 Filio
3550 4478 3732 4543 Pater,

2146 4579 2201 4627 et
2226 4572 2402 4626 minor
2428 4581 2511 4627 est
2533 4571 2692 4627 Patre
2719 4571 2906 4638 Filius,
2935 4578 2989 4626 et
3014 4585 3045 4625 a
3071 4569 3228 4626 Patre
3253 4570 3307 4624 in
3331 4578 3571 4638 tempore
3600 4584 3735 4638 pra:—

2146 4660 2370 4716 ceditur.
2396 4661 2464 4716 Et
2512 4661 2590 4716 sic
2636 4662 2945 4732 disputant:
2974 4661 3029 4717 Si
3072 4669 3226 4716 natus
3263 4669 3363 4726 est,
3392 4659 3577 4729 utique
3621 4667 3739 4714 crat

2146 4750 2305 4807 Pater
2345 4761 2625 4823 antequam
2669 4751 2833 4808 Filius
2883 4752 2958 4807 illi
3006 4760 3150 4807 esset
3190 4759 3365 4806 natus.
3411 4751 3734 4805 Attendite:

2146 4844 2284 4900 adsit
2334 4846 2448 4916 ipse
2497 4846 2673 4914 nobis,
2723 4844 3095 4915 adjuvantibus
3135 4843 3463 4899 orationibus
3508 4844 3737 4908 vestris,

2147 4941 2202 4989 et
2228 4934 2313 5005 pia
2354 4935 2647 4991 intentione
2679 4936 2927 5005 excipere
2954 4934 3288 5003 cupientibus
3318 4933 3455 5002 quod
3486 4934 3601 5002 ipse
3634 4932 3739 4988 do-

2146 5024 2372 5092 naverit,
2399 5025 2539 5095 quod
2579 5026 2695 5096 ipse
2722 5023 3073 5094 suggesserit;
3106 5023 3243 5079 adsit
3268 5023 3440 5089 nobis,
3469 5031 3526 5076 ut
3556 5024 3739 5092 possi-

2147 5130 2268 5173 mus
2294 5129 2506 5187 quoquo
2529 5115 2690 5171 modo
2715 5116 2981 5185 explicare
3013 5113 3157 5185 quod
3190 5114 3470 5183 coepimus.
3503 5112 3736 5178 Tamen,

2146 5206 2354 5271 fratres,
2379 5214 2504 5261 ante
2522 5204 2664 5272 dico,
2694 5206 2741 5261 si
2768 5219 2874 5260 non
2911 5214 3134 5276 potuero
3160 5218 3260 5274 ego
3298 5203 3591 5273 explicare,
3627 5220 3737 5257 non

2145 5297 2406 5353 rationem
2431 5297 2646 5369 putetis,
2690 5296 2787 5352 sed
2810 5295 3079 5351 hominem
3112 5294 3394 5351 defecisse.
3430 5292 3611 5363 Itaque
3640 5308 3741 5347 vos

2147 5390 2333 5448 hortor
2364 5399 2417 5447 et
2444 5390 2703 5461 deprecor
2730 5397 2789 5445 ut
2815 5388 3015 5445 oretis:
3041 5388 3181 5444 adsit
3210 5385 3572 5443 misericordia
3614 5385 3734 5450 Dei,

2211 5585 2591 5656 {sditiwidera
2627 5586 2795 5656 ttelius
2826 5589 2963 5646 Mss...
3000 5582 3169 5656 videri.
3389 5655 3392 5656 ν

2211 5651 2231 5680 '
2249 5656 2315 5697 tta
2336 5640 2433 5699 duo
2468 5656 2574 5699 Mss.
2595 5650 2679 5698 Alii
2704 5662 2813 5698 cum
2836 5640 2966 5706 Lovf,
2988 5645 3243 5697 exorditur:
3266 5655 3530 5706 pinnarum.
3555 5640 3741 5691 Editio-

2148 5723 2240 5774 nes
2261 5719 2422 5774 autem
2462 5720 2562 5774 am.
2598 5719 2650 5774 et
2670 5717 2742 5774 Fr.
2764 5710 3057 5774 sententiam
3084 5707 3208 5758 hanc
3237 5707 3386 5757 tutam
3409 5710 3740 5774 prastereunr,

2155 5771 2376 5827 Vindicat
2396 5770 2522 5824 enim
2543 5771 2699 5837 primo
2714 5770 2766 5823 in
2787 5770 2965 5835 manta,
2991 5778 3084 5827 etc,

2821 5979 2855 5991 ρ.
