4126 6322
362 320 469 378 685

366 447 419 493 et
447 436 517 491 ita
543 447 658 489 rem
693 445 722 485 a
747 428 912 485 'nobis
936 427 1039 484 dici
1073 426 1248 491 faciat,
1278 433 1335 481 ut
1360 439 1454 480 ves
1481 423 1664 479 audire
1707 434 1939 492 oportet,

366 539 421 585 et
453 541 550 583 nos
578 525 778 580 dicere.
808 522 918 577 llec
944 536 1070 591 ergo
1091 520 1164 574 illi
1188 518 1371 574 dicunt
1398 535 1413 572 :
1444 516 1501 573 Si
1529 517 1694 571 Filius
1729 516 1822 570 Dei
1844 523 1944 583 est,

367 630 520 675 natus
545 626 643 673 est.
675 616 785 671 Hoc
815 616 1056 669 fatemur.
1087 612 1199 667 Non
1226 613 1365 666 enim
1400 621 1543 667 esset
1567 610 1753 678 Filius,
1784 610 1829 666 si
1854 624 1950 664 na-

369 723 452 767 tus
491 725 596 764 non
630 716 793 763 esset.
822 706 1151 761 Manifestum
1184 714 1285 770 est,
1313 704 1541 759 admittit
1575 703 1725 770 ﬁdes,
1754 718 1950 773 appre-

368 804 457 857 bat
485 800 721 855 Ecclesia
747 796 1025 863 catholica,
1054 812 1236 850 verum
1263 803 1363 849 est.
1393 795 1697 864 Adjungunt
1721 792 1948 849 deinde:

370 895 426 949 Si
457 902 611 948 natus
639 900 723 946 est
763 891 905 945 Patri
936 889 1119 954 Filius,
1148 897 1264 944 erat
1290 889 1448 943 Pater
1475 897 1757 957 antequam
1787 886 1836 941 ei
1864 886 1955 940 Fi-

371 986 472 1040 lius
524 992 852 1039 nasceretur.
896 982 1005 1036 Hoc
1052 981 1257 1051 respuit
1302 979 1454 1049 ﬁdes,
1495 984 1752 1047 respuunt
1798 990 1954 1033 aures

370 1077 680 1141 catholicae;
705 1076 1074 1131 anathematur
1094 1116 1109 1141 ,
1138 1082 1284 1128 extra
1311 1080 1393 1128 est
1417 1073 1503 1142 qui
1534 1072 1634 1126 hoc
1662 1072 1818 1141 sapit,
1849 1086 1953 1125 non

373 1170 602 1239 pertinet
619 1168 683 1223 ad
706 1167 1162 1238 participationem
1190 1164 1602 1233 societatemque
1624 1170 1953 1216 sanctorum.

375 1264 532 1333 Ergo,
575 1262 667 1325 ait,
698 1260 957 1315 rationem
1005 1258 1136 1312 mihi
1176 1257 1359 1323 redde,
1398 1256 1663 1327 quomodo
1705 1264 1759 1310 et
1791 1254 1957 1308 Filius

374 1356 545 1426 potuit
568 1353 714 1408 nasci
741 1351 903 1414 Patri,
935 1358 991 1405 et
1021 1363 1230 1404 cetevus
1255 1362 1374 1403 esse
1399 1348 1449 1402 ei
1474 1362 1503 1401 a
1526 1362 1631 1418 quo
1657 1356 1811 1401 natus
1839 1348 1957 1401 est?

443 1444 671 1501 CAPUT
726 1443 791 1498 ν.
816 1474 887 1483 -
923 1446 975 1497 7.
1006 1441 1191 1495 Divina
1230 1442 1514 1495 carnalibus
1546 1442 1803 1495 insinuare
1826 1440 1958 1510 dim-

374 1540 488 1594 cile.
519 1538 586 1592 Et
614 1536 737 1606 quid
773 1536 1016 1600 facimus,
1046 1534 1253 1598 fratres,
1271 1534 1484 1604 quando
1520 1531 1823 1588 carnalibus
1849 1533 1959 1603 spi-

376 1632 587 1686 ritualia
610 1629 942 1683 insinuamus
974 1644 987 1681 :
1018 1627 1063 1681 si
1087 1635 1266 1680 tamen
1298 1634 1352 1680 et
1389 1640 1485 1680 nos
1514 1626 1613 1695 ipsi
1642 1640 1746 1679 non
1769 1639 1961 1679 carna-

376 1724 457 1779 les
482 1736 685 1789 sumus,
716 1720 927 1792 quando
956 1718 1259 1775 carnalibus
1288 1718 1387 1774 ista
1420 1718 1711 1788 spiritualia
1752 1718 1962 1772 intima-

376 1832 529 1883 mus,
561 1815 760 1870 homini
788 1811 1086 1869 assuefaeto
1116 1812 1390 1867 nativitate
1420 1821 1650 1877 terrena,
1685 1818 1736 1865 ct
1764 1810 1960 1865 videnti

377 1907 528 1961 istius
564 1912 821 1960 creatura:
862 1903 1125 1969 ordinem,
1157 1902 1244 1957 ubi
1276 1916 1554 1957 successus
1596 1909 1650 1955 et
1686 1901 1958 1968 decessus,

378 2000 658 2070 gignentes
705 2005 758 2051 et
805 1996 1011 2066 genitos
1055 2001 1211 2049 aetate
1257 1992 1566 2063 distinguit?
1596 1992 1722 2046 Post
1759 2000 1963 2061 patrem

378 2092 520 2146 enim
550 2088 786 2143 nascitur
824 2086 982 2153 ﬁlius,
1024 2085 1162 2156 patri
1192 2084 1372 2155 utique
1397 2083 1658 2139 meriture
1688 2099 1966 2139 successu-

376 2197 490 2237 rus.
520 2181 633 2236 Hoc
652 2180 704 2235 in
737 2178 1060 2245 hominibus,
1087 2178 1190 2233 hoc
1217 2178 1273 2233 in
1301 2177 1419 2233 aliis
1439 2177 1795 2233 animantibus
1818 2177 1965 2233 inve«

378 2276 575 2340 nimus,
607 2280 853 2343 parentes
892 2272 1097 2342 priores
1128 2279 1389 2341 tempore,
1420 2269 1553 2324 ﬁlios
1598 2278 1835 2338 tempore
1874 2282 1967 2337 po-

377 2367 649 2422 steriores.
686 2366 794 2420 Hac
826 2364 1208 2420 consuetudine
1241 2363 1487 2418 videndi’
1513 2404 1527 2429 ,
1553 2362 1786 2417 carnalia
1815 2369 1964 2416 tran-

378 2458 549 2514 sferre
582 2458 656 2512 illi
682 2458 748 2511 ad
787 2456 1080 2527 spiritualia
1108 2456 1349 2525 cupiunt,
1378 2462 1431 2509 et
1462 2453 1754 2509 intentione
1777 2467 1965 2506 carna-

377 2553 505 2607 lium
538 2551 745 2607 facilius
775 2552 1115 2619 seducuntur.
1161 2549 1279 2605 Non
1308 2549 1448 2604 enim
1479 2548 1614 2602 ratio
1642 2546 1967 2601 audientium

377 2644 617 2713 sequitur
634 2644 757 2697 talia
784 2641 1155 2713 prmdicantes,
1183 2640 1274 2695 sed
1297 2638 1647 2703 consuetudo,
1669 2654 1785 2708 qum
1808 2639 1968 2692 etiam

379 2738 525 2808 ipsos
565 2736 797 2800 inselvit,
829 2743 889 2789 ut
926 2734 1048 2788 talia
1080 2732 1451 2803 praedicarent.
1483 2729 1548 2785 Et
1577 2728 1702 2799 quid
1746 2728 1970 2783 facimus

380 2830 520 2885 nos?
548 2827 869 2883 Silebimus?
898 2826 1109 2881 Utinam
1133 2825 1337 2878 liceret.
1370 2822 1613 2877 Forsitan
1641 2821 1781 2875 enim
1818 2819 1972 2874 silen-

382 2923 453 2977 do
482 2920 677 2991 aliquid
716 2919 934 2989 dignum
965 2917 1032 2972 de
1072 2932 1129 2971 re
1167 2914 1417 2969 ineffabili
1467 2914 1808 2984 cogitaretur.
1837 2909 1969 2965 Nam

386 3011 639 3084 quidquid
672 3018 847 3081 potest
871 3009 989 3073 fari,
1014 3024 1118 3062 non
1158 3017 1238 3063 est
1262 3006 1550 3062 ineffabile.
1578 3004 1860 3059 lnefl‘abilis
1889 3010 1970 3059 est

385 3112 563 3159 autem
606 3104 769 3158 Deus.
813 3102 867 3155 Si
897 3101 1037 3156 enim
1084 3108 1291 3169 raptum
1337 3113 1394 3152 se
1433 3097 1561 3152 dicit
1586 3110 1754 3167 usque
1784 3096 1835 3150 in
1867 3104 1974 3150 ter-

384 3198 521 3252 tium
563 3196 758 3253 coelum
805 3194 1074 3265 apostolus
1122 3192 1333 3257 Paulus,
1381 3200 1435 3245 et
1483 3189 1612 3244 dicit
1657 3205 1715 3244 se
1763 3188 1974 3269 audisse

385 3283 671 3343 ineffabilia
698 3285 859 3341 verba
902 3285 968 3356 (ll
1009 3284 1125 3339 Cor.
1166 3300 1260 3345 xu,
1299 3282 1388 3353 4);
1420 3290 1617 3352 quanto
1654 3284 1822 3352 magis
1860 3280 1973 3349 ipse

386 3378 692 3445 ineffabilis,
721 3377 811 3448 qui
841 3377 965 3431 talia
999 3375 1403 3437 demonstravit,
1437 3389 1557 3444 quae
1588 3372 1683 3426 fari
1714 3388 1817 3426 non
1845 3385 1973 3441 pes-

386 3470 563 3539 sitcui
589 3470 949 3525 demonstrata
986 3466 1139 3523 sunt?
1165 3467 1366 3536 Itaque,
1404 3464 1617 3529 fratres,
1650 3463 1838 3517 melius
1860 3471 1976 3517 erat

386 3564 432 3618 si
479 3576 760 3632 possemus
788 3568 985 3625 tacere,
1018 3568 1072 3614 et
1115 3558 1291 3613 dicere
1327 3574 1341 3610 :
1379 3556 1493 3611 Hoc
1519 3555 1680 3609 habet
1702 3554 1832 3609 ﬁdes
1854 3596 1868 3621 ,
1899 3554 1977 3609 sic

386 3652 656 3710 credimus
687 3670 700 3705 :
726 3666 832 3707 non
872 3661 1026 3721 potes
1061 3664 1274 3718 capere,
1304 3648 1560 3718 parvulus
1592 3662 1649 3702 es
1674 3664 1687 3699 :
1717 3647 1978 3713 patienter

389 3744 724 3800 tolerandum
750 3745 795 3809 ⁸,
824 3742 994 3798 donec
1028 3754 1229 3810 pennas
1266 3738 1500 3804 nutrias;
1538 3753 1604 3792 ne
1645 3752 1766 3793 cum
1798 3736 1980 3791 volare

398 3836 672 3908 implumis
707 3833 963 3899 volueris,
1004 3847 1109 3886 non
1155 3831 1223 3885 sit
1268 3830 1359 3884 illa
1404 3844 1531 3883 aura
1560 3828 1842 3895 libertatis,
1884 3828 1979 3883 sed

392 3943 548 3983 casus
572 3925 904 3981 temeritatis.
934 3923 1073 3990 Quid
1099 3923 1170 3977 illi
1200 3922 1428 3977 contra?
1457 3920 1500 3977 Ο
1521 3921 1564 3976 si
1588 3921 1810 3977 haberet
1837 3919 1980 3991 quod

392 4022 611 4083 diceret,
659 4017 861 4072 diceret
903 4016 1069 4070 mihi!
1112 4013 1386 4069 Deﬁcienti
1424 4013 1523 4068 ista
1559 4013 1831 4068 excusatio
1878 4020 1977 4066 est.

394 4110 578 4166 Victus
618 4118 700 4164 est
737 4107 878 4162 veris
905 4107 948 4175 ³,
976 4106 1065 4177 qui
1109 4104 1437 4175 respondere
1479 4118 1587 4158 non
1621 4104 1750 4157 vult.
1783 4102 1874 4157 llle
1897 4102 1983 4158 cui

396 4206 500 4261 hoc
537 4203 751 4269 dicitur,
780 4201 825 4255 si
856 4214 961 4255 non
991 4198 1334 4269 respondeat,
1370 4196 1470 4253 etsi
1505 4197 1556 4250 in
1583 4210 1641 4251 se
1666 4196 1783 4266 ipso
1802 4195 1984 4264 jvictus

398 4312 506 4352 non
536 4304 636 4361 est,
661 4293 893 4349 vincitur
924 4300 1098 4346 tamen
1122 4291 1174 4345 in
1202 4288 1549 4345 titubantibus
1578 4287 1849 4342 fratribus.
1874 4287 1986 4341 Au-

399 4391 554 4446 diunt
580 4387 721 4445 enim
748 4386 941 4442 fratres
970 4383 1184 4449 inﬁrmi,
1216 4392 1270 4438 et
1298 4390 1482 4453 putant
1506 4396 1689 4437 revera
1718 4395 1823 4436 non
1867 4394 1986 4437 esse

401 4484 546 4557 quod
584 4484 791 4539 dicatur
824 4498 840 4538 :
873 4490 927 4538 et
970 4480 1187 4536 forsitan
1239 4493 1424 4533 verum
1474 4484 1679 4547 putant,
1724 4490 1830 4530 non
1867 4489 1987 4531 esse

403 4576 545 4648 quod
573 4576 801 4642 dicatur,
849 4588 955 4627 non
998 4581 1174 4626 tamen
1221 4584 1327 4625 non
1370 4585 1489 4626 esse
1529 4569 1671 4639 quod
1710 4568 1985 4624 sentiatur.

405 4667 579 4723 1101110
617 4667 758 4722 enim
789 4664 923 4720 nihil
954 4672 1132 4734 potest
1154 4662 1352 4728 dicere,
1379 4661 1523 4732 quod
1549 4676 1656 4717 non
1681 4662 1840 4717 etiam
1867 4676 1991 4717 sen-

405 4762 510 4817 tire
538 4761 706 4831 possit
738 4778 751 4814 :
785 4765 962 4829 potest
984 4757 1145 4825 etiam
1178 4754 1371 4827 aliquid
1400 4755 1618 4823 sentire,
1645 4754 1786 4827 quod
1814 4754 1993 4811 dicere

406 4870 513 4910 non
538 4855 723 4925 possit.

478 4947 532 5002 8.
567 4946 939 5002 Similitudines
979 4944 1048 4998 ad
1087 4942 1391 5016 refellendo:
1430 4942 1645 4997 Arianos
1674 4941 1988 4998 adhibenda.

407 5039 612 5095 Tamen
639 5047 850 5093 servata
877 5036 1017 5091 illius
1046 5034 1338 5103 majestatis
1367 5033 1747 5100 ineﬁ‘abilitate,
1783 5048 1851 5088 ne
1870 5048 1993 5089 cum

410 5130 616 5201 aliquas
655 5129 1029 5184 similitudines
1081 5134 1267 5181 contra
1316 5125 1437 5179 illos
1474 5124 1801 5191 dederimus,
1846 5132 1996 5195 putet

410 5236 510 5277 nos
538 5221 727 5291 aliquis
766 5234 862 5291 per
893 5220 1023 5274 istas
1061 5216 1436 5273 similitudines
1458 5215 1567 5284 jam
1597 5216 1904 5285 pervenisse
1928 5215 1995 5269 ad

412 5313 465 5368 id
486 5312 628 5384 quod
666 5326 764 5367 nec
794 5310 899 5365 dici
925 5324 1023 5364 nec
1048 5308 1264 5380 cogitari
1291 5322 1322 5363 a
1348 5306 1583 5377 parvulis
1601 5307 1789 5376 lpotest
1830 5305 1998 5379 (certe

413 5416 468 5464 et
492 5408 537 5463 si
564 5415 738 5478 potest
775 5406 843 5461 ab
883 5405 1147 5475 aliquibus
1185 5403 1495 5474 majoribus,
1534 5411 1709 5473 potest
1732 5418 1795 5457 ex
1827 5410 1997 5472 parte,

479 5520 497 5551 ¹
523 5517 712 5582 Aliquot
729 5524 839 5582 Mss.
855 5552 870 5577 ,
885 5524 1028 5582 _Hanc
1050 5515 1435 5582 cmuetudinent
1451 5513 1649 5582 attendi
1670 5513 1902 5582 carnalia.

478 5583 499 5613 ²
523 5576 655 5641 Levi,
673 5576 968 5631 tolerantius.
984 5580 1155 5627 Caneri
1172 5577 1277 5627 fere
1301 5576 1409 5627 libri
1434 5578 1553 5627 editi
1579 5585 1630 5627 et
1651 5584 1777 5637 Mss,
1798 5576 2002 5628 toleran-

420 5641 598 5767 d'TZ-ic
629 5717 800 5753 omnes
820 5710 925 5767 Mss.
961 5702 1081 5761 aditi
1114 5708 1295 5765 autem,
1337 5701 1493 5754 Victus
1515 5706 1600 5767 est,
1626 5700 1794 5765 nescit,
1819 5700 1900 5764 qui
1924 5715 2001 5752 re-

426 5765 655 5835 tpondere
676 5779 770 5815 non
792 5766 907 5818 vult.
1054 5770 1055 5773 ‘

1671 329 1697 347 ν
1771 302 2003 362 SERMO
2040 295 2251 361 CXVII.

3525 308 3630 367 666

2056 432 2232 495 potest
2274 424 2326 479 in
2362 426 2660 497 :enigmate,
2704 434 2880 499 potest
2915 440 3012 500 per
3057 430 3365 502 speculum;
3398 432 3634 489 nomium

2056 528 2232 572 autem
2260 517 2392 573 facie
2427 518 2493 573 ad
2526 517 2769 591 faciem);
2803 520 2989 576 demus
3014 532 3068 577 et
3093 537 3192 578 nos
3217 524 3419 595 aliquas
3446 525 3629 580 similis

2059 609 2269 664 tudines
2295 610 2549 666 adversus
2572 612 2712 679 illos,
2741 613 2880 668 unde
2907 614 2981 669 illi
3001 615 3328 684 refellantur,
3358 631 3469 673 non
3494 617 3639 676 unde

2060 699 2187 755 illud
2218 701 2475 770 capiatur.
2507 702 2717 757 Etenim
2740 719 2861 758 cum
2886 704 3111 761 dicimus
3140 707 3292 763 valde
3316 722 3472 778 posse
3500 707 3635 776 ﬁeri,

2060 809 2218 864 posse
2262 795 2506 867 intelligi,
2549 805 2605 851 ut
2634 805 2689 852 et
2730 805 2886 853 natus
2924 798 2993 854 sit
3021 808 3074 855 et
3108 808 3406 856 coaeternus
3434 801 3504 856 sit
3527 802 3578 858 ei
3606 816 3640 857 a

2059 900 2166 955 quo
2212 895 2366 941 natus
2409 896 2510 955 est,
2543 896 2600 942 ut
2629 887 2730 943 hoc
2771 888 3013 943 refellant
3038 897 3093 946 et
3116 891 3266 961 quasi
3307 890 3494 946 falsum
3521 906 3641 949 esse

2036 977 2448 1047 ,demonstrent,
2496 980 2865 1036 similitudines
2912 982 3064 1037 nobis
3125 982 3270 1037 dant.
3321 983 3506 1040 Unde?
3566 985 3643 1041 De

2061 1080 2307 1125 creatura
2338 1090 2351 1125 :
2383 1081 2436 1126 et
2466 1073 2648 1127 dicunt
2686 1074 2859 1141 nobis,
2908 1074 3078 1130 Homo
3123 1078 3301 1146 utique
3342 1084 3457 1133 erat
3486 1087 3642 1134 ante-

2061 1178 2219 1232 quam
2248 1172 2529 1233 generaret
2560 1166 2745 1233 ﬁlium,
2778 1166 2949 1236 major
2982 1176 3063 1221 est
3092 1168 3199 1222 lilio
3228 1184 3325 1223 suo
3356 1185 3369 1223 :
3396 1176 3449 1224 et
3477 1184 3647 1239 equus

2063 1265 2177 1310 erat
2215 1265 2495 1327 antequam
2544 1269 2821 1327 generaret
2871 1260 3058 1326 ﬁlium,
3099 1268 3153 1314 et
3190 1262 3323 1326 ovis,
3366 1269 3419 1317 et
3452 1270 3646 1319 cetera

2062 1355 2331 1408 animalia.
2361 1356 2746 1412 Similitudines
2773 1357 3026 1412 adhibent
3054 1358 3121 1412 de
3152 1356 3431 1411 creaturis.

2134 1444 2361 1503 CAPUT
2401 1446 2492 1501 Vl.
2522 1478 2591 1487 —
2616 1449 2669 1503 9.
2700 1448 3129 1502 Similitudinibus
3160 1456 3323 1501 tamen
3349 1462 3449 1500 non
3477 1445 3650 1500 nititur

2066 1546 2237 1591 nostra
2262 1539 2389 1607 ﬁdes
2419 1539 2481 1592 de
2516 1539 2692 1593 Verbo.
2724 1538 2882 1607 Quid,
2912 1540 3064 1595 nobis
3086 1537 3431 1593 laborandum
3459 1544 3562 1602 est,
3590 1544 3651 1590 ut

2066 1638 2121 1683 et
2165 1645 2262 1685 nos
2307 1631 2637 1686 inveniamus
2686 1631 3062 1688 similitudines
3106 1646 3289 1686 earum
3316 1645 3495 1685 rerum
3520 1642 3652 1696 quas

2066 1725 2355 1778 astruimus
2378 1725 2401 1775 ?
2427 1723 2603 1791 Quid?
2634 1724 2681 1778 si
2712 1738 2817 1778 non
2858 1724 3171 1789 invenirem,
3212 1738 3318 1777 non
3351 1729 3498 1777 recte
3523 1736 3653 1790 pos-

2067 1830 2180 1869 sem
2209 1815 2406 1880 dicere,
2431 1816 2685 1870 Nativitas
2704 1816 2972 1871 Creatoris
3003 1816 3227 1870 fortasse
3252 1814 3650 1870 similitudinem

2068 1906 2121 1961 in
2151 1915 2396 1962 creatura
2423 1922 2529 1961 non
2569 1907 2766 1963 habet?
2809 1908 3017 1976 Quanto
3037 1909 3178 1963 enim
3208 1916 3422 1977 superat
3446 1921 3506 1961 ea
3536 1922 3653 1977 qua:

2071 2000 2156 2059 hic
2187 2010 2312 2055 sunt
2338 2001 2391 2054 in
2414 2015 2481 2056 eo
2504 2000 2644 2070 quod
2679 2001 2749 2055 ibi
2781 2010 2881 2066 est,
2906 2009 3051 2055 tanto
3086 2008 3305 2070 superat
3330 2014 3392 2054 ea
3422 2014 3539 2069 quae
3570 1998 3657 2052 hic

2067 2100 2359 2145 nascuntur
2384 2091 2437 2145 in
2465 2106 2529 2146 eo
2563 2090 2704 2161 quod
2730 2090 2801 2144 ibi
2831 2100 2984 2146 natus
3010 2098 3108 2145 est.
3142 2091 3329 2145 Omnia
3367 2105 3462 2160 per
3488 2090 3655 2143 Deum

2072 2184 2158 2237 hic
2182 2191 2306 2237 sunt
2333 2200 2347 2236 :
2381 2192 2434 2238 et
2460 2183 2583 2266 quid
2624 2191 2797 2237 tamen
2834 2193 2915 2239 est
2935 2181 3349 2253 comparandum
3380 2181 3491 2235 Dee
3512 2183 3535 2232 ?
3565 2179 3655 2234 Sic

2070 2275 2247 2327 omnia
2278 2290 2394 2342 quae
2422 2274 2506 2329 hic
2546 2282 2852 2339 nascuntur,
2899 2274 2990 2328 ille
3028 2272 3293 2328 efﬁciente
3342 2280 3653 2326 nascuntur.

2072 2365 2139 2420 Et
2167 2366 2243 2420 sic
2271 2364 2493 2421 forsitan
2521 2381 2625 2420 non
2656 2366 2922 2421 invenitur
2954 2364 3125 2434 aliqua
3145 2363 3436 2419 similitudo
3461 2362 3655 2416 nativi-

2072 2458 2195 2512 tatis
2220 2458 2353 2527 ejus,
2386 2458 2652 2528 quomodo
2680 2474 2786 2512 non
2818 2458 3084 2512 invenitur
3110 2466 3161 2511 et
3186 2455 3493 2510 substantia:
3518 2454 3654 2523 ejus,

2073 2557 2128 2603 et
2173 2549 2633 2613 immutabilitatis,
2674 2549 2990 2615 divinitatis,
3022 2548 3314 2617 majestatis
3356 2546 3492 2615 ejus.
3522 2544 3657 2612 Quid

2075 2642 2217 2695 enim
2256 2642 2431 2697 simile
2469 2642 2554 2697 hic
2579 2643 2802 2696 inveniri
2832 2641 3040 2713 potest?
3066 2640 3125 2695 Si
3154 2655 3282 2710 ergo
3312 2638 3532 2693 forsitan
3559 2651 3660 2691 nec

2074 2732 2363 2787 nativitatis
2406 2733 2693 2787 similitudo
2736 2733 3051 2799 inveniatur,
3097 2730 3349 2801 numquid
3395 2729 3517 2784 inde
3564 2743 3661 2797 ep-

2077 2837 2293 2892 prcssus
2322 2838 2461 2889 sum,
2490 2825 2608 2894 quia
2647 2839 2751 2877 non
2796 2823 2974 2878 inveni
3014 2822 3385 2877 similitudines
3421 2819 3661 2875 Creatori

2075 2915 2341 2981 omnium,
2384 2917 2434 2969 in
2462 2926 2701 2969 creatura
2729 2917 2947 2986 cupiens
2988 2916 3225 2971 invenire
3258 2914 3396 2986 quod
3424 2922 3564 2969 esset
3591 2912 3664 2967 si-

2076 3005 2203 3060 mile
2231 3004 2503 3060 Creatori?

2149 3098 2235 3154 10.
2279 3098 2646 3154 Similitudines
2686 3100 2960 3153 nativitatis
2984 3096 3106 3154 Filii
3156 3098 3250 3153 Dei
3284 3098 3588 3170 imperfecta:
3612 3097 3665 3151 in

2083 3189 2344 3243 creaturis.
2392 3188 2623 3243 Cowvum
2665 3199 2711 3243 et
2736 3199 3060 3244 cowternum.
3094 3189 3163 3244 Et
3203 3203 3409 3257 revera,
3451 3187 3666 3254 fratres,

2080 3298 2187 3338 non
2231 3297 2350 3338 sum
2397 3282 2705 3337 inventurus
2746 3283 3068 3353 temporales
3106 3282 3501 3349 similitudines,
3533 3295 3666 3352 quas

2080 3373 2360 3428 mternitati
2398 3374 2596 3442 possim
2626 3389 2956 3444 comparare.
2989 3373 3094 3430 Sed
3121 3382 3175 3429 et
3204 3383 3259 3428 tu
3298 3388 3429 3443 quas
3456 3373 3667 3428 inveni-

2081 3468 2170 3532 sti,
2200 3466 2326 3537 quid
2346 3468 2505 3521 sunt?
2530 3467 2667 3534 Quid
2694 3468 2836 3522 enim
2860 3466 3145 3522 invenisti?
3169 3466 3301 3534 Quia
3326 3474 3478 3536 pater
3496 3466 3670 3536 major

2081 3566 2163 3613 est
2204 3567 2444 3627 tempore
2488 3572 2643 3627 quam
2685 3557 2823 3612 ﬁlius
2871 3575 2884 3612 :
2921 3565 2974 3612 et
3020 3557 3139 3611 ideo
3176 3558 3257 3610 vis
3296 3565 3356 3611 ut
3380 3556 3543 3611 Filius
3574 3556 3669 3611 Del

2082 3657 2321 3717 tempore
2360 3647 2536 3702 minor
2581 3648 2650 3702 sit
2686 3664 2845 3718 quam
2889 3648 3047 3703 Pater
3085 3656 3336 3713 aeternus,
3367 3648 3489 3718 quia
3519 3648 3669 3702 inve-

2082 3741 2209 3796 nisti
2242 3741 2501 3795 minorem
2542 3739 2706 3794 ﬁlium
2744 3749 2891 3810 patre
2917 3740 3213 3810 temporali.
3257 3740 3335 3796 Da
3359 3739 3489 3794 mihi
3516 3748 3672 3794 reter-

2085 3848 2211 3888 num
2251 3842 2454 3902 patrem
2486 3832 2594 3898 hic,
2638 3841 2693 3887 et
2734 3831 2982 3888 invenisti
3024 3831 3444 3887 similitudinem.
3478 3830 3670 3887 Filium

2086 3926 2348 3980 minorem
2377 3924 2583 3979 invenis
2620 3933 2771 3994 patre
2814 3925 2867 3979 in
2909 3934 3169 3995 tempore,
3202 3925 3368 3980 tilium
3399 3934 3673 3995 tempera-

2085 4015 2191 4070 lem
2240 4016 2500 4069 minorem
2553 4024 2701 4085 patre
2751 4016 3049 4085 temporali.
3106 4016 3370 4086 Numquid
3425 4016 3672 4073 invenisti

2089 4106 2217 4160 mihi
2246 4106 2410 4160 ﬁlium
2442 4107 2786 4177 temporalem
2819 4107 3080 4162 minorem
3104 4116 3307 4162 aeterno
3335 4108 3532 4178 patre?

2159 4197 2386 4253 CAPUT
2430 4197 2538 4250 Vll.
2567 4228 2638 4237 —
2665 4198 2798 4265 Quia
2834 4213 2965 4270 ergo
3003 4200 3055 4253 in
3085 4199 3379 4256 mtcrnitate
3417 4200 3676 4257 stabilitas

2089 4295 2190 4353 est,
2229 4290 2281 4342 in
2321 4296 2558 4358 tempore
2587 4297 2762 4343 autem
2790 4290 3049 4356 varietas;
3078 4291 3133 4345 in
3172 4292 3469 4348 aeternitate
3496 4293 3676 4347 omnia

2094 4386 2256 4446 stant,
2289 4379 2343 4433 in
2365 4387 2606 4449 tempore
2639 4380 2739 4434 alia
2766 4381 3041 4447 accedunt,
3083 4383 3184 4438 alia
3211 4385 3503 4440 succedunt
3539 4402 3553 4438 :
3581 4400 3678 4455 pe-

2093 4471 2456 4539 tes_invenire
2497 4470 2758 4526 minorem
2804 4472 2973 4527 ﬁlium
3016 4474 3071 4528 in
3124 4475 3381 4531 varietate
3423 4476 3678 4545 temporis

2094 4563 2466 4619 succedentem
2488 4565 2645 4633 patri,
2677 4565 2798 4634 quia
2825 4565 2987 4621 etiam
3011 4567 3267 4636 patrisuo
3292 4568 3402 4637 ipse
3423 4568 3680 4623 successit

2095 4670 2204 4709 non
2249 4662 2452 4709 aeterne
2497 4655 2634 4725 patri
2678 4658 3005 4725 temporalis.
3048 4657 3185 4726 Quid
3218 4672 3345 4729 ergo
3377 4673 3678 4729 possumus,

2098 4745 2289 4799 fratres
2316 4745 2442 4813 mei,
2470 4745 2526 4798 in
2554 4754 2797 4801 creatura
2834 4747 3071 4804 invenire
3096 4756 3439 4817 ceteternum,
3471 4751 3682 4821 quando

2099 4836 2154 4891 in
2184 4845 2428 4893 creatura
2473 4838 2607 4893 nihil
2647 4839 2946 4896 invenimus
2970 4842 3261 4896 aeternum?
3302 4841 3483 4898 Inveni
3523 4853 3682 4899 teter-

2099 4945 2227 4985 num
2253 4940 2457 5000 patrem
2479 4931 2532 4985 in
2553 4940 2814 4997 creatura,
2837 4941 2891 4987 et
2914 4933 3125 4989 invenio
3145 4943 3466 4989 ceaeteruum
3493 4934 3681 4991 ﬁlium.

2102 5023 2160 5078 Si
2186 5031 2360 5078 autem
2390 5038 2495 5079 non
2521 5024 2731 5081 invenis
2759 5032 3036 5093 aeternum,
3059 5026 3359 5097 etvincunt
3389 5042 3449 5083 se
3469 5027 3522 5082 in
3550 5036 3686 5083 tem-

2102 5128 2265 5184 pore;
2310 5114 2503 5169 sufﬁcit
2547 5124 2604 5171 ut
2637 5116 2703 5171 ad
2743 5116 3146 5172 similitudinem
3174 5117 3505 5174 inveniamus
3540 5134 3684 5175 cete-

2102 5221 2247 5261 vum.
2304 5206 2460 5261 Aliud
2506 5216 2591 5263 est
2639 5208 2782 5263 enim
2828 5218 3192 5278 coaeternum,
3238 5210 3380 5265 aliud
3422 5226 3683 5267 cetevum.

2104 5296 2323 5353 Ceaevos
2363 5298 2600 5368 quotidie
2645 5299 2869 5356 dicimus
2913 5314 3005 5355 eos
3063 5301 3153 5371 qui
3202 5300 3443 5358 eamdem
3488 5302 3689 5358 habent

2106 5403 2407 5444 mensuram
2441 5398 2739 5460 temporum
2770 5409 2784 5445 :
2815 5406 2920 5446 non
2947 5391 3081 5447 alter
3120 5390 3188 5446 ab
3225 5392 3393 5449 altero
3432 5393 3690 5464 praecedi-

2108 5490 2195 5535 tur
2231 5488 2490 5550 tempore,
2523 5482 2707 5536 ambos
2749 5490 2925 5537 tamen
2971 5496 3090 5538 esse
3116 5484 3362 5554 caepisse,
3390 5498 3525 5555 quos
3552 5484 3688 5540 dici-

2108 5589 2227 5628 mus
2252 5588 2482 5629 cezevos.
2523 5574 2578 5629 Si
2623 5576 2947 5643 potuerimus
2990 5575 3229 5633 invenire
3268 5593 3503 5634 coaevum
3547 5578 3691 5650 quod

2110 5666 2345 5721 nascitur
2369 5665 2418 5720 ei
2444 5680 2474 5719 a
2508 5679 2613 5736 quo
2638 5666 2902 5734 nascitur;
2930 5668 2975 5723 si
3005 5678 3226 5739 possunt
3251 5670 3476 5727 inveniri
3509 5687 3688 5733 coacva

2108 5757 2216 5815 dae
2269 5771 2527 5830 generans
2572 5765 2624 5813 et
2663 5765 2944 5830 generatus
2989 5779 3004 5831 ;
3036 5759 3121 5818 hic
3160 5761 3456 5822 invenimus
3488 5777 3691 5853 οοωησ
