4006 6438
492 364 598 423 667

493 478 567 535 ibi
596 479 949 550 intelligamus
990 480 1277 533 coaeterna.
1322 471 1378 531 Si
1414 469 1505 526 hic
1532 476 1798 525 invenero
1837 466 2077 539 genitum

384 620 395 626 -
491 588 560 628 ex
590 588 656 628 eo
695 586 815 627 esse
853 568 1084 640 coepisse
1115 582 1179 623 ex
1209 580 1317 637 quo
1355 562 1518 635 coepit
1554 568 1858 634 generator,
1884 556 2079 615 intelli-

491 663 667 741 gimus
691 673 837 720 certe
878 660 1070 719 Filium
1114 659 1208 719 Dei
1250 674 1314 716 ex
1355 672 1421 713 eo
1446 671 1566 713 esse
1592 670 1698 711 non
1736 652 1984 723 cepisse,
2011 664 2079 705 ex

490 774 600 831 quo
622 773 730 813 non
756 758 918 827 cmpit
949 763 1247 827 generator,
1282 753 1421 809 Ecce
1453 749 1709 816 fortasse,
1745 746 1958 811 fratres,
1998 743 2084 799 in-

490 851 741 909 venimus
787 849 983 921 aliquid
1028 850 1079 904 in
1121 855 1386 911 creatura,
1415 844 1557 917 quod
1582 843 1650 898 de
1675 842 1779 898 alia
1805 855 1864 896 re
1893 851 2080 894 nasca-

491 952 597 1011 tur,
628 950 684 998 et
713 951 887 998 tamen
931 957 997 999 ex
1031 956 1097 996 eo
1139 949 1377 1010 tempore
1414 952 1534 995 esse
1570 934 1806 1005 incipiat,
1860 946 1925 987 ex
1972 942 2079 1000 quo

494 1032 652 1099 carpit
695 1031 824 1089 illud
871 1032 1013 1090 unde
1059 1031 1311 1087 nascitur.
1358 1029 1469 1084 Hoc
1505 1043 1573 1083 ex
1619 1042 1685 1084 eo
1714 1039 1780 1080 ex
1813 1036 1918 1094 quo
1948 1018 2079 1076 illud

488 1126 667 1194 cmpit,
703 1124 830 1179 illud
861 1140 927 1180 ex
970 1140 1036 1180 eo
1070 1139 1133 1180 ex
1167 1138 1272 1194 quo
1296 1121 1429 1179 illud
1459 1136 1565 1176 non
1599 1118 1779 1189 cmpit.
1810 1116 1923 1175 Hoc
1949 1127 2077 1184 ergo

486 1231 745 1283 comvum,
778 1215 901 1271 illud
933 1226 1278 1273 comternum.

444 1339 451 1353 ι
556 1304 784 1365 CAPUT
827 1308 958 1365 Vill.
989 1340 1060 1349 --
1091 1310 1177 1364 Η.
1224 1307 1290 1362 lu
1318 1308 1494 1363 cowvis
1540 1303 1817 1362 similitudo
1845 1300 2079 1373 quazdam

501 1396 645 1457 Verbi
692 1402 928 1457 consterni
978 1390 1123 1457 Deof
1156 1400 1299 1473 Ignis
1354 1408 1399 1455 et
1460 1399 1549 1454 lux
1599 1413 1787 1453 cowva.
1832 1394 2080 1453 Arbitror

492 1493 839 1550 Sanctitatem
884 1505 1113 1550 vestram
1137 1493 1245 1564 jam
1274 1492 1598 1549 intellexisse
1635 1489 1774 1561 quod
1800 1489 1942 1555 dico,
1970 1502 2077 1541 non

488 1600 652 1656 posse
695 1588 994 1659 comparari
1039 1586 1345 1658 temporalia
1386 1585 1651 1650 internis;
1701 1583 1797 1640 sed
1829 1598 1983 1655 posse
2008 1598 2079 1638 ex

486 1676 662 1750 aliqua
689 1679 833 1734 tenui
861 1688 915 1733 et
945 1694 1104 1748 parva
1157 1676 1504 1733 similitudine
1544 1692 1724 1733 eozrva
1770 1675 2076 1731 eomternis.

488 1768 824 1827 lnveniamus
852 1770 1029 1839 itaque
1050 1784 1249 1836 corrva,
1280 1769 1428 1825 etde
1466 1767 1753 1839 Scripturis
1785 1767 2076 1823 admonea-

487 1879 610 1918 mur
633 1861 699 1918 ad
736 1861 834 1919 has
883 1844 1280 1919 similitudines.
1317 1862 1567 1932 Legimus
1594 1863 1646 1916 in
1695 1858 1984 1932 Seripturis
2009 1859 2076 1916 de

484 1953 599 2024 ipsa
623 1951 915 2024 Sapientia,
938 1950 1143 2008 Candor
1179 1962 1251 2007 est
1278 1956 1409 2007 enim
1432 1952 1559 2007 lucis
1588 1962 1807 2007 (τίει-ηαξ.
1841 1951 1971 2006 ltem
2001 1950 2078 2006 le-

481 2043 676 2116 gimus,
724 2044 1003 2116 Speculum
1048 2046 1156 2100 sine
1185 2044 1384 2099 macula
1431 2043 1526 2098 Dei
1580 2046 1857 2114 majestatis
1889 2040 1908 2114 (
1939 2042 2073 2112 Sap.

488 2152 583 2203 vn,
612 2136 683 2193 ‘26
710 2134 753 2211 ).
777 2135 894 2206 ipsa
915 2136 1184 2207 Sapientia
1198 2137 1337 2193 dicta
1354 2146 1439 2193 est
1464 2137 1811 2197 candnrlucis
1834 2149 2074 2204 aeterna),

486 2225 628 2284 dicta
656 2238 738 2284 est
769 2228 942 2299 imago
962 2230 1167 2283 l'atris:
1195 2229 1320 2285 hinc
1347 2230 1617 2300 capiamus
1649 2229 2075 2296 similitudinem,

486 2332 543 2377 ut
569 2322 904 2378 inveniamus
923 2338 1122 2389 coieva,
1151 2338 1216 2379 ex
1256 2323 1450 2393 quibus
1473 2322 1832 2393 intelligamus
1853 2332 2077 2378 comter-

486 2429 575 2469 na.
604 2413 647 2469 Ο
674 2413 893 2481 Ariaue,
929 2414 975 2470 si
1006 2415 1259 2469 invenero
1282 2415 1577 2485 genitorem
1619 2432 1724 2470 non
1771 2416 2078 2485 praecedere

492 2516 739 2578 tempore
790 2508 917 2563 illud
948 2509 1087 2579 quod
1120 2509 1321 2580 genuit,
1351 2510 1397 2564 si
1423 2510 1660 2580 genitum
1692 2526 1799 2565 non
1829 2526 1948 2566 esse
1979 2512 2078 2567 mi-

485 2613 673 2654 norem
716 2608 959 2669 tempore
988 2599 1079 2655 illo
1104 2615 1132 2655 a
1178 2616 1284 2671 quo
1310 2610 1595 2671 generatus
1623 2610 1739 2668 est;
1766 2602 1968 2672 justum
1995 2610 2081 2658 est

487 2699 546 2745 ut
598 2690 863 2747 concedas
904 2690 1036 2747 mihi
1082 2707 1243 2764 posse
1289 2693 1391 2749 ista
1416 2703 1682 2749 cozeterna
1736 2695 1966 2751 inveniri
2022 2696 2076 2751 in

489 2782 765 2850 Creatore,
799 2785 1015 2856 quando
1064 2802 1244 2841 comva
1272 2787 1324 2842 in
1355 2799 1598 2843 creatura
1626 2789 1850 2843 inveniri
1889 2799 2078 2859 potue-

486 2886 631 2933 runt.
659 2877 778 2933 Jam
833 2878 1046 2945 quidem
1076 2879 1342 2951 aliquibus
1385 2881 1635 2938 fratribus
1666 2882 1770 2939 hoc
1795 2899 2081 2939 occurrere

490 2980 636 3041 puto.
667 2970 799 3027 Nam
824 2982 1199 3043 praevenerunt
1222 2974 1388 3045 aliqui
1406 2992 1469 3030 ex
1496 2991 1602 3045 quo
1623 2976 1756 3042 dixi,
1782 2975 1985 3031 Candor
2008 2986 2082 3031 est

489 3065 624 3118 enim
665 3064 800 3119 lucis
850 3075 1072 3120 teternw.
1106 3065 1247 3136 Ignis
1276 3067 1419 3121 enim
1476 3068 1647 3122 lucem
1674 3067 1865 3134 ftmdit,
1895 3070 1984 3124 lux
2014 3071 2083 3126 ab

490 3155 612 3227 igne
640 3156 900 3215 funditur.
934 3156 1072 3225 Quid
1100 3173 1130 3211 o
1160 3174 1266 3227 quo
1284 3158 1499 3225 existat,
1529 3160 1572 3214 si
1599 3174 1924 3229 qumramus,
1947 3176 2080 3231 quo-

490 3249 622 3306 tidie
660 3265 780 3306 cum
806 3249 1079 3307 lucernam
1109 3250 1471 3317 accendimus,
1494 3250 1845 3307 admonemur
1884 3253 1962 3308 rei
1987 3269 2081 3308 eu-

486 3339 700 3412 jusdam
726 3341 1007 3399 invisibilis
1056 3351 1112 3397 et
1138 3342 1533 3409 inenarrabilis,
1574 3350 1632 3397 ut
1660 3343 1874 3399 lucerna
1902 3345 2081 3416 aliqua

489 3430 853 3503 intelligentiae
882 3442 1086 3489 nostra:
1107 3434 1157 3489 in
1184 3434 1282 3490 ista
1303 3442 1462 3490 nocte
1490 3434 1669 3489 saeculi
1694 3435 1864 3505 possit
1884 3451 2077 3492 accen-

490 3523 567 3578 di.
591 3524 821 3581 Attende
850 3540 971 3581 eum
992 3526 1085 3596 qui
1103 3526 1379 3583 lucernam
1421 3526 1683 3583 accendit.
1707 3526 1823 3583 Non
1853 3544 2081 3586 accensa

491 3617 731 3688 lucerna,
756 3620 998 3677 nondum
1021 3632 1102 3678 est
1129 3623 1289 3694 ignis,
1329 3623 1565 3679 nondum
1591 3634 1677 3682 est
1704 3635 1759 3682 et
1782 3626 1955 3698 fulgor
1991 3629 2082 3699 qui

493 3707 563 3763 ab
590 3708 715 3781 igne
757 3712 886 3767 exit.
914 3711 1194 3783 interrogo
1218 3722 1397 3769 autem
1426 3730 1544 3785 ego,
1587 3724 1644 3771 et
1669 3715 1790 3773 dico
1824 3735 1836 3771 :
1883 3717 2084 3789 Fu‘lgor

490 3801 558 3858 ab
589 3801 711 3874 igne
728 3805 932 3872 existit,
963 3820 1031 3861 an
1056 3805 1194 3877 ignis
1211 3821 1244 3861 a
1274 3805 1518 3877 fulgore?
1544 3807 1731 3864 Omnis
1772 3809 1951 3865 anima
1980 3811 2083 3866 mi-

490 3895 546 3951 bi
570 3897 895 3967 respondet:
924 3898 1092 3954 voluit
1109 3900 1254 3956 enim
1282 3899 1426 3957 Deus
1458 3901 1780 3958 inseminare
1800 3907 1947 3959 oinnt
1965 3906 2082 3960 ani-

493 4005 597 4044 mm
641 3989 794 4045 initia
834 3991 1160 4063 intellectus,
1196 3993 1346 4051 initia
1393 3994 1671 4064 sapientis:
1703 4012 1716 4048 :
1746 3997 1922 4051 omnis
1950 3997 2081 4052 mihi

492 4083 670 4139 anima
700 4085 1008 4156 respondet,
1056 4096 1115 4143 et
1160 4103 1323 4145 nemo
1375 4088 1603 4154 dubitat,
1636 4091 1780 4160 quod
1829 4092 2081 4161 splendor

491 4176 586 4232 ille
612 4176 680 4231 de
704 4177 828 4248 igne
855 4178 1058 4247 existit,
1100 4195 1209 4236 non
1233 4181 1370 4251 ignis
1393 4182 1463 4237 de
1476 4183 1783 4253 splendore.
1812 4184 2082 4242 Ponamus

474 4282 620 4338 ergo
634 4267 813 4338 ignem
837 4278 1043 4341 patrem
1072 4270 1215 4327 illius
1242 4272 1546 4341 splendoris
1578 4293 1591 4328 :
1624 4275 1747 4346 qm'a
1788 4276 1899 4347 jam
1940 4292 2080 4348 prte-

491 4357 656 4414 locuti
678 4373 870 4419 sumus
885 4376 1075 4419 octava
1116 4378 1219 4425 nos
1246 4379 1506 4434 querere,
1552 4382 1661 4423 non
1704 4378 1992 4425 eomtema.
2022 4371 2081 4428 Si

491 4451 769 4509 lucernam
820 4455 1121 4517 accendere
1168 4459 1354 4529 cupio,
1400 4460 1641 4516 nendum
1670 4470 1751 4518 est
1801 4463 1874 4520 ibi
1920 4465 2077 4535 ignis,

490 4546 727 4625 nondum
750 4556 808 4604 et
848 4548 945 4604 ille
970 4550 1226 4619 splendor
1256 4568 1273 4606 :
1312 4566 1438 4608 mox
1467 4560 1646 4610 autem
1673 4565 1730 4609 ut
1760 4557 2075 4624 accendere,

488 4638 779 4694 simuleum
805 4640 928 4711 igne
944 4649 1010 4698 et
1033 4642 1501 4712 splendoresistit.
1530 4651 1602 4700 Da
1623 4647 1709 4702 hic
1738 4648 1869 4702 mihi
1902 4648 2080 4719 ignem

490 4732 608 4787 sine
656 4734 972 4804 splendore.
1021 4744 1076 4791 et
1122 4736 1339 4792 eredo‘
1368 4738 1463 4795 tibi
1514 4738 1725 4796 Patrem
1774 4741 1938 4797 fuisse
1964 4742 2081 4798 sine

489 4822 652 4879 Filio.

559 4912 786 4973 CAPUT
822 4916 914 4977 IX.
940 4940 1015 4960 ι·-
1037 4919 1126 4976 η.
1150 4918 1271 4975 Alis
1290 4936 1483 4991 nmo,
1512 4923 1682 4996 biiugo
1733 4932 1778 4979 et
1821 4940 1901 4980 res
1949 4926 2084 4982 unde

489 5009 740 5063 nascitur.
786 5009 1060 5067 Attendite
1089 5028 1102 5065 ε
1133 5011 1276 5068 dicta
1302 5022 1467 5069 estut
1490 5017 1667 5085 potuit
1696 5032 1726 5072 a
1757 5018 1910 5074 nobis
1932 5027 2081 5075 tanta

494 5107 585 5149 res
612 5092 736 5160 dici,
773 5094 997 5153 Domino
1021 5096 1304 5167 adiuvante
1329 5098 1677 5157 intentionem
1700 5103 1964 5160 orationis
1982 5120 2080 5161 vea-

487 5194 614 5243 strre
638 5195 696 5243 et
709 5189 1147 5258 praeparationem
1175 5191 1352 5247 contis
1377 5192 1561 5260 vestri,
1598 5196 1883 5266 excepistis
1907 5213 2081 5268 quau-

503 5284 617 5331 tum
638 5291 830 5348 capere
855 5278 1124 5349 potuistis.
1169 5279 1261 5337 Illa
1288 5290 1468 5338 tamen
1493 5282 1779 5342 ineffabilia
1807 5295 1952 5343 sunt.
1983 5288 2080 5344 Ni-

497 5367 577 5423 hil
625 5369 844 5441 dignum
890 5372 1088 5442 putetis
1122 5372 1347 5443 dictum,
1384 5376 1468 5431 vel
1502 5388 1573 5431 eo
1619 5375 1737 5447 ipso
1764 5393 1870 5449 quo
1902 5394 2082 5437 cemvs

489 5461 774 5517 comternis
797 5474 1193 5532 componatur,
1223 5468 1534 5535 temporalia
1562 5483 1774 5540 semper
1816 5475 2084 5530 manenti-

491 5551 616 5621 bus,
640 5554 1035 5625 exstinguibilia
1065 5557 1475 5615 immortalibus.
1521 5559 1628 5617 Sed
1656 5562 1780 5633 quia
1804 5564 1980 5623 dictus
1999 5575 2082 5624 est

490 5644 728 5704 Filiuset
753 5646 926 5718 imago
954 5648 1143 5714 Patris,
1162 5651 1486 5720 occipitium
1510 5660 1565 5707 et
1584 5651 1708 5709 hinc
1734 5654 1965 5727 aliquam
2009 5659 2084 5714 εἰς

492 5735 845 5793 militudiuem
863 5738 914 5794 in
932 5739 1091 5796 rebus
1106 5741 1263 5813 longe
1283 5742 1676 5819 maerentibus,
1710 5756 1769 5806 ut
1804 5750 2085 5822 praelocuti

556 5850 722 5908 δυο-
743 5850 1073 5909 om
1091 5860 1222 5924 tus"
1243 5858 1380 5913 «de.

1729 352 1790 409 S.
1830 345 2195 410 AUGUSTINI
2232 344 2537 403 EPlSCOPl

2190 475 2396 516 sumus.
2440 443 2849 531 Imago-existit
2893 457 3196 531 despeculo
3240 457 3475 519 hominis
3515 457 3761 520 intuentis

2187 552 2485 622 speculum.
2517 550 2634 607 Non
2660 551 2814 606 nobis
2846 558 3029 620 potest
3053 549 3329 619 sull'ragari
3357 549 3425 607 ad
3451 550 3760 608 evidentiam

2185 644 2263 702 rei
2294 644 2469 713 hujus,
2512 658 2674 714 quam
2700 642 2971 712 explicare
3011 648 3303 710 utcumque
3342 656 3617 698 conamur.
3676 643 3761 699 Et-

2185 736 2327 793 enim
2378 734 2573 791 dieitur
2617 734 2747 790 mihi
2777 751 2789 787 :
2818 733 2911 789 ille
2934 732 3025 804 qui
3068 732 3294 788 attendit
3321 732 3618 804 speculum,
3662 732 3763 803 jam

2184 829 2368 900 utique
2401 835 2536 894 erat,
2566 825 2752 897 etiam
2797 834 2953 880 natus
2978 834 3111 880 erat.
3134 824 3324 881 Existit
3354 825 3529 894 imago
3554 839 3677 878 mox
3715 834 3766 880 ut

2182 929 2432 992 aspector
2460 918 2740 976 exstiterit.
2775 916 2907 973 Nam
2935 917 3025 972 ille
3052 916 3144 988 qui
3175 916 3411 985 inspicit,
3440 925 3559 971 erat
3596 927 3647 971 et
3672 932 3763 973 au-

2185 1023 2403 1087 tequam
2446 1012 2728 1071 accederet
2765 1011 2832 1067 ad
2874 1011 3167 1083 speculum.
3203 1010 3341 1081 Quid
3371 1025 3501 1081 ergo
3529 1009 3766 1067 invenie-

2182 1123 2323 1176 mus,
2350 1107 2493 1164 unde
2521 1107 2786 1179 possimus
2805 1120 2995 1163 eruere
3021 1105 3178 1160 talem
3210 1103 3632 1169 similitudinem,
3662 1104 3765 1159 sic-

2182 1209 2239 1257 ut
2266 1200 2503 1257 eruimus
2542 1199 2609 1255 de
2650 1200 2771 1270 igne
2808 1206 2863 1253 et
2888 1195 3211 1267 splendore?
3241 1196 3519 1253 Faciamus
3558 1211 3589 1250 a
3616 1194 3768 1251 mini-

2182 1308 2273 1348 mo
2303 1298 2344 1347 ι.
2389 1291 2565 1347 Facile
2615 1291 2785 1347 nostis
2826 1289 3275 1361 quemadmodum
3311 1304 3445 1360 aqua
3484 1302 3764 1357 corporum

2183 1400 2325 1456 saepe
2352 1385 2539 1440 reddat
2567 1384 2841 1454 imagines.
2861 1383 2976 1439 Hoc
3008 1382 3233 1440 dicimus
3258 1398 3273 1447 ;
3296 1379 3513 1451 quando
3540 1380 3765 1451 quisque

2181 1479 2265 1535 vel
2288 1479 2476 1533 transit
2502 1493 2666 1550 super
2707 1492 2900 1548 aquam
2930 1475 3017 1531 vel
3042 1483 3171 1540 stat,
3218 1474 3362 1529 videt
3391 1474 3461 1529 ibi
3490 1473 3769 1544 imaginem

2180 1586 2352 1629 suam.
2382 1570 2646 1651 Ppnamus
2663 1583 2791 1641 ergo
2807 1566 3005 1637 aliquid
3036 1575 3218 1622 natum
3245 1580 3406 1634 super
3425 1580 3642 1635 aquam,
3665 1563 3772 1620 vel-

2180 1675 2239 1722 ut
2268 1666 2553 1735 virgultum
2594 1672 2686 1719 aut
2739 1661 2982 1726 herbam,
3035 1677 3213 1717 nonne
3244 1676 3367 1716 eum
3408 1659 3640 1731 imagine
3683 1675 3768 1717 sus

2181 1757 2451 1812 nascitur?
2472 1756 2593 1811 Mox
2620 1763 2677 1810 ut
2698 1754 2881 1824 incipit
2902 1754 3155 1821 existere,
3191 1753 3377 1823 incipit
3400 1768 3524 1808 cum
3540 1752 3634 1808 illo
3661 1751 3770 1807 exi-

2180 1856 2323 1904 stere
2374 1847 2549 1916 imago
2577 1846 2713 1916 ejus,
2744 1860 2848 1901 non
2872 1843 3125 1914 prmcedit
3172 1844 3445 1899 nascendo
3490 1842 3773 1913 itusginem

2179 1954 2330 1994 suam
2364 1954 2376 1990 :
2404 1952 2510 1991 non
2559 1937 2691 1991 mihi
2720 1935 3021 1992 ostenditur
3054 1944 3237 1991 uatum
3265 1950 3387 1989 esse
3440 1934 3647 2004 aliquid
3692 1949 3777 1991 suo

2180 2047 2276 2102 per
2302 2047 2519 2101 aquam,
2556 2038 2614 2084 et
2658 2040 2842 2099 postea
2864 2028 3173 2098 apparuisse
3200 2028 3480 2097 imaginem
3500 2028 3774 2097 ejus,cum

2182 2122 2312 2187 illud
2335 2123 2450 2177 sine
2479 2122 2709 2192 imagine
2734 2121 2881 2192 prius
2918 2128 3237 2191 appareret;
3279 2120 3369 2174 sed
3396 2121 3631 2175 nascitur
3661 2136 3777 2177 cum

2181 2214 2412 2285 imagine
2448 2229 2546 2269 sua
2578 2221 2668 2268 :et
2710 2221 2891 2267 tamen
2945 2212 3121 2282 imago
3149 2211 3217 2265 ab
3258 2212 3370 2275 illo,
3402 2226 3509 2267 non
3553 2211 3687 2269 illud
3712 2212 3777 2270 ab

2180 2307 2427 2378 imagine.
2455 2306 2697 2363 Nascitur
2711 2322 2838 2381 ergo
2857 2321 2979 2362 cum
3006 2305 3234 2376 imagine
3257 2320 3376 2373 sua,
3389 2314 3444 2361 et
3474 2305 3637 2362 simul
3660 2321 3779 2365 esse

2179 2398 2437 2467 incipiunt
2490 2398 2774 2469 virgultum
2833 2406 2890 2452 et
2942 2398 3117 2468 imago
3164 2400 3303 2466 ejus.
3349 2397 3616 2468 Numquid
3677 2413 3780 2455 non

2179 2489 2360 2546 fateris
2380 2492 2660 2562 imaginem
2685 2506 2808 2546 esse
2848 2490 2916 2546 de
2946 2490 3038 2547 illo
3078 2490 3325 2561 virgulto,
3357 2506 3467 2549 non
3490 2491 3779 2561 virgultum

2180 2581 2248 2639 de
2271 2582 2500 2653 imagine
2529 2580 2810 2648 genitum?
2850 2581 2992 2651 Ergo
3020 2579 3088 2636 de
3110 2580 3205 2636 illo
3232 2581 3465 2653 virgulto
3501 2582 3780 2640 conﬁteris

2183 2674 2488 2744 itnagincm.
2518 2673 2699 2744 Itaque
2743 2683 2799 2731 et
2824 2689 3109 2746 generatis,
3136 2683 3197 2731 et
3234 2676 3376 2746 quod
3404 2676 3654 2748 genitum
3677 2686 3777 2745 est,

2183 2768 2341 2823 simul
2375 2782 2495 2827 esse
2533 2777 2831 2837 coeperunt.
2873 2768 3017 2838 Ergo
3064 2783 3245 2824 coieva
3275 2776 3419 2825 sunt.
3470 2768 3527 2824 Si
3564 2784 3784 2841 semper

2182 2860 2490 2930 virgultum,
2521 2874 2735 2931 semper
2754 2867 2815 2915 et
2849 2859 3023 2930 imago
3048 2858 3116 2915 de
3142 2860 3391 2931 virgulto.
3419 2859 3574 2929 Quod
3597 2871 3780 2915 autem

2184 2951 2251 3008 de
2280 2953 2386 3008 alio
2405 2960 2507 3019 est,
2551 2953 2733 3022 utique
2785 2962 2968 3008 natum
3017 2962 3118 3008 est.
3166 2953 3350 3008 Potest
3397 2968 3527 3023 ergo
3564 2970 3785 3026 semper

2184 3058 2304 3100 esse
2329 3059 2613 3115 generans,
2644 3056 2699 3100 et
2717 3059 2932 3115 semper
2952 3059 3074 3100 cum
3098 3044 3188 3100 illo
3215 3045 3356 3115 quod
3372 3044 3440 3101 de
3460 3045 3555 3101 illo
3586 3056 3773 3101 nam

2185 3144 2286 3194 est.
2321 3137 2391 3191 Ibi
2414 3137 2559 3192 enim
2574 3137 3045 3203 aestuabamus,ihi
3089 3137 3481 3202 laborabamus,
3503 3139 3781 3209 quomodo

2185 3227 2577 3298 intelligeretur
2603 3228 2932 3298 sempiterna
2953 3227 3218 3282 nativitas.
3240 3228 3385 3298 Ergo
3407 3227 3548 3283 illius
3562 3229 3666 3284 Dei
3694 3244 3783 3285 θοι

2184 3318 2417 3377 eundum
2442 3317 2544 3372 hoc
2566 3317 2780 3383 dicitur,
2811 3316 2954 3388 quod
2974 3326 3031 3373 et
3058 3317 3217 3372 Pater
3235 3326 3339 3385 est,
3362 3318 3504 3389 quod
3525 3317 3694 3375 habet
3712 3318 3782 3376 de

2184 3423 2291 3479 quo
2319 3408 2389 3464 sit
2423 3426 2435 3463 :
2468 3424 2575 3463 non
2592 3406 2885 3463 secundum
2913 3408 3036 3474 hoc,
3059 3407 3202 3479 quod
3224 3408 3374 3478 prior
3419 3418 3572 3465 esset
3602 3408 3781 3476 Pater,

2184 3507 2239 3556 et
2254 3508 2436 3570 postea
2463 3499 2651 3555 Filius.
2670 3498 2893 3570 Semper
2920 3498 3098 3573 Pater,
3127 3514 3342 3570 semper
3364 3498 3534 3556 Filius
3572 3500 3645 3558 de
3680 3501 3787 3557 Pa-

2187 3599 2287 3651 tre.
2320 3591 2385 3646 Et
2407 3591 2528 3662 quia
2556 3590 2811 3662 quidquid
2835 3590 2902 3646 de
2924 3590 3103 3661 aliquo
3127 3598 3229 3655 est,
3256 3601 3440 3647 natum
3465 3602 3551 3648 est
3586 3609 3603 3659 ;
3636 3608 3787 3649 sem-

2185 3701 2281 3757 per
2302 3684 2463 3756 igitur
2488 3685 2653 3740 Filius
2678 3693 2855 3741 natus.
2886 3684 3111 3754 Semper
3142 3684 3318 3750 Pater,
3339 3700 3561 3755 semper
3582 3684 3657 3742 de
3692 3685 3788 3743 ille

2186 3779 2393 3851 imago;
2426 3778 2695 3849 quomodo
2719 3779 2895 3848 imago
2923 3777 3011 3833 illa
3041 3777 3256 3849 virgulti
3284 3778 3354 3834 de
3381 3778 3627 3850 virgulto
3665 3788 3790 3837 nats

2187 3879 2290 3937 est,
2321 3878 2376 3926 et
2401 3870 2447 3925 si
2483 3885 2698 3941 semper
2739 3870 3050 3941 virgultum,
3100 3886 3316 3942 semper
3362 3880 3488 3928 nata
3549 3881 3705 3930 esset
3735 3880 3791 3930 et

2184 3962 2359 4032 imago
2380 3961 2453 4018 de
2479 3962 2727 4034 virgulto.
2745 3962 2862 4019 Non
2880 3963 3099 4034 potuisti
3118 3964 3357 4021 invenire
3384 3975 3665 4023 oomterna
3695 3983 3791 4038 ge-

2185 4056 2295 4112 nita
2317 4057 2531 4112 mternis
2557 4056 2913 4127 genitoribus,
2935 4065 2991 4113 et
3018 4056 3267 4113 invenisti
3282 4073 3460 4114 ceteva
3491 4070 3622 4118 nata
3645 4071 3788 4116 tem-

2184 4147 2456 4219 poralibus
2500 4146 2862 4218 gignentibus.
2893 4147 3135 4219 Intelligo
3179 4158 3510 4209 coartarent:
3568 4153 3783 4209 Filium

2185 4248 2367 4296 natum
2416 4249 2622 4297 :eterno
2666 4240 2923 4312 gignenti.
2974 4241 3127 4309 Quod
3179 4243 3325 4303 enim
3370 4254 3453 4303 est
3496 4246 3791 4318 temporali

2184 4346 2449 4400 coaivum,
2471 4332 2576 4389 hoc
2598 4342 2685 4391 est
2697 4346 2902 4391 aeterno
2926 4344 3272 4393 coartereum.

2198 4522 2209 4529 ν
2254 4444 2483 4503 CAPUT
2522 4446 2590 4502 Χ.
2615 4448 2799 4506 —-ts.
2829 4447 2897 4502 In
2922 4448 3338 4507 similitudinibus
3364 4446 3540 4509 allatis
3564 4462 3647 4509 est
3692 4455 3783 4509 se

2185 4537 2468 4606 aequalitas.
2510 4538 2607 4595 liic
2647 4541 2758 4610 jam
2802 4539 3070 4596 modicum
3112 4551 3197 4598 est
3223 4543 3409 4614 ’qued
3462 4545 3792 4616 advertatis,

2183 4628 2397 4691 fratres.
2422 4638 2639 4699 propter
2687 4631 3063 4702 blasphemiae.
3108 4633 3339 4705 Semper
3361 4636 3505 4691 enim
3550 4637 3785 4708 dicitur,

2186 4719 2326 4777 Ecce
2352 4720 2548 4777 dedisti
2585 4723 2999 4781 similitudines:
3036 4726 3131 4782 sed
3176 4726 3429 4798 splendor
3468 4731 3563 4801 qui
3599 4731 3792 4787 fundi-

2187 4822 2273 4871 tur
2316 4814 2383 4871 de
2415 4815 2557 4886 igne,
2590 4818 2767 4872 minus
2798 4818 2940 4875 lucet
2964 4835 3124 4892 quam
3174 4822 3559 4895 ipseignis;et
3608 4822 3809 4895 illud

2184 4908 2398 4979 virgulti
2420 4909 2598 4965 minus
2634 4912 2817 4982 utique
2842 4911 3002 4970 habet
3026 4917 3429 4986 proprietatem,
3449 4932 3615 4989 quam
3658 4922 3799 4978 illud

2186 5001 2471 5073 virgultum
2497 5003 2637 5059 unde
2659 5004 2835 5077 irnago
2848 5015 2955 5061 est.
2982 5006 3194 5064 Habent
3214 5009 3320 5064 ists
3350 5009 3797 5083 similitudinem,

2185 5091 2281 5149 sed
2304 5108 2407 5148 non
2438 5093 2635 5150 habent
2657 5097 3019 5153 omnimodam
3044 5099 3406 5171 mqualitatem
3441 5120 3454 5157 :
3480 5118 3661 5175 quare
3686 5118 3801 5162 nou

2186 5183 2435 5241 videntur
2450 5201 2575 5243 esse
2598 5187 2839 5258 ejusdem
2852 5190 3161 5247 substantiae
3173 5234 3189 5249 .
3209 5192 3347 5262 Quid
3369 5195 3799 5266 ergodicemus,

2187 5280 2233 5334 si
2248 5278 2394 5335 dicat
2417 5282 2611 5353 aliquis
2643 5301 2656 5338 :
2688 5282 2835 5339 Talis
2852 5294 2938 5343 est
2962 5301 3091 5358 ergo
3112 5286 3280 5343 Filius
3304 5288 3369 5344 ad
3396 5289 3645 5359 Patrem,
3672 5305 3806 5363 qua-

2189 5371 2255 5427 lis
2272 5372 2342 5428 ad
2372 5373 2544 5443 ignem
2570 5375 2843 5445 splendor,
2870 5386 2925 5433 et
2952 5379 3127 5451 imago
3170 5380 3238 5435 ad
3260 5382 3545 5453 virgultum
3573 5382 3603 5438 ?
3653 5382 3805 5443 Doce

2188 5464 2428 5525 intellexi
2479 5476 2736 5524 antemurn
2774 5469 3007 5537 Patrem,
3062 5472 3299 5529 intellexi
3329 5483 3672 5533 comternum
3700 5477 3803 5533 ιη.

2189 5558 2317 5613 lium
2344 5604 2357 5617 .
2382 5569 2561 5616 tamen
2612 5562 2751 5619 sicut
2777 5562 3004 5620 eﬂ‘usum
3057 5564 3400 5636 splendorem
3446 5567 3647 5626 inim
3672 5571 3809 5643 igne

2189 5652 2479 5721 lucentem,
2538 5662 2627 5708 aut
2656 5655 2795 5710 sicut
2830 5652 3052 5711 eﬂusam
3104 5656 3391 5729 imaginem
3419 5659 3605 5718 minus
3628 5677 3805 5736 quam

2254 5807 2272 5839 ι
2292 5812 2389 5856 Am.
2406 5810 2481 5857 Fr.
2510 5815 2561 5857 et
2583 5814 2711 5868 Mss,
2737 5818 2990 5861 metamus
3012 5808 3102 5864 hoc
3123 5812 3301 5865 cutim.

2255 5870 2277 5902 ⁸
2298 5877 2400 5921 Am.
2422 5876 2475 5922 et
2489 5877 2586 5931 Er,
2611 5869 2733 5925 Hinc
2753 5871 2899 5926 etiam
2917 5880 2991 5928 est
3010 5873 3271 5929 Malm.
