4126 6322
445 464 732 540 virgultum
784 464 1099 523 existentem
1127 460 1396 521 dicimus?
1422 460 1539 517 Non
1572 475 1588 516 ι
1616 457 1710 516 sed
1752 459 2026 531 aequalitas

444 556 752 617 omnimoda
777 552 881 614 est.
908 552 1024 612 Non
1049 555 1231 622 credo,
1262 556 1358 621 ait,
1382 554 1503 626 quia
1524 568 1630 611 non
1666 551 1919 608 invenisti
1948 549 2025 607 si-

443 653 819 714 militudinem.
850 651 956 708 Sed
988 650 1148 706 crede
1174 647 1456 720 Apostolo.
1475 646 1602 717 quia
1646 646 1819 715 potuit
1847 642 2029 699 videre

442 749 585 823 quod
603 748 714 805 dixi
746 748 786 803 ¹.
818 746 906 802 Ait
926 745 1068 801 enim
1096 762 1108 798 :
1136 740 1259 798 Non
1285 741 1520 813 rapinam
1539 739 1810 795 arbitratus
1832 746 2028 793 estesse

440 842 652 913 aqualis
701 839 847 911 Deo(
874 837 1111 909 Philipp.
1138 853 1194 903 ιι,
1240 835 1273 892 6
1306 835 1347 904 ).
1374 834 1674 904 Equalitas
1698 831 1843 886 onmi
1868 829 2028 886 modo

439 933 798 1003 coniungitur.
841 930 908 986 Et
943 928 1072 1002 quid
1119 926 1298 983 dixit?
1337 924 1458 985 Non
1505 925 1758 996 rapinam.
1802 919 2028 990 Quare?

438 1028 572 1096 Quia
602 1024 729 1080 illud
756 1032 838 1080 est
865 1024 1068 1094 rapina,
1101 1019 1243 1091 quod
1269 1019 1503 1075 alienum
1533 1026 1636 1072 est.

514 1118 601 1172 ti.
628 1115 751 1171 Filii
775 1114 868 1170 Dei
884 1114 1196 1169 corelernitas
1221 1118 1267 1165 et
1283 1109 1549 1182 wqualitas
1569 1123 1630 1169 ea;
1646 1105 1840 1162 duobus
1864 1103 2026 1159 colla-

438 1210 501 1263 tis
558 1207 947 1265 similitudinum
989 1203 1268 1278 generibus.
1320 1201 1519 1256 Tamen
1570 1214 1633 1257 ex
1663 1197 1866 1254 duabus
1911 1195 2027 1251 istis

438 1302 814 1360 collationibus
839 1309 894 1355 et
917 1297 1201 1370 generibus
1229 1286 1456 1357 duobus,
1487 1289 1888 1347 similitudinem
1912 1286 2025 1342 for-

439 1397 595 1451 lassis
621 1394 923 1449 invenimus
968 1392 1020 1446 in
1051 1403 1314 1451 creatura.
1349 1385 1616 1458 quomodo
1669 1383 2027 1453 intelligamus

436 1487 627 1542 Filium
661 1496 713 1541 et
748 1495 1071 1541 comternum
1103 1481 1244 1536 Patri
1267 1488 1321 1536 ct
1361 1492 1692 1549 nequaquam
1741 1475 2023 1533 minorem.

435 1578 540 1635 Sed
574 1594 679 1632 non
710 1576 836 1632 illud
887 1588 1167 1646 possumus
1199 1572 1445 1628 invenire
1476 1571 1526 1625 in
1583 1584 1689 1625 uno
1726 1582 1921 1639 genere
1947 1566 2025 1621 si-

433 1671 789 1727 militudinum
839 1687 852 1723 :
894 1669 1183 1738 jungamns
1250 1664 1409 1720 ambo
1467 1678 1684 1735 genera.
1740 1658 2023 1728 Quomodo

434 1764 592 1819 ambo
617 1760 855 1834 genera?
880 1758 1056 1817 Unum
1082 1757 1221 1813 unde
1253 1757 1350 1828 ipsi
1397 1755 1526 1810 dant
1552 1752 1947 1814 similitudines.
1969 1759 2025 1806 et

433 1855 659 1909 alterum
690 1853 829 1907 unde
866 1867 962 1908 nos
987 1849 1251 1907 dedimus.
1304 1847 1574 1904 Dederunt
1601 1849 1744 1901 enim
1776 1844 1850 1899 illi
1876 1844 2024 1901 simi—

430 1944 684 1999 litudines
706 1958 769 1998 ex
800 1941 883 1996 bis
901 1957 1019 2012 quae
1048 1950 1338 1995 nascuntur
1364 1932 1419 1994 in
1448 1947 1706 2005 tempore,
1731 1946 1785 1990 et
1814 1950 2021 2006 praece-

431 2035 631 2091 duntur
653 2045 888 2106 tempore
929 2031 996 2088 ab
1019 2032 1144 2087 eisa
1178 2031 1369 2102 quibus
1414 2037 1725 2096 nascuntur,
1758 2029 1893 2084 sicut
1922 2029 2019 2083 ho-

433 2143 522 2182 mo
561 2124 629 2183 de
659 2126 897 2182 homine.
934 2123 1098 2195 Major
1129 2122 1219 2179 ille
1247 2132 1487 2193 tempore
1522 2121 1666 2193 prior
1688 2128 1840 2175 natus
1873 2137 1886 2173 :
1928 2117 2023 2175 sed

433 2230 614 2278 tamen
656 2222 816 2276 homo
857 2231 914 2275 et
944 2218 1125 2285 homo,
1185 2217 1237 2273 id
1280 2225 1362 2272 est
1403 2215 1643 2286 ejusdem
1688 2214 2016 2269 substantiae.

428 2312 604 2371 Homo
635 2314 776 2370 enim
826 2312 1094 2367 hominem
1121 2317 1365 2380 generat,
1421 2317 1474 2363 et
1513 2321 1682 2376 equus
1718 2320 1939 2377 equum,
1969 2311 2024 2361 et

429 2422 591 2479 pecus
634 2405 912 2475 pecudem.
961 2403 1040 2457 Ad
1093 2400 1337 2456 eamdem
1366 2398 1716 2455 substantiam
1760 2404 2024 2468 generant

430 2501 562 2566 ista;
589 2497 682 2554 sed
710 2512 814 2552 non
864 2495 932 2552 ad
986 2495 1126 2550 idem
1158 2504 1386 2564 tempus.
1422 2491 1639 2546 Diversa
1662 2499 1786 2545 sunt
1815 2499 2021 2558 tempo-

428 2606 527 2657 re;
565 2589 659 2645 sed
689 2605 795 2645 non
849 2596 966 2645 sunt
993 2586 1201 2641 diversa
1231 2595 1439 2639 natura.
1462 2582 1599 2649 Quid
1638 2597 1764 2651 ergo
1794 2579 1879 2634 hic
1907 2579 2023 2634 lau-

428 2683 616 2740 damus
640 2684 695 2738 in
717 2685 816 2738 ista
844 2678 1160 2736 nativitate?
1209 2678 1364 2734 Certe
1388 2676 1740 2748 :equalitatem
1795 2683 2017 2729 naturae.

430 2774 569 2844 Quid
606 2784 784 2831 autem
837 2771 1039 2829 deest?
1083 2768 1383 2841 IEqualitas
1415 2766 1689 2838 temporis.
1721 2762 2019 2820 Teneamus

430 2866 518 2923 hic
544 2881 707 2923 unum
728 2862 869 2937 quod
896 2862 1161 2928 laudatur,
1192 2860 1244 2915 id
1269 2868 1370 2927 est,
1399 2859 1753 2929 aequalitatem
1785 2866 2017 2911 naturae.

430 2958 488 3015 in
516 2959 608 3015 illo
635 2967 812 3014 autem
856 2971 1056 3028 genere
1085 2950 1517 3017 similitudinum,
1550 2951 1692 3023 quod
1737 2967 1835 3006 nos
1862 2948 2015 3005 dedi-

429 3069 552 3110 mus
578 3051 645 3108 de
666 3050 951 3125 splendore
969 3048 1106 3120 ignis
1119 3060 1174 3104 et
1199 3046 1267 3102 de
1298 3046 1530 3115 imagine
1569 3043 1804 3115 virgulti,
1837 3057 2019 3114 aequa-

428 3144 630 3202 litatem
681 3154 886 3199 natura:
955 3159 1061 3198 non
1125 3140 1353 3205 invenis,
1412 3138 1621 3193 invenis
1665 3137 2018 3192 cozevitatem.

428 3234 567 3305 Quid
594 3233 683 3290 hic
704 3232 1016 3290 laudamus?
1036 3229 1403 3287 Cozevitatem.
1425 3228 1563 3298 Quid
1591 3224 1781 3283 deest?
1811 3225 2018 3298 [Equa—

429 3328 552 3384 litas
578 3332 801 3383 naturae.
824 3326 1096 3397 Conjunge
1115 3341 1232 3397 qua:
1255 3322 1461 3381 laudas.
1490 3323 1547 3378 lu
1571 3321 1835 3378 creaturis
1877 3323 2020 3376 enim

432 3416 587 3477 deest
612 3417 809 3489 aliquid
847 3418 987 3490 quod
1010 3414 1220 3484 laudas,
1272 3417 1325 3470 in
1369 3415 1621 3471 Creatore
1671 3413 1862 3469 deesse
1892 3412 2024 3467 nihil

430 3519 607 3584 potest
637 3528 653 3568 :
683 3511 805 3584 quia
830 3510 973 3582 quod
996 3509 1203 3564 invenis
1223 3509 1274 3562 in
1299 3516 1569 3573 creatura,
1598 3521 1627 3559 a
1654 3502 1906 3560 Creatore
1930 3520 2022 3559 ar-

432 3604 573 3661 tiﬁce
599 3604 877 3676 processit.
906 3600 1042 3673 Quid
1072 3615 1202 3673 ergo
1235 3601 1291 3654 in
1311 3599 1505 3655 coaevis
1530 3599 1553 3652 ?
1583 3614 1761 3653 nonne
1790 3596 1889 3651 hoc
1909 3595 2024 3653 Deo

431 3694 665 3753 dandum
690 3693 831 3767 quod
860 3694 929 3750 ibi
958 3691 1193 3748 laudas?
1221 3689 1377 3763 Quod
1406 3700 1585 3744 autem
1621 3686 1771 3744 deest
1797 3703 1902 3743 non
1923 3686 2023 3742 tri-

430 3788 701 3848 buendum
729 3788 1017 3859 majestati,
1046 3787 1106 3842 in
1132 3802 1239 3857 qua
1285 3784 1465 3839 nullus
1492 3782 1730 3838 defectus
1754 3789 1856 3838 est.
1885 3778 2025 3836 Ecce

429 3884 602 3941 offero
632 3882 726 3939 tibi
764 3880 958 3952 genitis
988 3894 1165 3935 coazva
1196 3876 1516 3950 gignentia-z
1548 3870 1732 3931 laudas
1763 3873 1835 3929 ibi
1878 3887 2023 3931 coas-

428 3975 785 4044 vitatem,sed
808 3975 1214 4045 disparilitatem
1246 3968 1614 4043 reprehendis.
1647 3966 1798 4037 Quod
1838 3980 2023 4037 repre—

429 4066 644 4139 hendis,
689 4069 798 4125 noli
849 4068 1081 4124 tribuere
1136 4067 1277 4133 Deo;
1304 4063 1446 4137 quod
1493 4062 1697 4126 laudas,
1729 4060 1941 4116 tribue:
1969 4065 2025 4115 et

434 4162 623 4219 tribuis
648 4160 720 4217 illi
748 4145 814 4217 ei:
844 4160 946 4216 isto
969 4174 1165 4231 genere
1193 4156 1597 4214 similitudinum
1624 4171 1722 4226 pro
1743 4153 2023 4211 cozcvitate

431 4255 868 4320 coaeteraitatem,
892 4262 951 4308 ut
986 4260 1286 4308 coreternus
1322 4252 1393 4305 sit
1434 4258 1589 4304 natus
1614 4264 1737 4304 cum
1765 4262 1831 4303 eo
1857 4262 1887 4301 a
1917 4261 2024 4318 quo

432 4356 591 4404 natus
613 4346 699 4403 sit.
724 4346 799 4402 De
823 4345 928 4401 alio
947 4354 1126 4401 autem
1152 4342 1559 4401 similitudinum
1582 4357 1800 4413 genere,
1832 4356 1951 4411 quae
1968 4349 2023 4397 et

432 4434 549 4511 ipsa
593 4445 836 4494 creatura
874 4437 967 4493 Dei
1003 4444 1105 4505 est,
1154 4445 1209 4490 et
1234 4434 1393 4490 debet
1435 4433 1650 4488 laudare
1678 4431 2011 4498 Creatorem,

431 4528 560 4601 quid
589 4527 662 4584 ibi
709 4526 936 4583 laudas?
963 4525 1342 4598 {Equalitatem
1382 4533 1615 4579 naturae.
1662 4523 1780 4578 Jam
1805 4531 2023 4594 propter

431 4621 580 4677 illam
624 4619 1020 4676 distinctionem
1065 4618 1291 4677 dederas
1332 4617 1867 4683 cmeternitatem;da
1892 4632 2020 4687 pro-

428 4723 553 4790 pter
604 4714 801 4781 istam,
834 4714 1219 4785 aequalitatem;
1252 4720 1307 4769 et
1351 4712 1583 4782 perfecta
1633 4720 1719 4767 est
1769 4711 2021 4767 nativitas

437 4804 677 4877 ejusdem
728 4803 1057 4860 substantize.
1105 4802 1241 4873 Quid
1287 4804 1429 4859 enim
1458 4802 1778 4868 dementius,
1828 4801 2022 4859 fratres

430 4897 556 4961 mei,
575 4912 734 4968 quam
764 4906 821 4952 ut
856 4897 909 4951 in
948 4897 1128 4967 aliquo
1153 4896 1364 4951 laudem
1390 4905 1715 4962 creaturam,
1742 4894 1886 4966 quod
1913 4911 2020 4952 non

429 4990 500 5047 sit
526 4991 580 5046 in
606 4988 901 5047 Creatore?
945 4987 1195 5044 Laudoin
1222 4988 1439 5044 homine
1469 4988 1830 5059 aequalitatem
1867 4998 2021 5044 natu-

428 5098 526 5150 ras,
550 5090 605 5137 et
631 5097 738 5138 non
768 5079 930 5137 credo
960 5080 1015 5135 in
1049 5096 1114 5135 eo
1143 5080 1234 5152 qui
1264 5079 1388 5135 fecit
1426 5079 1746 5135 hominem‘?
1777 5080 1932 5147 Quod
1952 5080 2020 5137 de

429 5174 651 5232 homine
677 5186 858 5231 natum
907 5182 1011 5241 est,
1058 5174 1221 5230 homo
1262 5186 1382 5240 est;
1412 5182 1467 5232 et
1494 5174 1638 5247 quod
1677 5174 1745 5231 de
1776 5175 1890 5231 Deo
1921 5192 2019 5231 na-

429 5277 542 5326 tum
563 5278 664 5337 est,
692 5286 799 5326 non
822 5268 873 5324 id
899 5268 1159 5342 eritquod
1189 5268 1278 5324 ille
1314 5268 1382 5324 de
1405 5284 1512 5340 quo
1543 5277 1725 5324 natum
1754 5270 1879 5324 est?
1902 5268 2022 5325 Non

428 5375 616 5418 versor
634 5361 688 5417 in
734 5360 987 5433 operibus
1015 5376 1134 5433 qua:
1160 5360 1300 5418 Deus
1322 5377 1429 5416 non
1454 5360 1598 5418 fecit.
1627 5360 1869 5416 Laudent
1893 5375 2021 5432 ergo

432 5452 747 5511 Creatorem
778 5456 958 5511 omnia
986 5469 1152 5527 opera
1181 5470 1296 5510 sua.
1322 5453 1538 5509 invenio
1558 5453 1641 5509 hic
1657 5467 2022 5519 coazvum,co-

427 5562 629 5620 gnosco
645 5547 1177 5607 ihicoaateruumﬂic
1196 5548 1549 5620 aequalitatem
1564 5548 1775 5604 invenio
1791 5555 2017 5616 naturae,

430 5642 507 5701 ibi
543 5644 781 5717 intelligo
818 5646 1173 5716 aequalitatem
1203 5644 1532 5700 substantiae.
1561 5643 1752 5699 Totum
1790 5658 1918 5716 ergo
1947 5643 2022 5700 ibi

431 5740 573 5813 quod
586 5739 673 5796 hic
684 5738 749 5796 ex
765 5739 1003 5821 partibus
1022 5739 1245 5811 singulis
1255 5745 1309 5796 et
1317 5734 1479 5796 rebus
1490 5734 1712 5809 singulis
1729 5735 2019 5795 invenitur.

499 5850 1193 5923 ‘Wuowm

1846 311 2077 399 anno
2108 338 2321 397 cxvu.

3612 343 3735 399 -670

2139 458 2329 517 Totum
2348 474 2474 532 ergo
2490 461 2562 523 ibi
2574 464 2828 533 simul,et
2843 479 2952 525 non
2965 464 3068 523 hoe
3088 465 3261 523 solum
3291 464 3434 536 quod
3455 466 3734 522 incredu-

2134 551 2213 607 ris
2238 569 2253 606 ε
2282 560 2453 609 totum
2470 554 2685 611 invenio
2703 557 2799 626 ibi,
2832 558 2924 614 sed
2952 558 3281 630 tanquanin
3307 555 3582 625 Creatore,
3614 568 3734 615 tan-

2135 643 2467 715 toamplius.
2492 647 2636 717 quod
2676 647 2798 706 hanc
2836 650 3084 719 visibilis,
3131 650 3222 707 illa
3262 649 3735 717 invisibilia;baac
3806 704 3807 707 η

2136 735 2468 804 temporalia,
2514 736 2603 793 illa
2630 746 2864 806 a'terna;
2894 740 3009 796 ham
3060 741 3483 807 commutabilis,
3527 740 3617 798 illa
3642 741 3731 796 in-

2134 828 2566 894 commutabilis;
2593 828 2710 886 haec
2736 832 3119 902 corruptibilis,
3150 833 3239 887 illa
3272 833 3728 903 incorruptibilia.

2135 919 2413 975 Postremo
2461 921 2512 975 in
2542 920 2658 992 ipso
2689 921 2905 980 homine
2935 939 2997 980 ea
3023 939 3142 995 quae
3172 925 3469 980 invenimus
3494 924 3659 983 homo
3677 934 3730 981 et

2134 1007 2316 1078 homo,
2368 1011 2477 1070 duo
2504 1013 2752 1075 homines
2796 1023 2925 1074 sunt
2956 1016 3067 1073 :ibi
3110 1017 3355 1077 Pateret
3397 1016 3568 1074 Filius
3592 1032 3731 1073 unus

2132 1103 2295 1161 Deus.
3067 1131 3073 1136 ε

2204 1197 2290 1252 15.
2313 1195 2492 1254 Cordis
2517 1200 2691 1259 oculus
2728 1201 3051 1260 mandandus
3074 1209 3130 1257 ut
3166 1202 3396 1261 uitiatur
3429 1201 3589 1261 Deus.
3612 1202 3724 1259 Do-

2132 1291 2280 1347 mino
2311 1293 2420 1349 Deo
2448 1304 2634 1352 nostro
2664 1297 2864 1369 gratias
2891 1311 2994 1368 ago
3021 1295 3435 1364 inenarrabiles,
3477 1295 3622 1367 quod
3657 1311 3722 1352 ex

2134 1384 2240 1442 hoc
2270 1386 2388 1442 loco
2412 1391 2881 1460 scrupulosissime
2902 1399 2957 1447 et
2986 1390 3405 1447 laboriosissimo
3442 1390 3726 1447 inﬁrmita-

2130 1486 2238 1533 tem
2271 1495 2443 1535 meam
2486 1482 2715 1540 liberare
2746 1483 2992 1553 dignatus
3036 1491 3157 1549 est,
3206 1482 3508 1552 petentibus
3549 1481 3724 1539 vobis.

2132 1572 2269 1627 Ante
2297 1575 2476 1630 omnia
2508 1582 2684 1632 tamen
2715 1586 2921 1632 servate
2952 1576 3084 1642 hoc,
3112 1575 3367 1647 quidquid
3391 1574 3465 1632 de
3478 1582 3725 1631 creatura

2132 1664 2401 1733 potuimus
2431 1667 2684 1738 colligere
2704 1710 2721 1735 ,
2769 1676 2862 1723 aut
2890 1683 3048 1723 sensu
3098 1667 3341 1738 corporis
3360 1702 3376 1732 ,
3407 1673 3500 1722 aut
3524 1665 3726 1736 cogita-

2133 1757 2278 1813 tione
2306 1759 2507 1828 animi,
2546 1761 2975 1821 inenarrabiliter
2990 1761 3372 1819 transcendere
3390 1759 3722 1817 Creatorem.

2130 1846 2234 1904 Sed
2285 1852 2363 1904 vis
2417 1852 2564 1907 illum
2620 1861 2801 1909 mente
2848 1853 3199 1924 contingere?
3238 1854 3412 1924 Purga
3452 1860 3723 1919 merrtem.

2132 1958 2296 2013 purga
2325 1960 2419 1999 cor
2467 1956 2633 2001 tuum.
2681 1947 2934 2002 Mundum
2980 1947 3063 2003 fac
3107 1948 3357 2013 oculum,
3404 1945 3546 2002 unde
3591 1943 3724 2001 illud

2131 2038 2387 2109 quidquid
2406 2049 2488 2096 est
2506 2082 2522 2107 ,
2546 2042 2713 2111 possit
2737 2042 2946 2112 attingi.
2978 2041 3229 2099 Mundam
3256 2041 3339 2097 fac
3364 2041 3577 2096 oculum
3603 2053 3726 2095 eor-

2131 2129 2214 2186 dis
2246 2149 2259 2185 :
2287 2131 2433 2188 Beati
2457 2133 2602 2188 enim
2631 2134 2819 2188 mundo
2839 2134 2992 2189 corde
3014 2174 3029 2198 ,
3067 2134 3308 2205 quoniam
3333 2132 3434 2204 ipsi
3458 2129 3622 2186 Deum
3649 2129 3725 2185 si-

2131 2222 2316 2278 debqu
2344 2224 2552 2297 (Matth.
2580 2242 2636 2289 v,
2660 2227 2740 2298 8).
2760 2226 2876 2283 Non
2902 2235 3078 2283 autem
3105 2225 3362 2281 mandato
3381 2223 3564 2290 corde,
3593 2221 3723 2295 quid

2130 2318 2301 2388 potuit
2332 2318 2733 2375 misericordias
2760 2319 3031 2390 procurari
3058 2326 3148 2375 aut
3172 2318 3360 2375 donari
3392 2318 3459 2373 ab
3485 2331 3586 2382 eo,
3616 2314 3725 2372 nisi

2129 2417 2190 2464 ut
2212 2409 2339 2463 illud
2372 2410 2630 2479 Verbum,
2659 2410 2727 2467 de
2752 2427 2860 2481 quo
2885 2420 3030 2467 tanta
3050 2419 3104 2466 et
3131 2420 3234 2465 tam
3260 2409 3427 2465 multa
3457 2407 3721 2476 diximus,

2129 2506 2186 2555 et
2210 2499 2340 2554 nihil
2377 2499 2595 2570 dignum
2619 2501 2891 2566 diximus;
2928 2501 3028 2557 nisi
3064 2510 3122 2556 ut
3159 2499 3291 2555 illud
3324 2498 3586 2564 Verbum,
3628 2511 3725 2568 per

2130 2591 2269 2662 quod
2303 2591 2438 2647 facta
2460 2590 2580 2647 sunt
2601 2594 2779 2649 omnia
2804 2635 2819 2660 ,
2849 2594 3003 2649 ﬁeret
3020 2593 3165 2663 quod
3188 2607 3287 2649 nos
3311 2607 3497 2649 sumus
3519 2631 3535 2657 ,
3559 2600 3620 2648 ut
3642 2597 3726 2645 snt-

2130 2683 2335 2751 tingere
2362 2683 2651 2757 possimus
2677 2683 2803 2739 illud
2833 2686 2974 2753 quod
3006 2700 3111 2740 non
3156 2685 3380 2740 sumus?
3423 2681 3541 2741 Non
3580 2681 3724 2738 enim

2132 2774 2273 2829 Deus
2322 2789 2507 2830 sumus
2555 2794 2568 2831 :
2601 2775 2695 2831 sed
2740 2791 3021 2845 possumus
3048 2775 3233 2832 mente
3264 2775 3350 2832 vel
3388 2773 3568 2832 cordis
3609 2772 3725 2831 sele

2130 2865 2387 2921 interiore
2416 2864 2596 2921 videre
2622 2868 2809 2923 Deum.
2842 2868 3082 2924 Peccatis
3105 2870 3253 2925 acies
3270 2876 3469 2924 nostrae
3488 2866 3723 2934 obtrita,

2129 2955 2333 3010 obtusa:
2359 2998 2372 3021 ,
2416 2956 2719 3014 inﬁrmitate
2756 2959 2980 3029 dejecta:
3015 2960 3238 3031 cupiunt
3274 2959 3497 3016 videre:
3529 2957 3625 3014 sed
3667 2957 3725 3013 in

2129 3061 2227 3117 spe
2268 3063 2455 3103 sumus
2477 3090 2495 3116 ,
2528 3049 2584 3104 in
2631 3065 2692 3105 re
2735 3050 2968 3106 nondum
3007 3065 3212 3106 sumus.
3243 3050 3371 3106 Filii
3405 3049 3505 3104 Dei
3527 3064 3723 3103 sumus.

2130 3137 2242 3194 Hoc
2267 3140 2340 3191 ait
2362 3137 2619 3206 Joannes,
2640 3141 2733 3210 qui
2760 3141 2871 3208 ait,
2903 3140 2971 3197 In
3000 3143 3250 3213 principio
3269 3150 3378 3198 erat
3413 3139 3649 3207 Verbum,
3679 3146 3729 3194 et

2138 3226 2356 3284 Verbum
2381 3241 2489 3286 erat
2517 3232 2656 3303 apud
2687 3232 2849 3289 Deum
2871 3274 2888 3302 ,
2919 3242 2967 3289 et
3008 3233 3148 3295 Deus
3185 3243 3292 3291 erat
3342 3233 3561 3291 Verbum
3591 3248 3612 3289 :
3634 3230 3728 3303 qui

2129 3336 2286 3391 supra
2319 3332 2504 3392 pectus
2537 3324 2744 3381 Domini
2772 3326 3162 3390 discumbebat,
3190 3327 3281 3399 qui
3303 3335 3509 3382 secreta
3531 3325 3630 3380 ista
3656 3323 3727 3381 de

2127 3412 2248 3467 sinu
2272 3412 2415 3469 illius
2438 3416 2614 3471 cordis
2644 3418 2921 3474 hauriebat
2957 3437 2971 3475 :
2999 3419 3112 3490 ipse
3136 3420 3231 3487 ait,
3262 3419 3609 3487 Dilectissimi,
3632 3418 3730 3489 filii

2128 3502 2227 3559 Dei
2269 3523 2476 3572 sumus;
2510 3517 2557 3562 et
2585 3508 2810 3563 nondum
2847 3513 3089 3580 apparuit
3131 3512 3256 3582 quid
3283 3513 3470 3569 erimus
3494 3528 3516 3567 ε
3544 3510 3729 3566 δείδοικε

2128 3597 2248 3668 quia
2267 3614 2381 3653 cum
2408 3602 2719 3669 apparuerit,
2743 3602 2930 3658 similes
2947 3603 3004 3659 ,εἰ
3033 3604 3248 3669 erimus,
3273 3604 3513 3674 quoniam
3537 3601 3729 3659 videbi-

2131 3704 2244 3743 mus
2267 3706 2381 3744 eum
2406 3689 2554 3746 sicuti
2582 3701 2655 3747 est
2697 3692 2739 3765 (Ι
2764 3691 2927 3749 Joan.
2950 3710 3028 3761 ut,
3060 3693 3140 3767 2).
3166 3694 3287 3753 Hoc
3322 3694 3477 3751 nobis
3496 3693 3728 3766 promit-

2132 3781 2279 3835 titur.

2203 3870 2291 3926 l6.
2325 3868 2542 3927 Verbum
2567 3873 2914 3931 incarnatione
2942 3875 3091 3946 quasi
3117 3875 3443 3948 lucinam,
3476 3882 3529 3930 ut
3569 3891 3603 3928 a
3630 3890 3727 3930 no-

2130 3961 2206 4018 bis
2244 3973 2527 4035 caperetur.
2556 3964 2661 4021 Sed
2688 3970 2747 4021 ut
2769 3967 3174 4037 perveniamus,
3202 3969 3249 4025 si
3273 3966 3510 4025 nondum
3535 3981 3729 4037 possu-

2129 4069 2252 4110 mus
2273 4052 2454 4111 videre
2489 4054 2723 4111 Verbum
2754 4059 2917 4117 Deum
2949 4059 2967 4089 ¹
2990 4098 3008 4125 ,
3039 4058 3320 4123 audiamus
3347 4057 3580 4115 Verbum
3610 4071 3729 4112 car-

2129 4163 2255 4203 nem
2285 4166 2298 4204 :
2331 4148 2454 4219 quia
2475 4149 2720 4206 carnales
2763 4149 2889 4211 facti
2923 4166 3144 4219 sumus,
3187 4151 3466 4209 audiamus
3490 4149 3725 4209 Verbum

2129 4256 2348 4298 carnem
2378 4238 2594 4298 factum.
2617 4242 2745 4300 Ideo
2766 4245 2910 4301 enim
2940 4245 3118 4315 venit,
3162 4243 3285 4302 ideo
3304 4242 3541 4316 suscepit
3580 4242 3727 4301 inﬁr-

2130 4334 2371 4389 mitatem
2399 4344 2669 4403 nostram,
2712 4344 2771 4392 ut
2812 4337 2988 4407 possis
3026 4336 3239 4397 ﬁrmam
3281 4335 3605 4393 locutionem
3633 4349 3726 4391 ca-

2132 4446 2259 4501 pere
2281 4430 2375 4486 Dei
2401 4432 2663 4501 portantis
2689 4432 3050 4491 inﬁrmitatem
3074 4442 3246 4489 tuam.
3277 4433 3346 4489 Et
3373 4448 3499 4489 vere
3522 4432 3720 4489 dictum

2130 4535 2213 4581 est
2252 4526 2350 4582 lac.
2380 4525 2488 4582 Lac
2516 4527 2662 4585 enim
2691 4526 2782 4582 dat
2810 4527 3044 4597 parvulis
3066 4568 3084 4592 ,
3132 4535 3196 4584 ut
3233 4527 3410 4583 cibum
3450 4526 3722 4597 sapientia

2129 4614 2221 4673 det
2249 4618 2557 4688 majoribus.
2595 4619 2817 4676 Laetare
2846 4621 3110 4691 patienter
3131 4663 3150 4690 ,
3178 4630 3236 4677 ut
3271 4621 3427 4678 avide
3462 4621 3723 4692 pascaris.

2127 4708 2409 4779 Quomodo
2435 4712 2578 4766 enim
2607 4712 2666 4768 lit
2701 4714 2861 4769 etiam
2892 4712 2996 4779 lac,
3026 4728 3133 4783 quo
3160 4714 3424 4769 laetantur
3453 4711 3717 4771 infantes?

2128 4802 2316 4859 Nonne
2344 4820 2464 4860 esca
2508 4813 2625 4861 erat
2661 4806 2715 4860 in
2755 4807 2980 4862 mensa?
3008 4805 3113 4861 Sed
3146 4806 3410 4862 invalidus
3438 4815 3520 4862 est
3548 4805 3716 4863 infans

2128 4895 2197 4950 ad
2217 4895 2600 4951 comedendam
2621 4910 2823 4963 escam,
2854 4911 2973 4968 quin
2996 4898 3047 4952 in
3079 4886 3266 4953 mensa
3289 4908 3372 4955 est
3404 4916 3417 4953 :
3449 4897 3575 4969 quid
3598 4896 3728 4952 facit

2124 4989 2341 5047 mater?
2367 4986 2615 5044 locarunt
2638 5004 2818 5049 escam
2834 5031 2851 5058 ,
2893 4998 2948 5045 et
2974 4990 3192 5046 conﬁcit
3218 4991 3300 5047 lac
3324 4990 3392 5047 de
3418 4990 3554 5061 ipsa.
3578 4988 3714 5047 Cois

2128 5078 2239 5135 ﬁcit
2274 5079 2427 5135 nobis
2454 5080 2598 5152 quod
2641 5095 2833 5151 capere
2878 5081 3165 5152 possimus.
3205 5080 3296 5140 Sic
3320 5082 3551 5139 Verbum
3595 5095 3719 5140 caro

2127 5173 2322 5227 factum
2349 5181 2452 5239 est,
2477 5183 2534 5229 ut
2554 5174 2691 5230 lacte
2714 5175 2921 5245 parvuli
2942 5175 3293 5243 nutriremur,
3326 5176 3417 5245 qui
3448 5176 3513 5231 ad
3543 5176 3717 5232 cibum

2127 5264 2341 5333 quidem
2372 5279 2586 5321 eramus
2614 5265 2863 5321 infantes.
2907 5263 3107 5321 Verum
3149 5265 3252 5321 hoc
3293 5266 3552 5335 interest,
3597 5246 3720 5339 quia

2127 5356 2342 5429 quando
2383 5358 2560 5413 cibum
2607 5366 2781 5414 mater
2815 5357 3147 5413 incarnatnm
3194 5358 3277 5415 lac
3302 5356 3460 5427 facit,
3490 5358 3641 5416 cibus
3666 5340 3721 5415 in

2126 5450 2211 5506 lac
2253 5451 2582 5507 convertitur
2631 5468 2645 5507 :
2702 5450 3205 5507 incommutabiliter
3256 5460 3434 5508 autem
3498 5465 3721 5507 manens

2130 5545 2363 5603 Verbum
2388 5558 2609 5602 carnem
2643 5544 2962 5615 assumpsit,
3000 5552 3064 5600 ut
3098 5552 3248 5604 esset
3289 5543 3516 5619 quodam
3559 5540 3721 5600 modo

2194 5722 2210 5754 ¹
2229 5727 2372 5770 Juxta
2386 5725 2485 5785 En,
2508 5718 2553 5771 si
3094 5720 3300 5773 Verbum
3320 5719 3484 5785 videre
3510 5717 3711 5785 Dsﬂm

2126 5790 2286 5900 21:3;
2290 5782 2440 5894 Lugud.
2460 5780 2578 5833 Ven.
2602 5788 2736 5845 Lov.,
2758 5780 3035 5836 si’nondsiss
3053 5797 3303 5851 manu
3328 5781 3537 5835 rm
3555 5782 3722 5836 ﬁdere
