4126 6322
507 287 607 350 ϐτί

502 415 827 463 contextum.
859 407 1010 475 Quod
1041 419 1140 479 est,
1170 425 1277 469 non
1302 416 1559 487 corrupit,
1584 433 1689 474 non
1716 425 2084 492 commutavit,

499 508 559 554 ut
586 515 683 570 per
721 500 960 558 habitum
989 511 1134 560 tuum
1176 507 1270 562 tibi
1315 507 1623 579 loqueretur
1645 555 1658 574 ,
1699 529 1804 569 non
1834 516 1885 570 in
1918 516 2089 572 homi-

497 608 620 649 nem
663 601 1044 651 transmutatus
1094 607 1253 669 atque
1309 615 1598 659 conversus
1663 605 2086 665 lnconvertihilis

495 685 636 741 enim
675 695 730 742 et
755 687 1234 760 incommutabilis,
1277 703 1331 750 et
1369 698 1588 753 omnino
1617 700 1936 758 inviolabilis
1965 718 2082 758 ma-

493 790 657 845 nens,
705 778 872 836 factus
913 790 996 837 est
1043 783 1183 855 quod
1232 793 1287 842 tu
1333 787 1400 843 ad
1444 797 1530 856 te,
1561 791 1704 862 quod
1732 792 1845 864 ipse
1872 793 1941 850 ad
1977 795 2079 851 Pa-

489 874 646 922 trem.
1585 870 1610 889 ’

559 961 644 1014 17.
674 959 953 1020 Humilitas
972 983 1004 1020 a
1029 965 1192 1024 Verbo
1211 971 1476 1030 incarnato
1506 975 1764 1033 discenda.
1790 979 1912 1050 Ipse
1931 981 2074 1038 enim

487 1050 712 1109 inﬁrmis
753 1056 880 1125 quid
919 1057 1086 1126 dicit,
1140 1070 1200 1116 ut
1245 1066 1454 1134 possint
1498 1062 1812 1140 recuperato
1842 1073 1933 1129 illo
1959 1075 2073 1131 visu

488 1141 717 1198 Verbum
749 1161 814 1201 ex
834 1147 1008 1219 aliqua
1035 1159 1186 1221 parte
1203 1156 1483 1228 attingere,
1503 1174 1601 1228 per
1625 1163 1764 1232 quod
1793 1163 1925 1219 facta
1947 1174 2074 1222 sunt

481 1235 700 1290 omnia?
734 1236 906 1294 Venite
942 1241 1010 1295 ad
1049 1260 1126 1298 me
1146 1286 1162 1308 ,
1206 1263 1378 1303 omnes
1408 1251 1494 1322 qui
1521 1251 1762 1310 laboratis
1800 1267 1848 1312 et
1876 1261 2072 1315 onerati

1149 1301 1160 1308 ,
1412 1301 1488 1322 .,---
1521 1301 1761 1310 -_--._-.-
1800 1301 1845 1312 ν.
1877 1301 2064 1315 -........

392 1301 401 1308 .
478 1326 614 1392 estis,
639 1337 685 1381 et
705 1346 794 1401 ego
817 1333 1042 1401 reﬁciam
1062 1351 1165 1392 vos.
1188 1337 1372 1396 Tollite
1381 1344 1566 1415 jugum
1601 1363 1766 1404 meum
1791 1367 1944 1420 super
1959 1369 2064 1421 vos,

477 1428 524 1473 et
550 1420 726 1477 discite
747 1442 778 1478 α
798 1442 875 1480 me
901 1429 1022 1499 quia
1047 1431 1181 1487 mitis
1204 1450 1316 1488 sum
1354 1446 1399 1491 et
1427 1438 1630 1495 humilis
1652 1445 1804 1498 corde
1826 1445 1844 1518 (
1873 1445 2064 1502 Matth.

479 1526 557 1578 ιι,
580 1511 650 1568 ‘28
671 1525 718 1569 et
744 1515 862 1588 29).
891 1521 1028 1587 Quid
1047 1525 1296 1594 magister
1324 1528 1488 1585 Filius
1514 1532 1627 1600 Dei,
1650 1511 1918 1605 Sapientia
1946 1540 2060 1606 Dei,

475 1616 573 1670 per
591 1618 747 1674 quem
774 1607 911 1664 facta
927 1620 1050 1667 sunt
1067 1616 1265 1684 omnia,
1286 1621 1664 1679 concionalur?
1681 1624 1846 1682 Vocat
1874 1629 2063 1688 huma-

473 1708 598 1748 num
624 1711 792 1766 genus
814 1741 829 1765 ,
866 1709 920 1756 et
953 1703 1100 1772 dicit,
1141 1705 1315 1764 Venite
1334 1712 1404 1766 ad
1427 1731 1524 1782 me,
1558 1733 1728 1773 onmes
1756 1722 1842 1792 qui
1862 1721 2061 1803 labora-

470 1786 554 1851 tis,
579 1798 625 1842 et
648 1791 824 1846 discite
841 1811 874 1848 a
900 1811 994 1850 me.
1027 1797 1257 1856 Putabas
1285 1803 1419 1859 forte
1446 1805 1705 1865 dicturam
1732 1786 2058 1882 sapientiam

468 1879 602 1948 Dei,
647 1883 843 1942 Discite
881 1892 1151 1958 quomodo
1191 1895 1355 1952 caelos
1402 1899 1502 1955 feci
1549 1911 1604 1958 et
1651 1879 1839 1961 astrai:
1879 1912 2056 1968 omnia

465 1973 700 2030 etiamin
732 1993 839 2046 me,
867 1990 1149 2054 antequam
1175 1988 1380 2058 ﬁerent,
1416 2007 1689 2053 numerata
1719 2010 1899 2067 erant;
1923 2020 2057 2074 quo-

464 2064 623 2118 modo
659 2066 710 2120 in
735 2069 932 2126 virtute
958 2074 1224 2132 rationum
1249 2080 1758 2144 iucommulabilium
1788 2094 1947 2149 etiam
1973 2111 2056 2152 ca-

461 2155 572 2225 pilli
596 2160 757 2214 vestri
785 2167 1044 2220 numerati
1067 2177 1192 2223 sunt
1216 2169 1328 2240 (Id.
1352 2190 1387 2228 χ
1407 2217 1421 2240 ,
1459 2176 1571 2249 '50).
1601 2180 1725 2237 Haec
1751 2185 1972 2253 putabas
1999 2195 2054 2244 et

462 2245 584 2301 talia
629 2263 748 2305 esse
785 2252 1086 2311 dicturam?
1113 2258 1249 2315 Non.
1277 2263 1382 2320 Sed
1412 2245 1560 2336 prius
1590 2245 1766 2342 illud,
1796 2276 2050 2344 Quoniam

458 2336 594 2391 mitis
607 2354 719 2393 sum
740 2352 785 2396 et
806 2343 1010 2402 humilis
1029 2350 1198 2404 corde.
1226 2353 1363 2410 Ecce
1382 2358 1524 2427 quod
1550 2336 1804 2433 capiatis,
1835 2367 2010 2426 videte
2026 2412 2043 2438 ,

456 2425 675 2498 fratres,
715 2443 861 2492 certe
887 2453 1108 2508 parvum
1139 2453 1243 2501 est.
1273 2447 1352 2502 Ad
1386 2425 1572 2522 magna
1603 2470 1700 2510 nos
1743 2459 2042 2530 tendimus,

453 2533 614 2588 parva
640 2527 938 2597 capiamus,
968 2542 1021 2586 et
1052 2537 1226 2606 magni
1251 2538 1472 2596 erimus.
1503 2543 1590 2599 Vis
1610 2561 1803 2618 capere
1829 2552 2046 2609 celsitu-

450 2611 629 2670 dinem
658 2617 791 2674 Dei?
811 2620 954 2693 Cape
979 2627 1127 2695 prius
1153 2629 1504 2691 humilitatem
1528 2637 1641 2695 Dei.
1666 2611 1894 2714 Dignare
1921 2662 2043 2706 esse

449 2703 664 2785 humilis
693 2723 912 2782 propter
949 2725 1035 2784 te,
1065 2721 1187 2790 quia
1229 2723 1369 2780 Deus
1407 2727 1652 2798 dignatus
1695 2703 1780 2790 est
1824 2703 2040 2797 humilis

445 2777 566 2852 esse
598 2777 814 2871 propter
842 2777 1096 2863 eumdem
1114 2818 1165 2867 te
1196 2831 1208 2868 :
1241 2830 1344 2870 non
1379 2777 1520 2874 eniin
1549 2834 1766 2894 propter
1789 2842 1868 2883 se.
1896 2830 2039 2902 Cape

445 2901 575 2957 ergo
620 2890 969 2952 humilitatem
1010 2898 1245 2972 Christi,
1289 2907 1434 2966 disce
1475 2890 1692 2971 humilis
1731 2932 1886 2989 esse,
1927 2924 2036 2980 noli

441 2980 741 3047 superbire.
765 2983 1034 3047 Conﬁtere
1054 2992 1414 3056 inﬁrmitatem
1439 3011 1603 3074 tuam,
1625 3007 1746 3078 jace
1770 3014 2036 3082 patienter

441 3078 566 3126 ante
587 3075 872 3132 medicum.
903 3079 1033 3136 Cum
1056 3089 1264 3156 ceperis
1294 3090 1646 3154 humilitatem
1677 3103 1795 3172 ejus
1815 3147 1829 3171 ,
1858 3110 2032 3180 surgis

439 3174 562 3216 cum
591 3164 682 3220 illo
713 3184 726 3220 :
752 3184 857 3224 non
897 3175 1048 3242 quasi
1085 3188 1140 3232 et
1182 3179 1298 3250 ipse
1336 3195 1518 3257 surgat
1555 3193 1846 3251 secundum
1889 3201 2030 3270 quod

442 3257 672 3317 Verbum
702 3275 820 3333 est;
855 3271 946 3324 sed
985 3280 1038 3327 tu
1078 3276 1287 3347 potius,
1328 3290 1386 3336 ut
1425 3287 1593 3357 magis
1618 3292 1890 3365 magisque
1905 3257 1947 3351 la
1976 3306 2029 3354 te

435 3352 691 3422 capiatur.
723 3357 1055 3432 luteiligebas
1082 3369 1253 3437 primo
1280 3352 1571 3434 titubanter
1597 3352 1756 3453 atqde
1776 3352 2028 3446 haesitan-

435 3450 548 3512 ter;
588 3446 836 3522 intelligis
877 3465 1060 3525 postea
1089 3463 1287 3518 certius
1318 3475 1373 3521 et
1398 3469 1613 3528 clarius.
1642 3446 1758 3532 blon
1787 3478 1875 3535 ille
1900 3497 2023 3539 cre-

431 3538 559 3604 scit,
591 3543 684 3598 sed
713 3553 765 3599 tu
796 3550 1041 3620 proﬁcis,
1069 3563 1125 3610 et
1151 3559 1302 3628 quasi
1341 3569 1513 3621 tecum
1543 3569 1756 3628 videtur
1777 3589 2017 3649 surgere.

429 3629 518 3686 Sic
537 3643 638 3701 est,
664 3637 873 3696 fratres.
904 3641 1118 3702 Credite
1138 3656 1418 3724 praeceptis
1441 3658 1553 3727 Dei,
1577 3671 1632 3718 et
1652 3662 1808 3723 facite
1831 3629 1942 3739 illa,
1965 3682 2022 3730 et

425 3724 644 3783 donabit
679 3732 830 3789 vobis
868 3735 1036 3794 robur
1063 3741 1446 3816 intelligentiae.
1485 3724 1602 3811 Non
1646 3724 2014 3834 przesumatis,

423 3826 477 3872 et
513 3821 667 3891 quasi
703 3831 1038 3898 anteponatis
1075 3835 1352 3894 scientiam
1378 3821 1661 3917 przeeepto-
1676 3849 1767 3907 Dei
1787 3869 1802 3919 ;
1835 3869 1904 3911 ne
1943 3857 2018 3912 in.

423 3907 642 3970 feriores
662 3956 678 3984 ,
710 3932 816 3974 non
839 3922 1120 3983 solidiores
1140 3937 1458 3992 remaneatis
1490 3939 1527 3993 ¹.
1554 3943 1812 4003 Arborem
1841 3957 2015 4008 atten-

420 4002 529 4059 dite
565 4024 578 4060 :
611 4007 716 4064 ima
751 4014 885 4081 petit
913 4017 1060 4085 prius
1083 4060 1099 4085 ,
1129 4031 1189 4078 ut
1213 4038 1424 4083 sursum
1453 4045 1765 4106 excrescat;
1796 4040 1906 4111 ﬁgit
1927 4059 2014 4100 ra-

418 4093 590 4152 dicem
619 4099 670 4155 in
701 4100 924 4175 humili,
950 4117 1010 4164 ut
1035 4113 1292 4171 verticem
1319 4120 1500 4177 tendat
1519 4125 1584 4179 ad
1606 4093 2011 4191 caelumfbium-

417 4187 542 4256 quid
582 4191 768 4249 nititur
799 4196 901 4253 nisi
931 4201 998 4254 ab
1025 4201 1360 4264 humilitate?
1384 4213 1460 4266 Tu
1483 4226 1660 4274 autem
1687 4223 1803 4279 sine
1828 4225 2008 4284 chari-

418 4286 525 4334 tate
567 4281 649 4337 vis
683 4288 893 4345 excelsa
938 4297 1426 4370 comprehendere;
1469 4308 1585 4364 sine
1628 4312 1824 4394 radice.
1847 4333 2005 4378 auras

418 4372 588 4394 ..-ι;-α
617 4375 714 4394 Π.)
893 4391 901 4394 Α
953 4385 965 4394 ⁵

412 4372 588 4440 petis?
615 4375 789 4434 Ruina
824 4391 906 4438 cst
951 4385 1085 4455 ista,
1134 4407 1239 4446 non
1286 4398 1690 4459 incrementum.
1723 4390 2005 4471 Habitante

409 4464 623 4524 Christo
652 4487 747 4541 per
776 4474 935 4533 ﬁdem
956 4479 1009 4536 in
1033 4484 1283 4545 cordibus
1314 4495 1522 4563 vestris,
1553 4498 1605 4552 in
1636 4499 1892 4560 charitate
1913 4523 2003 4562 ra-

408 4555 656 4617 dieamini
685 4574 844 4637 atque
881 4569 1204 4644 fundamini,
1238 4590 1295 4637 ut
1333 4583 1661 4656 impleamini
1705 4594 1758 4651 in
1785 4611 2000 4657 omnem

407 4651 787 4720 plenitudinem
810 4662 904 4719 Dei
939 4664 1152 4738 (Ep/les.
1186 4688 1242 4728 ut
1261 4715 1275 4740 ,
1299 4651 1532 4753 17,-19).

900 4801 1132 4862 SERMO
1159 4809 1368 4868 cxvm
1389 4816 1520 4889 ‘(a).
1585 4787 1616 4794 ”
1649 4784 1658 4793 ’

401 4903 480 4962 De
509 4909 695 4967 eisdem
731 4917 891 4971 verbis
930 4918 1197 4994 Evangelii
1218 4927 1467 5000 Ioannis,
1509 4934 1565 4991 in
1594 4938 1852 5012 principio
1877 4955 1994 5004 erat

754 5029 1010 5105 Verbum,
1039 5049 1159 5109 etc.,
1186 5059 1300 5115 cap.
1326 5061 1370 5113 ι,
1417 5047 1452 5118 ᾗ
1475 5089 1490 5105 .
1520 5051 1633 5108 1-5.

467 5161 519 5216 1.
576 5163 790 5223 Verbum
838 5171 934 5228 Dei
975 5187 1218 5234 internum
1236 5222 1253 5249 ,
1309 5187 1572 5255 genitum,
1625 5210 1725 5249 non
1773 5202 1984 5268 factum.

392 5253 595 5312 Omnes
632 5261 722 5332 qui
751 5265 928 5344 multa
955 5271 1114 5327 verba
1141 5253 1380 5344 qureritis
1416 5280 1676 5350 hominis,
1707 5253 1984 5362 inlelligite

391 5363 554 5404 unum
577 5351 807 5412 Verbum
835 5359 927 5416 Dei
959 5380 972 5415 :
1003 5361 1068 5417 In
1089 5367 1339 5439 principio
1354 5382 1461 5426 erat
1489 5373 1726 5433 Verbum.
1750 5379 1818 5436 In
1840 5351 1985 5455 prin-

389 5441 522 5512 cipio
568 5455 744 5502 autem
775 5451 891 5521 fecit
933 5453 1074 5512 Deus
1102 5461 1284 5516 caelum
1318 5474 1366 5518 et
1411 5476 1596 5523 terram
1635 5470 1789 5543 (Gen.
1813 5441 1864 5544 ι’,
1897 5478 1975 5551 1).

453 5580 468 5610 ι
481 5586 785 5665 Ξοεεαιεηείε
821 5593 899 5636 Ms.
920 5623 935 5647 ,
979 5601 1040 5642 ne
1076 5592 1361 5660 iii/latiores,
1406 5614 1502 5653 non
1529 5602 1782 5660 solidiores
1817 5623 1978 5665 rema-

387 5643 556 5694 neas.
922 5643 931 5647 ⁷
1127 5643 1137 5658 ’
1165 5643 1171 5644 ί

451 5704 467 5766 ἦ
505 5709 786 5758 Recensitus
808 5710 866 5759 ad
893 5727 940 5762 v.
967 5721 1018 5764 et
1037 5717 1172 5766 sirm.

446 5765 520 5834 (α)
543 5767 683 5834 Alias,
712 5784 777 5823 ex
799 5765 1236 5834 smmum.
1266 5864 1270 5868 ~

1741 304 1798 361 S.
1838 301 2206 365 AUGUSTINI
2245 307 2545 374 EPISCOPI

3687 355 3798 416 672

2198 426 2302 484 Sed
2327 442 2441 488 erat
2471 433 2702 495 Verbum
2722 483 2737 507 ,
2759 445 2972 514 quando
2990 451 3294 517 audivimus
3309 500 3326 528 ,
3353 458 3416 518 In
3435 467 3686 544 principio
3709 479 3790 548 fe-

2193 521 2258 573 cit
2301 521 2454 580 Deus.
2487 529 2850 600 Agnoscamus
2887 539 3195 603 Creatorem
3227 568 3239 604 :
3271 550 3494 612 Creator
3519 521 3631 618 estr
3643 521 3786 625 enim

2190 614 2280 682 qui
2325 617 2479 686 fecit;
2508 634 2748 682 creatura
2777 641 2954 688 autem
2984 638 3125 708 quod
3168 640 3312 700 fecit.
3341 645 3458 704 Non
3487 663 3604 709 erat
3640 658 3784 716 enim

2188 717 2430 765 creatura
2472 729 2590 784 quae
2635 717 2769 775 facta
2813 733 2929 793 est,
2975 730 3113 787 sicut
3155 749 3370 808 semper
3407 752 3525 800 erat
3553 747 3782 810 Verbum

2188 798 2326 856 Deus
2345 844 2360 870 ,
2390 819 2486 874 per
2510 823 2666 878 quem
2695 813 2831 869 facta
2858 828 2958 874 εει.
2983 821 3204 888 Quando
3240 840 3418 888 autem
3445 837 3743 900 audivimus
3760 884 3779 913 ,

2193 886 2314 913 ιλ.-.
2347 891 2428 913 11-.
2451 895 2466 913 ι
2744 904 2758 913 -

2183 886 2314 944 Erat
2347 891 2591 964 Verbum,
2621 904 2760 972 apud
2787 921 2944 977 quem
2972 886 3126 969 erat?
3149 886 3776 1004 Intelliginius

2181 982 2283 1051 qui
2307 999 2414 1040 non
2446 987 2593 1056 fecit,
2639 1009 2740 1050 nec
2765 1000 2968 1057 creavit
2995 1003 3134 1062 idem
3162 982 3416 1083 Verbuvm,
3446 1019 3540 1074 scd
3570 982 3774 1092 genuit:

2172 1355 2504 1425 cogitabatur
2529 1373 2583 1420 et
2602 1368 2940 1428 volvebatur?
2955 1375 3092 1434 Non.
3119 1380 3536 1457 Reeordabatur,
3569 1403 3625 1449 et
3645 1355 3771 1466 pro~

2172 1442 2385 1466 ρ..--ιμ-.ν
2441 1451 2465 1466 ιι
2489 1452 2533 1466 -ν
2656 1459 2693 1466 —

2171 1442 2465 1505 ferebatur?
2486 1452 2625 1511 Non.
2654 1459 2792 1531 Ergo
2817 1466 2975 1534 quale
2999 1467 3262 1527 Verbum?
3282 1476 3416 1545 Quid
3443 1498 3472 1534 a
3504 1499 3588 1538 me
3613 1442 3764 1556 qiua-

2169 1537 2243 1593 ris
2269 1543 2475 1599 multa?
2496 1545 2634 1604 Deus
2659 1564 2767 1608 erat
2794 1555 3032 1614 Verbum.
3063 1537 3592 1645 Quandowaudimus,

2166 1641 2275 1686 erat
2299 1633 2536 1708 Verbum,
2566 1659 2672 1700 non
2699 1647 3036 1720 duplicamus
3059 1657 3265 1730 Deum;
3294 1667 3388 1721 sed
3419 1668 3761 1742 intelligimus

2412 1730 2457 1742 -ν
2524 1733 2536 1742 -
2752 1741 2758 1742 γ

2165 1720 2381 1782 Filium.
2412 1730 2648 1792 Verbum
2675 1741 2818 1797 enim
2850 1745 2942 1800 Dei
2973 1748 3140 1806 Filius
3167 1720 3267 1810 est:
3307 1720 3640 1821 Ecce-Vili;
3659 1810 3673 1835 ,
3703 1720 3760 1826 et

2162 1817 2304 1923 quod
2330 1821 2431 1879 nisi
2459 1824 2637 1884 Deus?
2677 1831 2811 1891 Nam
2833 1835 2974 1895 Deus
2991 1853 3098 1897 erat
3133 1844 3369 1907 Verbum.
3399 1817 3759 1923 Quid—Pater?

2164 1903 2356 1979 Utique
2389 1913 2549 1972 Deus.
2579 1919 2634 1975 Si
2657 1933 2808 1992 pater
2834 1927 2998 1998 Deus,
3028 1941 3083 1989 et
3109 1936 3275 1996 Filius

2160 2011 2280 2053 mus
2309 2001 2501 2060 Deum?
2526 2010 2697 2066 Absit.
2732 2014 2890 2073 Pater
2917 2021 3092 2092 Deus,
3123 2025 3289 2086 Filius
3318 2001 3500 2092 Deus':
3525 2001 3755 2100 ‘geh'ii;

2161 2097 2243 2144 ter
2281 2102 2336 2148 et
2365 2095 2532 2155 Filius
2566 2118 2701 2160 unus
2731 2107 2890 2165 Deus.
2918 2111 3035 2170 Non
3068 2127 3147 2173 est
3188 2122 3330 2178 enim
3361 2127 3548 2184 unicus
3586 2132 3753 2191 Filius

2155 2181 2344 2254 factus,
2377 2191 2471 2246 sed
2493 2205 2668 2253 natus.
2698 2197 2765 2255 In
2789 2205 3040 2278 principio
3064 2212 3182 2282 fecit
3202 2213 3342 2272 Deus
3365 2221 3548 2276 emtum
3576 2235 3623 2279 et
3645 2237 3750 2284 ter-

2153 2292 2264 2332 ram
2296 2296 2315 2334 :
2334 2284 2428 2338 sed
2458 2299 2573 2344 erat
2602 2291 2831 2351 Verbum
2855 2313 2886 2353 a
2912 2300 3089 2358 Patre.
3120 2305 3262 2377 Ergo
3283 2310 3478 2370 factum
3506 2326 3590 2372 est
3615 2319 3748 2376 Ver.

2152 2368 2276 2426 hum
2322 2389 2351 2428 a
2383 2376 2581 2436 Patre?
2623 2383 2762 2441 Non.
2798 2387 2983 2446 Omnia
3009 2412 3100 2465 per
3127 2368 3294 2469 ipsitm
3333 2368 3477 2477 facta
3509 2368 3748 2471 "Si

2152 2476 2248 2532 per
2277 2464 2450 2536 ipsum
2479 2475 2659 2532 omnia
2684 2477 2820 2534 facta
2847 2492 2972 2539 sunt
2994 2464 3016 2550 ,7
3036 2464 3294 2562 numquid
3327 2464 3382 2552 et
3411 2498 3525 2569 ipse
3561 2517 3657 2572 per
3687 2521 3748 2563 se

2149 2557 2320 2625 ipsum
2356 2561 2525 2621 factus
2551 2569 2673 2623 est?
2703 2571 2805 2628 Per
2841 2592 2999 2647 quem
3029 2557 3199 2640 audis
3211 2585 3345 2644 facta
3371 2557 3492 2650 esse
3520 2557 3699 2654 omnia
3723 2641 3742 2667 ,

2147 2653 2254 2707 noli
2280 2665 2468 2724 putare
2495 2659 2692 2720 factum
2729 2683 2850 2726 esse
2895 2672 3036 2730 inter
3070 2681 3270 2736 omnia.
3301 2683 3433 2741 Nam
3461 2688 3506 2742 si
3546 2699 3600 2746 et
3625 2691 3742 2762 ipse

2144 2742 2316 2802 factus
2339 2759 2456 2820 est,
2490 2770 2594 2810 non
2627 2774 2722 2828 per
2745 2760 2892 2818 illum
2921 2765 3056 2823 facta
3085 2781 3210 2828 sunt
3235 2778 3411 2832 omnia
3437 2821 3452 2848 ,
3479 2780 3574 2836 sed
3601 2783 3742 2842 inter

2141 2851 2334 2898 caetera
2374 2845 2544 2906 factus
2585 2862 2666 2909 est
2711 2854 2846 2926 ipse.
2881 2861 3052 2933 Dicis,
3097 2866 3291 2926 Factus
3330 2845 3453 2929 est
3483 2880 3741 2950 numquid

2143 2947 2236 3000 per
2264 2935 2364 2990 se?
2387 2937 2517 3006 Quis
2563 2952 2646 2998 est
2687 2948 2778 3017 qui
2807 2949 2968 3008 faciat
3007 2957 3106 3011 se?
3132 2960 3187 3015 Si
3232 2976 3360 3034 ergo
3399 2965 3570 3023 factus
3615 2935 3736 3041 est,
3794 3020 3798 3024 .

2137 3025 2408 3092 quomodo
2431 3044 2529 3100 per
2557 3031 2730 3104 ipsum
2763 3037 2898 3097 facta
2923 3055 3050 3101 sunt
3077 3051 3298 3108 omnia?
3339 3055 3479 3114 Ecce
3521 3069 3577 3116 et
3621 3062 3737 3132 ipse

2138 3115 2307 3172 factus
2332 3129 2435 3186 est,
2464 3123 2602 3180 sicut
2631 3135 2685 3183 tu
2715 3129 2871 3201 dicis,
2899 3152 3004 3193 non
3032 3155 3132 3212 ego
3153 3184 3169 3211 ,
3210 3146 3332 3216 quia
3356 3151 3593 3220 genitum
3625 3115 3732 3213 nron

2135 3222 2290 3278 nego.
2320 3209 2378 3266 Si
2401 3228 2530 3286 ergo
2573 3217 2706 3276 dicis
2753 3223 2950 3282 factum
2999 3209 3163 3302 esse,
3206 3209 3388 3307 quaero
3425 3258 3522 3312 per
3562 3209 3730 3318 quid,

2131 3313 2313 3366 quazro
2338 3318 2436 3373 per
2457 3321 2638 3377 quem.
2670 3311 2773 3370 Per
2789 3330 2847 3372 se
2876 3318 3078 3389 ipsum?
3104 3324 3248 3398 Ergo
3273 3311 3731 3407 erat,antequant

2129 3389 2303 3462 ﬁeret,
2327 3404 2386 3450 ut
2414 3396 2613 3458 faceret
2639 3419 2699 3460 se
2725 3406 2920 3476 ipsum.
2953 3411 3010 3469 Si
3027 3389 3208 3473 autem
3229 3423 3408 3479 omnia
3435 3440 3533 3496 per
3551 3389 3727 3498 ipsum

2127 3480 2264 3538 facta
2295 3495 2456 3556 sunt,
2489 3491 2724 3566 intellige
2752 3501 2873 3569 quia
2901 3518 3007 3559 non
3050 3517 3134 3563 est
3158 3508 3326 3568 factus
3356 3480 3489 3585 ipse.
3531 3480 3598 3575 Si
3619 3537 3725 3579 non

2125 3581 2280 3641 potes
2309 3576 2610 3652 intelligere
2629 3627 2646 3652 ,
2670 3589 2832 3645 crede
2861 3601 2918 3648 ut
2937 3594 3224 3670 intelligas.
3255 3576 3519 3663 Prazcedit
3547 3576 3718 3680 ﬁdes,

2123 3668 2367 3738 sequitur
2400 3672 2702 3735 intellectus
2739 3687 3033 3752 :quoniatu
3072 3668 3332 3764 propheta
3377 3697 3544 3767 dicit,

2121 3761 2468 3832 credideritis,
2499 3785 2601 3825 non
2629 3772 2919 3848 intelligetis
2948 3780 3100 3852 (lsai.
3139 3761 3208 3842 vit
3231 3830 3246 3854 ,
3289 3790 3323 3846 9
3342 3834 3356 3857 ,
3394 3810 3495 3849 sec.
3529 3761 3718 3871 LXX).

2120 3850 2249 3906 Erat
2286 3853 2522 3914 Verbum.
2551 3861 2669 3918 Noli
2688 3882 2817 3937 ergo
2839 3850 3082 3941 quae—rere
3111 3850 3320 3950 tempus
3345 3850 3417 3952 ei,
3443 3850 3717 3960 perquam

2117 3941 2254 4000 facta
2284 3959 2408 4005 sunt
2437 3959 2699 4024 tempora.
2733 3958 2858 4016 Erat
2897 3963 3135 4026 Verbum.
3315 3941 3528 4035 tu

2113 4039 2326 4106 quando
2355 4059 2458 4099 non
2491 4061 2608 4104 erat
2634 4051 2888 4112 Verbum.
2924 4059 3163 4120 Mentiris
3185 4108 3201 4133 ,
3249 4085 3511 4144 nusquam
3555 4078 3708 4150 legis.

2113 4126 2228 4199 Ego
2252 4143 2429 4190 autem
2467 4137 2586 4211 lego
2617 4143 2710 4200 tibi
2735 4187 2750 4213 ,
2779 4146 2846 4204 In
2874 4154 3125 4227 principio
3163 4126 3271 4216 erat

2110 4225 2308 4292 quaeris
2350 4239 2475 4288 ante
2519 4235 2876 4310 principium?
2918 4245 2975 4303 Si
3019 4225 3198 4308 autem
3226 4254 3427 4328 aliquid
3468 4225 3710 4324 invehire

2110 4321 2350 4385 potueris
2373 4333 2498 4380 ante
2528 4329 2878 4402 principium,
2910 4337 3082 4408 ipsum
3109 4346 3211 4400 erit
3246 4321 3586 4422 principium.
3617 4355 3707 4413 ln-

2108 4409 2250 4464 sanit
2282 4413 2371 4481 qui
2401 4415 2599 4487 aliquid
2643 4426 2832 4492 quierit
2855 4438 2980 4486 ante
3014 4409 3352 4506 principium.
3397 4409 3535 4511 Quid
3574 4409 3705 4520 ergo

2105 4496 2235 4554 dicit
2279 4504 2404 4572 quia
2449 4507 2547 4564 fuit
2599 4521 2727 4569 ante
2773 4496 3133 4591 principium?
3177 4496 3246 4583 in
3292 4496 3541 4605 ρνίηῖίρεο
3589 4496 3702 4594 «in

2113 4586 2351 4648 Verbum.

2172 4680 2226 4734 2.
2255 4683 2604 4746 Similitudine
2627 4699 2911 4755 ostenditur
2946 4716 3252 4766 coaeternum
3275 4731 3383 4770 esse
3411 4715 3518 4774 Deo
3548 4719 3700 4777 Patri

2100 4767 2313 4827 Filium.
2361 4776 2465 4832 Sed
2508 4781 2639 4838 dicis
2667 4803 2680 4840 :
2715 4789 2782 4843 Et
2808 4800 2924 4848 erat
2952 4795 3141 4866 Pater;
3172 4813 3225 4857 et
3265 4815 3390 4862 ante
3421 4807 3698 4869 Verbum?

2097 4860 2233 4929 Quid
2263 4871 2499 4936 quieris?
2522 4872 2589 4930 In
2620 4880 2869 4953 principio
2893 4898 3002 4943 erat
3043 4860 3274 4952 Verbum.
3474 4860 3695 4964 invenis

2095 4955 2334 5030 intellige
2362 4980 2374 5016 :
2400 4967 2505 5020 noli
2535 4984 2778 5039 quaerere
2806 4980 2949 5048 quod
2993 5000 3098 5040 non
3130 5003 3281 5058 potes
3313 4996 3575 5054 invenire.
3602 4999 3694 5056 Ni-

2095 5047 2168 5104 hil
2197 5062 2280 5109 est
2323 5068 2445 5114 ante
2484 5047 2837 5136 principium.
2873 5073 2942 5129 In
2987 5047 3240 5152 principio
3285 5096 3390 5141 erat
3448 5088 3687 5149 Verbum.

2091 5143 2354 5215 Splendor
2380 5152 2546 5210 Patris
2583 5158 2750 5216 Filius
2780 5175 2882 5220 est.
2915 5143 2998 5225 Dei
3016 5143 3274 5244 sapientia
3307 5143 3687 5257 Patris,quod

2089 5248 2170 5292 est
2198 5240 2365 5299 Filius
2387 5287 2401 5311 ,
2431 5247 2630 5308 dictum
2673 5265 2788 5325 est,
2820 5257 3024 5318 Candor
3050 5277 3123 5322 est
3161 5273 3292 5326 enim
3333 5276 3458 5332 lucis
3482 5290 3688 5336 teter-nat

2091 5327 2245 5401 (Sap.
2276 5349 2347 5390 vn
2369 5378 2382 5402 ,
2430 5339 2544 5412 26).
2577 5343 2783 5410 Qumris
2812 5349 3004 5409 Filium
3035 5359 3151 5415 sine
3196 5327 3682 5430 murali-Da"

2084 5421 2259 5480 lucem
2287 5429 2402 5485 sine
2446 5435 2697 5494 candore.
2730 5439 2786 5496 Si
2832 5444 3116 5516 aliquando
3156 5470 3260 5509 nun
3309 5469 3426 5515 erat
3471 5461 3680 5533 Filius,

2085 5517 2242 5575 Pater
2267 5523 2356 5579 lux
2383 5527 2608 5587 obscura
2644 5545 2778 5591 erat.
2810 5537 3092 5605 Quomodo
3119 5548 3260 5604 enim
3305 5567 3410 5609 non
3451 5555 3678 5614 obscura

2084 5609 2170 5665 lux
2193 5624 2336 5684 erat,
2369 5619 2412 5674 si
2437 5623 2723 5682 candorem
2748 5646 2852 5687 non
2875 5633 3142 5694 habebat?
3169 5639 3311 5713 Erga
3331 5660 3547 5718 semper
3572 5650 3679 5704 Pa-

2082 5711 2165 5757 ter
2183 5746 2198 5770 ,
2227 5722 2442 5781 semper
2469 5714 2655 5774 Filius.
2689 5719 2743 5777 Si
2771 5739 2984 5799 semper
3014 5729 3204 5799 Pater,
3237 5711 3464 5808 semper-
3490 5739 3671 5801 Filius.

2079 5795 2286 5869 Quaeris
2313 5817 2346 5862 a
2377 5821 2464 5868 me
2494 5818 2669 5871 utrum
2701 5825 2856 5879 natus
2881 5795 2951 5882 sit
2973 5795 3542 5912 Filiusivltespondeo,
