4126 6322
344 295 459 357 673

346 422 456 472 tus.
479 411 600 467 Non
637 408 783 468 enim
808 417 952 466 esset
975 407 1174 474 Filius,
1205 407 1252 463 si
1304 422 1408 463 non
1449 414 1626 463 natus.
1667 406 1773 464 Sed
1812 422 1934 463 cum

346 507 499 573 dico,
525 505 750 575 Semper
776 504 979 570 Filius;
1011 504 1111 557 hoc
1131 503 1270 568 dico,
1302 501 1525 573 Semper
1551 510 1634 558 est
1659 510 1836 557 natus.
1869 501 1939 556 Et

345 600 465 673 quis
494 598 771 667 intelligit,
799 598 1023 668 Semper
1047 607 1130 653 est
1159 597 1349 651 natus?
1372 596 1446 650 Da
1481 595 1610 650 mihi
1651 594 1936 665 sempiter-

346 708 474 749 num
498 693 674 760 ignem
702 731 715 754 ,
742 700 797 744 et
820 689 890 745 do
915 690 1009 744 tibi
1035 689 1415 760 sempiternum
1442 687 1803 759 splendorem.
1832 686 1935 743 Be-

345 786 644 845 nedicimus
685 785 851 840 Deum
876 826 892 852 ,
922 784 1012 855 qui
1038 783 1185 839 dedit
1213 782 1365 838 nobis
1406 797 1589 838 sacras
1614 782 1933 852 Scripturas.

345 878 404 935 In
430 877 718 949 splendore
758 877 892 932 lucis
934 877 1097 932 nolite
1134 891 1255 932 esse
1296 875 1444 933 caeci.
1467 876 1678 931 Candor
1712 877 1779 932 de
1819 876 1936 934 luce

344 969 615 1040 gignitur,
669 976 725 1023 et
770 978 945 1024 tamen
994 968 1229 1040 gignenti
1263 976 1563 1025 coaeternus
1590 976 1674 1025 est
1711 969 1931 1024 candor.

343 1062 570 1132 Semper
606 1061 727 1128 lux,
758 1075 971 1131 semper
1011 1060 1213 1117 candor
1253 1060 1387 1131 ejus.
1433 1060 1625 1116 Gcnuit
1649 1060 1935 1117 candorem

343 1169 498 1210 suum
534 1172 545 1207 :
577 1154 674 1211 sed
705 1154 958 1224 numquid
986 1154 1085 1209 fuit
1108 1154 1222 1209 sine
1245 1153 1475 1209 candore
1499 1154 1638 1209 suo?
1665 1153 1936 1211 Generare

343 1249 730 1318 sempiternum
760 1247 919 1303 liceat
945 1248 1074 1303 Deo.
1101 1247 1250 1317 Rogo
1274 1288 1288 1311 ,
1317 1246 1495 1302 audite
1522 1247 1587 1303 de
1626 1262 1732 1318 quo
1761 1249 1933 1319 loqui-

343 1356 465 1395 nmr
497 1359 510 1394 :
542 1340 720 1395 audite
739 1382 753 1405 ,
795 1340 1053 1395 advertite
1073 1382 1086 1405 ,
1117 1340 1347 1407 credite,
1397 1340 1691 1411 intelligite.
1722 1342 1799 1397 De
1823 1342 1934 1398 Deo

343 1433 631 1504 loquimur.
664 1432 855 1488 Filium
896 1433 1039 1488 Patri
1068 1443 1392 1489 coaeternum
1424 1434 1652 1491 fatemur
1676 1445 1729 1491 et
1754 1437 1932 1491 credi-

344 1541 482 1579 mus.
510 1525 615 1582 Sed
641 1525 820 1590 homo,
851 1525 1035 1595 inquit,
1061 1525 1274 1594 quando
1301 1536 1521 1595 generat
1543 1526 1730 1595 ﬁlium,
1763 1527 1935 1597 major

344 1616 538 1687 estqui
565 1626 817 1687 generat,
840 1627 893 1673 et
913 1618 1088 1673 minor
1113 1619 1201 1688 qui
1238 1628 1538 1689 generatur.
1569 1620 1707 1676 Ecce
1744 1637 1931 1677 verum

284 1693 317 1713 ”
342 1715 426 1764 est
466 1726 481 1762 :
523 1709 574 1763 in
602 1709 904 1764 hominibus
934 1710 1103 1780 major
1138 1720 1221 1766 est
1265 1712 1353 1782 qui
1383 1722 1637 1782 generat,
1671 1721 1724 1769 et
1758 1713 1934 1769 minor

341 1799 433 1870 qui
457 1810 775 1871 generatur,
813 1810 867 1857 et
895 1803 1137 1872 pervenit
1174 1803 1239 1858 ad
1282 1804 1445 1859 robur
1473 1804 1635 1874 patris
1676 1806 1777 1861 sui.
1827 1806 1931 1862 Sed

341 1908 541 1961 quare,
570 1892 671 1947 nisi
697 1894 821 1963 quia
862 1908 983 1949 cum
1023 1895 1113 1951 ille
1141 1896 1370 1960 crescit,
1404 1897 1494 1952 ille
1522 1898 1793 1953 senescit?
1817 1897 1935 1956 Stet

343 1994 494 2054 pater
522 1986 572 2039 in
604 1994 843 2055 tempore
867 2029 882 2053 ,
910 1996 965 2043 et
1005 1988 1297 2044 crescendo
1322 2003 1444 2044 eum
1486 1989 1727 2059 sequitur
1752 1989 1893 2045 ﬁlius
1915 2032 1929 2058 ,

340 2086 398 2133 et
420 2077 624 2134 videbis
644 2078 926 2150 aequalem.
953 2079 1058 2136 Sed
1097 2095 1224 2137 ecce
1261 2080 1332 2137 do
1358 2081 1451 2137 tibi
1478 2081 1619 2138 unde
1644 2083 1929 2154 intelligas.

340 2169 485 2241 Ignis
520 2181 741 2242 generat
781 2172 1120 2243 splendorem
1170 2190 1429 2229 coaevum.
1482 2175 1597 2232 Non
1643 2175 1848 2232 invenis
1876 2176 1932 2233 in

339 2263 647 2321 hominibus
684 2264 789 2322 nisi
830 2267 1065 2323 minores
1106 2268 1277 2335 ﬁlios,
1309 2270 1540 2339 majores
1579 2281 1789 2339 patres;
1824 2286 1929 2327 non

339 2355 549 2414 invenis
572 2373 820 2415 coaevos:
852 2360 946 2415 sed
982 2359 1053 2415 do
1084 2360 1209 2425 tibi,
1255 2361 1392 2417 sicut
1417 2362 1560 2428 dixi,
1592 2363 1929 2433 splendorem

338 2462 580 2504 comvum
618 2449 725 2520 igni
754 2452 888 2521 patri
926 2466 1044 2507 suo.
1076 2452 1308 2508 Geuerat
1332 2454 1474 2509 enim
1509 2455 1645 2526 ignis
1681 2455 1931 2525 splendo-

336 2553 487 2607 rem,
518 2540 613 2596 sed
638 2558 907 2612 numquam
941 2544 1057 2598 sine
1093 2544 1396 2614 Splendore.
1438 2544 1570 2601 Cum
1599 2562 1726 2617 ergo
1752 2547 1932 2604 videas

335 2633 678 2704 Splendorem
706 2636 811 2705 igni
845 2650 966 2691 esse
993 2651 1231 2691 coaevum
1251 2679 1266 2704 ,
1297 2638 1541 2708 permitte
1572 2639 1735 2694 Deum
1766 2655 1929 2710 gene-

335 2740 461 2784 rare
488 2737 833 2784 coaeternum.
864 2729 963 2799 Qui
1002 2730 1284 2801 intelligit,
1324 2732 1548 2802 gaudeat
1581 2753 1593 2785 :
1622 2734 1711 2804 qui
1752 2741 1930 2789 autem

336 2834 448 2874 non
488 2819 766 2891 intelligit,
818 2821 1021 2876 credat.
1069 2821 1329 2888 Quoniam
1374 2824 1595 2879 verbum
1648 2823 1931 2894 Propheta:

335 2913 584 2970 evacuari
610 2928 714 2969 non
742 2922 918 2985 potest
941 2933 953 2969 :
978 2914 1096 2969 Nisi
1123 2914 1434 2969 credideritis
1452 2957 1467 2984 ,
1494 2933 1597 2971 non
1623 2915 1929 2988 intelligetis.

837 3048 1066 3105 sermo
1093 3049 1258 3105 CXIX
1285 3057 1302 3074 -
1330 3050 1427 3123 (α).

335 3136 423 3195 De
440 3140 625 3195 eisdem
647 3141 806 3196 verbis
847 3141 1064 3197 Joannis
1092 3186 1105 3209 ,
1140 3143 1197 3197 In
1231 3144 1492 3214 principio
1514 3154 1627 3200 crat
1654 3145 1924 3215 Verbum,

768 3245 889 3302 etc.,
918 3253 1030 3306 cap.
1057 3253 1095 3303 ι,
1137 3236 1173 3306 ᾗ
1199 3277 1211 3291 .
1239 3238 1371 3292 1-14

409 3346 635 3404 CAPUT
674 3347 958 3404 PRIMUM.
998 3379 1070 3388 —
1113 3351 1165 3404 l.
1229 3348 1445 3404 Verbum
1499 3361 1742 3405 veternum
1789 3352 1929 3424 apud

332 3438 524 3494 Deum.
574 3440 856 3497 Dominum
898 3450 1137 3497 nostrum
1183 3442 1362 3497 Jesum
1412 3442 1683 3498 Christum
1733 3445 1927 3500 factum

330 3549 460 3590 esse
507 3533 775 3589 hominem
817 3536 1106 3605 qumrendo
1154 3536 1418 3605 perditum
1469 3537 1738 3593 hominem
1765 3579 1781 3605 ,
1830 3555 1926 3594 ne-

328 3641 445 3696 que
489 3642 717 3696 unquam
781 3627 944 3682 tacuit
997 3626 1304 3697 prtediCatio
1347 3637 1562 3696 nostra,
1612 3639 1666 3684 et
1715 3647 1928 3702 semper

328 3717 524 3773 habuit
549 3717 680 3773 ﬁdes
702 3726 881 3774 vestra
908 3735 920 3770 :
951 3716 1094 3773 hunc
1112 3726 1292 3773 autem
1322 3719 1605 3773 Dominum
1650 3729 1925 3789 nostrum,

327 3811 424 3880 qui
478 3809 640 3865 homo
683 3809 851 3865 factus
885 3819 969 3865 est
1028 3818 1247 3880 propter
1306 3826 1440 3877 nos,
1496 3812 1667 3868 Deum
1714 3829 1929 3886 semper

328 3902 500 3957 fuisse
539 3901 679 3971 apud
727 3900 968 3968 Patrem,
1003 3912 1057 3956 ει
1084 3916 1299 3972 semper
1336 3902 1569 3958 futurum
1618 3920 1771 3972 esse,
1822 3908 1929 3962 imo

330 4008 552 4063 semper
580 4007 733 4058 esse;
760 3993 882 4063 quia
908 3993 998 4049 ubi
1029 4001 1238 4065 tempus
1266 4010 1374 4050 non
1416 3998 1679 4065 praeterit,
1714 4015 1818 4053 non
1845 4009 1928 4056 est

334 4084 411 4139 ibi
447 4084 569 4140 Fuit
608 4094 664 4140 et
691 4085 822 4140 Erit.
851 4086 1003 4155 Quod
1053 4088 1196 4143 enim
1223 4088 1418 4145 dicitur
1460 4090 1615 4158 Fuit,
1663 4092 1773 4161 jam
1820 4110 1925 4149 non

334 4188 453 4244 est;
477 4176 619 4248 quod
648 4177 842 4233 dicitur
866 4180 1009 4245 Erit,
1043 4178 1277 4234 nondum
1306 4190 1389 4235 est
1420 4198 1433 4234 :
1466 4182 1559 4236 sed
1586 4198 1799 4253 semper
1822 4196 1923 4253 est,

332 4271 463 4342 quia
484 4286 608 4326 vere
635 4280 741 4337 est,
774 4271 875 4326 hoc
895 4279 978 4327 est
998 4313 1013 4339 ,
1048 4272 1498 4330 incommutabilis
1519 4284 1620 4329 est.
1649 4276 1803 4331 Modo
1828 4294 1926 4333 nos

332 4362 616 4419 admonuit
643 4363 1002 4434 evangelicum
1029 4364 1319 4435 capitulum
1340 4406 1355 4431 ,
1382 4382 1629 4437 magnum
1655 4369 1924 4425 divintnn~

334 4470 444 4527 que
472 4464 757 4510 secretum.
797 4455 911 4510 Hoc
936 4456 1078 4511 enim
1134 4456 1453 4528 principium
1478 4459 1751 4531 Evangelii
1798 4477 1927 4518 san-

335 4556 458 4604 ctus
478 4547 712 4604 Joannes
741 4549 1025 4615 ructuavit,
1045 4548 1169 4619 quia
1193 4548 1261 4605 de
1287 4559 1507 4621 pectore
1530 4552 1741 4609 Domini
1768 4554 1922 4612 bibit.

336 4640 714 4697 Recordamini
756 4644 935 4707 enim,
970 4648 1024 4696 et
1061 4641 1254 4697 lectum
1279 4651 1362 4698 est
1385 4644 1538 4700 vobis
1575 4648 1883 4717 nuperrime
1907 4690 1922 4717 ,

336 4733 608 4804 quomodo
654 4733 767 4803 ipse
807 4743 1025 4789 sanctus
1061 4734 1296 4790 Joannes
1340 4738 1661 4807 evangelista
1710 4740 1761 4794 in
1806 4742 1927 4797 sinu

335 4826 550 4883 Domini
590 4825 976 4882 discumbebat.
1019 4826 1168 4894 Quod
1196 4836 1380 4897 aperte
1405 4843 1671 4898 exponere
1697 4832 1885 4888 volens
1907 4875 1922 4901 ,

333 4922 437 4987 ait,
472 4920 644 4989 Super
667 4928 840 4990 pectus
871 4917 1075 4972 Domini
1101 4918 1278 4988 (Joan.
1308 4935 1434 4985 xm,
1457 4920 1529 4975 25
1548 4963 1563 4987 ,
1586 4920 1680 4995 25)
1709 4940 1722 4975 :
1757 4932 1813 4978 ut
1836 4925 1923 4979 in-

335 5012 702 5082 telligeremus
733 5010 860 5081 quid
887 5009 1115 5079 dixerit,
1158 5010 1212 5065 in
1238 5010 1358 5068 sinu
1399 5012 1628 5069 Domini.
1663 5014 1753 5071 ille
1781 5017 1922 5072 enim

393 5151 415 5215 ξ
442 5149 728 5215 necensitus
742 5147 803 5215 ad
824 5146 873 5196 d.
891 5159 967 5215 gr.
984 5159 1040 5215 rt
1052 5160 1103 5197 v.
1123 5152 1177 5197 et
1197 5145 1257 5196 ad
1278 5145 1415 5197 Ulim.
1442 5154 1546 5199 Par.
1572 5154 1681 5201 ιον.
1708 5156 1762 5201 et
1784 5153 1923 5215 Vigu.

413 5210 636 5286 nelias.
663 5210 728 5284 d9
748 5208 1124 5286 οίϊθτέίεὲέεη
1599 5273 1628 5286 ..

413 5226 449 5265 a
492 5212 636 5273 Alias,
663 5212 728 5261 de
748 5212 963 5261 Diversis
982 5212 1060 5259 24.
1397 5272 1408 5283 .
1618 5275 1628 5286 .
1842 5212 1863 5215 “

392 5212 469 5339 lbi
497 5281 616 5339 Tres
635 5273 721 5336 qui
760 5273 1128 5339 subsequuntur
1144 5270 1221 5339 __in
1243 5278 1438 5339 Joannis
1459 5273 1716 5339 erordrum
1736 5289 1925 5329 sermo-

329 5333 594 5409 [ιθέρξδιτιω
617 5333 821 5409 γέξιεῖνρε
843 5333 992 5409 Πδῖδε
1014 5333 1339 5409 imitatum
1362 5333 1586 5409 habili!“
1607 5334 1690 5409 (ἓίθ
1713 5338 1921 5409 985011.39-

332 5337 440 5397 ιιεε,
467 5337 594 5447 apati
618 5341 821 5385 veteres
843 5337 992 5383 libros
1014 5337 1339 5406 inscribuntur
1363 5337 1514 5407 habiti
1536 5337 1586 5409 in
1607 5337 1690 5387 die
1713 5338 1921 5389 Pascha.

332 5405 396 5449 Ex
419 5402 484 5450 iis
570 5398 634 5448 ud
656 5398 958 5463 dubiesunt,
984 5409 1106 5463 quos
1126 5395 1365 5446 POSSldlliS
1385 5410 1435 5445 in
1460 5398 1686 5463 Indiculo,
1712 5413 1817 5463 cap.
1846 5402 1922 5463 10,

332 5469 484 5521 notat,
535 5478 557 5506 ιι
580 5466 670 5509 Ρει·
713 5458 905 5533 vigilias
950 5457 1137 5534 Pascha:
1181 5465 1412 5534 tractatus
1450 5461 1617 5534 viginti
1666 5457 1783 5534 tres;
1804 5479 1852 5534 η¹
1877 5457 1923 5515 Ei

334 5535 544 5588 namque
567 5525 776 5583 tempori
798 5526 1138 5593 congruenter.
1152 5527 1204 5569 et
1245 5533 1388 5593 quam
1424 5529 1691 5597 opportune
1731 5525 1926 5598 diceba-

334 5591 411 5647 tur
432 5587 499 5635 de
521 5584 683 5647 capite
705 5585 860 5647 primo
898 5581 1141 5645 Evangeln
1177 5589 1395 5643 Joannis,
1438 5584 1568 5633 unde
1614 5584 1736 5635 ﬁlios
1758 5594 1842 5636 Det
1866 5602 1924 5639 se

336 5645 485 5720 [actos
508 5644 621 5720 esse
658 5644 998 5720 intelligerent
1030 5644 1230 5720 recens
1260 5646 1499 5720 baptizati,
1533 5648 1662 5720 quod
1685 5649 1800 5709 ipsis
1823 5650 1924 5700 col-

338 5707 485 5772 latum
528 5707 943 5770 beneﬁcimn’hic,
968 5720 1107 5772 capp.
1133 5708 1163 5757 4
1187 5716 1237 5759 ει
1259 5708 1306 5771 5,
1327 5707 1646 5763 manifestius
1679 5707 1923 5764 columen-

1771 290 2004 349 SERMO
2037 291 2227 351 CXIX.

3520 323 3626 382 674

2042 410 2130 508 qui
2155 426 2525 508 superpectus
2554 418 2765 478 Domini
2793 422 3193 498 discumbebat,
3227 441 3474 502 putamus
3498 438 3625 508 quid

2042 500 2293 560 bibebat?
2322 507 2437 564 Non
2483 521 2763 584 putemus,
2813 518 2909 575 sed
2956 529 3202 591 potemus
3228 500 3256 579 -ε
3288 526 3447 584 modo
3484 500 3626 587 enim

2041 603 2095 648 et
2120 612 2217 651 nos
2240 599 2540 659 audivimus
2562 607 2701 675 quod
2724 608 2985 668 bibamus.

2110 686 2337 747 CAPUT
2378 693 2442 747 ll.
2475 726 2546 735 —
2588 696 2802 755 Verbum
2835 701 2932 758 Dei
2980 723 3080 761 non
3122 717 3195 763 est
3224 709 3432 779 factum.
3462 743 3535 754 —
3556 713 3624 771 In

2041 780 2293 853 principio
2320 797 2427 840 erat
2461 786 2706 857 Verbum,
2736 802 2782 847 et
2815 793 3033 851 Verbum
3058 810 3163 853 erat
3192 804 3333 872 apud
3353 804 3514 860 Deum
3534 848 3547 871 ,
3578 816 3626 862 et

2041 870 2180 928 Deus
2203 885 2309 930 erat
2347 876 2584 934 Verbum.
2622 882 2666 937 Ο
2692 885 3011 953 praedicare!
3044 904 3077 944 ο
3104 870 3338 962 saginam
3363 894 3623 952 Dominici

2041 968 2274 1036 pectoris
2318 976 2629 1030 eructuare!
2674 974 2742 1030 In
2787 980 3034 1051 principio
3077 994 3183 1037 erat
3220 984 3455 1043 Verbum.
3487 989 3624 1056 Quid

2040 1061 2235 1130 quaeris
2263 1064 2388 1133 quid
2418 1074 2542 1121 ante
2569 1070 2722 1124 erat?
2768 1069 2838 1125 In
2864 1074 3113 1143 principio
3145 1087 3250 1131 erat
3299 1075 3534 1135 Verbum.
3567 1082 3624 1138 Si

2040 1151 2239 1209 factum
2288 1164 2431 1212 esset
2477 1157 2707 1215 Verbum
2765 1179 2779 1216 :
2834 1178 2940 1219 non
2983 1175 3066 1220 est
3101 1168 3243 1222 enim
3284 1170 3479 1225 factum
3529 1188 3626 1243 per

2039 1246 2181 1315 quod
2206 1246 2341 1303 facta
2388 1260 2513 1305 sunt
2543 1253 2719 1309 omnia
2771 1273 2784 1309 :
2837 1257 2882 1311 si
2923 1258 3116 1313 factum
3167 1272 3310 1318 esset
3356 1264 3621 1336 Verbum,

2039 1336 2309 1409 Scriptura
2348 1342 2583 1409 diceret,
2614 1346 2669 1400 ln
2713 1348 2970 1418 principio
3012 1353 3137 1407 fecit
3177 1353 3319 1411 Deus
3349 1356 3620 1427 Verbum;

2038 1434 2308 1502 quomodo
2332 1435 2464 1491 dixit
2487 1438 2542 1492 in
2565 1438 2793 1508 Genesi,
2828 1441 2896 1497 In
2924 1446 3174 1515 principio
3204 1449 3320 1519 fecit
3355 1450 3494 1507 Deus
3527 1470 3624 1508 cae—

2038 1523 2144 1577 lum
2172 1534 2219 1579 et
2248 1534 2433 1581 terram
2466 1529 2614 1599 (Gen.
2640 1548 2687 1598 ι,
2720 1532 2795 1601 1).
2826 1533 2945 1590 Non
2974 1552 3102 1606 ergo
3122 1538 3174 1592 in
3206 1539 3465 1612 principio
3498 1542 3626 1600 fecit

2039 1614 2180 1671 Deus
2205 1617 2436 1675 Verbum
2465 1638 2478 1674 :
2508 1624 2627 1692 quia
2651 1665 2665 1689 ,
2714 1624 2778 1679 1η
2824 1629 3073 1699 principio
3098 1640 3206 1685 erat
3243 1632 3479 1689 Verbum.
3512 1635 3625 1692 Hoc

2039 1706 2274 1765 Verbum
2301 1714 2443 1783 quod
2469 1714 2523 1769 in
2550 1718 2810 1788 principio
2836 1731 2984 1789 erat,
3026 1724 3116 1779 ubi
3160 1727 3311 1781 erat?
3339 1728 3574 1799 Sequere
3608 1750 3622 1787 :

2037 1798 2105 1854 Et
2138 1800 2353 1857 Verbum
2392 1817 2499 1861 erat
2534 1809 2674 1879 apud
2710 1810 2893 1865 Deum.
2931 1813 3035 1869 Sed
3064 1816 3331 1886 solemus,
3360 1820 3625 1878 audiendo

2038 1894 2272 1963 quotidie
2292 1896 2523 1953 humana
2543 1902 2725 1966 verba,
2750 1905 2852 1959 vile
2874 1905 3068 1963 habere
3091 1925 3283 1966 nomen
3310 1912 3411 1969 hoc
3443 1914 3621 1970 Verbi.

2037 1984 2135 2040 Hic
2155 1987 2265 2041 noli
2294 1989 2495 2045 habere
2520 1993 2626 2048 vile
2646 2009 2841 2051 nomen
2865 1999 3011 2054 verbi
3036 2017 3049 2053 :
3073 2001 3213 2057 Deus
3239 2014 3345 2058 erat
3384 2004 3621 2061 Verbum.

2039 2076 2173 2143 Iloc,
2189 2078 2241 2133 id
2265 2090 2347 2135 est
2372 2081 2602 2138 Verbum
2624 2126 2640 2153 ,
2664 2096 2769 2145 erat
2784 2089 2835 2142 in
2852 2091 3100 2162 principio
3121 2095 3262 2164 apud
3283 2095 3467 2152 Deum.
3495 2098 3623 2153 0m-

2037 2168 2123 2222 nia
2151 2186 2240 2238 per
2273 2171 2442 2241 ipsum
2474 2177 2611 2244 facta
2632 2188 2748 2231 sunt
2778 2194 2797 2233 :
2824 2188 2869 2232 et
2890 2181 2998 2236 sine
3032 2183 3142 2254 ipso
3171 2189 3360 2257 factum
3379 2199 3451 2243 est
3473 2191 3621 2245 nihil.

2108 2263 2332 2320 CAPUT
2372 2266 2459 2320 lll.
2483 2299 2554 2309 --
2599 2270 2652 2325 '5.
2703 2269 2920 2328 Verbum
2970 2274 3067 2330 Dei
3103 2278 3620 2350 incomprehensibile.

2036 2351 2317 2411 Extendite
2354 2358 2515 2414 corda
2550 2370 2759 2429 vestra,
2804 2364 3051 2435 adjuvate
3096 2380 3463 2441 paupertatem
3505 2391 3624 2432 ser-

2037 2446 2213 2501 monis
2251 2449 2439 2503 nostri.
2489 2451 2643 2518 Quod
2687 2453 2869 2511 dicere
2912 2466 3169 2528 potuero,
3211 2462 3390 2519 audite
3433 2483 3446 2518 :
3482 2468 3623 2537 quod

2036 2554 2142 2595 non
2184 2550 2438 2610 potuero,
2468 2546 2715 2616 cogitate.
2763 2548 2893 2614 Quis
2933 2553 3350 2623 comprehendat
3389 2556 3622 2613 Verbum

2036 2634 2292 2687 manens?
2320 2633 2508 2691 Omnia
2552 2639 2714 2695 verba
2763 2650 2945 2697 nostra
2990 2655 3183 2709 sonant
3224 2658 3280 2703 et
3320 2657 3615 2707 transeunt.

2035 2724 2164 2792 Quis
2187 2728 2608 2797 comprehendat
2633 2732 2866 2789 Verbum
2895 2751 3116 2793 manens
3137 2780 3153 2807 ,
3186 2741 3287 2796 nisi
3313 2744 3399 2813 qni
3432 2743 3484 2799 in
3507 2745 3624 2815 ipso

2034 2816 2250 2871 manet?
2280 2817 2369 2873 Vis
2412 2823 2868 2892 comprehendere
2927 2828 3155 2885 Verbum
3210 2837 3469 2891 manens?
3503 2836 3622 2892 Noli

2036 2907 2188 2976 sequi
2231 2907 2427 2965 ﬁumen
2474 2915 2673 2968 carnis.
2705 2914 2844 2971 Caro
2877 2919 3074 2990 quippe
3118 2921 3217 2976 ista
3260 2922 3453 2980 ﬂuvius
3492 2935 3574 2981 est
3606 2944 3620 2982 :

2035 3012 2141 3051 non
2166 2999 2307 3053 enim
2338 3011 2538 3057 manet.
2565 3003 2839 3075 Tanquam
2869 3008 2935 3064 de
2963 3008 3108 3066 fonte
3148 3014 3377 3082 quodam
3409 3025 3618 3072 secreto

2034 3096 2238 3144 naturae
2258 3102 2545 3148 nascuntur
2574 3094 2816 3153 homines
2836 3141 2850 3167 ,
2876 3100 3063 3155 vivunt
3088 3103 3330 3161 homines
3346 3147 3361 3173 ,
3381 3108 3622 3163 moriun-

2035 3189 2120 3235 tur
2162 3181 2447 3239 homines:
2481 3202 2581 3241 nec
2634 3189 2775 3245 unde
2821 3193 3037 3247 veniant
3086 3196 3364 3263 novimus,
3392 3214 3489 3254 nec
3516 3216 3622 3271 quo

2033 3281 2159 3326 eant
2198 3275 2466 3330 novimus.
2514 3277 2668 3335 Latet
2714 3295 2880 3352 aqua,
2927 3284 3096 3341 donec
3137 3289 3504 3358 progrediatur
3556 3308 3621 3348 ex

2034 3362 2179 3419 fonte
2213 3383 2226 3419 :
2257 3369 2444 3433 currit,
2463 3378 2517 3424 et
2564 3384 2784 3443 apparet
2811 3375 2864 3428 in
2908 3374 3128 3433 flumine
3157 3396 3169 3432 :
3199 3380 3293 3435 sed
3334 3397 3518 3439 rursus
3544 3383 3621 3438 la-

2035 3465 2111 3511 tet
2137 3457 2191 3513 in
2215 3461 2365 3514 mari.
2386 3461 2806 3520 Contemnamus
2846 3466 3063 3523 ﬁuvium
3095 3472 3251 3526 istum
3275 3487 3579 3532 manantem
3603 3518 3619 3544 ,

2034 3559 2334 3605 currentem
2355 3593 2370 3618 ,
2398 3553 2767 3624 desinentem,
2797 3568 3223 3617 contemnamus.
3278 3563 3454 3620 Omnis
3501 3584 3620 3623 caro

2036 3643 2239 3711 fenum,
2270 3653 2317 3695 et
2355 3646 2517 3698 omnis
2557 3648 2719 3701 honor
2761 3652 2932 3705 carnis
2967 3654 3093 3706 sicut
3145 3656 3243 3724 ﬂos
3270 3659 3393 3727 feni.
3418 3658 3620 3715 Fenum

2033 3732 2202 3798 aruit,
2242 3734 2338 3801 ﬂos
2358 3734 2564 3789 decidit.
2592 3736 2685 3792 Vis
2712 3744 2965 3796 manere?
2999 3742 3215 3799 Verbum
3240 3757 3409 3802 autem
3447 3750 3623 3805 Domi-

2034 3822 2089 3875 ni
2109 3833 2273 3876 manet
2306 3826 2359 3879 in
2382 3837 2623 3882 aeternum
2646 3828 2798 3901 (1εαὶ.
2824 3848 2916 3899 XL,
2943 3833 3080 3906 6-8).

2104 3916 2330 3974 CAPUT
2370 3920 2458 3975 IV.
2489 3952 2559 3960 —
2578 3924 2630 3977 4.
2666 3923 2879 3979 Verbum
2905 3944 3023 3981 caro
3048 3930 3259 3998 factum.
3288 3932 3391 3989 Sed
3414 3943 3471 3989 ut
3493 3937 3620 3992 sub-

2034 4012 2240 4067 veniret
2288 4014 2475 4081 nobis,
2523 4015 2735 4071 Verbum
2772 4035 2889 4073 caro
2942 4025 3131 4091 factum
3155 4034 3256 4091 est,
3298 4034 3344 4080 et
3384 4027 3622 4083 habitavit

2033 4102 2087 4156 in
2116 4102 2275 4157 nobis.
2314 4106 2448 4171 Quid
2496 4116 2606 4172 est,
2650 4108 2865 4164 Verbum
2908 4129 3024 4167 caro
3046 4114 3237 4183 factum
3280 4120 3390 4173 est?
3416 4122 3618 4176 Aurum

2032 4196 2211 4251 fenum
2248 4198 2439 4253 factum
2471 4209 2570 4255 est.
2598 4201 2796 4256 Fenum
2836 4205 3031 4260 factum
3061 4216 3145 4262 est
3181 4209 3247 4264 ad
3287 4214 3617 4269 succendeno

2036 4289 2159 4343 dum
2197 4306 2208 4342 :
2244 4305 2561 4347 succensum
2593 4303 2674 4348 est
2718 4293 2929 4362 fenum,
2970 4298 3064 4354 sed
3089 4301 3283 4357 mansit
3305 4317 3492 4359 aurum
3526 4322 3538 4359 :
3567 4315 3621 4363 et

2035 4382 2087 4436 in
2118 4382 2241 4437 leno
2268 4400 2374 4439 non
2394 4387 2585 4455 periit,
2617 4396 2671 4443 et
2697 4388 2876 4445 fenum
2903 4393 3144 4448 mutavit.
3176 4395 3457 4463 Quomodo
3502 4415 3622 4456 mu-

2034 4475 2203 4528 tavit?
2232 4475 2589 4532 Resuscitavit
2608 4520 2621 4542 ,
2652 4479 2969 4549 viviﬁcavit,
3003 4482 3057 4538 in
3077 4486 3273 4542 caelum
3302 4489 3517 4558 levavit,
3551 4493 3617 4547 ad

2038 4565 2211 4622 Patris
2246 4567 2519 4625 dexteram
2554 4573 2853 4630 collocavit.
2884 4575 2954 4632 Ut
2999 4589 3176 4635 autem
3224 4581 3521 4649 diceretur,
3552 4586 3621 4640 Et

2042 4658 2259 4714 Verbum
2301 4678 2419 4717 caro
2455 4665 2644 4731 factum
2682 4678 2785 4732 est,
2837 4678 2885 4723 et
2928 4670 3167 4726 habitavit
3193 4673 3246 4727 in
3287 4676 3462 4743 nobis,
3495 4679 3619 4747 quid

2032 4753 2305 4822 praecessit
2333 4755 2632 4811 recolamus
2656 4760 2954 4827 paululum.
2987 4761 3052 4817 In
3094 4781 3187 4817 sua
3216 4768 3425 4836 propria
3452 4770 3618 4836 venit,

2033 4852 2080 4897 et
2106 4843 2186 4897 sui
2221 4861 2335 4897 eum
2360 4862 2460 4899 non
2487 4860 2797 4918 receperunt.
2844 4850 3100 4921 Quotquot
3126 4865 3293 4910 autem
3325 4874 3621 4928 receperum

2032 4954 2166 5004 eum,
2190 4938 2326 4992 dedit
2347 4939 2417 4993 eis
2439 4948 2728 5010 potestatem
2754 4944 2886 5012 ﬁlios
2907 4944 3004 4998 Dei
3031 4946 3162 5015 ﬁeri.
3191 4947 3352 5018 Fieri,
3367 4951 3488 5020 quia
3512 4968 3617 5007 non

2032 5038 2184 5083 erant
2212 5046 2225 5083 :
2256 5028 2370 5098 ipse
2408 5038 2584 5086 autem
2626 5031 2678 5087 in
2723 5034 2983 5105 principio
3008 5046 3143 5091 erat.
3179 5037 3330 5093 Dedit
3374 5055 3502 5113 ergo
3548 5045 3621 5098 eis

2033 5130 2326 5192 potestatem
2351 5123 2485 5192 ﬁlios
2512 5123 2610 5179 Dei
2633 5126 2745 5196 ﬁeri
2765 5167 2780 5193 ,
2808 5127 3123 5182 credentibus
3145 5129 3199 5183 in
3232 5133 3433 5188 nomine
3464 5135 3574 5207 ejus
3601 5152 3622 5191 :

2031 5215 2118 5283 qui
2144 5231 2247 5269 non
2272 5216 2708 5286 exsanguinibus,
2736 5233 2897 5288 neque
2929 5234 2992 5272 ea:
3028 5218 3283 5276 voluntate
3299 5226 3467 5281 carnis
3486 5268 3501 5292 ,
3533 5245 3621 5283 ne-

2031 5325 2127 5381 que
2144 5323 2207 5362 ea:
2230 5306 2484 5362 voluntate
2506 5308 2600 5361 viri
2614 5348 2629 5374 ,
2661 5310 2749 5363 sed
2767 5326 2829 5364 ea:
2854 5309 2963 5365 Deo
2983 5311 3092 5365 nati
3124 5322 3258 5368 sunt.
3293 5316 3431 5373 Ecce
3453 5331 3577 5376 sunt
3602 5362 3616 5388 ,

2033 5398 2085 5453 in
2112 5415 2447 5470 quacumque
2500 5400 2607 5454 sint
2635 5409 2793 5456 aetate
2847 5404 3023 5458 carnis
3056 5422 3070 5457 :
3104 5405 3295 5461 videtis
3342 5409 3572 5469 infantes
3600 5431 3614 5467 :

2031 5492 2209 5548 videte
2239 5499 2293 5546 et
2318 5491 2564 5562 gaudete.
2596 5493 2731 5553 Ecce
2758 5504 2882 5547 sunt
2913 5512 2924 5548 :
2954 5496 3046 5550 sed
3075 5513 3144 5552 ex
3173 5498 3283 5555 Deo
3302 5501 3412 5556 nati
3430 5514 3553 5559 sunt
3576 5507 3616 5561 ί.

2032 5582 2198 5638 Vulva
2230 5584 2415 5638 matris
2436 5625 2451 5651 ,
2480 5598 2614 5653 aqua
2641 5584 2998 5654 Baptismatis.

2096 5718 2112 5749 ³
2140 5720 2385 5796 Εἶὲείυδέῗί
2408 5717 2859 5796 νίθιοῗίβυὶυὲἳέφ.
2875 5719 3082 5796 ﬁdem,
3093 5722 3318 5796 iam.
3367 5727 3539 5796 υὲάειδε
3572 5736 3620 5779 ει

2033 5780 2267 5845 gaudetis.
2317 5790 2438 5835 ecce
2481 5788 2605 5851 sunt.
2654 5782 2893 5845 Numquid
2932 5796 3025 5837 non
3047 5780 3251 5850 ﬁlii'Dei
3272 5780 3380 5865 sum
3396 5788 3421 5841 ἔ)
3440 5803 3532 5863 non
3555 5804 3619 5863 ea:
