4126 6322
492 243 600 302 675

561 360 787 422 CAPUT
822 360 891 420 V.
919 390 990 404 --
1008 357 1061 415 5.
1092 357 1118 412 1
1127 353 1467 412 ncarnationis
1495 353 1785 425 mysterium
1807 352 2068 406 suadetur.

489 459 657 522 Nemo
701 453 1022 528 pauperculo
1073 451 1249 508 animo
1275 449 1498 514 sentiat,
1531 456 1586 502 et
1622 446 1801 500 volvat
1847 444 1987 514 apud
2016 458 2075 499 se

490 553 663 624 ipsum
700 549 1118 604 mendicissimas
1149 546 1165 576 ί
1206 543 1586 614 cogitationes,
1634 549 1690 596 et
1735 539 1878 594 dicat
1906 537 2008 594 sibi
2055 554 2069 590 :

487 644 765 716 Quomodo
803 643 857 698 in
887 640 1134 712 principio
1177 646 1284 692 erat
1318 636 1568 700 Verbum,
1609 642 1656 687 et
1709 630 1927 687 Verbum
1968 637 2076 684 erat

485 740 625 810 apud
647 738 846 804 Deum,
887 745 934 792 et
961 735 1096 788 Deus
1136 741 1241 786 erat
1281 729 1533 794 Verbum;
1565 727 1735 783 omnia
1775 743 1863 797 per
1905 727 2075 796 ipsum

487 838 628 907 facta
650 840 766 892 sunt
789 847 808 886 :
827 839 881 886 et
899 844 1026 884 ecce
1059 826 1276 882 Verbum
1301 841 1417 880 caro
1440 829 1628 895 factum
1657 831 1763 888 est,
1793 830 1840 874 et
1869 821 2069 876 habita-

487 927 552 982 vit
577 926 630 980 in
665 923 847 980 nobis?
877 920 1070 976 Audite
1098 919 1240 974 unde
1271 919 1463 972 factum
1494 925 1594 972 est.
1623 913 1781 971 Certe
1803 911 2071 968 credenti-

482 1018 584 1076 bus
613 1019 668 1074 in
695 1016 910 1074 nomine
937 1017 1052 1085 ejus
1080 1011 1228 1068 dedit
1268 1018 1582 1082 potestatem
1614 1007 1755 1062 ﬁlios
1785 1007 1877 1064 Dei
1926 1003 2058 1060 ﬁeri.

483 1111 592 1166 Nec
619 1109 720 1179 ipsi
745 1107 936 1178 quibus
966 1104 1112 1160 dedit
1141 1110 1462 1174 potestatem
1493 1100 1630 1154 ﬁlios
1673 1099 1765 1153 Dei
1797 1099 1908 1152 ﬁeri
1927 1140 1942 1164 ,
1972 1113 2070 1166 pu.

483 1211 594 1258 tem
636 1199 964 1272 impossibile
1007 1211 1128 1252 esse
1179 1195 1315 1248 ﬁlios
1356 1193 1450 1248 Dei
1507 1191 1642 1246 fieri.
1695 1189 1910 1244 Verbum
1951 1205 2068 1242 caro

480 1299 672 1368 factum
706 1300 812 1355 est,
841 1299 888 1346 et
915 1287 1153 1342 [cubitavit
1192 1286 1245 1339 in
1283 1284 1446 1340 nobis.
1472 1280 1649 1336 Nolite
1695 1290 1879 1350 putare
1926 1281 2069 1334 mul-

477 1398 590 1445 tum
619 1402 739 1444 esse
767 1384 833 1440 ad
856 1398 972 1450 vos,
997 1381 1112 1436 ﬁeri
1135 1379 1226 1434 lilii
1259 1377 1354 1433 Dei
1378 1393 1390 1428 :
1419 1383 1636 1446 propter
1665 1389 1760 1428 vos
1801 1374 1940 1428 ﬁlius
1971 1375 2070 1428 ho-

477 1479 638 1542 minis
659 1478 828 1540 factus
855 1481 967 1540 est,
999 1473 1088 1542 qui
1108 1479 1222 1527 erat
1250 1469 1385 1523 ﬁlius
1413 1468 1525 1522 Dei.
1549 1467 1604 1522 Si
1633 1465 1801 1520 factus
1821 1465 2032 1535 estipse
2050 1505 2068 1531 ,

475 1582 536 1630 ut
561 1572 736 1630 minus
757 1575 900 1626 esset
927 1566 1013 1636 qui
1031 1565 1148 1634 plus
1178 1571 1322 1627 erat;
1354 1576 1459 1616 non
1486 1567 1661 1629 potest
1699 1558 1872 1612 facere
1897 1574 1963 1612 ex
2003 1573 2068 1612 eo

475 1663 622 1736 quod
663 1661 840 1718 minus
888 1671 1119 1723 eramus,
1153 1666 1210 1709 ut
1236 1652 1432 1723 aliquid
1461 1652 1578 1722 plus
1619 1665 1739 1706 esse
1769 1650 2068 1720 possimus?

476 1753 762 1810 Descendit
792 1750 859 1805 ad
887 1763 1018 1816 nos,
1045 1755 1227 1804 etnon
1266 1744 1332 1798 ad
1377 1744 1523 1800 illum
1553 1741 1942 1798 asccndemus?
1965 1743 2068 1796 Ac-

474 1846 621 1916 cepit
649 1858 745 1914 pro
787 1841 938 1898 nobis
967 1845 1192 1894 mortem
1219 1844 1486 1902 nostram,
1510 1842 1564 1888 ct
1591 1848 1696 1888 non
1731 1832 1883 1887 nobis
1915 1832 2069 1888 datu-

473 1955 566 1996 rus
595 1947 678 1994 est
704 1937 866 1992 vitam
893 1932 1085 1989 suam?
1115 1931 1311 1988 Passus
1349 1936 1430 1983 est
1459 1934 1674 1998 propter
1703 1935 1754 1981 te
1782 1926 1920 1980 mala
1943 1934 2063 1993 tua,

472 2040 527 2088 et
564 2044 668 2084 non
701 2028 792 2084 tibi
830 2026 1052 2081 daturus
1079 2031 1157 2078 est
1186 2022 1322 2076 bona
1353 2019 1496 2075 sua?

543 2120 770 2178 CAPUT
810 2118 899 2174 VI.
947 2146 1020 2158 —-
1081 2117 1134 2171 6.
1175 2113 1470 2170 Incarnatio
1521 2128 1650 2184 Opus
1709 2111 2064 2182 omnipotentis

479 2213 650 2272 Verbi.
692 2212 798 2268 Sed
836 2208 1136 2281 quomodo,
1166 2207 1367 2276 inquit,
1400 2203 1514 2258 ﬁeri
1545 2204 1714 2272 potuit
1743 2212 1800 2257 ut
1831 2203 2062 2258 Verbum

474 2308 606 2376 Dei,
635 2322 740 2375 quo
770 2304 1095 2376 gubernatur
1141 2299 1406 2365 mundus,
1451 2313 1547 2368 per
1591 2296 1733 2367 quod
1766 2306 1836 2398 .et
1881 2306 2061 2397 creata

472 2406 593 2456 sunt
625 2405 682 2452 et
725 2404 973 2451 creantur
1012 2391 1258 2448 universa
1280 2431 1295 2458 ,
1326 2396 1624 2444 coarctaret
1661 2402 1722 2441 se
1763 2391 1818 2442 in
1845 2391 2063 2458 virginis

471 2507 720 2562 carnem;
784 2490 1078 2546 dimitteret
1138 2484 1431 2554 mundum,
1495 2491 1549 2538 et
1613 2481 1889 2537 desereret
1955 2483 2063 2536 An-

469 2585 661 2661 gelus,
716 2585 773 2640 in
824 2590 974 2638 utero
1035 2579 1191 2635 unius
1229 2577 1438 2633 femina:
1495 2574 1892 2631 includeretur?
1953 2573 2064 2630 Nec

469 2677 612 2744 nosti
658 2675 835 2732 divina
876 2672 1133 2743 cogitare.
1160 2669 1417 2728 'Verbum
1457 2667 1551 2722 Dei
1607 2667 1724 2738 (tibi
1752 2667 1978 2736 loquor,
2028 2682 2062 2720 ο

469 2769 666 2837 homo,
688 2768 756 2822 de
781 2764 1167 2835 omnipotentia
1196 2762 1293 2817 Dei
1337 2760 1498 2816 Verbi
1527 2759 1618 2814 tibi
1664 2756 1872 2828 loquor)
1908 2773 2060 2827 pror-

468 2877 564 2919 sus
619 2869 787 2920 totum
833 2857 1035 2930 potuit,
1080 2855 1203 2925 quia
1236 2863 1290 2908 et
1319 2852 1550 2908 Verbum
1603 2851 1697 2904 Dei
1723 2850 2060 2920 omnipotens

470 2963 588 3023 est,
620 2961 676 3009 et
702 2965 924 3012 manere
952 2948 1093 3019 apud
1133 2947 1378 3010 Patrem,
1423 2953 1478 2998 et
1521 2943 1706 2998 venire
1731 2942 1797 2996 ad
1844 2956 1974 3005 nos;
2007 2949 2062 2998 et

469 3049 524 3106 in
553 3063 716 3106 carne
747 3043 1036 3116 procedere
1077 3040 1145 3098 ad
1184 3055 1311 3103 nos,
1359 3047 1413 3092 et
1459 3036 1598 3107 apud
1641 3036 1814 3104 ipsum
1868 3035 2054 3090 latere.

469 3141 652 3211 Neque
677 3139 822 3194 enim
841 3178 856 3204 ,
889 3135 935 3190 si
965 3142 1118 3188 natus
1143 3147 1212 3187 ex
1238 3145 1397 3185 carne
1423 3145 1526 3182 non
1555 3136 1723 3192 esset,
1757 3141 1861 3180 non
1891 3135 2054 3182 esset.

468 3233 598 3298 Erat
627 3239 749 3286 ante
777 3242 992 3284 carnem
1023 3239 1173 3280 suam
1205 3241 1217 3276 :
1248 3222 1361 3292 ipse
1387 3221 1588 3276 creavit
1609 3228 1837 3274 matrem
1881 3233 2054 3272 suam.

467 3323 644 3395 Elegit
684 3322 736 3380 in
766 3335 870 3390 qua
914 3316 1324 3387 conciperetur,
1372 3312 1573 3368 creavit
1603 3310 1670 3366 de
1709 3327 1810 3380 qua
1849 3324 2058 3366 creare—

467 3424 574 3471 tur.
589 3413 725 3484 Quid
743 3408 976 3466 miraris?
993 3409 1159 3462 Deum
1184 3405 1275 3462 tibi
1295 3405 1485 3474 loquor
1501 3420 1514 3456 :
1530 3402 1668 3458 Deus
1685 3412 1791 3456 erat
1815 3400 2054 3456 Verbum.

537 3504 761 3564 CAPUT
801 3502 912 3558 Vll.
958 3530 1032 3542 --
1068 3500 1121 3554 7.
1176 3495 1524 3552 Similitudine
1561 3495 1844 3565 explicatur
1889 3494 2058 3548 incar-

466 3601 604 3656 natie
643 3597 810 3655 Verbi.
841 3596 913 3650 De
939 3593 1117 3649 Verbo
1140 3591 1338 3663 aliquid
1363 3604 1496 3660 ago,
1521 3597 1574 3644 et
1601 3587 1832 3644 Verbum
1863 3586 2055 3642 huma-

465 3707 598 3754 num
634 3690 772 3750 forte
800 3686 999 3757 aliquid
1027 3685 1204 3742 simile
1239 3692 1452 3755 potest;
1491 3683 1734 3752 quamvis
1757 3683 1913 3752 longe
1957 3682 2056 3736 im-

467 3802 593 3857 par,
625 3785 780 3852 longe
819 3782 1108 3836 discretum
1129 3819 1144 3845 ,
1177 3793 1244 3832 ex
1270 3775 1414 3831 nulla
1447 3775 1706 3844 particula
1736 3790 2055 3845 comparan-

463 3879 591 3935 dum
613 3919 630 3946 ,
659 3887 836 3932 tamen
873 3874 1024 3929 vobis
1062 3872 1238 3942 aliqua
1268 3867 1614 3925 similitudine
1653 3869 2049 3922 insinuandum.

464 3972 602 4025 Ecce
631 3983 732 4038 ego
774 3967 993 4024 verbum
1023 3963 1165 4035 quod
1194 3961 1345 4015 vobis
1385 3960 1602 4030 loquor,
1644 3959 1696 4014 in
1722 3959 1886 4014 corde
1932 3973 2054 4014 meo

464 4062 610 4134 prius
637 4058 830 4125 habui;
857 4056 1119 4126 processit
1142 4053 1210 4108 ad
1236 4061 1321 4119 te,
1350 4067 1451 4108 nec
1479 4051 1703 4106 recessit
1727 4066 1758 4105 a
1781 4067 1869 4106 me
1897 4069 1911 4104 :
1940 4067 2053 4107 cae-

464 4153 542 4223 pit
569 4166 689 4207 esse
713 4150 766 4206 in
795 4158 876 4214 te,
905 4145 1048 4218 quod
1079 4161 1181 4200 non
1203 4152 1319 4199 erat
1348 4143 1404 4199 in
1432 4150 1520 4209 te;
1545 4143 1742 4197 mansit
1769 4143 1914 4214 apud
1941 4159 2049 4209 me,

463 4259 586 4300 cum
615 4243 785 4298 exiret
808 4239 875 4293 ad
899 4247 968 4302 te.
997 4237 1145 4293 Sicut
1174 4251 1304 4307 ergo
1334 4236 1558 4291 verbum
1584 4250 1759 4290 meum
1785 4236 2049 4306 prolatum

464 4347 549 4394 est.
574 4336 754 4392 sensui
789 4343 916 4400 tuo,
943 4347 1044 4394 nec
1090 4332 1314 4390 recessit
1339 4344 1370 4384 a
1399 4328 1563 4384 corde
1605 4344 1726 4384 meo
1758 4347 1769 4384 :
1803 4331 1879 4385 sic
1918 4330 2050 4386 illud

461 4430 698 4486 Verbum
741 4427 1002 4498 prolatum
1027 4432 1110 4480 est
1155 4423 1335 4477 sensui
1377 4429 1590 4491 nostro,
1643 4437 1744 4478 nec
1773 4425 1994 4480 recessit
2019 4440 2053 4477 a

465 4523 622 4580 Patre
650 4535 770 4575 suo.
800 4517 1030 4574 Verbum
1071 4529 1246 4570 meum
1292 4521 1407 4570 erat
1432 4513 1573 4584 apud
1605 4528 1710 4579 me,
1741 4523 1795 4568 et
1835 4529 2051 4583 proces-

460 4613 531 4668 sit
559 4613 612 4674 in
659 4625 847 4680 vocem
898 4607 1176 4666 :Verbum
1228 4604 1321 4660 Dei
1360 4614 1475 4659 erat
1523 4605 1663 4674 apud
1695 4606 1946 4674 Patrem,
1995 4616 2051 4662 et

459 4704 723 4778 processit
765 4703 818 4758 in
866 4715 1104 4756 carnem.
1145 4699 1251 4754 Sed
1297 4698 1557 4769 numquid
1587 4713 1686 4769 ego
1733 4714 1950 4769 possum
1995 4701 2049 4756 id

460 4800 638 4856 facere
667 4798 735 4852 de
779 4811 910 4852 voce
937 4810 1052 4850 mea
1070 4835 1086 4862 ,
1137 4793 1280 4864 quod
1310 4793 1485 4863 potuit
1510 4793 1599 4848 ille
1630 4793 1696 4849 de
1724 4809 1887 4849 carne
1914 4797 2047 4852 sua?

423 4895 571 4965 "Ego
614 4892 756 4948 enim
801 4889 1070 4946 volantem
1112 4903 1297 4944 vocem
1334 4902 1510 4944 meam
1554 4897 1737 4944 tenere
1775 4905 1881 4946 non
1925 4907 2047 4962 pos-

459 5003 576 5043 sum
607 5004 620 5040 :
651 4985 742 5041 ille
779 4997 999 5040 carnem
1037 4996 1188 5036 suam
1228 4996 1336 5040 non
1382 4981 1553 5038 solum
1606 4983 1808 5051 tenuit,
1858 4994 1916 5041 ut
1952 5002 2049 5042 na-

456 5088 731 5152 sceretur,
758 5076 993 5142 viveret,
1023 5083 1235 5145 ageret;
1276 5073 1372 5129 sed
1397 5075 1557 5130 etiam
1575 5087 1837 5134 mortuam
1879 5081 2046 5135 susci-

458 5172 610 5238 tavit,
639 5178 694 5226 et
719 5168 1016 5226 vehiculum
1045 5166 1314 5238 quoddam
1337 5167 1390 5228 in
1413 5182 1520 5238 quo
1538 5171 1802 5238 processit
1826 5171 1893 5226 ad
1921 5187 2041 5238 nos,

457 5266 525 5320 ad
573 5265 787 5322 Patrem
839 5261 1050 5316 levavit.
1097 5261 1310 5322 Vestem
1358 5261 1505 5318 dicas
1534 5276 1752 5319 carnem
1802 5262 2042 5333 Christi,

456 5357 763 5415 vehiculum
807 5355 986 5422 dicas,
1014 5365 1063 5411 et
1107 5354 1376 5425 quomodo
1421 5357 1556 5411 forte
1604 5355 1720 5426 ipse
1745 5357 2046 5427 signiﬁcare

667 5489 784 5564 ibus,
796 5501 957 5564 neque
973 5501 1043 5564 ea:
1078 5487 1314 5564 voluntate
1337 5487 1512 5550 carm's,
1537 5501 1690 5556 neque
1727 5505 1792 5544 ea:
1813 5492 2047 5548 voluntate

454 5556 567 5616 viri,
590 5556 673 5606 sed
697 5567 761 5605 ea:
785 5563 884 5602 Deo
904 5556 1008 5625 nati
1025 5559 1150 5604 sunt.
1315 5616 1326 5626 ο
1886 5623 1896 5634 ⁸

525 5622 539 5651 ί
568 5618 703 5690 γρηὶ,
1150 5623 1206 5667 At
1229 5622 1422 5689 optima:
1439 5624 1563 5690 notae
1585 5626 1926 5690 Gennanensts
1941 5629 2044 5690 Ms,

899 5679 1040 5730 Itefer
1062 5678 1125 5730 ad
1143 5680 1396 5744 superiora
1432 5683 1596 5744 verba,
1633 5684 1924 5748 paupercula
1943 5678 2047 5740 an};

457 5757 552 5798 ιω.

1729 228 1786 288 5.
1825 227 2190 287 AUGUSTINI
2230 230 2530 290 EPISCOPI

3668 248 3780 308 οτο

2194 352 2440 445 dignatus
2491 368 2604 426 est,
2631 359 2930 431 jumentum
2973 359 3144 436 ipsius
3171 366 3353 438 dicas;
3397 371 3519 442 quia
3571 371 3625 428 in
3658 372 3778 445 ipso

2185 444 2429 513 jumeuto
2460 449 2654 506 levavit
2693 469 2815 508 eum
2861 457 2949 524 qui
2976 456 3147 514 fuerat
3172 475 3202 514 a
3241 461 3536 519 latronibus
3568 444 3776 523 saucia.

2187 547 2270 594 tus
2295 539 2446 610 (Luc.
2471 559 2532 608 ιι,
2561 545 2653 615 54)
2688 565 2702 601 :
2737 557 3036 616 postremo,
3078 553 3222 622 quod
3251 555 3366 624 ipse
3403 558 3640 626 apertius
3684 559 3774 615 di-

2186 631 2303 696 xit,
2335 635 2586 704 templum
2640 637 2788 694 dicas
2815 640 2995 711 (Joau.
3048 660 3118 709 ιι,
3167 645 3258 716 19)
3308 663 3321 698 :
3371 647 3475 705 hoc
3512 651 3774 721 templum

2175 721 2288 792 jam
2341 726 2490 780 novit
2537 737 2800 798 mortem,
2833 732 2900 788 ad
2949 734 3224 791 dexteram
3271 737 3444 794 Patris
3488 742 3643 800 sedet
3672 760 3686 797 :
3717 744 3774 802 in

2181 815 2298 886 ipso
2340 820 2542 889 templo
2571 833 2832 881 venturus
2858 835 2942 882 est
2973 828 3214 896 judicare
3241 831 3394 886 vivos
3419 841 3477 890 et
3504 843 3770 892 mortuos.

2181 907 2332 978 Quod
2371 926 2472 965 nos
2513 915 2719 968 monuit
2761 927 3059 987 praecepto,
3086 919 3473 978 demonstravit
3501 927 3770 996 exemplo.

2178 1003 2329 1072 Quod
2357 1007 2592 1062 ostendit
2639 1008 2691 1063 in
2735 1024 2896 1064 carne
2926 1025 3055 1078 sua,
3095 1012 3200 1068 hoc
3250 1029 3469 1084 sperare
3497 1017 3662 1074 debes
3710 1020 3766 1075 iu

2178 1111 2340 1153 carne
2371 1107 2480 1152 tua.
2514 1100 2640 1156 llaec
2677 1111 2762 1156 est
2787 1102 2952 1168 ﬁdes,
2986 1114 3107 1160 tene
3149 1106 3294 1175 quod
3332 1108 3567 1165 nondum
3595 1109 3770 1166 vides.

2177 1187 2322 1258 Opus
2344 1199 2427 1244 est
2458 1199 2514 1244 ut
2542 1191 2592 1246 in
2615 1206 2680 1247 eo
2699 1233 2712 1254 ,
2741 1194 2881 1262 quod
2912 1210 3016 1249 non
3049 1196 3234 1264 vides,
3263 1199 3534 1259 credendo
3559 1215 3771 1271 permu-

2177 1294 2335 1344 neas;
2366 1296 2433 1336 ne
2460 1295 2582 1337 cum
2615 1283 2844 1351 videris,
2879 1287 3188 1344 erubescas.

2678 1417 2906 1472 SERMO
2935 1419 3076 1475 cxx
3101 1424 3123 1446 ’
3151 1421 3265 1493 (α).,

2174 1524 2253 1582 De
2276 1527 2462 1582 eisdem
2488 1530 2646 1585 verbis
2678 1529 2897 1586 Joannis
2916 1574 2931 1601 ,
2970 1533 3025 1588 In
3059 1535 3324 1607 principio
3349 1547 3466 1594 erat
3487 1537 3723 1597 Verbum
3745 1583 3764 1611 ,

2668 1634 2787 1692 etc.,
2817 1642 2930 1697 cap.
2965 1628 3017 1695 1,
3066 1629 3100 1699 Ῡ
3125 1668 3138 1682 .
3171 1631 3283 1685 1-5.

2244 1777 2296 1831 1.
2347 1775 2562 1831 Verbum
2582 1778 2676 1833 Dei
2707 1780 3206 1851 incompreliensibite
3224 1783 3277 1837 in
3312 1783 3592 1856 Evangelia
3617 1801 3762 1841 reve-

2172 1869 2352 1922 latum.
2378 1869 2651 1939 Evangelii
2672 1871 2893 1926 Joannis
2919 1873 3258 1944 principium,
3285 1873 3350 1928 In
3379 1877 3635 1945 principio
3657 1885 3764 1931 erat

2180 1958 2417 2013 Verbum.
2447 1962 2536 2015 Sic
2556 1963 2738 2033 coepit,
2769 1963 2869 2019 hoc
2893 1963 3043 2029 vidit,
3069 1973 3123 2019 et
3146 1967 3530 2023 transcendens
3551 1970 3765 2024 univer-

2173 2065 2284 2105 sam
2316 2061 2636 2118 creaturam,
2667 2062 2898 2120 montes,
2927 2069 3082 2120 aera,
3111 2056 3300 2123 ecelos,
3333 2057 3509 2112 sidera
3527 2100 3542 2124 ,
3569 2058 3758 2126 Sedes,

2173 2143 2589 2211 Dominationes,
2616 2145 2970 2216 Principatus,
3003 2149 3299 2205 Potestates
3323 2193 3335 2214 ,
3364 2167 3553 2206 omnes
3581 2153 3760 2223 Ange-

2169 2235 2270 2303 los,
2295 2251 2482 2291 omnes
2503 2238 2884 2308 Archangelos,
2910 2242 3292 2296 transcendens
3313 2244 3510 2309 omnia,
3536 2245 3585 2297 in
3615 2244 3762 2313 prin-

2169 2328 2310 2398 cipio
2339 2329 2568 2383 Verbum
2599 2330 2751 2397 vidit,
2785 2340 2840 2386 et
2861 2332 3010 2387 bibit.
3035 2333 3206 2402 Super
3228 2349 3440 2389 omnem
3462 2345 3759 2390 creaturae.

2169 2421 2319 2487 vidit,
2350 2422 2418 2477 de
2445 2431 2664 2492 pectore
2691 2424 2899 2479 Domini
2923 2424 3074 2480 bibit.
3099 2427 3219 2496 Ipse
3248 2436 3331 2482 est
3355 2429 3498 2482 enim
3529 2429 3761 2486 Joannes

2167 2515 2492 2585 evangelista
2520 2526 2736 2572 sanctus
2753 2559 2766 2582 ,
2806 2533 2963 2588 quem
2990 2522 3261 2592 prmcipue
3287 2521 3543 2593 diligebat
3567 2523 3756 2591 Jesus;

2167 2607 2236 2660 ita
2253 2617 2308 2660 ut
2327 2622 2487 2677 super
2508 2617 2694 2678 pectus
2713 2609 2827 2677 ejus
2840 2613 3179 2667 recumberet
3197 2612 3257 2683 (Ι
3261 2629 3377 2667 οαη.
3396 2631 3513 2679 xm,
3531 2615 3621 2682 $5,
3639 2615 3758 2688 25).

2165 2696 2240 2752 lbi
2257 2707 2372 2752 erat
2391 2699 2492 2754 hoc
2513 2709 2799 2767 secretum,
2816 2713 2873 2756 ut
2889 2703 3013 2758 inde
3033 2703 3322 2771 biberetur,
3339 2707 3478 2776 quod
3503 2707 3556 2760 in
3580 2707 3759 2762 Evan-

2163 2790 2305 2858 gelio
2328 2801 2680 2846 ructuaretur.
2724 2791 2933 2848 Felices
2963 2795 3052 2863 qui
3083 2795 3305 2850 audiunt
3337 2806 3392 2852 et
3436 2799 3757 2869 intelligunt.

2166 2882 2451 2951 Sequentis
2482 2882 2750 2940 fclicitatis
2781 2895 2938 2952 sunt,
2967 2888 3055 2957 qui
3098 2897 3153 2942 et
3193 2889 3239 2944 si
3284 2904 3390 2945 non
3435 2892 3754 2961 intelligunt,

2164 2974 2409 3029 credunt.
2439 2975 2702 3041 Quantum
2734 2987 2816 3032 est
2844 2979 2985 3032 enim
3019 2980 3120 3036 hoc
3149 2981 3327 3037 videre
3358 2983 3455 3038 Dei
3487 2984 3716 3039 Verbum
3737 3025 3754 3054 ,
3813 3021 3818 3027 ι

2163 3065 2282 3133 quis
2311 3065 2553 3120 humanis
2580 3068 2808 3136 explicet
2832 3069 3045 3123 verbis?

2233 3153 2286 3207 2.
2327 3153 2542 3210 Verbum
2596 3156 2693 3211 Dei
2727 3159 2907 3231 ubique
2958 3169 3135 3214 totum.
3193 3162 3390 3234 Erigile
3441 3165 3604 3220 corda
3659 3181 3756 3222 ve-

2163 3254 2294 3312 stra,
2321 3245 2512 3301 fratres
2535 3250 2635 3302 mei
2659 3264 2672 3314 ;
2697 3262 2950 3320 quantum
2977 3255 3217 3321 potestis,
3243 3256 3432 3326 erigite
3458 3273 3470 3310 :
3495 3257 3752 3328 quidquid

2162 3339 2313 3394 vobis
2339 3355 2436 3410 per
2468 3341 2896 3409 imaginationem
2927 3346 3209 3415 cujuslibet
3237 3351 3477 3418 corporis
3502 3366 3755 3408 occurre-

2161 3430 2252 3497 rit,
2288 3433 2540 3503 rcspuite.
2565 3435 2618 3490 Si
2647 3439 2940 3492 occurrerit
2968 3440 3056 3494 tibi
3085 3440 3311 3495 Verbum
3345 3443 3454 3508 Dei,
3487 3445 3756 3516 quomodo

2161 3523 2364 3592 cogitas
2412 3525 2580 3580 lucem
2632 3529 2758 3581 Solis
2814 3529 3004 3601 hujus,
3063 3534 3451 3602 quantumlibet
3507 3539 3748 3610 pandas,

2160 3615 2548 3683 quantumlibet
2599 3619 2888 3684 extendas,
2939 3622 3114 3676 nullos
3163 3624 3296 3698 ejus.
3333 3625 3463 3681 lucis
3514 3627 3646 3683 ﬁnes
3697 3630 3751 3685 in

2159 3705 2481 3774 cogitatione
2529 3712 2858 3776 constituas;
2914 3712 2978 3766 ad
3032 3713 3265 3770 Verbum
3318 3717 3410 3772 Dei
3466 3718 3595 3773 nihil
3646 3730 3747 3776 est.

2160 3797 2424 3867 Quidquid
2457 3799 2559 3853 tale
2580 3802 2777 3870 cogitat
2798 3803 2992 3870 anima,
3017 3806 3192 3860 minus
3213 3815 3295 3862 est
3321 3810 3371 3862 in
3397 3819 3566 3878 parte,
3592 3828 3748 3882 quam

2159 3894 2212 3942 in
2235 3899 2367 3943 toto.
2392 3891 2573 3960 Cogita
2597 3891 2832 3947 Verbum
2857 3894 3049 3966 ubique
3081 3906 3269 3952 totum.
3302 3898 3581 3972 lntelligite
3607 3904 3749 3974 quod

2159 3981 2280 4034 dico
2309 3999 2322 4035 :
2353 3992 2606 4051 quantum
2652 3999 2903 4054 possum,
2951 4000 3166 4042 coarcto
3207 4006 3293 4046 mc
3337 4006 3434 4061 per
3478 3996 3748 4065 angustias

2160 4087 2305 4126 meas
2334 4084 2550 4142 propter
2578 4090 2693 4128 vos.
2722 4075 3003 4148 lntelligite
3029 4081 3169 4150 quod
3197 4081 3337 4137 dico.
3363 4083 3503 4140 Ecce
3530 4087 3616 4140 lux
3648 4087 3746 4142 ista

2157 4161 2226 4216 de
2250 4164 2405 4225 malo,
2435 4181 2552 4233 qua:
2582 4166 2710 4219 solis
2736 4169 2949 4223 nomine
2971 4173 3283 4240 appellatur,
3318 4190 3437 4230 cum
3469 4192 3746 4246 processe-

2157 4255 2245 4320 rit,
2279 4255 2507 4310 illustrat
2535 4267 2722 4323 t.erras,
2747 4262 2978 4330 explicat
3004 4266 3165 4332 diem,
3201 4266 3323 4322 facit
3348 4268 3567 4336 formas,
3596 4273 3745 4327 colo-

2157 4363 2349 4418 resque
2373 4349 2648 4404 discernit.
2683 4352 2927 4422 Magnum
2957 4356 3187 4422 bonum,
3221 4374 3467 4430 magnum
3501 4365 3746 4420 omnibus

2156 4442 2471 4495 mortalibus
2503 4444 2591 4496 Dei
2621 4443 2818 4498 donum
2856 4464 2868 4500 :
2910 4450 3250 4519 magniﬁcent
3279 4468 3399 4508 eum
3430 4470 3591 4523 opera
3620 4473 3736 4512 sua.

2155 4531 2210 4586 Si
2253 4541 2358 4585 tam
2391 4535 2609 4602 pulcher
2639 4545 2715 4589 est
2750 4537 2859 4604 sol;
2889 4540 3018 4594 solis
3050 4540 3248 4599 factore
3274 4545 3396 4616 quid
3434 4548 3747 4617 pulchrius?

2157 4623 2226 4678 Et
2251 4633 2425 4678 tamen
2457 4626 2664 4691 videte,
2704 4627 2896 4685 ﬁ'atres
2930 4648 2942 4683 :
2973 4647 3097 4687 cccc
3124 4635 3368 4691 diffundit
3404 4639 3580 4694 radios
3616 4655 3744 4698 suos

2155 4731 2252 4787 per
2280 4719 2576 4772 universam
2611 4728 2844 4789 terram;
2885 4726 3116 4794 patentia
3153 4738 3417 4798 penetrat,
3446 4732 3624 4788 clausa
3651 4749 3744 4791 re-

2154 4808 2348 4863 sistunt
2381 4826 2394 4861 :
2428 4809 2599 4864 lucem
2630 4825 2780 4866 suam
2809 4815 2971 4870 mittit
2993 4833 3088 4888 per
3106 4819 3384 4890 fenestras,
3415 4825 3669 4896 numquid
3693 4835 3748 4883 et

2153 4915 2250 4971 per
2289 4903 2584 4972 parietem?
2627 4905 2804 4960 Verbo
2846 4909 2937 4963 Dei
2977 4919 3143 4966 totum
3173 4923 3349 4985 patet,
3381 4916 3614 4974 VerbLm
3647 4921 3778 4977 Deit

2153 4994 2284 5048 nihil
2312 4995 2461 5050 latet.
2494 4996 2682 5053 Videte
2707 5001 2864 5055 aliam
2895 5003 3266 5073 diﬁ'erentiam,
3299 5026 3456 5080 quam
3485 5013 3643 5085 longe
3673 4993 3780 5071 sit"

2152 5101 2181 5140 a
2212 5088 2469 5144 Creatore
2505 5101 2748 5156 creatura
2769 5135 2784 5159 ,
2819 5097 3053 5156 maxime
3088 5106 3403 5172 corporalis.
3434 5107 3659 5176 Quando
3689 5111 3744 5167 in

2153 5181 2358 5237 oriente
2385 5192 2466 5238 est
2485 5185 2586 5252 sol,
2616 5186 2667 5240 in
2691 5187 2970 5246 occidente
2993 5207 3097 5248 non
3124 5177 3223 5250 est.
3252 5197 3368 5254 Lux
3389 5201 3607 5272 quidem
3627 5202 3744 5274 ejus

2153 5274 2220 5331 de
2251 5277 2339 5332 illo
2367 5278 2554 5349 grandi
2583 5297 2809 5351 corpore
2829 5283 2994 5341 effusa
3015 5327 3032 5354 ,
3067 5292 3332 5358 pertendit
3357 5309 3526 5366 usque
3555 5297 3610 5353 iu
3646 5312 3741 5354 oc-

2153 5369 2439 5435 cidentem;
2473 5371 2566 5426 sed
2597 5373 2714 5442 ipse
2740 5375 2810 5430 ibi
2842 5392 2947 5431 non
2973 5388 3073 5434 est.
3103 5381 3326 5451 Quando
3354 5388 3599 5445 occidere
3625 5405 3742 5448 οω-

2153 5462 2324 5531 pcrit,
2371 5470 2496 5518 tunc
2536 5462 2606 5518 ibi
2645 5467 2768 5522 erit.
2805 5467 3033 5534 Quando
3068 5473 3266 5541 oritur,
3297 5477 3349 5532 in
3377 5479 3583 5537 oriente
3607 5491 3692 5538 cst
3721 5499 3738 5539 :

2154 5555 2366 5624 quando
2395 5556 2610 5624 occidit,
2635 5557 2690 5613 in
2716 5561 2995 5620 occidente
3033 5574 3137 5621 est.
3169 5567 3272 5624 Per
3309 5571 3410 5627 ista
3445 5571 3554 5630 duo
3578 5589 3741 5646 opera

2224 5688 2238 5706 '
2265 5692 2549 5751 necensitus
2575 5700 2648 5741 est,
2672 5695 2728 5742 ad
2753 5695 2800 5742 (1.
2828 5711 2869 5743 r.
2900 5705 2933 5747 t.
2961 5713 3008 5749 v.
3035 5705 3141 5751 [.ov.

2220 5752 2290 5813 (ιι)
2318 5749 2456 5814 Alias,
2481 5756 2543 5805 de
2567 5758 2778 5806 Diversis
2799 5759 2877 5807 84.
