4126 6322
331 298 440 358 οτι

335 431 465 476 sua.
495 409 710 467 nomina
740 404 874 461 locis
908 399 1077 458 dedit.
1113 395 1248 466 Quia
1279 393 1333 450 in
1361 390 1566 447 oriente
1601 393 1684 442 est
1709 379 1924 454 quando

338 524 511 568 oritur
533 507 600 560 ad
620 503 901 564 orientem,
929 494 1057 551 fecit
1079 493 1339 548 orientem
1365 483 1543 544 vocari
1567 498 1582 538 :
1609 479 1732 552 quia
1761 478 1814 531 in
1834 489 1926 529 oc-

339 602 549 660 cidente
577 602 664 653 est
687 590 901 664 quando
928 586 1122 644 occidit
1147 583 1213 639 ad
1238 579 1595 638 occidentem,
1620 572 1745 628 fecit
1769 569 1926 664 Occit:

340 697 556 754 dentem
596 661 800 744 vocari.
848 683 1015 739 Nocte
1055 691 1317 748 nusquam
1370 677 1610 743 apparet.
1663 661 1928 734 Numquid

339 787 574 846 Verbum
597 781 696 838 Dei
725 780 805 836 sic
831 776 950 832 est?
974 769 1242 842 Numquid
1270 766 1484 839 quando
1509 772 1592 820 est
1617 762 1669 816 in
1700 759 1927 823 oriente,

339 896 446 938 non
470 886 556 936 est
579 877 634 932 in
655 871 952 935 occidente;
977 875 1068 921 aut
1089 863 1302 936 quando
1323 869 1404 916 est
1422 860 1477 915 in
1499 856 1798 918 occidente,
1822 867 1929 908 non

337 981 424 1033 est
449 973 503 1028 in
528 965 778 1026 oriente?
804 972 896 1019 aut
917 958 1204 1032 aliquando
1230 955 1430 1011 deserit
1458 962 1628 1008 terras
1647 991 1660 1016 ,
1688 956 1744 1004 et
1769 948 1808 1002 it
1831 944 1931 1002 sub

338 1077 532 1133 terras,
565 1070 658 1120 aut
686 1069 806 1133 post
834 1057 1044 1114 terras?
1073 1053 1282 1123 Ubique
1320 1059 1489 1104 totum
1529 1054 1628 1100 est.
1671 1043 1802 1110 Quis
1828 1041 1932 1133 bon

340 1161 573 1232 explicet
595 1132 812 1212 verbis?
833 1151 964 1219 Quis
992 1147 1098 1203 hoe
1115 1142 1422 1211 videt?Quo
1441 1140 1761 1232 documento
1780 1132 1932 1188 vobis

341 1228 583 1325 probabo
601 1247 746 1320 quod
770 1244 914 1300 dico?
937 1241 1110 1297 Homo
1131 1239 1342 1306 loquor,
1365 1231 1670 1286 hominibus
1699 1228 1888 1297 loquor
1914 1241 1928 1278 ι

343 1317 589 1400 iniimus
615 1317 828 1410 loquor,
857 1329 1237 1390 infirmioribus
1264 1327 1472 1396 loquor.
1505 1323 1571 1378 Et
1595 1329 1792 1384 tamen,
1822 1317 1932 1372 ira.

342 1446 456 1492 tres
479 1434 604 1499 mei,
634 1431 805 1486 audeo
834 1427 1034 1490 dicere,
1063 1420 1205 1493 quod
1233 1418 1385 1473 vobis
1403 1416 1546 1479 dico,
1575 1414 1663 1468 vel
1689 1427 1783 1482 per
1807 1424 1933 1479 spe»

342 1529 544 1594 culum,
575 1525 663 1582 vel
695 1524 749 1578 in
776 1521 1060 1590 aenigmate
1081 1555 1094 1582 ,
1125 1524 1414 1581 utcumque
1441 1509 1616 1576 video,
1649 1515 1936 1576 utcumque

343 1620 585 1691 intelligo
613 1629 666 1674 et
694 1617 744 1672 in
774 1615 935 1670 corde
955 1626 1077 1667 meo
1101 1609 1168 1665 de
1190 1609 1288 1663 hac
1311 1621 1372 1662 re
1391 1605 1630 1660 verbum.
1661 1601 1764 1658 Sed
1787 1615 1935 1670 qum-

342 1714 414 1769 rit
441 1712 588 1767 exire
614 1709 679 1763 ad
708 1722 804 1762 vos
825 1748 839 1774 ,
882 1714 936 1760 et
969 1703 1186 1773 dignum
1219 1715 1328 1755 non
1373 1697 1575 1752 invenit
1611 1692 1935 1750 vehiculum.

345 1804 664 1862 Vehiculum
683 1800 854 1863 verbi,
874 1811 1038 1853 sonus
1058 1803 1141 1850 est
1161 1794 1324 1848 vocis.
1351 1791 1502 1858 Quod
1525 1790 1645 1844 dico
1666 1785 1802 1857 apud
1829 1799 1933 1853 tne,

346 1912 531 1971 qumro
552 1896 704 1951 vobis
732 1893 934 1956 dicere,
963 1899 1018 1946 et
1037 1889 1194 1944 verba
1221 1886 1494 1941 deficiunt.
1524 1883 1658 1938 Volo
1683 1881 1824 1936 enim
1851 1878 1936 1932 di-

346 2004 471 2045 cere
491 1988 557 2042 de
577 1987 669 2041 Dei
693 1984 888 2040 Verbo.
913 1983 1124 2050 Quanto
1147 1979 1346 2045 Verbo,
1370 1977 1511 2048 quali
1538 1975 1738 2029 Verbo?
1753 1972 1946 2026 Omnia

348 2097 439 2153 per
460 2082 625 2151 ipsum
653 2081 789 2152 facta
814 2084 950 2130 sunt.
975 2074 1146 2144 Opera
1170 2071 1372 2135 videte,
1397 2079 1450 2124 et
1470 2068 1818 2139 Operatorem
1839 2080 1938 2121 ex-

347 2171 637 2244 pavescite.
671 2168 857 2222 Omnia
888 2184 974 2236 per
1003 2167 1170 2236 ipsum
1200 2163 1336 2234 facta
1357 2170 1494 2216 sunt.
1617 2153 1620 2155 λ

421 2267 474 2322 3.
502 2263 652 2319 Verbi
673 2263 827 2316 divini
849 2261 1143 2315 excellentia
1165 2256 1488 2327 intelligenda
1509 2271 1572 2309 ea:
1594 2252 1800 2308 humani
1826 2266 1939 2305 uer-

350 2360 400 2416 bi
431 2359 752 2430 prapriemte.
785 2354 978 2409 Recens
1004 2354 1246 2424 θηρήιαιὶ
1274 2353 1326 2405 in
1357 2352 1504 2405 albis.
1544 2349 1676 2404 Redi
1708 2362 1938 2409 mecum,

350 2453 584 2508 humana
611 2447 926 2514 infirmitas,
957 2446 1072 2501 redi
1101 2460 1247 2516 ergo.
1282 2445 1518 2498 llutuana
1551 2445 1660 2512 ipsa
1692 2454 1942 2510 compre-

352 2543 671 2608 hendamus,
705 2541 749 2595 si
775 2553 1078 2611 possumus.
1114 2536 1368 2591 Homines
1398 2549 1585 2588 sumus
1623 2542 1678 2589 et
1716 2547 1814 2587 nos
1852 2531 1941 2601 qui

351 2635 643 2707 loquimur,
692 2643 745 2688 et
785 2630 1090 2687 hominibus
1125 2629 1410 2699 loquimur,
1462 2636 1515 2681 et
1563 2640 1754 2680 sonum
1799 2624 1944 2678 vocis

353 2728 583 2785 edimus.
606 2725 687 2781 Ad
713 2738 869 2780 aures
900 2723 1174 2778 hominum
1200 2735 1390 2775 sonum
1415 2718 1565 2773 vocis
1596 2725 1792 2771 nostrae
1822 2731 1944 2786 pero

353 2823 600 2880 ducimus
622 2864 637 2890 ,
676 2829 730 2876 et
762 2835 860 2892 per
897 2825 1096 2873 nostra:
1134 2815 1281 2871 vocis
1309 2829 1501 2868 sonum
1533 2820 1588 2866 et
1617 2811 1944 2866 intellectum

354 2916 851 2990 quomodocumque
878 2927 976 2984 per
1007 2924 1190 2966 aurem
1231 2909 1284 2963 in
1318 2907 1481 2964 corde
1511 2905 1772 2976 ponimus.
1812 2903 1948 2958 Hinc

355 3026 486 3082 ergo
511 3009 652 3081 quod
681 3019 965 3078 possumus
984 3047 997 3072 ,
1022 3012 1081 3058 ut
1117 3016 1401 3073 possumus
1422 3041 1436 3065 ,
1469 2999 1814 3068 eloquamur,
1847 2995 1949 3051 hoc

356 3099 899 3176 comprehendamus.
930 3096 985 3152 Si
1027 3103 1204 3149 autem
1243 3105 1416 3162 neque
1454 3089 1557 3145 hoc
1597 3088 1950 3160 comprehen-

355 3193 490 3251 dere
519 3190 844 3248 valuerimus
869 3231 885 3258 ,
914 3188 980 3243 ad
1009 3185 1142 3241 illud
1167 3184 1295 3256 qttid
1329 3183 1552 3238 sumus?
1580 3181 1721 3236 Ecce
1754 3180 1949 3235 auditis

357 3303 484 3344 me:
515 3287 732 3342 verbum
766 3284 921 3339 facio.
951 3282 1007 3338 Si
1033 3281 1152 3352 quis
1183 3281 1306 3334 hinc
1332 3285 1486 3333 exeat
1510 3285 1564 3333 et
1595 3277 1952 3347 interrogetur

356 3379 493 3436 foris
519 3377 643 3452 quid
674 3377 758 3433 hic
783 3375 957 3445 agitur
978 3417 993 3442 ,
1017 3371 1306 3442 respondet
1338 3389 1351 3425 :
1385 3369 1616 3426 Verbum
1655 3368 1951 3439 Episcopus

358 3469 506 3524 facit.
543 3467 774 3523 Verbum
804 3465 940 3520 facio
969 3463 1036 3519 de
1067 3463 1264 3519 Verbo.
1292 3461 1396 3517 Sed
1419 3459 1576 3530 quale
1601 3460 1852 3526 verbum,
1884 3457 1952 3513 de

358 3561 507 3632 quali
537 3560 740 3615 Verbo?
767 3558 988 3614 Mortale
1029 3557 1252 3618 verbum
1272 3594 1289 3622 ,
1331 3553 1397 3608 de
1427 3553 1710 3610 immortali
1741 3552 1949 3618 Verbo;

359 3653 619 3716 mutabile
647 3652 890 3715 verbum,
920 3649 987 3708 de
1017 3647 1332 3702 immutabili
1361 3645 1560 3710 Verbo;
1586 3644 1951 3698 transitorium

358 3745 622 3812 verbum,
653 3745 721 3799 de
750 3752 952 3798 aeterno
993 3740 1186 3798 Verbo.
1219 3739 1422 3796 Tamen
1449 3736 1705 3792 attendite
1732 3737 1953 3790 verbum

357 3853 564 3894 meum.
597 3835 844 3890 Dixeram
875 3833 1016 3888 enim
1046 3831 1218 3895 vobis,
1250 3829 1481 3884 Verbum
1515 3828 1612 3882 Dei
1649 3827 1844 3898 ubique
1872 3835 1955 3880 to-

362 3939 472 3986 tum
507 3936 611 3984 est.
635 3927 776 3981 Ecce
798 3924 932 3980 facio
957 3923 1106 3980 vehis
1125 3922 1346 3978 verbum
1371 3920 1469 3974 :ad
1501 3933 1689 3974 omnes
1717 3919 1960 3989 pervenit

361 4021 508 4095 quod
539 4021 680 4076 dico.
715 4019 785 4074 Ut
823 4018 888 4074 ad
914 4033 1100 4074 omnes
1131 4015 1433 4087 perveniret
1462 4013 1604 4086 quod
1631 4013 1771 4079 dico,
1797 4027 1959 4067 num-

364 4113 493 4188 quid
532 4111 796 4168 divisistis
836 4111 976 4183 quod
1014 4108 1160 4164 dico?
1198 4109 1254 4165 Si
1294 4123 1570 4178 pascerem
1608 4123 1734 4175 vos,
1765 4115 1957 4161 utnon

366 4215 602 4264 mentem
632 4213 886 4270 vestram,
916 4202 1008 4257 sed
1030 4209 1268 4258 ventrem
1293 4199 1515 4270 implere
1541 4199 1752 4266 vellem,
1779 4207 1836 4255 et
1859 4213 1960 4268 p0-

368 4317 557 4358 nerem
583 4300 734 4355 vobis
754 4314 919 4370 panes
947 4297 1138 4368 quibus
1167 4296 1563 4364 saturarcmini;
1593 4310 1770 4349 nonne
1798 4310 1962 4366 panes

370 4411 524 4453 meos
559 4394 865 4454 divideretis
903 4393 1044 4448 inter
1081 4391 1209 4446 vos?
1246 4389 1513 4462 Numquid
1555 4399 1770 4460 possent
1798 4404 1963 4459 panes

371 4490 477 4548 mei
501 4489 565 4543 ad
591 4501 1017 4558 unumquemque
1034 4496 1267 4540 vestrum
1293 4484 1604 4554 pervenire?
1624 4483 1676 4539 Si
1706 4484 1770 4536 ad
1800 4499 1960 4538 unum

371 4580 747 4653 pervenirent,
778 4578 956 4635 caeteri
996 4578 1126 4632 nihil
1165 4577 1442 4632 haberent.
1485 4577 1622 4632 Ecce
1661 4577 1877 4648 loquor,
1911 4585 1966 4632 et

373 4687 565 4729 omnes
600 4672 826 4728 habetis.
870 4671 1061 4726 Parum
1103 4679 1186 4726 est
1223 4670 1344 4742 quia
1383 4684 1570 4725 omnes
1619 4670 1823 4725 habetis
1857 4688 1870 4725 :
1912 4679 1968 4727 et

375 4779 564 4822 omnes
597 4771 765 4820 totum
809 4751 1036 4820 habetis.
1067 4762 1317 4818 Parvenit
1343 4761 1411 4816 ad
1440 4777 1628 4818 omnes
1664 4771 1832 4818 totum
1852 4805 1868 4830 ,
1899 4763 1966 4818 ad

376 4856 612 4927 singulos
653 4863 842 4910 totum.
873 4853 917 4912 0
939 4854 1197 4910 mirabilia
1228 4853 1377 4909 verbi
1402 4853 1542 4908 mei!
1571 4854 1706 4921 Quid
1734 4863 1818 4910 est
1840 4870 1968 4926 ergo

375 4947 613 5006 Verbum
641 4946 779 5002 Dei?
806 4946 961 5002 Aliud
985 4946 1184 5002 audite.
1209 4946 1328 5026 Disi
1350 4965 1362 5000 :
1382 4946 1523 5018 quod
1550 4946 1681 5014 dixi,
1707 4949 1970 5017 processit

378 5041 444 5098 ad
470 5056 586 5105 vos,
611 5050 666 5098 et
692 5057 798 5098 non
829 5041 1052 5098 recessit
1075 5057 1107 5100 a
1134 5057 1242 5097 me.
1270 5041 1521 5100 Pervenit
1540 5041 1606 5095 ad
1627 5056 1742 5107 vos,
1768 5058 1866 5099 nec
1886 5058 1972 5098 se-

379 5144 624 5207 paratum
637 5143 720 5188 est
738 5149 768 5188 a
790 5149 897 5192 me.
912 5134 1210 5204 Antequam
1225 5133 1482 5202 dicerem,
1503 5149 1602 5204 ego
1617 5135 1900 5202 habebam,
1919 5144 1973 5192 et

381 5241 478 5284 vos
499 5241 606 5282 non
633 5225 908 5282 habebatis
930 5225 1088 5292 :dixi,
1109 5235 1164 5280 et
1185 5241 1278 5280 vos
1307 5226 1501 5282 habere
1527 5227 1785 5297 coepistis,
1802 5237 1856 5282 et
1875 5244 1973 5299 ego

384 5320 515 5375 nihil
543 5317 773 5392 perdidi.
802 5319 846 5374 Ο
878 5319 1189 5374 miraculum
1220 5320 1364 5374 verbi
1391 5320 1529 5375 mei!
1560 5321 1698 5388 Quid
1729 5330 1812 5376 est
1847 5335 1975 5392 ergo

385 5409 624 5468 Verbum
656 5411 790 5466 Dei?
819 5409 897 5466 De
920 5409 1097 5481 parvis
1125 5424 1313 5481 magna
1338 5411 1604 5481 eonjicite.
1629 5412 1976 5469 Considerate

389 5511 622 5569 temna,
638 5502 854 5558 laudate
870 5503 1125 5558 caelestia.
1141 5501 1392 5558 Creatura
1411 5519 1551 5570 sum,
1565 5514 1806 5560 creatura
1826 5507 1973 5564 estis:

393 5604 446 5652 et
468 5604 612 5650 tanta
635 5596 887 5650 miracula
909 5594 1042 5649 fiunt
1061 5595 1128 5652 de
1149 5596 1311 5650 verbo
1336 5611 1456 5651 meo
1488 5597 1540 5650 in
1570 5597 1730 5652 corde
1761 5613 1901 5663 meo,
1925 5598 1975 5654 itt

395 5703 490 5746 ore
515 5704 660 5754 mel),
689 5691 743 5744 in
762 5704 895 5745 Voce
918 5705 1056 5752 mea,
1085 5690 1138 5743 in
1169 5691 1382 5744 auribus
1405 5691 1618 5756 vestris,
1652 5693 1704 5746 iu
1730 5693 1979 5748 cordibus

400 5781 615 5838 vestris.
641 5783 780 5853 Quid
820 5791 903 5840 est
939 5783 1185 5840 Creatori
1213 5783 1258 5842 0
1281 5783 1537 5854 Domine,
1569 5786 1691 5842 audi
1718 5803 1836 5844 nos.
1870 5787 1976 5845 Fac

1743 262 1971 322 SERMO
2004 257 2194 318 CXXI.

3505 244 3612 302 678

2036 389 2155 438 nos,
2184 371 2305 448 quia
2332 368 2502 426 fecisti
2532 383 2654 424 nos.
2680 367 2789 424 Fac
2813 380 2912 422 nos
2935 365 3105 422 bonos
3125 404 3140 433 ,
3169 362 3293 443 quia
3319 359 3492 418 fecisti
3523 375 3624 416 nos

2037 467 2278 521 homines
2312 464 2655 518 illuminatos.
2702 460 2791 516 isti
2821 459 3020 527 albati,
3054 457 3329 512 illuminati
3354 499 3368 522 ,
3401 454 3621 510 audiunt

2034 575 2129 631 pcr
2150 574 2235 614 me
2262 557 2483 614 verbum
2508 565 2675 611 tuum.
2704 551 2992 609 illuminati
3014 552 3156 606 enim
3177 550 3342 622 gratia
3369 561 3453 604 tua
3481 549 3619 606 assi-

2035 662 2182 710 stunt
2211 653 2324 708 tibi.
2359 650 2456 706 llic
2483 659 2566 706 est
2595 649 2710 705 dies
2739 664 2897 720 quem
2927 646 3050 702 fecit
3074 645 3350 709 Dominus.
3378 642 3484 701 Sed
3522 643 3624 699 hoc

2035 744 2310 808 laborent,
2335 743 2435 797 hoc
2465 751 2653 808 orent,
2692 749 2750 795 ut
2784 755 2907 795 cum
2952 737 3038 793 isti
3077 737 3191 793 dies
3233 736 3541 798 transierint
3569 738 3620 805 ²,

2036 852 2141 894 non
2169 836 2298 889 fiant
2323 833 2580 902 tenebrat,
2609 831 2698 904 qui
2725 831 2849 887 facti
2871 837 2996 886 sunt
3021 830 3110 885 lux
3130 829 3506 886 miraculorum
3529 828 3625 886 Dei

2036 936 2092 993 et
2116 925 2520 992 beneficiorum.

2537 1035 2771 1096 SERMO
2808 1034 2976 1096 CXXI
2999 1037 3018 1060 ⁶
3037 1034 3135 1106 (α)ρ

2037 1135 2117 1192 De
2141 1133 2300 1211 verbis
2326 1128 2592 1203 Evangelii
2616 1129 2853 1194 Joannis,
2878 1125 3104 1194 Mundus
3130 1141 3226 1202 per
3256 1126 3433 1206 ipsum
3457 1125 3630 1186 factus

2357 1234 2472 1293 est,
2497 1234 2616 1290 etc.,
2647 1241 2764 1294 cap.
2791 1223 2817 1277 1
2842 1261 2858 1288 ,
2901 1222 2937 1291 ᾖ
2961 1259 2976 1276 .
3011 1220 3175 1284 10-14
3208 1218 3308 1294 (ἕης

2113 1345 2166 1398 1.
2219 1339 2446 1395 Mundus
2471 1367 2544 1380 -
2568 1337 2776 1410 duplex.
2819 1334 3054 1394 Mundus
3077 1351 3166 1404 per
3220 1335 3508 1394 Dominum
3545 1338 3632 1408 fa-

2041 1442 2151 1488 ctus
2187 1440 2297 1500 est,
2344 1441 2392 1486 et
2429 1429 2652 1485 mundus
2695 1444 2809 1484 eum
2845 1443 2949 1484 non
2994 1426 3225 1497 cognouit
3249 1428 3291 1482 ³.
3332 1426 3433 1494 Qui
3471 1443 3631 1488 mun-

2039 1526 2140 1582 dus
2185 1541 2282 1596 pcr
2340 1539 2462 1580 eum
2516 1522 2688 1578 factus
2749 1520 2868 1578 est?
2925 1521 3016 1591 qui
3080 1520 3310 1578 mundus
3363 1535 3485 1576 eum
3526 1536 3634 1578 non

2041 1620 2292 1691 cognovit
2312 1618 2370 1673 ‘l
2397 1619 2510 1673 Non
2537 1617 2680 1673 enim
2705 1617 2937 1672 mundus
2956 1616 3046 1686 qui
3074 1630 3169 1685 per
3191 1630 3314 1671 eum
3337 1615 3508 1672 factus
3531 1628 3633 1684 est,

2044 1713 2157 1783 ipse
2187 1727 2310 1766 eum
2337 1725 2442 1765 non
2466 1709 2737 1780 cognovit.
2765 1708 2896 1777 Quis
2922 1717 3003 1762 est
3029 1707 3258 1762 mundus
3281 1707 3368 1777 qui
3397 1723 3493 1778 per
3512 1723 3634 1764 cum

2042 1802 2211 1858 factus
2263 1801 2394 1857 est?
2451 1802 2656 1855 Casium
2707 1810 2760 1855 et
2815 1808 2974 1854 terra.
3029 1799 3308 1867 Quomodo
3363 1813 3485 1855 eum
3530 1814 3638 1856 non

2042 1895 2291 1966 cognovit
2330 1894 2547 1957 coelum,
2576 1892 2789 1962 quando
2818 1893 2871 1946 in
2914 1893 3033 1962 ejus
3067 1893 3313 1962 passione
3337 1893 3416 1948 sol
3443 1895 3638 1950 absens

2041 1999 2188 2043 ratus
2214 1987 2332 2041 est?
2358 1984 2638 2054 Quomodo
2665 2000 2784 2040 eum
2815 1995 2953 2038 terra
2979 1999 3091 2040 non
3106 1987 3354 2054 cognovit
3373 2027 3390 2054 ,
3415 1986 3632 2057 quando

2044 2080 2136 2134 illo
2164 2081 2213 2133 in
2253 2094 2413 2134 cruce
2445 2078 2712 2148 pendente
2739 2077 3104 2132 contremuit?
3141 2078 3247 2134 Sed
3274 2080 3492 2136 mundus
3521 2095 3638 2140 eum

2044 2190 2146 2226 non
2179 2173 2441 2242 cognovit,
2470 2171 2621 2239 cujus
2650 2170 2900 2240 princeps
2927 2179 3011 2224 est
3041 2170 3130 2226 ille
3149 2210 3165 2237 ,
3207 2169 3275 2225 de
3303 2186 3410 2240 quo
3434 2170 3639 2228 dictum

2045 2273 2160 2331 est,
2195 2263 2325 2316 Ecce
2351 2263 2479 2316 venit
2516 2263 2748 2333 princeps
2788 2261 2962 2316 mundi
2997 2261 3185 2331 hujus,
3222 2273 3268 2318 et
3306 2263 3360 2316 in
3399 2280 3479 2319 me
3509 2263 3640 2322 nihil

2045 2357 2233 2410 invenit
2258 2355 2434 2429 (Joan.
2468 2372 2581 2421 xw,
2614 2355 2732 2424 '50).
2762 2354 3020 2408 Homines
3045 2354 3170 2408 mali
3199 2355 3427 2412 mundus
3446 2371 3643 2412 vocan-

2051 2459 2138 2504 tur
2161 2490 2175 2513 ,
2211 2449 2454 2503 homines
2482 2447 2725 2501 infideles
2755 2446 2985 2502 mundus
3010 2457 3285 2502 vocantur.
3321 2447 3450 2504 inde
3483 2463 3641 2506 acce-

2046 2550 2242 2612 perunt
2267 2555 2495 2604 nomen,
2539 2554 2606 2592 ex
2644 2553 2710 2592 eo
2745 2537 2886 2607 quod
2921 2546 3124 2594 amant.
3167 2540 3410 2596 Amando
3449 2541 3640 2612 Deum,

2049 2632 2311 2688 etiicimur
2327 2631 2398 2684 dii
2421 2648 2435 2684 :
2459 2645 2585 2701 ergo
2602 2629 2832 2684 amando
2851 2629 3128 2693 mundum,
3148 2629 3376 2686 dicimur
3393 2631 3641 2688 mundus.

2049 2726 2155 2782 Sed
2187 2727 2328 2781 Deus
2363 2733 2479 2780 erat
2517 2724 2570 2778 in
2607 2722 2822 2778 Christo
2857 2722 3112 2778 mundum
3153 2725 3506 2782 reconcilians
3543 2725 3647 2782 sibi

2051 2819 2118 2894 (ll
2143 2819 2262 2874 Cor.
2285 2835 2340 2884 v,
2371 2817 2482 2888 19).
2513 2817 2740 2872 Mundus
2765 2830 2894 2887 ergo
2925 2832 3028 2872 non
3055 2829 3172 2872 eum
3201 2819 3460 2890 cognovit,
3486 2833 3645 2876 numa-

2050 2913 2175 2983 quid
2202 2911 2428 2966 omnes?

2121 3003 2177 3057 9.
2211 3002 2438 3056 Mundus
2449 3000 2634 3056 malus.
2647 3031 2719 3042 ——
2732 2999 2802 3055 In
2814 3017 2909 3055 sua
2925 3001 3138 3073 prapria
3163 3001 3294 3056 venit
3317 3042 3332 3069 ,
3361 3011 3408 3058 et
3423 3002 3506 3057 sui
3532 3018 3647 3058 cum

2053 3111 2156 3150 non
2192 3104 2506 3165 receperunt.
2534 3094 2722 3148 Omnia
2747 3103 2874 3148 sunt
2901 3094 3088 3164 ipsius,
3118 3093 3214 3149 sed
3241 3095 3452 3164 propria
3481 3095 3648 3166 ipsius

2054 3185 2476 3250 dicuntur,uude
2493 3194 2666 3241 mater
2681 3185 2798 3255 ejus
2813 3185 3098 3250 erat,unde
3113 3201 3329 3241 carnem
3347 3195 3646 3258 acceperat;

2054 3280 2120 3335 ad
2147 3295 2283 3352 quos
2310 3280 2570 3334 adventus
2589 3278 2672 3332 sui
2700 3294 2977 3348 praecones
3003 3289 3126 3334 ante
3155 3280 3508 3348 praemiserat,
3529 3279 3653 3351 qui-

2055 3372 2154 3428 bus
2183 3374 2350 3443 legem
2382 3371 2625 3437 dederat,
2649 3385 2784 3440 quos
2808 3370 2877 3425 de
2904 3370 3152 3442 Egyptia
3176 3372 3434 3426 servitute
3459 3373 3653 3428 libera-

2057 3475 2206 3519 verat
2224 3507 2238 3530 ,
2266 3479 2492 3534 quorum
2519 3473 2719 3532 patrem
2749 3463 3018 3517 carnalem
3035 3463 3194 3532 elegit
3209 3462 3649 3535 Abraham.Quia

2056 3572 2246 3612 verum
2284 3557 2437 3619 dixit,
2459 3557 2588 3608 Ante
2618 3555 2873 3607 Abraham
2903 3572 2994 3626 ego
3023 3571 3134 3608 sunt
3164 3555 3342 3627 (Jonn.
3369 3572 3490 3625 vut,
3531 3557 3650 3628 58).

2057 3647 2166 3704 Nec
2193 3650 2270 3701 sic
2295 3649 2458 3712 dixit,
2493 3651 2790 3716 Antequam
2818 3648 3088 3702 Abraham
3119 3658 3294 3713 esset;
3337 3661 3459 3716 aut,
3500 3659 3654 3708 ante-

2060 3754 2220 3810 quam
2258 3739 2524 3794 Abraham
2567 3739 2718 3792 fieret
2755 3753 2856 3808 ego
2892 3737 3064 3792 factus
3088 3753 3205 3793 sum
3230 3739 3270 3793 '*.
3301 3740 3366 3794 In
3406 3742 3654 3813 principio

2061 3830 2204 3884 enim
2235 3828 2454 3882 Yeubum
2475 3838 2604 3894 erat,
2629 3845 2734 3882 non
2759 3832 2952 3884 factum
2983 3838 3120 3884 erat.
3149 3830 3323 3900 Ergo,
3350 3830 3417 3884 In
3449 3833 3656 3902 propria

2061 3925 2224 3990 venit,
2249 3922 2321 3976 ad
2345 3922 2558 3976 Iudaeos
2588 3921 2751 3976 venit.
2789 3920 2854 3975 Et
2880 3925 2958 3974 sui
2981 3924 3114 3976 enini
3140 3939 3242 3980 non
3263 3934 3576 3994 receperunt.

2135 4015 2188 4068 5.
2234 4014 2454 4078 Quinam
2497 4021 2614 4067 sunt
2659 4013 2754 4082 [iiii
2795 4013 3032 4068 Abt-alue.
3086 4016 3339 4086 Quotquot
3383 4029 3550 4070 autem
3577 4033 3659 4072 nc-

2063 4114 2300 4177 ceperunt
2329 4121 2464 4160 cum.
2496 4104 2687 4175 Utique
2714 4106 2855 4160 enim
2886 4106 2954 4159 ibi
2986 4108 3242 4176 Apostoli,
3275 4109 3362 4178 qui
3393 4110 3539 4163 illum
3573 4126 3658 4166 re-

2065 4205 2338 4267 ceperunt.
2367 4195 2444 4251 lbi
2471 4195 2542 4251 illi
2569 4197 2660 4266 qui
2686 4206 2811 4251 ante
2835 4197 3137 4266 jumentum
3161 4198 3280 4268 ejus
3310 4215 3488 4254 ramos
3514 4200 3656 4257 fere—

2066 4291 2212 4345 bant.
2252 4287 2632 4343 Praecedebant
2657 4298 2712 4344 et
2739 4289 3117 4358 sequebantur,
3148 4301 3201 4344 et
3223 4293 3537 4346 vestimenta
3565 4307 3659 4348 sua

2068 4382 2411 4447 sternebant;
2444 4389 2497 4436 et
2527 4397 2715 4452 magna
2743 4396 2872 4436 voce
2899 4385 3202 4439 clamahant
3233 4402 3245 4438 :
3280 4384 3526 4440 Hosmmn
3552 4389 3663 4456 ﬁlio

2075 4474 2235 4528 Dauid
2254 4493 2274 4541 ;
2309 4474 2593 4528 benedictus
2628 4475 2715 4544 qui
2751 4476 2882 4528 venit
2915 4477 2966 4528 in
3008 4478 3210 4531 nomine
3244 4478 3470 4534 Domini.
3517 4479 3664 4536 Tunc

2134 4617 2152 4647 ί
2174 4622 2283 4666 Mss.
2309 4619 2359 4665 ut
2383 4627 2493 4666 cum
2508 4615 2615 4678 [csa
2639 4613 2743 4664 dies
2761 4614 3064 4667 transierint.

2135 4680 2156 4711 ί
2182 4679 2228 4748 Id
2254 4685 2332 4727 est
2351 4679 2540 4748 initium
2564 4678 2708 4748 hujus
2723 4680 2960 4748 sermonis
2983 4679 3108 4742 apud
3127 4686 3200 4748 lar.
3215 4693 3230 4729 :
3247 4681 3548 4748 Etcttristus,
3566 4683 3668 4748 fra-

2071 4748 2184 4799 tres,
2209 4740 2263 4806 in
2284 4741 2464 4792 mundo
2485 4745 2610 4798 erat,
2656 4745 2704 4789 et
2747 4740 2980 4806 mundus
2999 4740 3088 4804 fier
3130 4742 3289 4806 ipsum
3331 4747 3486 4806 factus
3508 4740 3595 4804 esi,
3621 4754 3667 4799 et

2071 4801 2289 4912 gmndtﬁ
2313 4815 2421 4911 cui;
2461 4815 2554 4912 utﬁt
2591 4800 2818 4866 cognovit.
2854 4800 3248 4864 Apud'eumdem
3284 4800 3464 4856 desunt
3495 4800 3669 4864 versus

2109 4878 2237 4912 ounu
2277 4877 2363 4912 tn.
2427 4900 2437 4912 .
2550 4899 2560 4910 .

2074 4877 2292 4913 nonnum
2315 4877 2363 4911 11.
2389 4877 2437 4912 ὓ.
2504 4877 2560 4912 Μ.

2139 4928 2160 4958 ³
2184 4935 2314 4985 tam,
2360 4923 2473 4985 ouis
2505 4923 2726 4996 .numdus
2767 4937 2856 4989 per
2879 4938 2991 4980 eum
3009 4926 3166 4990 factus
3185 4925 3298 4979 est?
3331 4928 3438 4992 uti:
3459 4931 3668 4986 mundus

2074 5000 2184 5039 eum
2206 5001 2298 5039 non
2322 4986 2581 5039 coenam?
2633 4995 2690 5038 tu.

2133 5001 2184 5040 m
2206 5001 2298 5039 non
2322 4995 2536 5050 cogitem
2556 4995 2581 5038 γ
2633 4995 2690 5038 δι.

2139 5051 2162 5082 ⁴
2187 5051 2436 5124 aditi,“ch
2458 5052 2602 5124 sunt;
2627 5050 2831 5124 omisso,
2866 5051 3020 5124 [actus
3049 5052 3474 5124 ‘Emendanturad
3499 5054 3671 5110 Floria-

2076 5125 2277 5185 eensem
2710 5111 3038 5185 hovanienses
3199 5114 3377 5185 alioqui
3401 5117 3558 5167 locum
3581 5128 3672 5170 An-

2078 5177 2273 5244 gustino
2297 5176 2344 5226 in
2367 5182 2501 5224 Joan.
2520 5176 2775 5244 '[ract._45,
2801 5175 3063 5244 disserenti
3081 5175 3373 5244 contraritim
3397 5181 3672 5244 judicautes

2078 5239 2663 5302 rejeceruntrsermonem
2685 5239 2815 5302 hunc
2838 5239 2887 5286 in
2910 5239 3252 5300 Appendicem.

2143 5301 2160 5319 ‘
2184 5301 2466 5350 necensitus
2488 5308 2565 5350 est
2586 5301 2643 5349 ad
2679 5301 2715 5348 f.
2739 5315 2780 5350 ι’.
2823 5307 2860 5350 ι.
2887 5315 2933 5349 v.
2959 5310 3059 5350 Am.
3084 5307 3158 5350 Er.
3186 5309 3286 5351 Par.
3310 5308 3421 5356 ων.

2117 5361 2383 5474 θξιιξὶίὲϋὲδῖ,
2405 5363 2469 5414 de
2510 5364 2723 5414 Diversis
2745 5363 2823 5422 8,5,
2860 5369 2914 5413 et
2948 5363 3018 5414 de
3038 5371 3276 5428 Tempore
3298 5365 3377 5429 28,
3403 5376 3486 5421 aut
3506 5371 3558 5420 in
3579 5378 3673 5436 Αρ-

2082 5439 2289 5488 penutce
2306 5439 2384 5473 ιι.

2148 5486 2451 5561 (ωριιοὴιιξ
2478 5489 2526 5537 in
2551 5487 2690 5560 _locis
2737 5487 2866 5561 hunc
2911 5487 3159 5561 eumdem
3185 5501 3463 5544 sermonem
3493 5509 3676 5561 reprae-

2082 5557 2246 5618 sentat
2285 5552 2649 5623 Luraniensiutn
2695 5551 2880 5623 editio:
2916 5549 3104 5623 scilicet
3147 5553 3198 5623 in
3243 5549 3678 5623 Appendicefquo

2085 5627 2174 5686 per
2199 5612 2417 5686 ir-sosex
2443 5610 2596 5661 classe
2619 5612 2683 5660 de
2701 5619 2968 5686 “tempore,
3001 5614 3084 5663 ubi
3124 5616 3258 5686 prius
3277 5610 3678 5686 ekswbat,'re'je«

2085 5677 2542 5746 ctusestitan‘quam
2584 5677 2808 5746 spurius;
2855 5682 3293 5746 prmtercaque‘in
3336 5681 3492 5733 classe
3510 5677 3578 5735 'tle
3600 5677 3678 5733 in—

2087 5736 2266 5850 ἓξὲξίῆ
2286 5733 2374 5794 ubi
2642 5733 2884 5800 genuinus
2923 5733 3187 5792 exhibetur
3211 5743 3340 5797 inter
3373 5733 3677 5806 matutinis-
