4126 6322
493 241 600 302 679

495 360 749 419 Pharisaei
789 363 1034 421 dixerunt
1067 365 1119 421 ei
1145 381 1159 418 :
1188 362 1455 434 Compesce
1489 377 1667 432 pueros
1688 403 1704 428 ,
1733 377 1833 414 non
1861 358 1947 412 tibi
1971 363 2068 412 ista

445 517 448 520 ,
493 441 729 512 clament.
771 455 839 511 Et
877 457 1009 513 ille:
1049 456 1112 513 Si
1136 457 1219 511 isti
1242 455 1486 523 tacebunt,
1527 455 1720 525 lapides
1761 453 2066 508 clamabunt.

493 546 602 604 Nos
626 547 853 616 videbat,
882 548 1094 620 quando
1116 550 1216 605 ista
1245 549 1454 604 dicebat
1483 566 1496 604 :
1528 549 1588 603 Si
1608 548 1691 602 isti
1718 546 1967 613 tacebunt,
1991 545 2069 598 la-

493 642 636 712 pides
662 643 950 699 clamabunt
977 642 1192 715 (Matth.
1223 659 1319 698 ut
1339 685 1354 710 ,
1384 643 1438 708 9,
1469 641 1556 709 l6,
1586 651 1635 697 et
1673 641 1800 694 Luc.
1831 654 1946 705 xxx,
1975 637 2063 704 39,

490 733 606 804 40).
636 734 736 803 Qui
766 733 1000 804 lapides,
1031 735 1134 792 nisi
1171 736 1260 807 qui
1287 735 1468 791 colunt
1497 733 1738 804 lapides?
1776 730 1835 788 Si
1863 729 2065 802 parvuli

489 826 661 883 Judtei
689 828 972 897 tacebunt,
1015 829 1247 899 majores
1272 838 1326 884 et
1353 829 1588 882 minores
1627 826 1824 882 Gentes
1865 824 2065 878 clama-

489 923 636 980 bunt.
667 923 768 992 Qui
793 923 1030 994 lapides,
1070 923 1171 979 nisi
1207 923 1276 980 de
1310 923 1499 994 quibus
1531 920 1660 977 dicit
1695 921 1808 990 ipse
1831 918 2065 975 Joannes

489 1017 589 1073 iste
607 1059 622 1085 ,
649 1017 739 1088 qui
777 1017 926 1072 venit
953 1026 1012 1072 ut
1037 1016 1395 1072 testimonium
1424 1014 1731 1085 perhiberet
1757 1012 1825 1067 de
1864 1009 2064 1065 lumine

492 1108 668 1179 (Joan.
696 1125 746 1176 ι,
775 1107 877 1182 8)?
903 1107 1034 1164 Cum
1061 1109 1203 1165 enim
1233 1107 1439 1163 videret
1466 1107 1608 1176 ipsos
1638 1103 1861 1164 Judzeoa
1877 1117 2064 1172 super-

485 1200 601 1256 bire
626 1200 694 1256 de
716 1216 910 1272 genere
929 1201 1156 1256 Abrahae
1173 1243 1187 1266 ,
1217 1201 1289 1254 ait
1315 1199 1434 1266 illis,
1462 1197 1725 1253 Generatio
1752 1197 2058 1267 viperarum.

485 1292 566 1347 Illi
599 1306 659 1348 se
683 1292 933 1348 dicebant
962 1292 1098 1347 ﬁlios
1134 1291 1362 1348 Abrahm
1395 1308 1408 1343 :
1438 1299 1492 1345 et
1527 1289 1630 1345 iste
1671 1289 1773 1344 illis
1809 1287 2056 1356 dicebat,

486 1383 751 1439 Generatio
770 1384 1073 1454 viperarum.
1095 1382 1320 1438 Abrahte
1336 1382 1562 1438 faciebat
1581 1381 1863 1452 iniuriam?
1885 1379 2054 1436 Absit.

483 1477 563 1532 Ex
579 1475 817 1532 moribus
839 1476 997 1532 dabat
1017 1476 1096 1530 eis
1116 1489 1329 1530 nomen.
1351 1475 1485 1543 Quia
1507 1475 1553 1529 si
1573 1484 1750 1529 essent
1775 1472 1867 1526 filii
1890 1471 2058 1527 Abra-

483 1565 569 1622 hae
589 1609 604 1634 ,
635 1566 968 1622 imitarentur
997 1566 1259 1622 Abraham
1291 1585 1304 1622 :
1335 1565 1482 1621 Sicut
1503 1565 1581 1620 eis
1609 1573 1663 1620 et
1689 1564 1803 1634 ipse
1829 1564 1935 1628 ait,
1968 1562 2055 1632 qui

481 1658 667 1714 dicunt
692 1658 740 1714 ei
765 1699 780 1724 ,
811 1657 923 1713 Nos
953 1657 1093 1713 liberi
1117 1664 1288 1713 sumus
1311 1699 1326 1724 ,
1355 1668 1400 1712 et
1427 1657 1612 1712 nemini
1632 1657 1922 1711 seruiuimus
1960 1671 2056 1708 un-

477 1768 661 1823 quam,
700 1768 791 1806 nos
828 1762 1022 1823 patrem
1048 1752 1283 1806 habemus
1309 1751 1584 1805 Abraham.
1617 1749 1686 1805 Et
1711 1750 1800 1805 ille
1829 1766 1842 1803 :
1873 1748 1932 1804 Si
1961 1747 2056 1817 filii

478 1844 696 1900 Abrahae
715 1846 884 1900 essetis
907 1887 922 1912 ,
954 1846 1090 1914 facta
1116 1845 1331 1898 Abrahae
1367 1844 1614 1914 faceretis.
1660 1842 1759 1897 Vos
1790 1843 1940 1896 vultis
1977 1857 2055 1896 me

476 1939 701 1993 occidere
718 1979 734 2005 ,
763 1939 881 2009 quia
903 1939 1159 1992 ueritatem
1185 1938 1322 1993 uobis
1348 1938 1460 1992 dico
1481 1953 1500 2003 ;
1545 1937 1638 1992 hac
1662 1936 1918 1990 Abraham
1953 1951 2054 1989 non

475 2031 594 2099 fecit
624 2029 734 2102 ('ld.
779 2045 872 2084 vin
891 2071 908 2098 ,
934 2030 1004 2086 35
1022 2070 1038 2096 ,
1066 2029 1134 2085 59
1158 2071 1172 2095 ,
1205 2027 1318 2100 40).
1350 2028 1478 2084 lnde
1500 2028 1733 2097 generati
1762 2027 1892 2082 estis
1915 2068 1930 2093 ,
1958 2025 2053 2081 sed

474 2120 854 2192 degenerastis.
898 2122 1035 2191 Ergo
1081 2120 1205 2190 quid
1247 2120 1519 2176 Joannes?
1558 2118 1820 2173 Generatio
1856 2119 2054 2188 vipera-

475 2231 610 2283 rum,
641 2215 754 2286 quis
781 2194 916 2269 vobis
939 2214 1152 2269 ostendit
1178 2217 1351 2285 fugere
1374 2230 1406 2266 a
1435 2221 1640 2267 ventura
1664 2213 1781 2265 ira?
1804 2211 1936 2278 Quia
1961 2226 2053 2266 ve-

475 2307 693 2362 niebant
716 2305 970 2376 baptizari
997 2305 1261 2375 baptismo
1299 2303 1516 2359 Joannis
1567 2304 1618 2357 in
1662 2303 2046 2373 paenitentiam.

478 2396 604 2464 Quis
630 2396 766 2450 vobis
804 2395 1016 2450 ostendit
1050 2397 1221 2466 fugere
1252 2395 1314 2448 ab
1342 2396 1419 2449 ira
1457 2396 1704 2450 uentura?
1729 2393 1907 2448 Facite
1932 2411 2050 2464 ergo

473 2489 696 2559 fructum
718 2487 926 2558 dignum
947 2488 1264 2558 poenitentiae.
1288 2486 1357 2540 Et
1380 2487 1534 2542 nolite
1552 2487 1714 2543 dicere
1737 2487 1789 2540 in
1815 2486 2049 2541 cordibus

471 2580 644 2635 vestris
664 2618 682 2648 ,
722 2577 930 2634 Patrem
971 2579 1210 2633 habemus
1248 2578 1522 2633 Abraham.
1569 2577 1757 2632 Potens
1796 2587 1868 2632 est
1918 2578 2050 2632 enim

470 2672 610 2730 Deus
649 2675 711 2730 de
738 2674 990 2743 lapidibus
1025 2675 1132 2729 istis
1160 2675 1400 2729 suscitare
1428 2674 1561 2743 ﬁlios
1583 2671 1803 2727 Abrahae
1831 2671 2042 2742 (Matth.

469 2781 549 2832 tu,
577 2765 720 2838 7-9).
749 2765 940 2820 Potens
964 2775 1036 2820 est
1059 2767 1192 2820 enim
1222 2766 1358 2820 Deus
1382 2766 1444 2820 de
1469 2766 1720 2834 lapidibus
1744 2766 1853 2820 istis
1871 2807 1886 2830 ,
1914 2780 2048 2835 quos

469 2845 762 2912 videbat’in
791 2856 1020 2926 Spiritu;
1053 2857 1155 2911 illis
1177 2856 1404 2924 dicebat,
1431 2864 1486 2911 et
1508 2871 1605 2911 nos
1634 2856 1956 2926 praividebat
1981 2858 1999 2889 ¹
2029 2873 2043 2911 :

470 2945 665 3002 Potens
690 2957 760 3002 est
793 2948 925 3002 enim
957 2947 1092 3003 Deus
1125 2948 1188 3001 de
1212 2948 1462 3017 lapidibus
1498 2949 1608 3002 istis
1643 2948 1884 3002 suscitare
1911 2947 2044 3016 ﬁlios

469 3038 708 3092 Abrahae.
733 3038 812 3094 De
831 3039 1025 3109 quibus
1045 3038 1303 3110 lapidibus
1337 3057 1352 3093 ς
1381 3040 1442 3095 Si
1469 3041 1551 3094 isti
1573 3039 1821 3106 tacebunt,
1853 3040 2046 3111 lapides

470 3128 776 3182 clamabunt.
799 3129 954 3184 Modo
973 3129 1214 3198 audistis,
1239 3139 1293 3185 et
1319 3131 1604 3186 clamastis.
1635 3131 1912 3202 lmpletum
1938 3141 2042 3200 est,

467 3215 690 3286 Lapides
718 3217 1026 3275 clamabunt.
1048 3220 1124 3274 De
1143 3219 1398 3275 Gentibus
1423 3221 1564 3276 enim
1589 3223 1850 3298 venimus,
1873 3223 1927 3277 in
1954 3237 2046 3292 pa-

469 3310 710 3366 rentibus
753 3311 948 3368 nostris
989 3311 1190 3381 lapides
1228 3311 1584 3368 adoravimus.
1630 3313 1754 3369 Ideo
1791 3321 1846 3369 et
1883 3329 2044 3370 canes

470 3401 599 3458 dicti
639 3417 821 3459 sumus
867 3403 964 3476 (a).
1013 3404 1384 3460 Recordamini
1428 3405 1556 3478 quid
1593 3407 1816 3462 audierit
1855 3409 2046 3463 mulier

469 3494 581 3562 illa,
609 3511 730 3566 quae
755 3496 1016 3552 clamabat
1041 3506 1159 3567 post
1188 3497 1506 3564 Dominum,
1539 3499 1662 3569 quia
1689 3508 1804 3554 erat
1830 3499 2043 3554 Chana-
2105 3555 2112 3575 ο

468 3599 619 3653 nata,
658 3587 920 3643 idolorum
963 3589 1154 3643 cultrix
1177 3628 1192 3654 ,
1231 3589 1418 3644 ancilla
1459 3589 1862 3644 daemoniorum.
1906 3589 2045 3658 Quid

468 3676 602 3732 dixit
625 3678 676 3734 ei
704 3678 901 3734 Jesus?
930 3678 1050 3734 Non
1078 3688 1150 3733 est
1175 3679 1358 3733 bonum
1378 3680 1551 3734 tollere
1577 3697 1759 3751 partem
1782 3681 2005 3749 filiorum
2025 3723 2042 3750 ,

467 3779 514 3825 et
542 3772 734 3826 mittere
764 3771 989 3826 canibus.
1029 3771 1307 3841 Nunquam
1353 3771 2042 3843 advertistis,quemadmo-

466 3864 592 3919 dum
618 3878 778 3919 canes
805 3863 1006 3934 lapides
1026 3871 1216 3918 unctos
1235 3864 1483 3933 lingunt?
1509 3863 1597 3919 Sic
1621 3872 1743 3919 sunt
1762 3880 1948 3921 omnes
1973 3881 2046 3920 δια

467 3951 824 4008 mulacrorum
857 3953 1112 4008 cultores.
1151 3951 1259 4008 Sed
1299 3953 1444 4008 venit
1483 3953 1632 4008 vobis
1657 3955 1844 4024 gratia.
1881 3954 2044 4022 Quot-

466 4051 586 4114 quot
620 4054 788 4098 autem
815 4053 1103 4114 receperunt
1128 4060 1265 4109 eum,
1300 4044 1436 4097 dedit
1476 4045 1546 4098 eis
1591 4054 1879 4114 potestatem
1912 4048 2045 4115 ﬁlios

467 4132 565 4188 Dei
590 4134 720 4203 fieri.
749 4133 888 4189 Ecce
917 4133 1124 4189 habetis
1149 4133 1306 4188 modo
1335 4133 1574 4207 natos(b)
1607 4153 1618 4188 :
1649 4136 1786 4190 dedit
1809 4139 1881 4192 eis
1898 4149 2041 4208 pote-

467 4233 647 4280 statem
672 4225 806 4295 filios
836 4223 932 4278 Dei
971 4224 1102 4293 ﬁeri.
1132 4223 1334 4292 Quibus
1362 4223 1549 4281 dedit?
1580 4225 1675 4280 llis
1712 4227 1797 4297 qui
1834 4229 2044 4284 credunt

465 4316 522 4372 in
547 4317 746 4372 nomine
768 4318 895 4388 ejus.

536 4413 592 4468 4.
651 4408 907 4466 Nativitas
951 4411 1158 4481 duplex.
1191 4411 1260 4466 Et
1297 4411 1563 4482 quomodo
1604 4411 1699 4467 ﬁlii
1743 4413 1836 4469 Dei
1874 4413 2043 4469 fiunt?

470 4503 569 4572 Qui
606 4519 705 4558 non
729 4520 792 4559 ea:
830 4504 1161 4575 sanguinibus
1183 4546 1199 4573 ,
1231 4521 1385 4574 neque
1412 4521 1474 4559 ea:
1504 4505 1759 4559 voluntate
1796 4507 1890 4559 viri
1912 4546 1926 4570 ,
1954 4523 2044 4560 nec

464 4614 528 4653 ea:
555 4598 810 4652 voluntate
836 4599 1035 4664 carnis;
1066 4583 1239 4653 sedeat
1264 4598 1372 4654 Deo
1398 4600 1504 4653 nati
1523 4610 1657 4654 sunt.
1688 4601 1920 4671 Accepta
1947 4617 2041 4671 po-

464 4699 654 4746 testate
682 4699 740 4745 ut
765 4690 859 4744 ﬁlii
887 4691 982 4746 Dei
1005 4689 1211 4755 fierent,
1243 4707 1310 4745 cx
1339 4690 1451 4746 Deo
1476 4691 1582 4745 nati
1609 4700 1750 4746 sunt.
1779 4691 2042 4750 lntendite

462 4799 591 4855 ergo
623 4802 634 4837 :
668 4783 754 4839 isti
781 4799 844 4838 ex
871 4783 982 4838 Deo
1004 4783 1112 4838 nati
1140 4791 1301 4849 sunt;
1330 4800 1430 4838 non
1456 4800 1516 4838 ex
1535 4783 1880 4853 sanguinibus,
1910 4801 2040 4856 qua-

461 4875 528 4931 lis
555 4884 637 4931 est
660 4874 828 4945 prima
857 4873 1123 4940 nativitas,
1146 4874 1314 4944 qualis
1334 4881 1415 4928 est
1433 4873 1679 4928 nativitas
1701 4875 1913 4942 misera,
1943 4892 2038 4932 ve-

462 4967 618 5024 niens
660 4966 728 5023 de
761 4967 1010 5023 miseriis.
1041 4965 1147 5022 Sed
1189 4966 1277 5037 qui
1318 4982 1384 5020 ex
1421 4966 1529 5020 Deo
1569 4966 1675 5020 nati
1715 4976 1874 5034 sunt,
1913 4968 2039 5038 quid

461 5059 656 5115 erant?
681 5059 822 5114 unde
841 5059 1010 5129 primo
1034 5059 1145 5113 nati
1169 5058 1357 5113 erant?
1379 5057 1458 5112 Ex
1483 5059 1826 5128 sanguinibus
1852 5077 1866 5114 :
1898 5061 2036 5115 mix-

462 5155 530 5209 tis
557 5153 900 5224 sanguinibus
927 5152 1147 5209 masculi
1174 5161 1227 5206 et
1256 5151 1484 5216 feminae,
1517 5152 1892 5207 commixtione
1918 5167 2038 5208 car-

462 5246 543 5301 nis
585 5245 805 5300 maseuli
834 5253 888 5300 et
911 5243 1121 5300 feminae
1140 5285 1154 5310 ,
1190 5243 1313 5298 inde
1341 5244 1450 5298 nati
1475 5253 1644 5298 erant.
1673 5243 1828 5299 Modo
1852 5243 2038 5299 unde?

461 5336 547 5393 iis:
588 5334 698 5392 Deo
743 5336 850 5392 nati
889 5345 1023 5392 sunt.
1067 5336 1245 5392 Prima
1302 5334 1548 5392 nativitas
1591 5350 1656 5391 ex
1701 5335 1934 5389 masculo
1984 5343 2038 5390 et

523 5519 543 5552 ι
570 5519 704 5584 Apud
719 5528 818 5584 Am.
845 5529 925 5584 Er.
941 5521 1058 5584 etin
1083 5519 1352 5584 Appendice
1375 5529 1506 5579 Lov.,
1527 5527 1656 5584 Quos!
1670 5517 1964 5584 prgtvtdebat
1981 5519 2036 5575 in

457 5580 660 5648 ventu,
673 5582 734 5648 de
755 5583 854 5636 illis
876 5583 1062 5648 dicebat
1091 5580 1215 5636 {nos
1245 5583 1485 5648 siquidem
1505 5580 1816 5648 pramidebat.

537 5649 591 5706 ᾳ)
615 5645 728 5695 Vide
749 5660 1023 5698 sermonem
1045 5647 1124 5706 77,
1147 5660 1195 5694 n.
1225 5647 1302 5699 1οι

540 5701 590 5781 b}
611 5712 662 5760 tn
679 5715 748 5774 8.,
768 5710 828 5761 ad
848 5701 1132 5775 marginem,
1157 5716 1347 5764 notatur
1363 5709 1459 5780 hic,
1484 5721 1649 5764 recens
1670 5707 1944 5778 οανιιταω.
1973 5717 2032 5766 tt.

1723 236 1781 293 S.
1823 233 2183 294 AUGUSTINI
2219 236 2520 297 EPISGOPI

2178 359 2375 414 femina
2427 377 2442 413 :
2502 360 2734 416 secunda
2786 362 3036 418 nativitas
3093 378 3157 418 cx
3212 364 3324 421 Deo
3375 374 3432 422 et
3488 367 3746 428 Ecclesia.

2243 449 2296 504 5.
2343 450 2490 503 Idem
2529 460 2774 507 tractatur
2801 466 3169 526 argumentum.
3210 457 3347 514 Ecce
3375 473 3438 514 ex
3488 460 3600 516 Deo
3636 464 3745 520 nati

2171 547 2296 594 sunt
2324 554 2340 592 :
2367 540 2508 596 unde
2536 540 2732 596 factum
2773 551 2855 599 est
2897 554 2952 599 ut
2989 560 3056 601 ex
3091 546 3200 602 Deo
3235 558 3620 620 nascerentur,
3655 555 3746 624 qui

2171 629 2344 699 primo
2383 646 2448 685 ex
2487 631 2790 690 hominibus
2833 635 2943 690 nati
2982 638 3147 691 sunt?
3193 635 3343 694 Unde
3384 639 3582 697 factum
3619 645 3750 699 est?

2169 719 2354 776 unde?
2380 721 2450 776 Et
2481 720 2696 777 Verbum
2721 741 2840 780 caro
2866 729 3058 797 factum
3089 738 3196 793 est,
3223 740 3276 784 ut
3305 731 3548 788 habitaret
3568 734 3623 788 in
3647 751 3744 789 no-

2168 811 2262 866 bis.
2309 811 2491 884 Magna
2543 816 2805 870 mutatio:
2834 817 2924 872 ille
2966 817 3136 874 factus
3171 835 3333 889 caro,
3379 823 3466 878 isti
3501 823 3743 894 spiritus.

2167 905 2302 975 Quid
2333 916 2415 963 est
2454 907 2599 964 hoc?
2625 908 2805 977 Qualis
2829 910 3063 981 dignatio
3085 954 3102 979 ,
3143 913 3336 970 fratres
3369 918 3473 972 mei
3499 919 3512 969 !
3544 917 3746 989 Erigite

2166 996 2402 1052 animum
2439 998 2507 1053 ad
2535 999 2797 1068 speranda
2831 1010 2885 1056 et
2908 1003 3164 1072 capienda
3192 1005 3423 1074 potiora.
3446 1007 3621 1064 Nolite
3648 1025 3744 1065 vos

2165 1088 2412 1146 addicere
2453 1091 2828 1161 cupiditatibus
2875 1095 3222 1152 saecularibus
3251 1097 3292 1152 ⁸.
3350 1098 3527 1156 Pretio
3578 1102 3745 1172 empti

2163 1180 2294 1236 estis
2323 1199 2337 1238 :
2365 1192 2582 1252 promer
2607 1199 2701 1239 vos
2727 1183 2962 1241 Verbum
2987 1195 3115 1243 caro
3143 1189 3342 1246 factum
3370 1200 3454 1248 est
3480 1210 3493 1247 :
3526 1203 3745 1264 propter

2163 1286 2260 1327 vos
2285 1273 2373 1343 qui
2402 1283 2517 1329 erat
2541 1274 2706 1330 Filius
2732 1275 2866 1344 Dei,
2908 1277 3078 1334 factus
3102 1288 3185 1334 est
3217 1281 3360 1338 ﬁlius
3393 1281 3658 1350 hominis;
3685 1294 3745 1340 ut

2161 1363 2253 1433 qui
2293 1365 2455 1420 eratis
2493 1365 2585 1420 filii
2612 1366 2888 1423 hominum
2907 1409 2924 1435 ,
2956 1369 3301 1427 efﬁceremini
3330 1373 3423 1429 lilii
3453 1374 3568 1429 Dei.
3602 1375 3742 1444 Quid

2161 1463 2276 1510 erat
2299 1454 2407 1523 ille,
2437 1455 2563 1525 quid
2589 1457 2758 1513 factus
2783 1460 2907 1514 est?
2933 1459 3073 1528 Quid
3101 1463 3264 1517 eratis
3288 1478 3383 1519 vos
3403 1504 3421 1532 ,
3449 1465 3578 1535 quid
3615 1465 3742 1522 facti

2159 1547 2332 1604 estis?
2355 1548 2485 1603 Erat
2507 1549 2596 1604 ille
2617 1549 2780 1606 Filius
2800 1551 2917 1608 Dei.
2945 1552 3081 1622 Quid
3111 1554 3279 1610 factus
3304 1557 3430 1611 est?
3456 1557 3622 1614 Filius
3643 1558 3743 1614 ho-

2159 1639 2338 1695 minis.
2368 1639 2543 1696 Eratis
2570 1657 2665 1696 vos
2694 1643 2787 1698 ﬁlii
2815 1643 3112 1701 hominum.
3141 1647 3277 1715 Quid
3302 1649 3432 1716 estis
3456 1649 3625 1706 facti?
3650 1652 3741 1707 Fi-

2159 1728 2216 1784 lii
2241 1729 2356 1784 Dei.
2388 1731 2808 1788 Communicavit
2837 1735 3112 1790 nobiscum
3151 1737 3289 1792 mala
3318 1749 3537 1807 nostra,
3583 1740 3738 1795 nobis

2158 1819 2377 1877 daturus
2419 1822 2556 1877 bona
2582 1839 2696 1878 sua.
2725 1824 2832 1880 Sed
2869 1825 2960 1880 ille
2999 1826 3114 1896 ipso
3146 1844 3253 1898 quo
3296 1830 3462 1886 factus
3489 1840 3572 1886 est
3595 1830 3739 1887 filius

2156 1911 2409 1980 hominis,
2437 1914 2597 1970 distat
2617 1931 2649 1970 a
2674 1917 2847 1973 nobis.
2869 1917 2978 1974 Nos
2998 1919 3090 1974 lilii
3111 1919 3385 1976 hominum
3414 1938 3509 1992 per
3534 1937 3734 1980 concu-

2157 2006 2468 2074 piscentiam
2501 2009 2678 2065 carnis
2705 2028 2719 2064 :
2749 2011 2838 2066 ille
2877 2010 3018 2067 ﬁlius
3045 2011 3277 2068 hominis
3306 2029 3402 2084 per
3431 2015 3591 2071 fidem
3627 2016 3737 2072 vir-

2076 2120 2092 2133 ο
2154 2098 2312 2168 ginis.
2357 2099 2523 2155 Mater
2557 2100 2840 2170 cujuslibet
2877 2101 3106 2159 hominis
3141 2105 3426 2160 concubuit
3452 2113 3507 2160 et
3537 2121 3735 2162 conce-

2156 2192 2233 2262 pit
2263 2209 2277 2245 :
2309 2193 2671 2263 unusquisque
2713 2202 2892 2250 autem
2929 2205 3084 2251 natus
3117 2205 3194 2251 est
3230 2197 3298 2252 de
3336 2197 3552 2254 homine
3585 2208 3734 2270 patre

2153 2300 2253 2341 suo
2277 2325 2292 2352 ,
2328 2293 2384 2341 et
2421 2285 2488 2341 de
2527 2285 2743 2342 homine
2767 2297 2937 2344 matre
2962 2304 3079 2344 sua.
3107 2287 3348 2346 Christus
3370 2299 3550 2346 autem
3577 2300 3734 2346 natus

2153 2383 2236 2432 est
2262 2375 2330 2430 de
2374 2375 2573 2447 Spiritu
2617 2387 2804 2433 sancto
2842 2387 2896 2434 et
2936 2379 3100 2435 Maria
3128 2381 3353 2451 virgine.
3397 2381 3636 2437 Accessit
3663 2381 3732 2437 ad

2152 2481 2270 2535 nos,
2311 2467 2405 2522 sed
2433 2484 2465 2523 a
2493 2483 2552 2524 se
2593 2485 2700 2525 non
2744 2473 2966 2526 multum
3004 2474 3256 2539 recessit;
3287 2473 3394 2529 imo
3430 2489 3460 2526 a
3502 2489 3562 2528 se
3589 2473 3733 2544 quod

2152 2557 2294 2614 Deus
2336 2568 2418 2614 est
2456 2576 2722 2630 nunquam
2767 2563 3031 2618 recessit:
3061 2563 3155 2618 sed
3193 2563 3396 2619 addidit
3431 2564 3575 2635 quod
3616 2573 3735 2620 erat

2152 2659 2355 2705 naturae
2381 2661 2598 2706 nostris.
2635 2653 2873 2708 Accessit
2907 2655 3050 2709 enim
3079 2655 3146 2709 ad
3180 2655 3232 2710 id
3272 2655 3415 2725 quod
3443 2671 3550 2712 non
3578 2665 3729 2724 erat,

2152 2757 2260 2798 non
2284 2744 2462 2798 amisit
2490 2743 2633 2814 quod
2662 2754 2798 2799 erat.
2829 2745 3023 2802 Factus
3047 2755 3130 2802 est
3159 2745 3298 2801 ﬁlius
3328 2747 3557 2802 hominis
3585 2764 3598 2800 :
3634 2747 3733 2804 sed

2150 2851 2256 2890 non
2285 2838 2512 2892 cessavit
2538 2852 2656 2893 esse
2684 2837 2849 2893 Filius
2873 2838 2989 2894 Dei.
3016 2838 3118 2894 Per
3139 2838 3243 2894 hoc
3261 2838 3517 2894 Mediator
3536 2839 3592 2894 in
3617 2855 3733 2895 me-

2151 2925 2257 2980 dio.
2289 2926 2425 2994 Quid
2455 2935 2556 2994 est,
2587 2927 2640 2980 in
2669 2927 2845 2982 medio
2868 2927 2892 2981 ?
2919 2927 3028 2983 Nec
3061 2943 3292 2992 sursum,
3321 2944 3423 2984 nec
3449 2929 3723 2998 deorsum,

2149 3015 2426 3082 Quomodo
2465 3033 2562 3072 nec
2589 3033 2835 3087 sursum,
2882 3033 2984 3075 nec
3020 3019 3314 3075 deorsum?
3340 3018 3451 3076 Nec
3475 3035 3685 3076 sursum
3709 3063 3728 3088 ,
3787 3014 3792 3018 ’

2149 3109 2272 3179 quia
2300 3124 2426 3164 caro
2457 3128 2470 3163 :
2500 3125 2599 3166 nec
2626 3110 2873 3166 deorsum
2895 3153 2910 3178 ,
2939 3113 3061 3183 quia
3086 3128 3193 3168 non
3219 3123 3484 3183 peccator.
3513 3112 3619 3170 Sed
3645 3122 3728 3168 ta-

2147 3215 2270 3255 men
2300 3201 2352 3254 in
2381 3210 2633 3272 quantum
2666 3203 2824 3270 Deus,
2851 3218 3063 3274 semper
3093 3218 3327 3260 sursum.
3353 3203 3461 3260 Nec
3480 3205 3624 3261 enim
3649 3205 3729 3262 sic

2150 3291 2298 3346 venit
2313 3291 2378 3346 ad
2395 3307 2510 3360 nos,
2530 3302 2590 3348 ut
2603 3293 2892 3351 dimitteret
2906 3295 3138 3352 Patrem.
3157 3297 3205 3352 A
3221 3297 3375 3353 nobis
3395 3297 3524 3366 ivit,
3547 3306 3602 3353 et
3619 3313 3726 3353 non

2151 3397 2250 3438 nos
2279 3383 2481 3440 dimisit
2513 3402 2526 3439 :
2555 3385 2623 3442 ad
2649 3401 2748 3442 nos
2779 3387 2992 3455 veniet,
3021 3398 3075 3444 et
3099 3387 3248 3446 illum
3277 3405 3385 3447 non
3411 3388 3660 3446 dimittet.

2634 3520 2860 3577 SERMO
2883 3520 3075 3578 cxxn
3090 3526 3108 3547 ·
3125 3522 3224 3595 (α).

2148 3627 2225 3684 De
2248 3630 2406 3686 verbis
2435 3630 2698 3704 Evangelii
2720 3632 2934 3690 Joannis
2953 3677 2968 3704 ,
2994 3636 3129 3691 Cum
3155 3650 3302 3692 esses
3325 3635 3424 3693 sub
3449 3637 3554 3693 ﬁcu
3572 3677 3588 3704 ,
3616 3633 3726 3694 vidi

2500 3732 2587 3793 te,
2614 3735 2733 3792 etc.,
2764 3741 2880 3797 cap.
2912 3743 2955 3793 ι,
2995 3728 3031 3796 y
3073 3727 3236 3784 48-51
3275 3726 3369 3800 (b).

2219 3834 2442 3893 CAPUT
2480 3837 2758 3894 PRIMUM.
2789 3869 2860 3879 —
2902 3842 2953 3894 1.
2985 3840 3275 3896 Nathandel
3314 3843 3406 3896 sub
3449 3841 3586 3911 ﬁcu,
3635 3858 3724 3913 ge-

2148 3945 2240 3982 nus
2291 3929 2563 3983 humanum
2603 3930 2694 3985 sub
2732 3941 2951 4002 peccato.
2981 3929 3134 4000 Quod
3185 3931 3383 3987 dictum
3431 3931 3727 3987 audivimus

2147 4034 2178 4073 a
2203 4019 2428 4074 Domino
2455 4021 2580 4076 Jcsu
2607 4021 2819 4078 Christo
2843 4022 3175 4088 Nathanaeli,
3203 4023 3249 4078 si
3278 4023 3418 4080 bene
3457 4023 3722 4095 intelliga-

2148 4125 2288 4176 mus,
2317 4125 2420 4166 uon
2450 4111 2515 4166 ad
2556 4113 2727 4182 ipsum
2758 4114 2986 4182 pertinet
3011 4114 3205 4169 solum.
3234 4113 3352 4184 Ipse
3389 4116 3588 4186 quippe
3621 4115 3726 4170 Do-

2147 4202 2323 4256 minus
2363 4202 2518 4257 Jesus
2561 4203 2658 4259 sub
2696 4204 2796 4258 ficu
2839 4204 2968 4259 vidit
3003 4219 3162 4261 omne
3201 4220 3372 4276 genus
3408 4205 3720 4262 humanum.

2146 4290 2252 4347 lsto
2279 4293 2422 4347 enim
2445 4292 2562 4348 loco
2582 4293 2890 4365 intelligitur
2913 4310 3009 4365 per
3027 4295 3273 4352 arborem
3292 4296 3377 4352 fici
3398 4296 3725 4368 signiﬁcasse

2147 4392 2444 4452 peccatum.
2476 4383 2590 4438 Non
2629 4384 2824 4453 ubique
2850 4384 2952 4439 hoc
2978 4385 3241 4456 signiﬁcat
3262 4426 3278 4454 ,
3312 4385 3407 4442 sed
3433 4387 3535 4442 hoc
3566 4387 3720 4453 loco,

2145 4483 2205 4528 ut
2235 4474 2360 4539 dixi,
2394 4490 2457 4529 ea
2485 4474 2687 4530 scilicet
2713 4475 3041 4546 significandi
3069 4477 3412 4548 congruentia
3437 4520 3453 4545 ,
3484 4493 3586 4548 qua
3617 4493 3723 4534 no-

2145 4565 2243 4619 stis
2271 4567 2501 4635 primum
2527 4565 2798 4621 hominem
2818 4608 2834 4634 ,
2871 4567 3082 4637 quando
3108 4570 3378 4638 peccavit,
3404 4568 3548 4625 foliis
3573 4568 3725 4626 ficul-

2145 4656 2263 4711 neis
2283 4657 2443 4711 fuisse
2469 4657 2766 4712 subtectum
2794 4656 2944 4728 (Gen.
2967 4673 3044 4726 ιιι,
3075 4656 3154 4731 7).
3179 4658 3270 4713 His
3291 4658 3431 4714 foliis
3456 4658 3601 4714 enim
3629 4673 3722 4729 pu-

2145 4746 2316 4802 denda
2349 4755 2608 4814 texerunt,
2643 4749 2856 4818 quando
2885 4747 2952 4804 de
2982 4757 3200 4819 peccato
3221 4763 3319 4804 suo
3346 4749 3676 4805 erubuerunt
3707 4767 3722 4805 :

2145 4845 2200 4893 et
2225 4853 2341 4907 quae
2369 4838 2508 4893 Deus
2533 4839 2637 4893 illis
2657 4838 2916 4908 membra,
2941 4839 3041 4910 ipsi
3063 4839 3160 4895 sibi
3188 4839 3433 4910 pudenda
3459 4840 3720 4896 fecerunt.

2144 4929 2260 4984 Non
2289 4931 2430 4985 enim
2462 4931 2882 4987 erubescendum
2916 4931 3088 4987 estde
3115 4947 3277 5002 opere
3303 4932 3400 4988 Dei
3431 4949 3444 4985 :
3476 4932 3573 4988 sed
3595 4948 3723 4988 con-

2143 5021 2404 5076 fusionem
2450 5023 2723 5091 praacessit
2750 5037 2906 5078 causa
2934 5023 3156 5093 peccati.
3197 5023 3254 5079 Si
3282 5038 3389 5079 non
3417 5025 3724 5094 praecessis-

2143 5120 2227 5166 set
2269 5111 2558 5180 iniquitas,
2608 5127 2875 5182 nunquam
2919 5104 3259 5170 erubesceret
3301 5113 3533 5169 nuditas.
3581 5113 3723 5171 Nudi

2143 5204 2282 5258 enim
2315 5213 2467 5258 erant
2485 5246 2499 5271 ,
2529 5213 2585 5260 et
2612 5221 2718 5260 non
2741 5205 3214 5262 confundebantur.
3243 5205 3361 5262 Non
3401 5207 3544 5262 enim
3568 5223 3722 5263 com-

2206 5342 2223 5371 ι
2244 5344 2439 5404 Λξιιηξὶν.
2462 5345 2514 5388 et
2535 5339 2782 5404 Appendix
2803 5347 2949 5404 _Lov.,
2967 5340 3110 5393 nolite
3132 5340 3347 5403 adjicere
3383 5339 3723 5404 cupiditatibus

2141 5399 2450 5463 strculatibtts
2479 5413 2496 5449 :
2518 5399 2706 5463 supple,
2731 5399 2958 5454 animum.

2203 5463 2222 5482 “
2245 5461 2452 5532 Collatus
2472 5461 2589 5512 cum
2606 5461 2761 5513 tribus
2772 5463 2860 5532 _bn.
2888 5472 2939 5514 et
2981 5471 3188 5527 quatuor
3233 5464 3293 5513 cl.
3329 5477 3439 5514 cum
3476 5475 3523 5515 ι.
3561 5465 3650 5532 _cb.
3686 5464 3721 5514 f.

2140 5523 2275 5588 fs.‘g_.
2312 5523 2373 5588 1r.
2397 5537 2571 5588 mapr.
2609 5538 2699 5588 rm.
2727 5525 2803 5573 vd.
2832 5532 2884 5575 et
2899 5523 3014 5588 cum
3034 5534 3132 5574 Lm.
3157 5531 3231 5574 Er.
3265 5533 3368 5575 Par.
3393 5533 3500 5575 Lov.

2224 5584 2274 5645 a)
2301 5584 2438 5645 Alias,
2460 5584 2523 5635 de
2547 5587 2717 5636 Verbis
2737 5589 2919 5636 Domini
2940 5587 3018 5637 40.

2225 5645 2273 5710 b)
2296 5649 2441 5714 liuius
2461 5650 3015 5714 sermonis_mentionem
3035 5649 3148 5708 facit
3168 5649 3462 5714 Augustinus
3478 5647 3530 5701 in
3544 5645 3698 5698 who.

2139 5711 2310 5780 quenti
2329 5716 2550 5773 tractatu,
2570 5723 2675 5778 cap.
2697 5710 2745 5762 5.
3147 5725 3149 5727 ί
