4126 6322
386 290 485 345 681

390 398 836 459 ηιὶεετθηι-υιιόθ
883 397 1360 456 confunderentur.
1425 395 1537 452 Hoc
1584 409 1759 451 autem
1810 396 1960 461 dixi,

388 494 595 565 quare?
623 491 693 549 Ut
733 507 828 561 per
864 491 1024 546 ﬁcum
1068 491 1426 561 intelligamus
1465 489 1818 561 signiﬁcatum
1847 503 1966 543 esse

389 582 854 656 peccatum.Quid
881 592 963 639 est
986 598 1135 653 ergo,
1174 582 1301 638 Cum
1324 599 1454 637 esses
1476 583 1569 637 sub
1596 583 1695 651 ﬁcu
1713 624 1729 649 ,
1760 581 1861 635 vidi
1884 581 1969 635 te?

386 676 522 729 Cum
551 689 699 730 esses
724 674 822 729 sub
851 682 1068 744 peccato
1091 714 1106 740 ,
1145 672 1253 728 vidi
1288 682 1361 728 te.
1390 674 1457 728 Et
1498 673 1564 728 ad
1609 688 1722 728 rem
1761 681 1964 743 gestam

389 765 600 835 quidem
630 764 938 834 respiciens,
964 764 1273 820 recordatus
1299 774 1381 821 est
1408 764 1698 819 Natbanael
1720 780 1779 820 se
1806 764 1967 821 fuisse

388 856 488 909 sub
514 855 615 910 ﬁcu
636 895 651 918 ,
694 855 780 910 ubi
824 870 928 909 non
958 865 1073 911 erat
1110 854 1368 911 Christus.
1395 855 1510 910 Non
1545 857 1615 910 ibi
1645 864 1823 912 autem
1853 866 1967 912 erat

388 948 671 1015 prtesentia
702 949 967 1017 corporali
1001 965 1013 1001 :
1047 948 1262 1003 scientia
1292 963 1420 1003 vero
1458 948 1715 1018 spirituali
1744 948 1832 1002 ubi
1859 963 1965 1003 non

386 1040 511 1093 cst?
537 1040 603 1093 Et
630 1040 881 1109 quoniam
908 1040 1110 1095 sciebat
1133 1054 1193 1095 se
1215 1040 1385 1095 solum
1412 1037 1574 1094 fuisse
1602 1040 1701 1094 sub
1726 1039 1849 1107 ﬁcu,
1878 1039 1965 1095 ubi

389 1129 646 1184 Dominus
683 1128 928 1185 Christus
967 1145 1075 1186 non
1112 1140 1228 1185 erat
1257 1150 1270 1186 :
1303 1130 1513 1201 quando
1550 1129 1684 1185 dixit
1707 1130 1755 1185 ci
1778 1172 1794 1196 ,
1840 1130 1966 1185 Cum

386 1235 521 1274 esses
550 1219 642 1273 sub
665 1221 843 1274 arbore
866 1221 950 1290 ﬁci
968 1262 984 1288 ,
1012 1222 1113 1274 vidi
1137 1230 1213 1286 te;
1237 1230 1292 1276 et
1316 1221 1529 1293 agnovit
1563 1222 1615 1276 in
1648 1221 1743 1277 illo
1769 1221 1964 1278 divini-

388 1318 573 1375 tatem,
604 1318 658 1365 et
681 1310 1019 1375 exclamavit,
1052 1311 1127 1366 Tu
1153 1328 1204 1367 es
1222 1328 1313 1366 rea:
1334 1311 1517 1367 Israel.
1866 1352 1869 1355 -

459 1400 682 1455 CAPUT
714 1400 777 1455 ll.
800 1432 872 1441 —
889 1401 943 1455 2.
968 1401 1234 1457 Somnium
1260 1402 1420 1458 Iacob
1449 1405 1614 1476 ﬁgura
1638 1405 1754 1475 fuit.
1781 1405 1963 1462 Domi-

387 1505 488 1545 nus
515 1492 608 1554 ait,
643 1492 773 1558 Quia
810 1494 918 1548 dixi
955 1494 1076 1561 tibi,
1134 1494 1250 1549 Vidi
1277 1505 1324 1549 te
1359 1513 1475 1550 cum
1509 1513 1640 1553 esses
1665 1498 1756 1552 sub
1784 1499 1963 1554 arbore

388 1582 521 1649 ﬁcu,
551 1582 670 1636 inde
705 1584 943 1648 miraris;
985 1587 1182 1654 majora
1220 1587 1401 1641 horunt
1438 1588 1643 1643 videbis.
1682 1588 1811 1657 Qua:
1842 1599 1966 1645 sunt

387 1674 489 1727 ista
519 1674 718 1743 majora
742 1675 765 1727 ἱ)
791 1675 858 1729 Et
880 1676 1012 1731 dixit
1042 1696 1054 1731 :
1094 1677 1335 1733 Videbitis
1360 1681 1376 1711 ¹
1407 1679 1587 1735 caelum
1610 1690 1841 1751 apertum
1866 1721 1881 1745 ,
1918 1690 1965 1736 et

387 1762 605 1832 Angelos
642 1763 737 1817 Dei
778 1767 1095 1822 ascendentes
1130 1778 1178 1821 et
1213 1769 1560 1825 descendentes
1591 1787 1741 1842 super
1770 1771 1963 1827 Filium

389 1852 630 1907 hominis.
677 1854 992 1911 Recolamus
1026 1867 1262 1913 veterem
1304 1858 1579 1915 historiam
1612 1861 1964 1932 conscriptam

389 1942 442 1995 in
470 1943 607 1999 libro
631 1954 818 2000 sancto
846 1987 861 2012 ,
890 1946 943 2001 id
970 1955 1092 2015 est,
1118 1949 1173 2004 in
1200 1948 1416 2006 Genesi.
1447 1951 1671 2019 Quando
1710 1953 1873 2009 Jacob
1910 1956 1963 2010 in

389 2034 511 2089 loco
558 2037 899 2105 obdormivit,
958 2039 1187 2110 lapidem
1233 2042 1300 2097 ad
1351 2052 1512 2113 caput
1549 2046 1756 2115 posuit;
1804 2056 1860 2102 et
1910 2048 1963 2102 in

386 2126 591 2180 somnis
620 2126 752 2181 vidit
788 2130 985 2183 scalam
1022 2146 1054 2185 a
1096 2139 1233 2187 terra
1274 2134 1659 2205 pertingentem
1694 2152 1861 2207 usque
1896 2138 1964 2193 ad

384 2215 584 2270 ctelum
618 2233 633 2269 :
666 2225 721 2272 et
744 2217 1000 2274 Dominus
1037 2220 1376 2278 incumbebat
1408 2238 1568 2295 super
1592 2240 1745 2293 eam;
1776 2228 1963 2297 Angeli

387 2314 564 2360 autem
602 2306 958 2363 ascendebant
999 2318 1054 2365 et
1096 2310 1490 2369 descendebant
1535 2330 1631 2385 per
1669 2331 1807 2373 eam.
1853 2318 1964 2374 Hoc

386 2393 520 2448 vidit
544 2394 728 2452 Jacoh.
760 2396 1033 2454 Somnium
1058 2399 1290 2463 hominis
1326 2418 1433 2458 non
1472 2406 1796 2463 scriberetur
1819 2450 1833 2475 ,
1861 2409 1962 2465 nisi

386 2501 634 2557 magnum
677 2489 731 2544 in
776 2490 866 2546 illo
909 2493 1121 2563 aliquod
1163 2494 1479 2565 ﬁguraretur
1521 2502 1852 2571 mysterium,
1907 2512 1963 2559 et

385 2591 633 2648 magnum
654 2580 849 2652 aliquid
876 2583 1244 2653 prophetatum
1271 2587 1323 2642 in
1352 2588 1439 2643 illa
1468 2590 1673 2647 visione
1699 2592 1965 2665 intellige-

384 2677 553 2723 retur.
587 2669 822 2741 Denique
848 2671 961 2743 ipse
976 2673 1143 2731 Iacob
1165 2678 1288 2746 quia
1313 2679 1573 2735 intellexit
1600 2682 1725 2751 quid
1747 2684 1958 2754 viderit,

384 2759 641 2826 posuitibi
655 2761 904 2832 lapidem,
919 2772 972 2819 et
989 2765 1348 2834 perluditoleo
1364 2768 1516 2839 (Gen.
1539 2787 1724 2841 xxvm,
1740 2774 1955 2846 ll-i8).

383 2846 527 2927 Nam
545 2852 829 2920 agnoscitis
854 2853 1084 2909 chrisma
1112 2874 1124 2909 :
1149 2859 1419 2927 agnoscite
1438 2868 1492 2915 et
1514 2860 1805 2919 Christum.
1838 2863 1957 2935 ipse

384 2947 471 2993 est
495 2941 634 2995 enim
660 2941 813 3012 lapis,
841 2959 997 3015 quem
1023 2949 1440 3016 reprobaverunt
1466 2952 1814 3021 aediﬁcantes;
1847 2957 1961 3026 ipse

384 3027 555 3087 factus
578 3040 662 3087 est
688 3034 739 3088 in
769 3046 926 3105 caput
951 3039 1128 3108 anguli
1160 3036 1327 3110 ('Psal.
1357 3057 1501 3097 cxvn
1526 3083 1543 3110 ,
1571 3044 1687 3113 29.).
1720 3045 1838 3115 ipse
1879 3057 1962 3103 est

381 3118 539 3190 lapis,
566 3122 633 3178 de
656 3139 761 3194 quo
781 3125 893 3195 ipse
914 3126 1045 3182 dixit
1075 3146 1088 3183 :
1124 3129 1436 3202 Quicumque
1460 3132 1727 3201 offenderit
1746 3138 1798 3190 in
1828 3138 1960 3208 lapi-

380 3212 500 3268 dem
523 3215 688 3284 illum,
710 3221 1127 3290 conquassabitur
1151 3240 1169 3276 :
1198 3240 1348 3293 super
1366 3241 1511 3295 quem
1536 3242 1650 3282 vero
1677 3230 1862 3283 venerit
1882 3230 1961 3284 la-

383 3306 463 3373 pis
486 3306 606 3374 ille,
636 3319 854 3365 conteret
896 3312 1007 3366 eum
1036 3313 1245 3385 (Matth.
1272 3331 1363 3370 xxI
1387 3357 1401 3381 ,
1435 3317 1551 3388 44).
1582 3317 1878 3376 Oll'enditur
1905 3322 1959 3376 in

377 3394 647 3464 jacentem
678 3416 691 3453 :
723 3402 897 3457 veniet
934 3411 1113 3459 autem
1149 3420 1309 3475 super
1337 3422 1480 3470 eum.
1512 3423 1635 3463 cum
1662 3412 1869 3466 venerit
1892 3411 1959 3467 de

381 3484 493 3540 alto
514 3486 752 3556 judicare
779 3491 932 3546 vivos
954 3504 1007 3547 et
1030 3503 1287 3550 mortuos.
1317 3495 1411 3551 Va:
1432 3496 1652 3566 Iudaeis,
1684 3501 1803 3569 quia
1836 3516 1957 3556 cum

376 3572 583 3643 iaceret
613 3577 885 3635 humiliter
909 3579 1184 3648 Christus,
1216 3584 1550 3641 oﬁ'enderunt
1576 3587 1629 3641 in
1659 3603 1805 3643 eum.
1838 3588 1960 3644 Non

381 3667 476 3727 est,
506 3660 707 3728 dicunt,
735 3665 883 3718 homo
904 3667 995 3721 iste
1011 3683 1043 3719 a
1069 3667 1194 3733 Deo,
1218 3670 1303 3737 qui
1324 3672 1468 3724 solvit
1493 3673 1755 3727 sabbatum
1780 3674 1956 3745 (Ioan.

380 3762 436 3801 1x
460 3789 477 3815 ,
521 3750 629 3821 16).
660 3752 721 3807 Si
747 3753 914 3809 Filius
941 3754 1036 3809 Dei
1062 3766 1131 3811 est
1154 3799 1169 3823 ,
1197 3758 1464 3813 descendat
1490 3760 1551 3814 de
1575 3778 1720 3816 cruce
1747 3762 1955 3834 (Matth.

383 3854 563 3911 xxvn,
595 3844 710 3915 40).
752 3845 972 3914 insane,
1009 3848 1150 3919 jacet
1178 3851 1349 3919 lapis,
1390 3861 1443 3907 et
1470 3852 1591 3909 ideo
1634 3854 1799 3910 rides.
1852 3856 1959 3912 Sed

379 3943 507 3984 cum
534 3932 696 3998 rides,
726 3948 900 3990 caecus
923 3951 981 3992 es
1014 3955 1026 3991 :
1062 3953 1182 3993 cum
1212 3955 1386 3995 caecus
1410 3957 1468 3997 es
1491 3982 1507 4009 ,
1536 3943 1763 3999 offendis
1794 3965 1808 4001 :
1838 3962 1960 4002 cum

381 4020 647 4087 offendis,
703 4028 1071 4095 conquassaris
1112 4049 1126 4084 :
1166 4045 1287 4085 cum
1330 4042 1608 4102 quassatus
1658 4035 1821 4107 fueris
1870 4038 1960 4095 illo

380 4111 544 4167 modo
567 4112 781 4183 jacente
805 4156 818 4181 ,
861 4127 1043 4185 postea
1086 4123 1331 4193 veniente
1363 4122 1594 4194 desuper
1639 4129 1956 4185 contereris.

381 4198 528 4269 Ergo
554 4204 705 4258 unxit
743 4206 972 4276 lapidem
1011 4208 1195 4264 Iacob.
1239 4211 1502 4283 Numquid
1545 4215 1745 4271 idolum
1788 4217 1959 4275 fecit?

378 4287 748 4361 Signiﬁcavit,
782 4288 895 4351 non
932 4298 1189 4354 adoravit.
1236 4301 1393 4357 Modo
1427 4318 1554 4374 ergo
1591 4306 1771 4363 audite
1795 4351 1808 4375 ,
1856 4309 1961 4364 Na-

380 4379 683 4439 thanaclem
731 4386 888 4441 istum
942 4389 1231 4455 attendite,
1278 4407 1377 4462 per
1423 4395 1574 4464 cujus
1599 4399 1959 4455 .occasionem

382 4468 637 4525 Dominus
653 4475 809 4533 Jesus
835 4492 1103 4548 exponere
1119 4482 1272 4537 nobis
1292 4482 1461 4539 voluit
1480 4486 1738 4542 visionem
1775 4488 1957 4545 Iacob.

452 4560 679 4616 CAPUT
717 4562 803 4617 Ill.
841 4596 913 4605 —
949 4569 1002 4621 5.
1054 4569 1132 4622 De
1169 4571 1361 4639 duplici
1388 4576 1586 4629 nomine
1623 4586 1669 4631 et
1712 4580 1775 4631 de
1824 4578 1961 4634 lucta

381 4650 563 4706 Iacob.
592 4653 771 4711 Nostis
799 4658 889 4727 qui
930 4658 983 4713 in
1010 4660 1190 4716 schola
1215 4661 1414 4718 Christi
1439 4667 1632 4722 eruditi
1662 4670 1792 4724 estis
1811 4712 1825 4736 ,
1865 4670 1959 4727 Ja-

380 4743 486 4798 cob
514 4744 685 4813 ipsum
712 4762 832 4804 esse
870 4758 924 4804 et
965 4750 1150 4808 lsrael.
1197 4754 1310 4811 Duo
1345 4766 1468 4812 sunt
1508 4762 1725 4817 nomina
1773 4781 1787 4816 :
1836 4779 1958 4821 nam

384 4833 545 4888 homo
573 4850 711 4891 unus
733 4838 850 4893 fuit.
877 4840 1111 4898 Primum
1135 4859 1331 4901 nomen
1351 4847 1534 4917 Iacob,
1565 4853 1775 4921 quando
1804 4864 1959 4913 natus

292 4924 295 4927 ⁴
382 4934 489 4992 est,
521 4928 742 4996 accepit,
772 4932 912 5001 quod
940 4933 1313 5005 interpretatur
1345 4939 1741 5011 Supplantator.
1774 4946 1957 5015 Quan-

383 5016 455 5072 do
478 5026 656 5073 autem
682 5021 756 5075 illi
786 5025 983 5094 gemini
1012 5029 1119 5083 nati
1158 5038 1306 5096 sunt,
1337 5032 1482 5101 prior
1508 5042 1663 5090 natus
1691 5047 1771 5092 est
1797 5038 1959 5096 frater
2032 5045 2037 5053 '

383 5108 524 5165 Esau
551 5150 566 5174 ,
613 5119 668 5165 et
712 5112 924 5171 inventa
972 5128 1053 5173 est
1099 5135 1287 5177 manus
1316 5124 1457 5180 illius
1490 5127 1711 5184 minoris
1742 5130 1793 5184 in
1824 5132 1956 5201 pede

383 5198 622 5268 majoris.
655 5202 893 5260 Tenebat
937 5208 1130 5279 pedem
1174 5211 1329 5267 fratri
1371 5229 1471 5270 suo
1514 5198 1838 5286 prtecedeuti
1862 5238 1955 5277 na-

384 5290 585 5380 scendo
607 5332 623 5359 ,
673 5304 855 5365 postea
899 5309 955 5354 et
990 5301 1105 5371 ipse
1132 5312 1343 5361 secutus
1369 5314 1473 5363 est.
1520 5308 1587 5363 Et
1614 5320 1829 5380 propter
1854 5312 1955 5370 hoc

384 5379 599 5470 factum,
620 5388 743 5455 quia
770 5388 1002 5463 plantam
1027 5394 1193 5450 tenuit
1220 5397 1368 5451 fratri
1395 5412 1491 5453 suo
1534 5379 1830 5470 appellatus
1873 5415 1954 5461 est

392 5464 547 5526 lacob
574 5475 726 5543 (Gen.
752 5495 879 5546 xxv,
907 5481 1000 5555 25)
1022 5525 1039 5552 ,
1086 5486 1138 5541 id
1166 5497 1247 5542 est
1268 5529 1284 5554 ,
1325 5464 1719 5562 Supplania-tor.
1762 5495 1951 5553 Postea

387 5571 517 5615 vero
543 5577 663 5620 cum
689 5570 982 5629 rediret.de
1006 5575 1380 5648 Mesopotamia
1404 5598 1419 5649 ς
1468 5583 1693 5642 luctatus
1722 5596 1804 5643 est
1828 5602 1949 5644 cum

443 5671 459 5702 ι
485 5678 557 5722 Er.
584 5675 661 5726 hic
686 5689 737 5731 et
758 5683 817 5732 ad
839 5685 984 5737 ﬁnem
1006 5693 1172 5752 capitis
1193 5696 1361 5755 quinti,
1391 5695 1595 5748 Videbis.
1619 5705 1676 5748 Μ.

526 5815 532 5819 .
581 5778 802 5840 tum.
853 5792 1122 5853 AUGL'ST.
1156 5796 1208 5856 ν

1763 283 1988 340 ΞΕῐὶΜΟ
2024 283 2228 340 CXXII.

3532 296 3639 352 68‘)

2072 411 2138 449 eo
2165 396 2382 467 angelus
2407 398 2458 453 in
2488 397 2590 452 via.
2633 398 2764 466 Qua:
2806 398 2971 455 virtus
2998 403 3294 473 comparari
3329 412 3500 474 potest
3541 420 3637 463 au-

2070 487 2173 556 gcli
2200 497 2255 543 et
2279 487 2531 543 hominis?
2560 490 2695 560 Ergo
2718 493 3028 561 mysterium
3049 503 3150 559 eSt,
3183 509 3311 564 ergo
3336 509 3639 553 sacranten-
3694 508 3705 526 ‘

2073 586 2184 631 tum
2223 586 2307 634 est
2332 617 2347 644 ,
2394 592 2521 649 ergo
2552 580 2826 651 prophetia
2848 591 2932 638 est
2955 624 2970 650 ,
3002 600 3129 654 ergo
3158 585 3321 656 ﬁgura
3362 597 3481 650 est;
3518 605 3644 659 ergo

2070 667 2449 737 intelligamus.
2480 669 2667 726 Videte
2694 672 2836 727 enim
2876 674 3034 727 etiam
3077 675 3638 733 luctaminismodum.

2071 760 2205 815 Dum
2237 761 2482 829 luctatur,
2513 764 2787 832 prcevaluit
2808 766 2996 836 angelo
3021 765 3205 822 Iacob.
3234 767 3417 839 Magna
3443 770 3642 839 signino

2068 850 2228 906 catio.
2261 850 2328 905 Et
2356 867 2478 906 cum
2524 854 2889 921 praevaluisset
2916 858 3104 927 angelo
3133 857 3291 913 homo
3313 901 3328 923 ,
3364 861 3533 915 tenuit
3571 862 3637 915 il-

2068 940 2217 1008 lum;
2259 950 2436 998 tamen
2463 944 2576 1012 ipse
2606 944 2766 999 homo
2790 961 2908 1000 cum
2935 988 2949 1010 ,
2992 963 3148 1016 quem
3180 949 3417 1015 vicerat,
3450 955 3641 1007 tenuit.

2068 1031 2134 1086 Et
2159 1032 2232 1087 ait
2258 1033 2352 1099 illi,
2383 1033 2501 1088 Non
2529 1044 2576 1089 te
2604 1035 2817 1100 dimitto,
2839 1038 2934 1091 nisi
2954 1037 3258 1093 benedixeris
3289 1042 3430 1094 mihi.
3458 1042 3636 1110 Quan-

2068 1122 2137 1177 do
2165 1125 2333 1179 victur
2361 1140 2387 1178 a
2416 1126 2553 1181 victo
2580 1127 3003 1193 henedicebatur,
3029 1129 3271 1185 Christus
3297 1134 3635 1202 figurabatur.

2066 1216 2301 1287 Angelus
2327 1233 2453 1288 ergo
2483 1219 2592 1286 ille,
2620 1220 2711 1289 qui
2733 1221 3040 1291 intelligitur
3072 1224 3321 1281 Dominus
3344 1227 3498 1283 Iesus
3520 1270 3536 1294 ,
3567 1230 3643 1284 ait

2067 1308 2132 1362 ad
2158 1308 2321 1363 Iacob
2344 1351 2360 1375 ,
2399 1309 2520 1364 Iunt
2569 1328 2669 1366 non
2713 1313 2959 1367 vocaberis
2993 1314 3151 1369 Iacob
3171 1358 3187 1383 ,
3217 1319 3306 1371 sed
3334 1321 3436 1374 erit
3463 1337 3644 1376 nomen

2070 1409 2208 1453 tuum
2225 1399 2388 1456 Israel
2409 1403 2582 1472 :quod
2601 1404 2991 1475 interpretatur,
3014 1407 3208 1463 Videns
3231 1411 3418 1468 Deum.
3442 1413 3641 1471 Deinde

2068 1490 2239 1561 tetigit
2289 1507 2506 1547 nervum
2562 1492 2779 1549 femoris
2831 1496 2945 1563 ejus
2976 1538 2989 1559 ,
3054 1498 3102 1563 id
3162 1508 3244 1553 est
3310 1501 3642 1558 latitudinem

2066 1582 2230 1637 Iacob
2254 1583 2487 1650 femoris,
2511 1594 2564 1640 et
2591 1586 2727 1641 aruit
2746 1587 2795 1643 ei
2826 1598 2915 1642 :et
2942 1590 3108 1645 factus
3135 1602 3217 1646 est
3240 1591 3463 1648 claudus
3477 1594 3642 1650 Iacob

2074 1671 2221 1743 (Cen.
2256 1690 2428 1739 xxx",
2462 1676 2680 1746 24-32).
2707 1677 2825 1747 Ipse
2851 1688 2933 1733 est
2954 1681 3043 1735 ille
3069 1682 3257 1737 victus.
3286 1683 3510 1739 Tantum
3540 1700 3639 1755 po—

2071 1764 2168 1819 tuit
2192 1766 2278 1820 ille
2305 1768 2474 1822 victus
2494 1808 2508 1833 ,
2538 1777 2594 1822 ut
2616 1777 2670 1823 et
2695 1769 2867 1824 femur
2912 1781 3182 1842 tangeret,
3207 1784 3261 1828 et
3286 1774 3530 1830 claudum
3554 1776 3636 1831 fa-

2067 1864 2231 1910 ceret.
2258 1855 2398 1926 Ergo
2428 1858 2609 1913 volens
2633 1860 2801 1937 victus
2826 1871 2907 1915 est
2939 1863 2978 1913 ί.
3011 1862 3330 1919 Potestatem
3361 1864 3503 1920 enim
3533 1866 3631 1921 ba-

2068 1945 2180 2000 buit
2223 1946 2453 2017 ponendi
2495 1950 2744 2005 virtutem
2793 1966 2941 2005 suam
2969 1994 2984 2017 ,
3021 1962 3075 2007 et
3117 1962 3428 2022 potestatem
3459 1955 3643 2013 habuit

2066 2039 2370 2094 assumendi
2409 2054 2525 2095 eam
2553 2040 2572 2113 (
2596 2041 2752 2096 Joan.
2785 2058 2820 2096 χ
2841 2084 2855 2108 ,
2889 2044 3001 2113 l8).
3030 2044 3143 2098 Non
3176 2046 3419 2101 irascitur
3445 2048 3637 2114 victus,

2067 2130 2185 2199 quia
2214 2145 2318 2185 non
2345 2132 2587 2197 irascitur
2611 2134 2911 2191 cruciﬁxus.
2940 2135 3070 2190 Nam
3106 2145 3161 2192 et
3187 2137 3454 2194 benedixit
3479 2154 3600 2195 eum
3620 2182 3636 2207 ,

2067 2222 2268 2289 dicens,
2297 2223 2419 2279 Non
2469 2226 2721 2281 vocaberis
2743 2226 2904 2282 Iacob
2929 2269 2941 2292 ,
2975 2229 3064 2283 sed
3088 2229 3273 2285 Israel.
3308 2230 3456 2287 Tunc
3508 2247 3642 2303 sup-

2068 2315 2529 2384 plantatorfacms
2574 2328 2657 2375 est
2680 2319 2866 2376 videns
2912 2322 3097 2376 Deum.
3147 2323 3215 2379 Et
3255 2325 3457 2396 tetigit,
3504 2327 3645 2383 sicut

2066 2404 2194 2472 dixi,
2221 2406 2391 2463 femur
2410 2408 2526 2479 ejus
2548 2450 2564 2476 ,
2607 2418 2661 2465 et
2686 2409 2811 2465 fecit
2835 2426 2953 2467 eum
2982 2413 3299 2477 claudicare.
3332 2417 3561 2474 Attende
3586 2419 3641 2474 in

2065 2494 2228 2551 Iacob
2255 2499 2505 2567 populum
2533 2488 2835 2556 Iudicorum
2861 2542 2875 2567 ,
2907 2502 2992 2557 illa
3023 2505 3187 2560 millia
3214 2509 3551 2576 sequentium
3583 2522 3638 2566 et

2064 2587 2473 2669 prtecedentium
2496 2590 2792 2660 jumentum
2820 2592 3027 2649 Domini
3052 2636 3068 2661 ,
3098 2597 3183 2665 qui
3209 2596 3377 2667 juncti
3408 2601 3639 2670 Aposto-

2065 2676 2129 2732 lis
2154 2667 2444 2736 adorabant
2466 2681 2743 2737 Dominum
2764 2725 2779 2749 ,
2811 2694 2865 2740 et
2889 2686 3220 2753 clamabant,
3253 2667 3501 2745 Hosanna
3525 2693 3634 2760 ﬁlio

2065 2769 2270 2839 David;
2309 2774 2590 2829 benedictus
2616 2780 2701 2847 qui
2726 2777 2855 2831 venit
2884 2779 2936 2833 in
2965 2782 3165 2835 nomine
3198 2781 3399 2837 Domini
3421 2784 3637 2854 (Matth.

2066 2876 2193 2928 xxi,
2223 2861 2298 2935 9).
2328 2863 2471 2920 Ecce
2497 2864 2661 2922 Iacob
2680 2866 3010 2924 benedictus.
3038 2871 3154 2926 Iam
3181 2873 3398 2930 claudus
3424 2892 3636 2931 reman-

2064 2952 2132 3007 sit
2153 2952 2207 3007 in
2234 2954 2331 3021 eis,
2358 2954 2447 3024 qui
2473 2956 2631 3012 modo
2649 2956 2819 3013 Iudaei
2844 2969 2988 3014 sunt.
3023 2961 3268 3021 Latitudo
3294 2966 3434 3020 enim
3466 2965 3638 3022 femo-

2074 3044 2149 3099 ris
2167 3085 2181 3109 ,
2204 3044 2469 3117 signiﬁcat
2491 3048 2885 3106 multitudinem
2918 3055 3148 3122 generis.
3178 3056 3253 3111 De
3279 3058 3467 3127 quibus
3494 3059 3642 3131 Psal-

2064 3149 2181 3188 mus
2203 3176 2219 3202 ,
2262 3150 2383 3190 cum
2425 3136 2628 3195 Gentes
2660 3140 2956 3197 crediturus
2988 3144 3374 3213 prophetasset,
3414 3148 3634 3215 dicens,

2065 3222 2296 3295 Populus
2340 3243 2487 3297 quem
2530 3245 2633 3283 non
2682 3234 2911 3301 cognovi,
2961 3235 3157 3289 servivit
3186 3238 3347 3302 mihi,
3379 3240 3431 3293 in
3457 3241 3639 3295 auditu

2063 3315 2201 3369 auris
2254 3317 2467 3371 obedivit
2516 3320 2661 3376 mihi.
2705 3320 2822 3376 Non
2865 3323 2936 3379 ibi
2968 3323 3039 3379 fui
3067 3368 3079 3389 ,
3129 3336 3182 3381 et
3221 3329 3430 3385 auditus
3469 3345 3585 3386 sum
3619 3349 3634 3386 :

2062 3404 2149 3461 hic
2177 3405 2271 3473 iui,
2294 3416 2349 3462 et
2374 3418 2429 3463 et
2448 3410 2654 3465 occisus
2682 3426 2821 3466 sum.
2844 3412 3075 3483 Populus
3098 3433 3241 3484 quem
3269 3436 3368 3473 non
3392 3423 3634 3491 cognovi,

2061 3497 2259 3551 servivit
2277 3499 2422 3567 mihi,
2460 3500 2515 3553 in
2534 3501 2709 3556 auditu
2737 3504 2876 3557 auris
2904 3505 3114 3560 obedivit
3142 3509 3282 3562 nti/ti.
3314 3510 3474 3579 igitur
3502 3512 3635 3569 ﬁdes

2062 3600 2129 3640 ex
2154 3587 2354 3652 auditu,
2377 3590 2588 3645 auditus
2616 3600 2789 3646 autem
2819 3610 2911 3663 per
2924 3596 3142 3651 verbum
3164 3597 3355 3655 Christi
3383 3602 3555 3674 (Rom.
3579 3621 3612 3659 x

2067 3674 2174 3747 i7).
2203 3677 2270 3731 Et
2294 3678 2561 3748 sequitur:
2584 3680 2709 3735 Filii
2724 3684 2875 3737 alieni
2898 3686 3051 3740 menti
3074 3688 3091 3739 i
3106 3700 3219 3742 sunt
3244 3691 3366 3743 mihi
3395 3709 3413 3744 :
3438 3692 3505 3747 de
3528 3694 3628 3747 .lu-

2062 3766 2211 3822 dteis.
2238 3767 2359 3823 Filii
2378 3770 2529 3824 alieni
2544 3773 2735 3826 mentiti
2768 3785 2885 3829 sunt
2903 3777 3025 3831 mihi
3044 3819 3059 3844 ,
3082 3779 3176 3846 ﬁlii
3207 3781 3360 3834 alieni
3388 3783 3637 3837 invetera-

2036 3920 2039 3921 ν
2063 3868 2256 3926 verunt,
2270 3869 2316 3914 et
2328 3860 2731 3918 claudicaverunt
2744 3882 2774 3919 a
2788 3866 2976 3927 semitis
2986 3869 3088 3922 suis
3098 3870 3114 3940 (
3124 3869 3265 3925 Psal.
3281 3873 3499 3938 “1545,
3518 3873 3636 3947 46).

2063 3953 2339 4022 Assignavi
2356 3954 2505 4010 vobis
2530 3955 2711 4025 Jacob,
2736 3968 2788 4013 et
2813 3959 3148 4016 benedictum
3168 3973 3223 4018 et
3239 3963 3509 4021 claudum.

2131 4044 2358 4102 CAPUT
2429 4046 2517 4102 IV.
2569 4078 2642 4089 ——
2689 4051 2743 4105 4.
2790 4050 3047 4107 Abraham
3117 4071 3208 4108 cur
3268 4057 3487 4127 printum
3539 4075 3638 4113 no—

2034 4153 2176 4207 Vmen
2215 4155 2363 4193 suum
2393 4156 2508 4194 cum
2557 4143 2828 4211 posteriore
2869 4161 2969 4199 non
2996 4147 3208 4212 retinet,
3261 4147 3421 4203 Iacob
3472 4167 3587 4207 vero
3608 4168 3640 4207 ο

2061 4238 2256 4283 contra.
2304 4229 2496 4286 Verum
2544 4247 2609 4288 ex
2664 4233 2763 4287 hac
2799 4237 3079 4293 occasione
3133 4253 3240 4293 non
3286 4250 3369 4296 est
3409 4253 3635 4312 praeter-

2063 4319 2330 4387 eundum,
2356 4321 2496 4391 quod
2524 4332 2696 4392 potest
2745 4322 2971 4381 fortasse
3024 4343 3118 4383 sua
3162 4339 3353 4398 Sponte
3397 4344 3633 4391 vestrum

2062 4411 2291 4480 aliquem
2316 4426 2649 4468 commovere
2669 4414 2819 4483 :quid
2846 4416 2944 4471 sibi
2978 4418 3107 4483 vult,
3141 4420 3281 4487 quod
3309 4436 3428 4477 cum
3459 4436 3634 4479 muta-

2064 4510 2173 4555 tum
2204 4512 2346 4557 esset
2367 4518 2561 4559 nomen
2606 4504 2832 4561 Abrahae
2879 4507 2960 4561 avi
3004 4507 3157 4579 hujus
3195 4510 3359 4568 Jacob
3399 4513 3555 4585 (nam
3581 4525 3635 4571 et

2062 4592 2177 4661 ipse
2207 4593 2351 4663 prius
2381 4594 2575 4649 Abram
2602 4596 2907 4663 vocabatur,
2933 4607 2987 4653 et
3017 4600 3153 4656 Deus
3176 4604 3403 4658 mutavit
3430 4606 3502 4659 illi
3536 4620 3634 4659 no-

2062 4694 2350 4758 nomen,et
2376 4684 2526 4752 dixit,
2551 4685 2672 4741 Non
2716 4689 2966 4742 vocaberis
3005 4690 3189 4744 Abram
3211 4733 3226 4758 ,
3263 4693 3351 4747 sed
3379 4694 3635 4749 Abraham

2000 4832 2005 4837 ,
2061 4774 2213 4846 (Gen.
2242 4756 2369 4844 x‘vu,
2401 4778 2493 4847 5),
2523 4793 2590 4834 ex
2613 4779 2707 4833 illo
2738 4795 2842 4834 non
2868 4790 2949 4835 est
2976 4756 3441 4841 t'ocatusthram.
3472 4787 3633 4854 Quae-

2060 4868 2163 4923 rite
2188 4868 2238 4923 in
2261 4868 2575 4938 Scripturis,
2612 4878 2667 4925 et
2692 4870 2934 4927 videbitis
2958 4874 3201 4942 superius
3229 4886 3510 4947 antequam
3537 4895 3599 4934 ac
3617 4910 3642 4920 -

2060 4960 2261 5029 ciperet
2284 4960 2426 5014 aliud
2467 4976 2684 5029 nomen,
2715 4976 2820 5016 non
2872 4972 2954 5017 est
2995 4977 3213 5020 vocatus
3255 4968 3358 5023 nisi
3392 4968 3589 5025 Abram
3627 4989 3639 5025 :

2061 5060 2402 5121 posteaquam
2455 5053 2678 5122 accepit,
2719 5068 2824 5108 non
2852 5063 2936 5108 est
2966 5066 3179 5110 vocatus
3208 5058 3312 5112 nisi
3340 5058 3636 5117 Abraham.

2058 5142 2163 5198 iste
2190 5152 2366 5198 autem
2394 5142 2577 5210 Iacob,
2623 5145 2836 5215 quando
2873 5148 3075 5215 accepit
3104 5147 3246 5203 aliud
3275 5164 3467 5206 nomen
3492 5194 3508 5220 ,
3538 5168 3635 5211 ea-

2057 5233 2179 5289 dem
2214 5234 2373 5290 verba
2420 5234 2828 5303 audivit,'Non
2847 5237 3094 5295 vocaberis
3137 5237 3297 5293 Iacob
3321 5281 3334 5305 ,
3366 5242 3454 5296 sed
3490 5260 3637 5299 voca-

2056 5323 2185 5379 beris
2208 5324 2394 5379 Israel.
2417 5324 2647 5393 Quaarite
2670 5324 2993 5396 Scripturas,
3010 5338 3063 5381 et
3081 5327 3256 5387 videte
3285 5332 3405 5399 quia
3429 5343 3639 5389 utrum-

2058 5428 2162 5483 que
2187 5429 2398 5484 semper
2420 5424 2640 5471 vocatus
2664 5425 2775 5482 est,
2821 5425 2875 5470 ct
2915 5416 3080 5472 Iacob
3108 5428 3162 5473 et
3188 5418 3371 5485 Israel.
3398 5424 3633 5494 Accepto

2055 5507 2159 5563 alio
2178 5508 2392 5562 nomine
2419 5508 2638 5574 Abram,
2682 5523 2789 5562 non
2809 5509 2948 5562 aliud
2972 5519 3053 5564 est
3088 5521 3303 5575 vocatus
3333 5515 3432 5569 nisi
3464 5518 3626 5571 Abra-

2082 5643 2135 5755 ,ι
2157 5648 2245 5754 Si;
2259 5641 2438 5705 aliquot
2468 5649 2573 5693 Mss.
2610 5642 2693 5694 Alii
2719 5655 2836 5693 vero
2858 5656 2968 5693 cum
2997 5644 3155 5704 editis,
3180 5654 3307 5708 Ergo
3324 5648 3368 5700 si
3388 5649 3541 5702 volens
3562 5662 3630 5702 ω-

2102 5717 2157 5755 us
2176 5717 2204 5753 e
2250 5741 2259 5752 .

2053 5716 2157 5755 ειιιδ
2176 5716 2259 5754 est.

2846 5822 3355 5903 {l’ingt-dct'a‘.)
