4006 6450
534 342 635 395 ῧκῖῑ

530 454 652 507 ham
670 470 681 504 :
702 456 917 519 accepto
934 448 1035 500 alio
1048 443 1259 499 nomine
1276 440 1457 505 Iacob,
1469 449 1517 494 et
1534 438 1697 494 Jacob
1712 447 1925 491 vocatus
1940 446 2040 498 est.
2061 443 2115 488 et

532 544 712 599 Israel.
726 541 927 595 Nomen
946 536 1171 591 Abrahae
1190 536 1240 588 in
1268 533 1366 588 hoc
1384 531 1582 588 szccqu
1598 529 1963 600 explicandum
1981 528 2075 581 fuit
2098 544 2112 580 :

538 634 626 687 hic
653 640 732 685 est
760 622 900 684 e‘nim
936 625 1105 679 factus
1136 633 1285 693 pater
1322 622 1607 676 multarum
1652 620 1886 691 gentium
1932 660 1946 685 ,
1978 616 2118 671 unde

532 738 724 779 nomen
738 722 959 788 accepit.
983 717 1184 772 Nomen
1212 722 1387 769 autem
1419 713 1579 768 Israel
1593 711 1657 766 ad
1690 711 1917 767 alterum
1946 722 2116 762 δεδου-

533 821 636 871 lum
653 815 901 886 pertinet,
913 810 1305 866 ubividebimus
1319 808 1505 862 Deum.
1523 805 1756 875 Populus
1771 818 1896 873 ergo
1912 802 2023 863 Dei,
2037 814 2122 869 po.

532 908 684 980 pulus
698 904 1053 966 Christianus,
1071 903 1121 956 in
1136 901 1237 955 hoc
1254 908 1495 969 tempore
1508 906 1561 953 et
1589 896 1751 951 Iacob
1764 902 1909 949 estet
1922 892 2082 947 Israel
2102 907 2118 957 ;

530 1000 693 1054 Jacob
736 999 786 1051 in
819 1012 877 1051 re
904 1039 917 1058 ,
948 994 1107 1049 Israel
1136 994 1187 1047 in
1219 1008 1333 1062 spe.
1360 991 1740 1061 Supplantator
1767 988 1908 1042 enim
1939 985 2122 1039 fratris

533 1089 728 1145 dicitur
753 1088 977 1157 p0pulus
1029 1084 1203 1138 minor
1232 1082 1411 1152 populi
1450 1080 1686 1149 majoris.
1727 1076 1992 1147 Numquid
2026 1090 2124 1130 nos

533 1198 593 1238 su
602 1180 987 1253 pplantavimus
998 1176 1209 1233 Judmos
1220 1175 1243 1227 ?
1254 1174 1358 1230 Sed
1374 1172 1801 1242 supplantatores
1816 1169 2043 1224 dicimur
2056 1167 2122 1222 il-

535 1273 737 1339 lorum,
754 1272 873 1342 quia
894 1268 1228 1325 nostricausa
1254 1265 1728 1335 suntsupplantati.
1748 1262 1858 1317 Nisi
1875 1261 2125 1316 excaecati

515 1361 983 1431 -essent,Cliristus
995 1374 1100 1414 non
1112 1357 1507 1428 cruciﬁgeretur
1525 1372 1537 1408 :
1564 1355 1608 1409 si
1621 1353 1865 1409 Christus
1883 1367 1987 1408 non
2001 1366 2124 1406 cru-

532 1456 836 1526 ciﬁgeretur
860 1453 1074 1523 sanguis
1087 1451 1176 1506 ille
1193 1449 1455 1521 pretiosus
1473 1463 1576 1503 non
1592 1446 1927 1502 funderetur:
1943 1447 1988 1501 si
2000 1460 2093 1500 san
2105 1474 2127 1489 ο

538 1547 655 1616 guis
684 1545 773 1600 ille
790 1560 893 1598 non
913 1542 1242 1607 funderetur,
1260 1538 1403 1593 orbis
1432 1548 1695 1593 terrarum
1710 1551 1813 1592 non
1830 1536 2124 1592 redimere—

528 1646 641 1691 tur.
660 1635 793 1704 Quia
814 1648 940 1704 ergo
962 1632 1113 1687 nobis
1135 1629 1331 1701 profuit
1346 1629 1557 1685 cmcitas
1586 1629 1815 1695 illorum,
1834 1628 1954 1684 ideo
1974 1642 2005 1683 a
2026 1628 2126 1682 mi-

520 1744 669 1783 'nore
709 1727 871 1781 fratre
898 1724 1068 1794 major
1096 1723 1465 1792 supplantatus
1497 1730 1579 1776 est
1599 1762 1613 1785 ,
1643 1730 1698 1775 et
1723 1720 2020 1791 appellatus
2047 1730 2130 1776 est

538 1821 712 1873 minor
735 1816 1131 1885 Snpplantator.
1160 1813 1265 1869 Sed
1286 1811 1540 1883 quamdiu
1570 1811 1706 1867 hoc?

610 1908 835 1965 CAPUT
876 1907 940 1961 V.
983 1937 1054 1946 ——
1090 1907 1142 1961 5.
1185 1904 1367 1960 Israeli
1392 1904 1445 1959 in
1486 1904 1587 1974 ﬁne
1624 1903 1847 1957 credenti
1886 1902 2009 1957 visio
2035 1901 2130 1956 Dei

520 2003 808 2073 promissa.
841 1998 1032 2052 Veniet
1061 2006 1269 2066 tempus
1291 2040 1304 2061 ,
1334 1996 1513 2051 veniet
1538 1995 1657 2049 linis
1685 1993 1863 2049 saeculi
1886 2035 1900 2060 ,
1933 2004 1986 2049 et
2011 2009 2128 2048 cre-

537 2092 632 2147 det
679 2099 821 2146 totus
863 2089 1021 2144 Israel
1054 2107 1067 2143 :
1097 2102 1206 2143 non
1252 2088 1324 2142 illi
1364 2088 1452 2157 qui
1498 2085 1657 2142 modo
1703 2095 1861 2151 sunt,
1907 2084 1999 2140 sed
2042 2084 2129 2138 lilii

541 2186 779 2255 ipsorum
807 2183 895 2253 qui
930 2193 1053 2236 tunc
1071 2188 1246 2236 erunt.
1278 2180 1410 2234 Nam
1441 2178 1599 2233 modo
1635 2177 1721 2232 isti
1749 2192 1842 2248 per
1868 2178 1983 2232 vias
2007 2191 2131 2232 suas

542 2277 874 2332 ambulantes
906 2276 1057 2330 ibunt
1085 2274 1150 2328 ad
1178 2273 1292 2328 loca
1339 2287 1464 2337 sua,
1492 2270 1792 2325 transibunt
1816 2269 1882 2324 ad
1911 2268 2129 2324 damna-

532 2370 740 2423 tionem
786 2374 1118 2436 perpetuam.
1146 2363 1369 2431 Quando
1400 2371 1574 2416 autem
1601 2360 1773 2415 factus
1809 2360 1967 2415 fuerit
1993 2373 2131 2413 unus

538 2467 688 2513 totus
737 2458 1001 2528 populus,
1049 2456 1137 2510 lict
1180 2455 1307 2509 illud
1356 2453 1495 2523 quod
1526 2453 1765 2509 canimus
1810 2471 1823 2506 :
1858 2452 2129 2515 Satiabor,

531 2552 669 2603 ‘~dmn
694 2547 1095 2618 niani/“(stabitur
1123 2546 1285 2618 gloria
1320 2555 1406 2599 tua
1455 2544 1622 2616 (Psal.
1657 2560 1747 2599 xw
1773 2585 1787 2611 ,
1838 2541 1947 2614 15).
1999 2543 2131 2597 Dum

532 2642 748 2696 venerit
789 2639 1071 2709 promissio
1095 2681 1109 2705 ,
1142 2654 1260 2709 qure
1298 2639 1451 2693 nobis
1482 2638 1806 2709 promittitur
1827 2678 1842 2704 ,
1874 2647 1931 2693 ut
1954 2636 2135 2692 videa-

546 2745 665 2784 mus
695 2729 827 2785 facie
853 2729 916 2783 ad
948 2729 1156 2784 faciem.
1191 2729 1347 2785 Modo
1376 2729 1617 2785 videmus
1644 2744 1740 2799 per
1764 2727 2038 2799 speculum
2081 2729 2133 2783 in

545 2824 829 2893 mnigmate
873 2831 927 2876 et
981 2836 1046 2876 ex
1091 2828 1284 2891 parte:
1318 2821 1530 2891 quando
1558 2830 1734 2876 autem
1789 2828 2013 2890 uterque
2044 2834 2135 2889 po-

535 2914 704 2982 pulus
727 2912 835 2981 jam
864 2919 1136 2982 purgatus,
1160 2911 1270 2980 jam
1291 2911 1656 2975 resuscitatus,
1685 2910 1795 2979 jam
1820 2920 2131 2975 coronatus,

544 3006 655 3076 jam
706 3004 760 3058 in
804 3003 1159 3058 immortalem
1200 3001 1425 3057 formam
1467 3012 1523 3057 et
1568 3002 1619 3055 in
1684 3002 2135 3070 incorruptionem

557 3104 872 3166 perpetuam
914 3100 1310 3158 commutatus,
1339 3092 1541 3147 videbit
1582 3092 1751 3145 Deum
1781 3091 1915 3145 faeie
1954 3091 2018 3145 ad
2058 3091 2135 3144 fa-

534 3187 688 3242 ciem
709 3227 724 3251 ,
755 3193 810 3241 et
833 3184 943 3254 jam
985 3198 1091 3237 non
1136 3183 1238 3237 erit
1272 3182 1438 3237 Iacob
1459 3222 1473 3246 ,
1503 3181 1597 3236 sed
1635 3182 1780 3235 solus
1808 3180 1909 3235 erit
1937 3180 2132 3245 Israel;

551 3286 679 3332 tunc
726 3291 846 3332 eum
894 3274 945 3328 in
975 3288 1200 3343 persona
1234 3272 1389 3341 hujus
1422 3272 1591 3326 sancti
1619 3271 1913 3326 Nathanael
1943 3272 2140 3325 videbit

553 3368 827 3432 Dominus,
852 3374 907 3419 et
924 3363 1085 3428 (ιίουι,
1108 3361 1238 3415 Ecce
1259 3379 1370 3416 vere
1394 3362 1653 3427 Israelita,
1678 3363 1731 3415 in
1752 3379 1847 3430 quo
1869 3363 2013 3416 dolus
2040 3378 2139 3415 non

542 3467 625 3512 est
649 3456 834 3529 (Joan.
869 3471 904 3519 ι,
937 3452 1043 3525 47).
1096 3452 1317 3519 Quando
1366 3453 1532 3516 audis,
1568 3453 1695 3507 Ecce
1718 3470 1829 3508 vere
1858 3452 2138 3517 Israelita;

554 3548 731 3602 veniat
770 3547 862 3600 tibi
906 3547 956 3599 iu
1003 3554 1236 3601 mentem
1286 3545 1492 3599 Israel:
1525 3559 1647 3598 cum
1691 3545 1898 3600 venerit
1946 3544 2040 3599 tibi
2085 3546 2137 3598 in

553 3646 790 3692 mentem
819 3636 1011 3701 Israel,
1037 3636 1216 3691 veniat
1235 3634 1327 3690 tibi
1349 3635 1401 3688 in
1430 3643 1661 3690 mentem
1691 3635 1954 3690 somnium
1977 3636 2136 3702 illius,

554 3727 608 3782 in
639 3741 745 3798 quo
774 3726 985 3781 somnio
1012 3726 1209 3781 scalam
1239 3725 1371 3780 vidit
1396 3740 1424 3779 a
1454 3734 1597 3781 terra
1625 3741 1793 3797 usque
1818 3726 1881 3780 ad
1906 3727 2096 3781 coelum
2122 3769 2136 3793 ,

554 3819 839 3874 Dominum
883 3817 1479 3887 superincumbentem,
1525 3818 1758 3888 Angelos
1814 3818 1904 3873 Dei
1952 3833 2139 3872 ascen-

553 3911 744 3967 dentes
784 3919 840 3966 et
883 3909 1290 3965 descendentes.
1331 3908 1445 3963 Hoc
1484 3910 1750 3964 somnium
1795 3909 1961 3963 Jacob
1989 3910 2136 3963 vidit.

554 4002 688 4056 Post
724 4000 827 4055 hoc
864 4010 1045 4055 autem
1093 4001 1392 4070 appellatus
1438 4010 1520 4055 est
1563 4001 1723 4055 Israel
1754 4018 1766 4053 :
1797 4001 1989 4066 idest,
2022 4011 2142 4071 post

560 4091 830 4165 paululum
871 4091 1092 4145 veniens
1119 4090 1186 4145 de
1224 4090 1603 4159 Mesopotamia
1633 4101 1685 4145 et
1723 4106 1886 4161 agens
1926 4092 2051 4146 iter.
2084 4093 2141 4146 Si

570 4195 687 4252 trgo
716 4180 881 4235 Jacob
908 4180 1038 4234 vidit
1061 4180 1275 4245 scalam,
1304 4181 1392 4250 qui
1417 4189 1498 4234 est
1524 4188 1578 4234 et
1604 4181 1764 4235 Israel
1802 4182 2093 4250 appellatus
2123 4200 2137 4247 ;

569 4286 641 4334 tst
666 4284 844 4330 autem
881 4282 936 4329 et
971 4273 1261 4328 Nathanael
1314 4274 1414 4328 iste
1465 4288 1590 4329 vere
1645 4272 1914 4337 Israelita,
1954 4275 2005 4329 in
2036 4292 2141 4345 quo

560 4367 712 4423 dolus
739 4380 845 4419 nou
877 4374 961 4420 est
999 4381 1011 4415 :
1048 4364 1167 4418 ideo
1192 4379 1311 4417 cum
1346 4364 1569 4418 miratus
1604 4372 1746 4418 esset
1774 4364 1896 4434 quia
1932 4364 2061 4420 dixit
2091 4367 2138 4422 ei

562 4457 817 4513 Dominus
840 4498 855 4522 ,
886 4456 995 4511 Sub
1021 4455 1197 4509 arbore
1226 4455 1308 4524 ﬁci
1328 4455 1431 4508 vidi
1461 4464 1543 4518 te;
1579 4454 1711 4509 dixit
1748 4456 1796 4511 ei
1816 4496 1833 4522 ,
1866 4455 2038 4528 Majas
2065 4459 2141 4512 his

550 4550 764 4605 videbis.
808 4551 871 4604 Et
894 4549 1021 4603 item
1064 4546 1198 4602 dixit
1239 4547 1285 4602 ei
1327 4547 1591 4602 somnium
1622 4548 1807 4603 Jacob.
1840 4544 1936 4604 Cui
1965 4549 2141 4604 dixit?

560 4645 622 4700 Ei
636 4657 793 4714 quem
810 4641 1091 4712 appellavit
1115 4640 1425 4706 lsraelitam,
1452 4641 1503 4694 in
1533 4655 1638 4715 quo
1663 4640 1819 4695 dolus
1847 4655 1951 4694 non
1977 4648 2137 4695 esset.

556 4735 725 4805 Quasi
755 4735 842 4804 qui
868 4733 1072 4788 diceret
1098 4749 1112 4785 :
1138 4732 1300 4799 Cujus
1330 4731 1544 4785 nomine
1575 4738 1625 4786 te
1650 4730 1945 4805 appellavi,
1976 4730 2142 4800 ipsius

559 4825 825 4881 somnium
855 4823 907 4878 in
946 4830 999 4878 te
1019 4822 1330 4893 apparebit;
1361 4822 1469 4876 noli
1499 4821 1749 4877 festinare
1778 4822 1958 4877 mirari
1986 4864 2000 4889 ,
2026 4837 2141 4876 ma-

558 4920 677 4990 jora
708 4918 897 4972 horum
927 4915 1149 4970 videbis.
1190 4914 1431 4968 Videbitis
1460 4916 1640 4968 caelum
1667 4926 1928 4985 apertum,
1960 4922 2005 4969 et
2033 4916 2141 4968 An-

560 5011 698 5081 gelos
723 5008 818 5062 Dei
837 5007 1156 5062 ascendentes
1171 5015 1218 5061 et
1234 5006 1583 5060 descendentes
1599 5006 1670 5059 ad
1690 5006 1880 5060 Filium
1903 5006 2137 5060 hominis.

564 5101 705 5156 Ecce
752 5098 895 5177 quod
918 5098 1049 5153 vidit
1074 5097 1239 5152 Iacob
1267 5114 1279 5149 :
1312 5112 1437 5151 ecce
1462 5112 1627 5167 quare
1657 5096 1889 5166 perfudit
1911 5096 2140 5166 lapidem

561 5195 682 5249 oleo
700 5192 884 5257 Jacob;
903 5205 1029 5247 ecce
1044 5206 1208 5261 quare
1226 5189 1492 5245 Christum
1511 5190 1769 5261 propheta
1791 5192 1807 5221 ⁸
1830 5188 2141 5259 significavit

557 5292 617 5339 et
646 5283 887 5353 figuravit
906 5281 1089 5337 Jacob.
1134 5280 1267 5335 Illud
1290 5281 1429 5335 enim
1462 5279 1663 5335 factum
1704 5279 1979 5350 prophetia
2004 5288 2139 5334 erat.

633 5374 860 5431 CAPUT
899 5374 987 5429 VI.
1033 5404 1102 5415 —
1143 5373 1196 5429 6.
1240 5372 1467 5428 Christus
1505 5382 1551 5427 et
1591 5373 1672 5426 hic
1709 5381 1756 5426 et
1796 5389 2000 5426 sursum
2045 5382 2138 5425 est.

564 5466 716 5524 Nunc
757 5467 881 5537 quid
925 5466 1244 5538 exspectetis
1266 5508 1280 5529 ,
1309 5465 1436 5521 novi
1468 5484 1483 5520 :
1512 5464 1634 5535 quid
1674 5480 1702 5518 a
1728 5480 1814 5520 me
1837 5465 2011 5520 velitis
2049 5480 2142 5518 au-

566 5559 681 5614 dire
707 5599 720 5623 ,
751 5557 1007 5628 intelligo.
1039 5557 1219 5613 Dicam
1262 5566 1316 5614 et
1358 5557 1459 5612 hoc
1487 5557 1719 5611 breviter
1746 5598 1760 5624 ,
1789 5566 1850 5610 ut
1884 5546 2141 5610 Dominus

629 5692 645 5722 ι
687 5691 799 5759 ιῖιιίιῑ
822 5726 835 5747 ,
875 5690 1171 5762 prophetam.
1214 5699 1267 5743 Αι
1310 5692 1531 5758 plerique
1570 5698 1676 5743 Mss.
1715 5690 1960 5756 propheta.
2003 5694 2142 5739 Forte

591 5766 667 5809 ro,
692 5752 742 5800 in
765 5752 1028 5814 prop/mia.

1764 323 1821 378 s.
1866 319 2229 378 mansum
2268 318 2563 375 EPISCOPI
3570 291 3577 300 ’
3668 329 3751 386 m

2225 434 2386 486 donat
2417 451 2427 486 ε
2462 432 2791 485 Ascendenlcs
2820 441 2865 485 et
2900 430 3253 485 descendentes
3280 431 3482 503 Angelos
3500 446 3561 489 ad
3586 436 3753 495 Filium

2227 524 2466 577 hominis.
2497 521 2774 590 Quomodo
2802 523 2846 576 si
2872 520 3200 576 descendunt
3217 521 3282 575 ad
3304 522 3571 590 illum,hic
3590 538 3691 587 est;
3715 532 3752 587 si

2225 614 2522 669 ascendunt
2548 616 2616 667 ad
2661 613 2808 666 illum
2833 652 2849 677 ,
2876 627 3085 667 sursum
3110 612 3233 665 est?
3273 612 3327 666 Si
3348 624 3515 669 autem
3546 618 3607 670 ad
3631 619 3758 675 illum

2225 704 2518 760 ascendunt
2543 745 2556 767 ,
2600 703 2665 757 ad
2706 704 2852 757 illum
2879 702 3248 766 descendunt,
3281 710 3334 757 et
3358 717 3557 759 sursum
3582 717 3656 762 est
3679 750 3691 772 ,
3715 719 3761 766 et

2227 795 2314 849 hic
2338 804 2438 849 est.
2463 793 2618 847 Nullo
2642 802 2799 863 pacto
2821 792 2933 847 lieri
2960 800 3133 861 potest
3151 802 3203 845 ut
3228 792 3292 846 ad
3320 792 3460 847 illum
3481 797 3762 864 ascendant,

2228 894 2282 941 et
2306 886 2374 940 ad
2402 885 2547 939 illum
2568 883 2894 939 descendant
2919 900 2932 949 ;
2953 883 3063 937 nisi
3088 894 3141 938 et
3171 883 3241 937 ibi
3270 884 3338 938 sit
3358 898 3459 954 quo
3484 887 3764 954 ascendunt,

2228 988 2281 1033 et
2310 978 2395 1032 hic
2422 977 2492 1031 sit
2520 991 2624 1047 quo
2653 975 3000 1030 descendunt.
3033 974 3309 1043 Quomodo
3339 977 3612 1045 probamus
3639 991 3689 1034 et
3707 982 3766 1034 il-

2229 1070 2297 1125 lic
2348 1084 2469 1125 eum
2508 1083 2629 1124 esse
2653 1109 2667 1134 ,
2710 1075 2764 1122 et
2793 1067 2876 1121 hic
2926 1083 3047 1122 eum
3081 1068 3236 1121 esse?
3275 1066 3600 1137 Respondeat
3639 1072 3771 1127 nobis

2230 1163 2425 1218 Paulus
2449 1203 2464 1228 ,
2493 1164 2583 1232 qui
2610 1160 2785 1231 primo
2814 1157 3027 1214 Saulus.
3058 1160 3321 1228 Expertus
3366 1167 3447 1214 est
3486 1160 3606 1215 illud
3634 1163 3732 1232 ipse
3752 1204 3769 1229 ,

2230 1252 2443 1323 quando
2472 1252 2618 1321 prius
2643 1261 2760 1307 erat
2819 1259 3162 1321 persecutor,
3205 1256 3261 1303 et
3300 1257 3479 1317 postea
3516 1249 3671 1306 factus
3705 1263 3776 1309 est

2218 1349 2548 1420 praedicator
2577 1368 2588 1403 :
2606 1350 2751 1419 prius
2769 1348 2948 1411 Iacob,
2965 1353 3150 1415 postea
3166 1342 3329 1398 Israel
3353 1362 3365 1397 :
3384 1344 3471 1412 qui
3485 1353 3593 1399 erat
3609 1353 3657 1398 et
3679 1344 3778 1409 ipse

2231 1440 2298 1494 de
2310 1454 2506 1510 genere
2523 1439 2704 1505 Israel,
2721 1441 2789 1495 de
2806 1438 2943 1494 tribu
2958 1435 3229 1506 Benjamin
3242 1434 3387 1503 erat,(
3397 1432 3615 1504 Philipp.
3631 1449 3699 1497 ιιι,
3712 1433 3778 1502 5).

2233 1532 2293 1587 In
2318 1533 2407 1588 illo
2428 1532 2702 1588 videamus
2718 1532 2989 1587 Christum
3007 1524 3519 1593 sursum,Christum
3534 1526 3778 1580 deorsum.

2233 1627 2413 1683 Primo
2439 1626 2551 1697 ipsa
2582 1625 2791 1681 Domini
2818 1640 2917 1678 vox
2945 1622 3011 1677 de
3039 1620 3177 1676 coelo
3196 1619 3297 1673 hoc
3323 1617 3554 1673 ostendit
3581 1634 3593 1669 :
3627 1615 3782 1680 Saule,

2236 1716 2419 1783 Saule,
2441 1716 2567 1788 quid
2578 1733 2655 1770 me
2667 1710 3120 1786 persequeris(Act.
3138 1726 3215 1771 Ix,
3229 1708 3289 1779 4)
3306 1706 3595 1775 ?Numquid
3616 1706 3786 1759 Paulus

2236 1809 2288 1863 in
2316 1809 2514 1864 omium
2542 1807 2896 1863 ascenderat?
2926 1802 3191 1873 Numquid
3222 1802 3419 1855 Paulus
3447 1799 3630 1854 saltem
3669 1798 3789 1866 lapi-

2234 1900 2356 1955 dem
2396 1901 2447 1954 in
2478 1900 2672 1955 coelum
2717 1896 2979 1953 miserat?
3005 1894 3339 1949 Christianos
3362 1890 3787 1962 persequebatur,

2237 1992 2379 2063 ipsos
2416 1992 2619 2063 ligabat
2644 2032 2657 2057 ,
2687 1991 2833 2060 ipsos
2861 1986 3186 2045 occidendos
3214 1984 3461 2039 trahebat
3479 2024 3492 2044 .
3522 1983 3660 2051 ipsos
3686 1979 3794 2034 ubi-

2237 2100 2340 2156 que
2379 2087 2606 2141 latentes
2635 2083 2944 2153 quaerebat,
2990 2079 3120 2150 ipsis
3162 2077 3397 2132 inventis
3434 2074 3576 2129 nulla
3611 2071 3795 2127 ratione

2237 2178 2504 2245 parcebat.
2536 2175 2630 2230 Cui
2668 2176 2743 2230 ait
2786 2173 3042 2228 Dominus
3090 2168 3337 2225 Christus
3358 2208 3374 2233 ,
3418 2165 3610 2230 Saule,
3639 2164 3795 2218 Saule.

2234 2267 2389 2323 Unde
2428 2266 2656 2321 clamat?
2702 2266 2776 2319 De
2818 2264 2975 2319 coelo.
3006 2262 3147 2332 Ergo
3191 2273 3410 2314 sursum
3454 2266 3555 2312 est.
3586 2256 3709 2321 Quid
3734 2270 3800 2306 me

2237 2360 2543 2431 persequeris
2559 2361 2585 2413 ?
2610 2359 2746 2428 Ergo
2767 2356 3020 2412 deorsum
3044 2362 3146 2409 est.
3179 2350 3375 2406 Omnia
3397 2390 3413 2415 ,
3441 2348 3543 2404 etsi
3571 2346 3798 2401 breviter.

2238 2460 2295 2505 ut
2330 2450 2523 2522 potui,
2561 2447 2785 2519 exposui
2804 2445 3063 2502 Charitati
3090 2451 3309 2498 vestra‘.
3345 2439 3566 2509 Erogavi
3594 2435 3723 2505 quod
3745 2435 3800 2487 ad

2236 2557 2324 2596 me
2350 2542 2581 2611 pertinet
2612 2558 2624 2595 :
2655 2537 2797 2610 quod
2825 2544 3005 2593 autem
3032 2534 3098 2589 ad
3122 2549 3216 2589 vos
3244 2532 3488 2603 pertinet
3515 2572 3528 2595 ,
3560 2541 3801 2599 pauperes

2238 2636 2483 2706 cogitate.
2508 2632 2765 2689 Conversi
2792 2628 2859 2686 ad
2884 2627 3168 2686 Dominum
3187 2668 3202 2692 ,
3232 2635 3344 2680 etc.

2695 2742 2923 2801 SERMO
2959 2738 3205 2795 CXXIII‘
3239 2736 3345 2811 (a).

2242 2840 2318 2913 De
2351 2835 2783 2908 verbisEvangelii
2811 2828 3298 2897 Joannis,thus
3315 2834 3403 2882 est
3416 2832 3592 2878 autem
3607 2828 3655 2873 et
3673 2816 3809 2873 Iesus

2308 2930 2617 3000 etdiscipuli
2649 2929 2765 2998 ejus
2786 2926 2850 2982 ad
2873 2924 3106 2997 nuptias,
3129 2929 3225 2977 etc.
3253 2920 3389 2991 Cap.
3416 2933 3452 2972 ιι
3478 2960 3493 2984 ,
3536 2915 3571 2984 ᾗ
3596 2953 3609 2967 .
3643 2911 3781 2967 I-ll.

2308 3040 2533 3098 CAPUT
2594 3036 2881 3095 PRIMUM.
2924 3066 2992 3075 —
3037 3035 3090 3089 1.
3136 3030 3430 3086 Huntilitas
3493 3025 3674 3081 Christi
3730 3038 3814 3073 mc-

2240 3133 2411 3187 dicina
2435 3130 2683 3200 superbia:
2708 3136 2913 3182 nostrae.
2944 3124 3101 3180 Scitis
3122 3163 3137 3188 ,
3190 3120 3435 3184 fratres;
3476 3117 3531 3171 in
3568 3114 3815 3169 Christum

2242 3225 2385 3281 enim
2410 3222 2690 3278 credentes
2721 3217 3001 3279 didicistis,
3030 3223 3084 3270 et
3109 3212 3334 3267 assidue
3359 3210 3527 3266 etiam
3558 3221 3653 3261 nos
3678 3201 3816 3257 mini-

2240 3316 2404 3372 sterio
2446 3321 2632 3368 nostro
2680 3306 3117 3365 commendamus
3145 3302 3348 3369 vobis;
3396 3297 3542 3370 quod
3582 3292 3819 3351 medicina

2238 3407 2466 3463 tumoris
2509 3402 2780 3469 hominis,
2827 3399 3096 3454 humilitas
3139 3403 3220 3450 est
3256 3392 3491 3450 Christi.
3536 3389 3652 3444 Non
3695 3382 3819 3437 enim

2245 3500 2469 3570 perisset
2515 3497 2712 3559 homo,
2768 3492 2869 3548 nisi
2917 3487 3165 3560 superbia
3216 3483 3586 3542 tumuisset‘.
3633 3475 3823 3532 Initium

2243 3568 2384 3648 enim
2412 3631 2425 3655 ,
2455 3589 2592 3644 sicut
2630 3586 2904 3656 Scriptura
2931 3583 3098 3648 dicit,
3146 3581 3321 3634 cuiuis
3346 3577 3584 3650 peccati,
3616 3568 3824 3641 superbia

2245 3682 2433 3756 (Eccli.
2461 3698 2518 3747 ιι,
2553 3680 2664 3748 15).
2692 3678 2885 3733 Contra
2920 3674 3122 3728 initium
3153 3671 3375 3741 peccati
3400 3710 3418 3737 ,
3452 3667 3660 3723 initium
3684 3658 3825 3755 justi—-

2246 3776 2331 3832 tiae
2356 3773 2713 3829 necessarium
2754 3768 2871 3823 luit.
2900 3766 2954 3822 Si
3004 3778 3130 3835 ergo
3168 3762 3394 3816 initium
3440 3757 3619 3815 omnis
3646 3758 3827 3824 peccati

2244 3866 2523 3937 superbia;
2563 3863 2703 3919 unde
2730 3868 3009 3917 sanaretur
3040 3866 3217 3912 tumor
3244 3854 3549 3927 superbize,
3577 3848 3677 3905 nisi
3704 3845 3829 3900 Deus

2244 3960 2489 4029 dignatus
2512 3964 2654 4011 esset
2694 3952 2907 4008 humilis
2955 3948 3110 4005 fieri?
3150 3948 3467 4002 Erubescat
3520 3944 3681 3997 homo
3718 3948 3831 4029 esse

2244 4025 2535 4119 superbus;
2586 4045 2836 4116 quoniam
2880 4041 3049 4096 factus
3092 4048 3176 4094 est
3225 4037 3459 4093 humilis
3507 4036 3666 4088 Deus.
3716 4025 3831 4081 Nam

2245 4116 2455 4212 quando
2479 4139 2673 4194 dicitur
2697 4135 2896 4191 homini
2926 4143 2982 4188 ut
3009 4130 3259 4187 humiliet
3286 4145 3377 4197 se,
3406 4128 3726 4197 dedignatur
3754 4136 3765 4172 :
3790 4124 3836 4169 et

2244 4242 2305 4287 ut
2328 4233 2497 4288 velint
2521 4231 2766 4285 homines
2792 4220 3052 4281 vindicari
3077 4221 3300 4292 quando
3341 4220 3640 4282 Iazduntur,
3669 4223 3836 4279 supcr-

2245 4323 2330 4379 bia
2362 4322 2503 4377 facit.
2532 4320 2666 4376 Cum
2693 4316 2959 4375 humiliari
2987 4313 3357 4384 dedignantur
3387 4313 3411 4343 ⁸
3433 4352 3450 4379 ,
3483 4303 3738 4364 vindicari
3761 4313 3841 4352 voc

2246 4415 2361 4471 lunt
2389 4431 2402 4468 :
2433 4412 2584 4483 quasi
2612 4425 2768 4481 poena
2796 4408 2985 4478 cuique
3011 4404 3277 4477 prodesse
3306 4403 3489 4475 possit
3515 4400 3708 4455 aliena.
3734 4390 3839 4446 La:-

2246 4524 2339 4563 sus
2381 4515 2436 4561 et
2475 4505 2722 4575 injuriam
2772 4515 2997 4571 passus,
3038 4498 3311 4553 vindicari
3354 4497 3478 4550 vult
3531 4491 3646 4545 :de
3688 4484 3843 4575 aliena

2246 4615 2401 4669 pinna
2430 4570 2544 4652 sibi
2568 4595 2759 4665 qumrit
2774 4570 3229 4647 medicamentum
3258 4628 3275 4653 ,
3306 4596 3366 4640 et
3401 4581 3639 4653 acquirit
3661 4570 3844 4669 grande

2248 4663 2599 4744 Iormentum.
2635 4683 2759 4739 Ideo
2789 4681 2839 4735 iu
2884 4677 3131 4734 omnibus
3162 4676 3449 4730 Dominus
3478 4671 3728 4727 Christus
3753 4663 3847 4718 hu-

2248 4780 2441 4836 miliari
2477 4778 2724 4848 dignatus
2745 4780 2831 4829 est
2853 4814 2867 4839 ,
2897 4771 3142 4841 prmbens
3168 4768 3340 4823 nobis
3370 4767 3531 4821 viam
3567 4781 3580 4817 :
3613 4761 3659 4815 si
3686 4767 3846 4812 tamen

2246 4872 2526 4942 dignemur
2548 4865 2818 4922 ambulare
2836 4878 2930 4932 per
2954 4876 3092 4916 eam.

2318 4940 2544 5019 CAPUT
2582 4959 2646 5014 ll.
2669 4988 2739 4997 —
2756 4956 2811 5010 2.
2839 4953 2941 5009 Cur
2964 4951 3189 5009 Christus
3218 4948 3471 5003 esuriens
3498 4962 3604 5001 non
3633 4940 3747 5015 fecit
3765 4952 3849 5008 pa-

2248 5072 2362 5110 nem
2387 5053 2448 5107 de
2493 5051 2678 5121 lapide,
2727 5047 2855 5103 sicut
2900 5046 2952 5098 in
2978 5042 3165 5111 nuptiis
3189 5041 3383 5094 vinum
3415 5039 3485 5093 de
3516 5052 3677 5108 aqua.
3725 5031 3853 5086 Ecce

2248 5149 2385 5203 inter
2409 5154 2597 5200 caetera
2628 5141 2793 5196 Filius
2822 5137 3039 5207 virginis
3056 5134 3200 5189 venit
3225 5132 3303 5188 ad
3338 5131 3570 5201 nuptias
3595 5126 3717 5197 :qui
3743 5135 3852 5177 cum

2249 5238 2391 5312 apud
2420 5238 2631 5295 Patrem
2658 5242 2821 5299 esset,
2853 5229 3078 5286 instituit
3108 5225 3359 5295 nuptias.
3407 5219 3704 5292 Quomodo
3728 5218 3855 5271 facta

2312 5381 2329 5411 ί
2358 5386 2454 5426 Am.
2494 5383 2568 5424 Er.
2604 5382 2654 5424 et
2678 5373 2901 5436 plerique
2934 5379 3061 5436 Mss_.,
3093 5365 3187 5418 nisi
3224 5364 3531 5431 superbiam
3568 5348 3854 5417 ωδεερίδεεε·

2247 5431 3177 5502 ρυὶόθωνηίδίδτέιὶενέηαξευεερνέδεεεε..
3253 5490 3266 5502 .
3317 5490 3330 5502 .
3389 5488 3423 5502 ..

2310 5474 3266 5611 ,ὲᾙῇθέιᾶτῖᾗίᾶξξιῖἶωὶαή
3291 5488 3664 5552 dedignantur.
3682 5484 3732 5525 Et
3754 5474 3861 5514 ηοῐιο

2310 5571 2385 5611 ιιι.
2445 5574 2588 5611 eum
2643 5573 2716 5609 ur.
3602 5602 3616 5611 _
3682 5588 3845 5611 MU.

2248 5566 2385 5621 nulli,
2412 5566 2716 5625 dedignatur.

2312 5626 2329 5642 ‘
2355 5621 2711 5685 lteeognitusgad
2726 5627 2831 5671 tres
2846 5618 2929 5667 bu.
2950 5622 3005 5685 et
3022 5620 3233 5685 quattmr
3259 5612 3331 5663 cl.
3358 5627 3482 5665 etim
3504 5619 3554 5657 a.
3573 5602 3658 5655 ch.
3682 5594 3716 5646 Ῐ.
3739 5588 3794 5641 ει-
3815 5597 3861 5651 8-

2248 5686 2308 5737 ιτ.
2332 5698 2398 5733 m.
2416 5699 2463 5747 p.
2480 5682 2574 5733 rm.
2599 5683 2676 5733 vd.
2696 5688 2751 5747 et_
2774 5690 2869 5747 _Am.
2895 5685 2971 5747 Er.
2994 5684 3096 5747 pay:
3118 5682 3230 5726 Lor.

2309 5748 2382 5812 ta)
2404 5737 2537 5812 A'Iias,
2560 5748 2623 5797 de
2649 5744 2815 5795 verbis
2834 5741 3017 5793 Domini
3037 5737 3114 5790 41.
