4126 6322
403 299 512 357 685

404 423 489 467 est
516 411 684 480 prima
719 408 927 477 mulier,
959 425 1052 482 per
1080 424 1237 481 quam
1268 408 1411 464 venit
1439 414 1739 479 peccatum,
1776 405 1843 461 de
1874 405 1987 458 viro

407 505 525 558 sine
574 502 770 558 femina
800 520 814 556 :
861 504 939 559 sic
964 503 1062 569 vir,
1104 518 1199 573 per
1225 517 1385 572 quem
1414 501 1647 557 deletum
1688 509 1770 555 est
1802 513 1991 569 pecca-

408 605 541 662 tum,
570 594 638 648 de
688 593 883 649 femina
925 594 1043 650 sine
1092 594 1227 649 viro.
1278 593 1381 649 Per
1430 592 1580 647 illum
1634 592 1860 658 ruimus,
1900 605 1994 661 per

408 686 549 741 hunc
577 687 863 756 surgimus.
887 685 955 742 Et
973 685 1098 757 quid
1120 686 1174 741 in
1203 685 1331 756 ipsis
1358 685 1557 755 nuptiis
1583 684 1738 740 fecit?
1759 684 1837 739 De
1856 697 1990 755 aqua

408 780 613 833 vinum.
647 777 786 846 Quid
816 779 1121 849 potentius?
1161 777 1263 845 Qui
1294 787 1501 849 poterat
1534 778 1659 832 talia
1689 776 1885 843 facere,
1911 776 1991 831 di-

405 880 599 941 gnatus
624 879 707 926 est
744 870 1002 940 indigere.
1033 870 1133 939 Qui
1166 869 1288 927 fecit
1314 870 1381 927 de
1406 886 1542 941 aqua
1576 870 1782 937 vinum,
1820 869 1994 941 potuit

408 958 589 1015 facere
624 969 679 1015 et
703 960 770 1016 de
799 960 1063 1029 lapidibus
1091 976 1303 1032 panem.
1337 961 1535 1017 Eadem
1571 962 1808 1032 polentia
1832 971 1947 1015 erat
1975 978 1989 1014 :

408 1050 504 1105 sed
549 1062 678 1107 tunc
729 1050 971 1107 diabolus
1004 1054 1240 1119 tentavit,
1276 1054 1397 1110 ideo
1436 1054 1680 1110 Christus
1706 1069 1813 1110 non
1843 1053 1989 1110 fecit.

408 1142 568 1197 Scitis
594 1144 736 1198 enim
772 1144 893 1215 quia
922 1145 1133 1214 quando
1162 1154 1393 1201 tentatus
1425 1156 1509 1202 est
1553 1147 1806 1201 Dominus
1837 1146 1994 1202 Chri-

410 1241 546 1299 stus,
589 1233 691 1289 hoc
734 1235 783 1289 ei
813 1237 1073 1307 suggessit
1115 1236 1375 1292 diabolus.
1406 1237 1638 1293 Esurivit
1670 1238 1835 1306 enim,
1870 1239 1991 1309 quia

408 1332 466 1379 et
489 1324 590 1380 hoc
609 1325 855 1397 dignatus
877 1337 979 1396 est,
1012 1330 1133 1399 quia
1158 1338 1212 1385 et
1238 1330 1338 1386 hoc
1364 1330 1432 1386 ad
1458 1331 1811 1386 humilitatem
1829 1333 1991 1403 perti-

410 1418 543 1473 nuit.
574 1419 805 1476 Esurivit
833 1422 1005 1492 panis,
1034 1424 1173 1480 sicut
1197 1423 1393 1480 defecit
1418 1424 1520 1491 via,
1551 1426 1689 1481 sicut
1720 1426 1993 1482 vulnerata

408 1519 492 1566 est
520 1514 738 1582 sanitas,
765 1517 901 1572 sicut
927 1528 1133 1574 mortua
1159 1528 1240 1574 est
1271 1521 1398 1575 vita.
1425 1520 1561 1576 Cum
1591 1535 1718 1590 ergo
1743 1520 1990 1586 esuriret,

410 1614 469 1659 ut
495 1607 683 1675 nostis,
717 1608 791 1663 ait
823 1609 900 1664 illi
927 1618 1157 1667 tentator
1185 1630 1198 1666 :
1230 1612 1292 1669 Si
1322 1612 1489 1668 Filius
1525 1613 1618 1668 Dei
1643 1630 1715 1681 es,
1748 1614 1829 1668 dic
1858 1614 1993 1684 lapi-

410 1695 558 1750 dibus
592 1698 703 1753 istis
730 1708 787 1753 ut
818 1718 973 1771 panes
1010 1704 1155 1772 ﬁant.
1189 1705 1255 1759 Et
1298 1706 1572 1777 respondit
1592 1706 1860 1772 tentatori,
1894 1707 1994 1762 do-

408 1802 540 1843 cens
598 1794 647 1846 te
674 1793 998 1861 respondere
1050 1797 1323 1852 tentatori.
1362 1798 1443 1853 Ad
1480 1797 1584 1853 hoc
1629 1799 1771 1853 enim
1801 1808 1997 1870 pugnat

410 1893 722 1953 imperator,
749 1894 809 1941 ut
829 1887 1023 1942 milites
1051 1888 1278 1945 discant.
1307 1888 1445 1957 Quid
1471 1891 1778 1960 respondit?
1799 1890 1920 1946 Non
1940 1893 1995 1947 in

410 1975 520 2028 solo
543 1992 673 2044 pane
690 1978 807 2031 vivit
828 1978 998 2046 homo,
1026 1981 1114 2034 sed
1138 1982 1191 2035 in
1218 1983 1357 2037 omni
1382 1984 1527 2038 verbo
1550 1982 1665 2038 Dei.
1694 1984 1763 2038 Et
1787 1999 1893 2039 non
1921 1984 1995 2040 fe-

408 2064 485 2118 cit
528 2064 595 2119 de
625 2066 890 2135 lapidibus
917 2084 1100 2138 panes,
1130 2072 1217 2141 qui
1246 2073 1429 2144 utique
1472 2075 1550 2129 sic
1580 2076 1749 2145 potuit
1792 2075 1987 2142 facere,

411 2155 551 2210 sicut
579 2156 647 2212 de
672 2173 805 2228 aqua
848 2162 1050 2216 vinum.
1074 2163 1325 2233 Ejusdem
1357 2165 1498 2220 enim
1528 2167 1780 2237 potentiae
1807 2177 1889 2223 est
1916 2168 1993 2222 fa-

408 2258 535 2299 cere
562 2246 629 2302 de
667 2249 841 2318 lapide
868 2265 1056 2320 panem
1088 2270 1099 2306 :
1131 2253 1224 2309 sed
1266 2270 1371 2309 non
1402 2254 1547 2323 fecit,
1583 2266 1637 2311 ut
1666 2258 1992 2313 voluntatem

408 2346 778 2394 contemneret
809 2344 1102 2397 teutatoris.
1140 2346 1309 2401 Aliter
1329 2348 1472 2403 enim
1503 2357 1733 2404 tentator
1753 2366 1859 2405 non
1880 2351 1995 2406 vin-

410 2428 572 2493 citur,
604 2431 710 2486 nisi
760 2443 1149 2491 contemuatur.
1196 2437 1266 2493 Et
1310 2453 1432 2494 cum
1464 2440 1678 2495 vicisset
1727 2440 1994 2497 diabolum

413 2530 756 2594 tentatorem,
810 2538 1071 2584 venerunt
1118 2532 1302 2601 Angeli
1332 2573 1347 2599 ,
1409 2542 1462 2587 et
1528 2534 1897 2590 ministrabant
1945 2537 1994 2592 ei

414 2612 627 2684 (Matth.
659 2632 736 2683 iv,
786 2617 841 2682 2,
868 2620 923 2684 5,
975 2621 1029 2685 4,
1065 2622 1176 2693 10).
1225 2622 1325 2691 Qui
1372 2638 1501 2695 ergo
1533 2634 1735 2680 tantum
1764 2635 1991 2697 poterat,

408 2719 575 2773 quare
605 2706 731 2762 illud
753 2724 857 2764 non
886 2709 1029 2775 fecit,
1058 2722 1112 2766 et
1140 2713 1241 2768 hoc
1268 2714 1427 2770 fecit?
1454 2716 1620 2787 Lege,
1650 2718 1759 2771 imo
1787 2718 1989 2786 recole,

407 2798 552 2866 quod
579 2801 738 2857 modo
761 2803 977 2871 audisti,
1006 2806 1220 2876 quando
1247 2807 1369 2863 fecit
1397 2808 1519 2873 hoc,
1554 2809 1607 2863 id
1634 2819 1734 2873 est,
1764 2810 1830 2865 de
1858 2825 1992 2880 aqua

406 2889 592 2946 vinum
629 2909 643 2945 :
674 2894 798 2963 quid
847 2895 1051 2952 addidit
1095 2898 1472 2970 Evangelista?
1500 2899 1567 2953 Et
1591 2901 1910 2955 crediderunt
1940 2902 1992 2956 in

407 2997 525 3035 eum
554 2982 789 3055 discipuli
812 2987 943 3057 ejus.
975 2986 1238 3060 Numquid
1266 2998 1391 3045 tunc
1416 2989 1658 3045 diabolus
1679 2990 1849 3046 fuerat
1869 3007 1990 3047 cre-

406 3070 647 3128 diturus?

479 3166 708 3225 CAPUT
745 3168 832 3225 Ill.
862 3202 933 3212 ——
957 3174 1008 3229 5.
1048 3174 1141 3228 Via
1169 3174 1238 3228 ad
1263 3175 1480 3244 patriam
1513 3174 1737 3231 Christus
1763 3176 1988 3231 humilis.

407 3255 511 3325 Qui
535 3272 661 3329 ergo
709 3268 853 3315 tanta
883 3264 1075 3332 potuit,
1124 3266 1365 3332 esurivit,
1397 3266 1579 3331 sitivit,
1610 3266 1856 3337 fatigatus
1885 3276 1987 3333 est,

405 3347 677 3419 dormivit,
729 3354 1148 3424 comprehensus
1197 3364 1300 3424 est,
1349 3373 1521 3412 caesus
1572 3367 1674 3422 est,
1706 3357 1991 3413 crucifixus

406 3450 513 3510 est,
543 3443 750 3500 occisus
769 3455 870 3501 est.
903 3446 1004 3503 Ista
1029 3456 1113 3505 est
1135 3450 1218 3504 via
1242 3450 1485 3505 :ambula
1508 3466 1600 3520 per
1616 3452 1987 3517 humilitatem,

406 3538 469 3585 ut
490 3533 670 3589 venias
716 3535 784 3591 ad
830 3539 1205 3595 mternitatem.
1241 3540 1379 3595 Deus
1416 3540 1663 3596 Christus
1703 3542 1871 3611 patria
1910 3551 1994 3596 est

406 3636 516 3691 quo
540 3623 676 3680 imus
706 3644 719 3680 :
749 3626 910 3682 homo
937 3629 1180 3685 Christus
1208 3631 1290 3685 via
1315 3639 1398 3686 est
1423 3646 1523 3701 qua
1555 3632 1713 3687 imus.
1736 3632 1817 3686 Ad
1841 3632 1990 3686 illum

408 3711 569 3781 imus,
600 3729 695 3785 per
722 3717 869 3772 illum
917 3719 1055 3773 imus
1087 3737 1101 3772 :
1133 3720 1260 3791 quid
1309 3721 1556 3776 timemus
1600 3738 1667 3778 ne
1716 3724 1993 3779 erremus?

403 3800 525 3857 Non
553 3807 777 3861 recessit
802 3822 831 3861 a
862 3807 1039 3877 Patre,
1064 3819 1119 3865 et
1144 3812 1288 3865 venit
1314 3812 1379 3866 ad
1408 3828 1524 3867 nos.
1552 3813 1720 3868 Ubera
1745 3816 1989 3885 sugebat,

402 3902 459 3949 et
484 3896 745 3951 mundum
770 3899 1093 3955 continebat.
1112 3900 1169 3956 In
1193 3905 1416 3973 praesepi
1433 3904 1663 3974 jaeebat,
1686 3916 1739 3961 et
1759 3907 1991 3977 Angelos

404 3986 681 4055 pascebat.
714 3989 857 4045 Deus
884 4000 938 4047 et
964 3992 1144 4063 homo,
1184 3995 1323 4051 idem
1351 3998 1489 4054 Deus
1515 3999 1605 4069 qui
1636 3998 1816 4063 homo,
1848 4000 1990 4055 idem

403 4074 569 4133 homo
614 4080 701 4149 qui
759 4081 920 4138 Deus.
956 4084 1062 4141 Sed
1114 4102 1219 4142 non
1266 4088 1405 4145 unde
1444 4089 1626 4158 homo,
1668 4091 1791 4147 inde
1824 4093 1989 4148 Deus.

403 4168 571 4239 Deus,
602 4172 726 4242 quia
767 4173 999 4230 Verbum
1047 4178 1273 4246 :homo,
1326 4181 1447 4250 quia
1477 4181 1710 4237 Verbum
1750 4198 1875 4240 caro
1916 4184 1991 4239 fa-

401 4269 550 4315 ctum
580 4270 692 4330 est;
719 4272 773 4320 et
810 4265 950 4321 Deus
984 4269 1269 4336 manendo,
1309 4281 1363 4327 et
1392 4272 1623 4329 hominis
1657 4289 1875 4331 carnem
1906 4291 1992 4331 as-

403 4353 697 4421 sumendo;
739 4356 983 4413 addendo
1036 4361 1178 4431 quod
1225 4378 1331 4418 non
1380 4376 1515 4431 erat,
1566 4381 1671 4420 non
1718 4367 1989 4437 perdeudo

402 4442 547 4512 quod
576 4455 710 4501 erat.
753 4447 895 4519 Ergo
920 4458 974 4506 et
1010 4451 1170 4507 modo
1201 4452 1311 4523 jam
1344 4470 1532 4524 passus
1559 4472 1655 4526 per
1691 4458 1857 4527 ipsam
1886 4459 1988 4513 hu—

403 4533 710 4604 militatem,
722 4539 831 4605 jam
858 4551 1123 4609 mortuus,
1138 4543 1247 4612 jam
1265 4545 1527 4615 sepultus,
1540 4546 1649 4616 jam
1674 4551 1986 4617 resurrexit,

401 4625 514 4696 jam
545 4629 785 4684 ascendit
812 4631 867 4685 in
895 4634 1112 4700 caelum,
1140 4635 1211 4689 ibi
1244 4645 1333 4691 cst
1372 4645 1427 4691 et
1449 4638 1602 4693 sedet
1623 4639 1690 4694 ad
1715 4639 1988 4695 dexteram

406 4717 580 4776 Patris
613 4739 625 4775 :
656 4731 712 4777 et
739 4722 826 4779 hic
867 4734 952 4780 est
988 4741 1150 4797 egens
1198 4728 1252 4781 in
1292 4730 1613 4799 pauperibus
1636 4734 1767 4787 suis.
1812 4732 1991 4788 Etiam

408 4812 665 4872 hesterno
710 4817 799 4875 die
824 4819 927 4877 hoc
970 4824 1338 4880 commendavi
1382 4823 1654 4902 Charitati.
1681 4827 1990 4896 vestrae(ln

405 4908 665 4975 superiore
703 4914 972 4983 sermone),
1002 4922 1220 4984 propter
1263 4915 1390 4971 illud
1431 4916 1578 4987 quod
1620 4917 1753 4972 dixit
1792 4918 1990 4973 Natba-

406 4997 549 5054 meli
581 5016 596 5055 :
627 4999 804 5072 Majas
854 5003 933 5056 his
978 5005 1185 5059 videbis.
1239 5004 1368 5061 Dico
1404 5009 1535 5062 enim
1580 5007 1734 5074 vobis,
1764 5007 1989 5063 videbitis

405 5087 590 5141 emtum
637 5100 886 5159 apertum,
918 5102 963 5148 et
987 5096 1207 5164 Angelos
1250 5094 1344 5150 Dei
1369 5098 1689 5154 ascendentes
1713 5108 1759 5152 et
1785 5100 1990 5153 descen-

408 5177 584 5234 dentes
608 5182 678 5235 ad
707 5181 900 5237 Filium
926 5186 1141 5240 hominis
1181 5186 1358 5258 (Joan.
1387 5204 1426 5255 ι,
1454 5190 1543 5258 50,
1576 5188 1688 5263 5i).
1733 5188 2003 5258 Quaesivi?

408 5286 533 5326 mus
558 5272 687 5342 quid
716 5285 877 5345 esset,
910 5286 963 5333 et
1012 5278 1103 5334 diu
1153 5279 1313 5335 locuti
1344 5295 1529 5337 sumus
1576 5299 1590 5335 :
1633 5282 1887 5353 numquid
1933 5291 1987 5336 et

410 5358 572 5418 hodie
589 5364 775 5420 eadem
796 5367 1054 5436 replicare
1072 5368 1328 5426 debemus
1344 5370 1482 5438 ?Qui
1507 5371 1789 5428 adfuerunt
1808 5387 1989 5428 recor-

409 5447 605 5509 dentur
626 5472 641 5509 :
666 5456 895 5516 breviter
920 5470 1095 5517 tamen
1122 5477 1505 5521 commemoro.

479 5540 706 5604 CAPUT
743 5549 918 5607 lV.—
944 5554 999 5609 4.
1029 5552 1258 5611 Christus
1309 5565 1357 5611 et
1392 5572 1594 5612 sursum
1636 5564 1682 5612 et
1733 5557 1984 5613 deorsum.

409 5631 642 5693 Christus
662 5650 706 5694 et
729 5642 865 5699 dives
881 5654 926 5700 et
947 5664 1155 5719 pauper.
1173 5648 1287 5703 Non
1305 5649 1525 5717 diceret,
1560 5648 1895 5705 Ascendentes
1922 5651 1990 5705 ad

420 5721 610 5782 Filium
638 5735 873 5803 hominis,
922 5739 1021 5792 nisi
1048 5755 1255 5795 sursum
1285 5749 1428 5799 esset
1457 5759 1469 5795 :
1508 5756 1613 5797 non
1642 5740 1859 5811 diceret,
1895 5744 1987 5798 de-

1789 287 2016 344 S'EllMO
2053 286 2285 343 CXXIV.

3567 312 3669 371 686

2098 404 2384 459 uendentes
2410 406 2476 459 ad
2519 406 2710 462 Filium
2736 411 2970 480 hominis,
3012 414 3111 471 nisi
3142 425 3194 471 et
3219 418 3468 477 deorsum
3510 436 3674 482 esset.

2099 495 2216 563 Ipse
2239 511 2471 565 sursum,
2515 501 2628 570 ipse
2655 502 2904 560 deorsum
2937 525 2950 562 :
2983 522 3192 565 sursum
3224 512 3277 567 in
3304 528 3382 582 se,
3425 515 3674 574 deorsum

2098 586 2153 640 in
2177 588 2324 655 suis;
2362 605 2571 647 sursum
2619 595 2757 664 apud
2812 597 3041 666 Patrem,
3089 602 3339 661 deorsum
3395 608 3447 663 in
3498 611 3674 666 nobis.

2100 678 2249 736 Unde
2282 691 2337 737 et
2361 698 2465 739 vox
2513 685 2601 740 illa
2644 688 2710 743 ad
2737 688 2976 761 Saulum,
3011 694 3188 765 Saule,
3223 697 3401 767 Saule,
3446 704 3565 771 quia
3599 719 3671 760 me

2097 775 2405 845 persequeris
2447 776 2580 847 (Act.
2616 794 2687 846 Ix,
2718 782 2798 852 4).
2839 782 2953 839 Νοη
3006 785 3229 854 diceret,
3263 788 3438 855 Saule,
3490 793 3663 863 Saule,

2098 863 2199 919 nisi
2228 866 2350 936 quia
2376 882 2585 923 sursum
2616 880 2749 926 erat.
2777 873 2997 930 Sursum
3038 892 3159 933 eum
3189 878 3380 936 Saulus
3421 898 3526 939 non
3552 901 3669 954 per-

2096 957 2417 1027 sequebatur
2463 978 2476 1014 :
2511 977 2614 1016 non
2649 964 2870 1033 diceret,
2909 968 3044 1033 Quid
3089 988 3168 1027 me
3206 980 3557 1045 persequeris?
3584 982 3674 1051 qui

2096 1060 2309 1104 sursum
2340 1062 2477 1118 erat,
2506 1054 2605 1109 nisi
2632 1066 2776 1112 esset
2801 1068 2855 1135 et
2878 1060 3150 1119 deorsum.
3181 1066 3384 1125 Timete
3406 1071 3675 1129 Christum

2096 1154 2330 1209 sursum,
2372 1148 2640 1216 agnoscite
2668 1149 2938 1208 deorsum.
2980 1156 3127 1213 Habe
3169 1158 3437 1218 Christum
3467 1181 3674 1222 sursum

2096 1229 2431 1302 largientem,
2459 1237 2547 1293 hic
2568 1254 2796 1311 agnosce
2832 1243 3177 1316 indigentem.
3209 1250 3305 1307 Hic
3342 1270 3543 1327 pauper
3569 1269 3671 1321 est,

2098 1324 2170 1380 ibi
2195 1325 2345 1382 dives
2373 1338 2473 1384 est.
2501 1331 2651 1399 Quod
2679 1332 2765 1389 hic
2790 1350 2994 1406 pauper
3017 1347 3098 1394 est
3116 1340 3377 1411 Christus,
3408 1324 3501 1417 pro
3524 1352 3675 1406 nobis

2097 1415 2211 1486 ipse
2242 1419 2470 1488 loquitur
2499 1438 2511 1474 :
2540 1422 2761 1493 Esurivi,
2791 1427 2943 1494 sitivi,
2972 1430 3138 1486 nudus
3162 1434 3257 1504 fui,
3291 1415 3470 1508 hospes
3496 1442 3589 1510 fui,
3616 1442 3672 1495 in

2096 1524 2298 1565 carcere
2344 1513 2439 1581 fui.
2488 1513 2555 1568 Et
2596 1514 2909 1586 quibusdam
2954 1520 3105 1588 dixit,
3157 1524 3482 1584 Ministrastis
3512 1533 3679 1587 mihi:

2099 1602 2415 1670 quibusdam
2452 1604 2604 1672 dixit,
2638 1606 2760 1663 Non
2788 1611 2911 1665 mihi
2958 1614 3277 1672 tninistrastis
3303 1619 3514 1688 (Matth.
3542 1641 3675 1692 xxv,

2097 1691 2311 1764 55-45).
2337 1694 2475 1751 Ecce
2496 1698 2834 1766 probavimus
2859 1701 3127 1760 Christum
3156 1722 3440 1781 pauperem
3477 1732 3491 1768 :
3522 1691 3680 1772 Chri-

2098 1794 2238 1839 stum
2278 1786 2497 1842 divitem
2526 1791 2642 1859 quis
2692 1794 2894 1848 nescit?
2921 1796 2987 1849 Et
3040 1797 3126 1852 hic
3174 1800 3240 1854 ad
3280 1803 3419 1873 ipsas
3469 1806 3679 1865 divitias

2099 1879 2418 1947 pertinebat,
2438 1890 2493 1935 ut
2531 1897 2723 1953 aquam
2752 1886 2802 1939 in
2844 1887 3020 1944 vinum
3054 1902 3306 1949 verteret.
3335 1896 3389 1952 Si
3425 1898 3572 1955 dives
3597 1914 3682 1957 est

2099 1969 2186 2035 qui
2218 1968 2382 2025 habet
2411 1971 2611 2040 vinum,
2663 1977 2834 2045 qualis
2862 1978 3010 2035 dives
3044 1992 3125 2038 est
3158 1985 3247 2055 qui
3289 1985 3414 2043 facit
3462 1990 3679 2047 vinum?

2100 2059 2240 2131 Ergo
2272 2061 2422 2118 dives
2450 2072 2504 2119 et
2525 2080 2723 2136 pauper
2741 2067 2983 2128 Christus
3016 2091 3029 2127 :
3065 2083 3309 2147 tanquam
3340 2079 3481 2137 Deus
3506 2082 3677 2151 dives,

2099 2158 2347 2222 tanquam
2372 2154 2531 2211 homo
2558 2172 2777 2228 pauper.
2796 2160 2910 2216 Jam
2931 2173 2985 2218 et
3005 2164 3119 2235 ipse
3136 2166 3297 2224 homo
3320 2169 3470 2226 dives
3489 2188 3680 2231 ascen-

2098 2244 2175 2298 dit
2213 2244 2263 2299 in
2296 2248 2510 2312 cmlum,
2540 2250 2690 2305 sedet
2709 2252 2773 2308 ad
2802 2254 3042 2311 dextram
3063 2258 3235 2317 Patris
3265 2280 3278 2316 :
3304 2262 3477 2321 adhuc
3501 2275 3678 2326 tamen

2100 2336 2188 2393 hic
2237 2354 2439 2410 pauper
2480 2344 2665 2409 esurit,
2704 2346 2835 2413 sitit,
2883 2348 3055 2406 nudus
3080 2361 3181 2408 est.
3240 2396 3246 2405 .

2171 2428 2397 2487 CAPUT
2437 2433 2501 2487 V.
2526 2465 2596 2475 —
2625 2436 2678 2491 5.
2723 2437 2897 2494 Omnis
2934 2442 3082 2498 homo
3112 2462 3305 2517 pauper
3329 2458 3378 2503 et
3418 2453 3676 2510 mendicus

2099 2519 2216 2577 Dei.
2241 2523 2318 2576 Tu
2353 2524 2477 2592 quid
2504 2526 2599 2580 es?
2647 2528 2822 2597 Dives,
2852 2545 2917 2585 an
2944 2537 3177 2604 pauper?
3229 2538 3377 2594 Multi
3426 2542 3556 2597 mihi
3594 2544 3679 2600 di-

2098 2621 2244 2680 cunt,
2278 2613 2485 2685 Pauper
2504 2631 2621 2673 sum
2658 2636 2670 2673 ε
2697 2628 2749 2675 et
2776 2637 2957 2677 verum
2980 2624 3182 2681 dicunt.
3205 2630 3451 2700 Agnosco
3478 2649 3678 2706 paupe-

2100 2718 2211 2757 rem
2241 2704 2436 2775 aliquid
2488 2706 2794 2777 habentem,
2837 2728 3070 2784 agnosco
3112 2728 3167 2773 et
3188 2719 3538 2790 indigentem.
3571 2704 3680 2783 Sed

2099 2794 2259 2851 habet
2286 2798 2499 2867 quidam
2521 2802 2746 2857 multum
2773 2806 2888 2859 auri
2927 2815 2983 2862 et
3021 2811 3245 2879 argenti.
3283 2810 3329 2868 0
3363 2815 3407 2868 si
3429 2829 3680 2886 agnoscat

2097 2900 2157 2940 se
2201 2891 2518 2957 pauperem!
2558 2892 2815 2963 Agnoscit
2864 2910 2922 2951 se
2966 2912 3250 2968 pauperem
3277 2943 3291 2971 ,
3352 2903 3396 2958 si
3439 2909 3680 2976 agnoscit

2093 2977 2242 3047 juxta
2285 2995 2344 3036 se
2374 2996 2680 3054 pauperem.
2712 2985 2851 3053 Quid
2879 2989 3060 3044 enim?
3084 2991 3432 3058 Quantumvis
3477 2998 3677 3058 habeas

2098 3070 2418 3141 quicumque
2456 3073 2604 3129 dives
2642 3090 2721 3141 es,
2765 3076 2856 3133 Dei
2902 3081 3177 3139 mendicus
3229 3100 3307 3141 es.
3340 3088 3562 3146 Venitur
3607 3093 3677 3149 ad

2098 3159 2284 3216 horam
2310 3164 2585 3233 orationis,
2604 3173 2655 3221 et
2679 3167 2749 3223 ibi
2777 3175 2829 3223 te
2860 3170 3050 3239 probo.
3076 3173 3237 3231 Petis.
3262 3176 3542 3245 Quomodo
3572 3199 3679 3240 non

2100 3264 2301 3321 pauper
2332 3267 2411 3320 es,
2442 3254 2531 3325 qui
2557 3256 2731 3325 petis?
2772 3258 2898 3315 Plus
2940 3261 3101 3333 addo,
3159 3265 3358 3323 Panem
3407 3272 3563 3340 petis.
3596 3274 3680 3330 An

2098 3356 2207 3395 non
2235 3356 2294 3397 es
2332 3343 2589 3414 dicturus,
2628 3346 2823 3404 Panem
2850 3363 3076 3409 nostrum
3097 3359 3446 3427 quotidianum
3482 3364 3549 3417 da
3588 3382 3683 3421 no-

2097 3436 2171 3491 bis
2193 3436 2405 3509 (Matth.
2454 3454 2527 3506 VI,
2576 3440 2701 3513 ll)?
2751 3444 2852 3511 Qui
2896 3461 3086 3516 panem
3131 3453 3493 3521 quotidianum
3518 3460 3676 3528 petis,

2098 3542 2302 3597 pauper
2342 3544 2421 3595 es,
2477 3545 2544 3584 an
2568 3531 2753 3587 dives?
2780 3535 2847 3588 Et
2892 3544 3065 3593 tamen
3093 3540 3336 3598 Christus
3365 3546 3493 3601 dicit
3536 3548 3627 3605 tibi
3662 3568 3677 3604 :

2098 3620 2175 3674 Da
2209 3621 2338 3674 mihi
2380 3637 2445 3676 ex
2474 3637 2540 3679 eo
2567 3624 2706 3693 quod
2734 3626 2855 3681 dedi
2903 3629 3015 3685 tibi.
3062 3630 3199 3697 Quid
3242 3637 3382 3691 enim
3428 3641 3673 3709 attulisti,

2098 3712 2309 3781 quando
2349 3712 2452 3767 huc
2481 3716 2717 3770 venisti?
2746 3718 2932 3775 Omnia
2962 3738 3079 3791 qua:
3108 3728 3303 3795 creavi,
3354 3740 3565 3786 creatus
3592 3733 3679 3789 hic

2099 3801 2344 3858 invenisti
2366 3822 2377 3857 :
2399 3804 2530 3859 nihil
2547 3808 2787 3875 attulisti,
2810 3810 3080 3869 nihilhinc
3100 3816 3269 3872 tolles.
3301 3819 3375 3873 De
3394 3836 3516 3877 meo
3546 3825 3675 3880 mihi

2098 3908 2261 3963 quare
2287 3909 2393 3949 non
2425 3894 2626 3951 donas?
2647 3897 2780 3965 Quia
2809 3910 2862 3956 tu
2886 3903 3072 3972 plenus
3098 3920 3177 3973 es,
3198 3916 3250 3962 et
3280 3923 3479 3981 pauper
3504 3913 3677 3971 inanis

2094 3994 2198 4040 cst.
2245 3986 2539 4045 Primordia
2582 3999 2757 4047 vestra
2805 3998 3122 4055 attendite:
3167 4002 3326 4058 ambo
3382 4006 3508 4061 nudi
3562 4012 3671 4065 nati

2096 4078 2244 4134 estis.
2273 4079 2337 4135 Et
2365 4089 2419 4135 tu
2449 4097 2575 4153 ergo
2597 4085 2768 4141 nudus
2799 4095 2953 4143 natus
2978 4104 3056 4144 es.
3080 4090 3240 4148 Multa
3272 4093 3358 4150 hic
3383 4096 3630 4156 invenisti
3655 4120 3669 4157 :

2097 4173 2354 4243 numquid
2384 4182 2559 4229 tecum
2585 4176 2781 4248 aliquid
2804 4180 3060 4235 attulisti?
3085 4183 3158 4238 De
3180 4200 3300 4239 meo
3329 4204 3547 4257 quaero:
3579 4192 3671 4261 da,

2096 4274 2147 4317 et
2175 4264 2357 4321 reddo.
2386 4266 2622 4322 llabuisti
2652 4284 2737 4324 me
2763 4271 3088 4341 largitorem,
3120 4274 3199 4329 fac
3222 4276 3329 4332 cito
3350 4279 3667 4339 debitorem.

2098 4353 2287 4408 Parum
2309 4365 2391 4410 est
2415 4358 2558 4426 quod
2579 4358 2708 4424 dixi,
2739 4360 2975 4416 llabuisti
2997 4378 3081 4419 me
3111 4362 3436 4436 largitorem,
3465 4373 3548 4429 lac
3581 4390 3670 4432 me

2095 4445 2388 4502 debitorem
2417 4464 2430 4499 :
2464 4448 2686 4504 habeam
2713 4458 2762 4505 te
2790 4450 3162 4509 feneratorem.
3196 4456 3369 4513 Pauca
3395 4461 3524 4515 mihi
3550 4463 3666 4531 das,

2097 4537 2247 4607 plura
2275 4537 2514 4594 reddam.
2543 4540 2774 4597 Terrena
2822 4544 2951 4598 mihi
2992 4544 3109 4612 das,
3148 4548 3383 4604 cmlestia
3424 4553 3665 4610 reddam.

2096 4628 2430 4698 Temporalia
2456 4632 2583 4687 mihi
2605 4633 2719 4701 das,
2742 4643 2941 4690 aeterna
2962 4624 3257 4695 restituam.
3276 4641 3353 4699 Te
3378 4644 3551 4714 ipsum
3574 4646 3667 4704 tibi

2098 4718 2335 4787 reddam,
2371 4722 2583 4792 quando
2613 4730 2666 4779 te
2691 4723 2822 4779 mihi
2848 4725 3149 4784 reddidero.

2553 4833 2786 4891 δεηΜο
2829 4835 3043 4893 cxxw
3066 4842 3084 4862 ο
3112 4838 3211 4911 (a).

2097 4943 2176 4999 De
2195 4947 2354 5000 verbis
2389 4946 2644 5017 Evangelii
2689 4948 2924 5014 Joannis,
2956 4951 3049 5004 Est
3090 4962 3266 5008 autem
3316 4954 3664 5029 Jerosolymis

2306 5038 2580 5093 Probatica
2609 5040 2829 5108 piscina,
2859 5050 2954 5093 etc.
2978 5039 3102 5110 Cap.
3137 5058 3187 5106 v,
3228 5043 3262 5113 Ῡ
3287 5084 3300 5097 .
3332 5043 3454 5100 2-4.

2164 5150 2388 5207 CAPUT
2426 5150 2710 5207 PRIMUM.
2740 5183 2812 5193 —
2861 5153 2915 5207 1.
2946 5151 3155 5223 Αἲρνοιὶ
3181 5157 3249 5209 ad
3291 5157 3535 5225 piscinam
3582 5177 3667 5215 sa-

2096 5243 2233 5298 natio
2272 5234 2369 5313 fuit
2413 5244 2696 5316 ﬁgurativa.
2743 5244 3123 5299 Recentissima
3162 5248 3178 5278 ¹
3219 5247 3271 5302 in
3306 5250 3522 5306 auribus
3562 5268 3663 5308 no-

2095 5335 2221 5389 stris
2249 5335 2427 5389 sonuit
2470 5335 2772 5405 evangelica
2812 5334 2984 5397 lectio,
3024 5343 3079 5390 et
3124 5336 3190 5391 ad
3234 5342 3661 5409 cognoscendum

2094 5426 2219 5497 quid
2254 5426 2354 5482 sibi
2380 5426 2575 5482 vellent
2599 5442 2715 5496 qua:
2760 5426 2892 5480 lecta
2932 5434 3076 5494 sunt,
3120 5426 3243 5484 fecit
3271 5438 3519 5488 attentos.
3551 5433 3663 5491 Hoc

2159 5567 2176 5638 ξ
2200 5575 2526 5638 emeatuss,
2554 5562 2964 5638 neverautssinm.
2992 5632 3024 5638 _
3038 5626 3054 5638 _
3071 5626 3086 5638 ‘
3132 5626 3145 5638 θ

2157 5630 2177 5649 ‘
2202 5629 2484 5696 accensitus
2504 5627 2576 5696 ad
2599 5638 2771 5676 omnes
2794 5635 2897 5676 Mss.
2919 5633 2970 5677 et
2992 5626 3105 5680 md.
3129 5626 3184 5678 in
3216 5638 3448 5682 sermone
3485 5640 3673 5696 peco-

2092 5691 2230 5743 denti
2252 5689 2394 5753 modo
2413 5689 2705 5753 designatos.

2158 5754 2231 5815 (a)
2254 5752 2394 5812 Alias,
2417 5752 2480 5803 de
2505 5747 2673 5801 Verbis
2694 5748 2872 5800 Domini
2900 5747 2974 5800 i2.
