  <div class='ocr_page' id='page_1' title='image "/cluster/home/n/w/nwhite01/storage/ocr_20150623/38/hvd.32044015706294/349.png"; bbox 0 0 4126 6322; ppageno 0'>
   <div class='ocr_carea' id='block_1_1' title="bbox 492 252 613 306">
    <p class='ocr_par' dir='ltr' id='par_1_1' title="bbox 492 252 613 306">
     <span class='ocr_line' id='line_1_1' title="bbox 492 252 613 306; baseline -0.017 1"><span class='ocrx_word' id='word_1_1' title='bbox 492 252 613 306; x_wconf 69' lang='grc'><strong>⁴687</strong></span> 
     </span>
    </p>
   </div>
   <div class='ocr_carea' id='block_1_2' title="bbox 506 359 2077 435">
    <p class='ocr_par' dir='ltr' id='par_1_2' title="bbox 506 359 2077 435">
     <span class='ocr_line' id='line_1_2' title="bbox 506 359 2077 435; baseline -0.006 -12"><span class='ocrx_word' id='word_1_2' title='bbox 506 365 578 423; x_wconf 89' lang='lat' dir='ltr'><strong>de</strong></span> <span class='ocrx_word' id='word_1_3' title='bbox 602 378 687 421; x_wconf 89' lang='lat' dir='ltr'><strong>me</strong></span> <span class='ocrx_word' id='word_1_4' title='bbox 712 361 1007 433; x_wconf 81' lang='lat' dir='ltr'><strong>exspectari</strong></span> <span class='ocrx_word' id='word_1_5' title='bbox 1033 360 1291 435; x_wconf 79' lang='lat' dir='ltr'><strong>arbitror,</strong></span> <span class='ocrx_word' id='word_1_6' title='bbox 1324 359 1424 414; x_wconf 83' lang='lat' dir='ltr'><strong>huc</strong></span> <span class='ocrx_word' id='word_1_7' title='bbox 1460 374 1546 415; x_wconf 89' lang='lat' dir='ltr'><strong>mc</strong></span> <span class='ocrx_word' id='word_1_8' title='bbox 1569 375 1663 429; x_wconf 86' lang='lat' dir='ltr'><strong>pro</strong></span> <span class='ocrx_word' id='word_1_9' title='bbox 1693 360 1889 415; x_wconf 76' lang='lat' dir='ltr'><strong>viribus</strong></span> <span class='ocrx_word' id='word_1_10' title='bbox 1913 373 2077 429; x_wconf 76' lang='lat' dir='ltr'><strong>expo-</strong></span> 
     </span>
    </p>
   </div>
   <div class='ocr_carea' id='block_1_3' title="bbox 508 450 2079 524">
    <p class='ocr_par' dir='ltr' id='par_1_3' title="bbox 508 450 2079 524">
     <span class='ocr_line' id='line_1_3' title="bbox 508 450 2079 524; baseline -0.006 -10"><span class='ocrx_word' id='word_1_11' title='bbox 508 459 756 524; x_wconf 75' lang='lat' dir='ltr'><strong>siturum,</strong></span> <span class='ocrx_word' id='word_1_12' title='bbox 787 454 1012 510; x_wconf 89' lang='lat' dir='ltr'><strong>Domino</strong></span> <span class='ocrx_word' id='word_1_13' title='bbox 1034 453 1342 523; x_wconf 87' lang='lat' dir='ltr'><strong>adjuvante,</strong></span> <span class='ocrx_word' id='word_1_14' title='bbox 1376 451 1650 523; x_wconf 87' lang='lat' dir='ltr'><strong>polliceor.</strong></span> <span class='ocrx_word' id='word_1_15' title='bbox 1682 452 1873 507; x_wconf 84' lang='lat' dir='ltr'><strong>Procul</strong></span> <span class='ocrx_word' id='word_1_16' title='bbox 1916 450 2079 506; x_wconf 87' lang='lat' dir='ltr'><strong>dubio</strong></span> 
     </span>
    </p>
   </div>
   <div class='ocr_carea' id='block_1_4' title="bbox 506 543 2075 614">
    <p class='ocr_par' dir='ltr' id='par_1_4' title="bbox 506 543 2075 614">
     <span class='ocr_line' id='line_1_4' title="bbox 506 543 2075 614; baseline -0.005 -8"><span class='ocrx_word' id='word_1_17' title='bbox 506 553 654 606; x_wconf 78' lang='lat' dir='ltr'><strong>enim</strong></span> <span class='ocrx_word' id='word_1_18' title='bbox 680 562 784 604; x_wconf 90' lang='lat' dir='ltr'><strong>non</strong></span> <span class='ocrx_word' id='word_1_19' title='bbox 819 543 1013 600; x_wconf 85' lang='lat' dir='ltr'><strong>frustra</strong></span> <span class='ocrx_word' id='word_1_20' title='bbox 1042 544 1239 601; x_wconf 82' lang='lat' dir='ltr'><strong>ﬁebant</strong></span> <span class='ocrx_word' id='word_1_21' title='bbox 1261 544 1348 599; x_wconf 88' lang='lat' dir='ltr'><strong>illa</strong></span> <span class='ocrx_word' id='word_1_22' title='bbox 1373 543 1646 610; x_wconf 88' lang='lat' dir='ltr'><strong>miracula,</strong></span> <span class='ocrx_word' id='word_1_23' title='bbox 1675 553 1729 599; x_wconf 88' lang='lat' dir='ltr'><strong>et</strong></span> <span class='ocrx_word' id='word_1_24' title='bbox 1753 543 1951 614; x_wconf 87' lang='lat' dir='ltr'><strong>aliquid</strong></span> <span class='ocrx_word' id='word_1_25' title='bbox 1977 557 2075 598; x_wconf 88' lang='lat' dir='ltr'><strong>no-</strong></span> 
     </span>
    </p>
   </div>
   <div class='ocr_carea' id='block_1_5' title="bbox 505 633 2079 707">
    <p class='ocr_par' dir='ltr' id='par_1_5' title="bbox 505 633 2079 707">
     <span class='ocr_line' id='line_1_5' title="bbox 505 633 2079 707; baseline -0.004 -14"><span class='ocrx_word' id='word_1_26' title='bbox 505 638 591 693; x_wconf 89' lang='lat' dir='ltr'><strong>bis</strong></span> <span class='ocrx_word' id='word_1_27' title='bbox 616 652 714 707; x_wconf 90' lang='lat' dir='ltr'><strong>pro</strong></span> <span class='ocrx_word' id='word_1_28' title='bbox 741 644 937 691; x_wconf 73' lang='lat' dir='ltr'><strong>mterna</strong></span> <span class='ocrx_word' id='word_1_29' title='bbox 979 635 1147 691; x_wconf 85' lang='lat' dir='ltr'><strong>salute</strong></span> <span class='ocrx_word' id='word_1_30' title='bbox 1169 634 1485 705; x_wconf 82' lang='lat' dir='ltr'><strong>figurahant.</strong></span> <span class='ocrx_word' id='word_1_31' title='bbox 1511 633 1644 689; x_wconf 79' lang='lat' dir='ltr'><strong>Nam</strong></span> <span class='ocrx_word' id='word_1_32' title='bbox 1671 635 1813 690; x_wconf 88' lang='lat' dir='ltr'><strong>salus</strong></span> <span class='ocrx_word' id='word_1_33' title='bbox 1836 633 2079 704; x_wconf 87' lang='lat' dir='ltr'><strong>corporis</strong></span> 
     </span>
    </p>
   </div>
   <div class='ocr_carea' id='block_1_6' title="bbox 505 724 2080 799">
    <p class='ocr_par' dir='ltr' id='par_1_6' title="bbox 505 724 2080 799">
     <span class='ocr_line' id='line_1_6' title="bbox 505 724 2080 799; baseline -0.004 -15"><span class='ocrx_word' id='word_1_34' title='bbox 505 744 624 799; x_wconf 79' lang='lat' dir='ltr'><strong>quae</strong></span> <span class='ocrx_word' id='word_1_35' title='bbox 664 726 868 783; x_wconf 86' lang='lat' dir='ltr'><strong>reddita</strong></span> <span class='ocrx_word' id='word_1_36' title='bbox 915 735 998 782; x_wconf 86' lang='lat' dir='ltr'><strong>est</strong></span> <span class='ocrx_word' id='word_1_37' title='bbox 1042 726 1263 794; x_wconf 83' lang='lat' dir='ltr'><strong>homini,</strong></span> <span class='ocrx_word' id='word_1_38' title='bbox 1289 726 1474 797; x_wconf 79' lang='lat' dir='ltr'><strong>quanti</strong></span> <span class='ocrx_word' id='word_1_39' title='bbox 1517 726 1770 796; x_wconf 88' lang='lat' dir='ltr'><strong>temporis</strong></span> <span class='ocrx_word' id='word_1_40' title='bbox 1798 724 1929 779; x_wconf 90' lang='lat' dir='ltr'><strong>fuit?</strong></span> <span class='ocrx_word' id='word_1_41' title='bbox 1955 724 2080 790; x_wconf 67' lang='lat' dir='ltr'><strong>Quae</strong></span> 
     </span>
    </p>
   </div>
   <div class='ocr_carea' id='block_1_7' title="bbox 506 814 2075 886">
    <p class='ocr_par' dir='ltr' id='par_1_7' title="bbox 506 814 2075 886">
     <span class='ocr_line' id='line_1_7' title="bbox 506 814 2075 886; baseline -0.003 -13"><span class='ocrx_word' id='word_1_42' title='bbox 506 828 579 873; x_wconf 76' lang='lat' dir='ltr'><strong>est</strong></span> <span class='ocrx_word' id='word_1_43' title='bbox 605 818 740 873; x_wconf 76' lang='lat' dir='ltr'><strong>enim</strong></span> <span class='ocrx_word' id='word_1_44' title='bbox 763 818 863 871; x_wconf 79' lang='lat' dir='ltr'><strong>vita</strong></span> <span class='ocrx_word' id='word_1_45' title='bbox 883 826 1062 883; x_wconf 81' lang='lat' dir='ltr'><strong>vestra,</strong></span> <span class='ocrx_word' id='word_1_46' title='bbox 1090 816 1219 872; x_wconf 83' lang='lat' dir='ltr'><strong>dicit</strong></span> <span class='ocrx_word' id='word_1_47' title='bbox 1237 825 1419 873; x_wconf 82' lang='lat' dir='ltr'><strong>sancta</strong></span> <span class='ocrx_word' id='word_1_48' title='bbox 1441 815 1753 886; x_wconf 88' lang='lat' dir='ltr'><strong>Scriptura?</strong></span> <span class='ocrx_word' id='word_1_49' title='bbox 1790 814 1959 885; x_wconf 80' lang='lat' dir='ltr'><strong>Vapor</strong></span> <span class='ocrx_word' id='word_1_50' title='bbox 1981 822 2075 880; x_wconf 87' lang='lat' dir='ltr'><strong>est,</strong></span> 
     </span>
    </p>
   </div>
   <div class='ocr_carea' id='block_1_8' title="bbox 505 906 2081 979">
    <p class='ocr_par' dir='ltr' id='par_1_8' title="bbox 505 906 2081 979">
     <span class='ocr_line' id='line_1_8' title="bbox 505 906 2081 979; baseline -0.003 -16"><span class='ocrx_word' id='word_1_51' title='bbox 505 909 696 979; x_wconf 83' lang='lat' dir='ltr'><strong>inquit,</strong></span> <span class='ocrx_word' id='word_1_52' title='bbox 745 907 813 962; x_wconf 86' lang='lat' dir='ltr'><strong>ad</strong></span> <span class='ocrx_word' id='word_1_53' title='bbox 858 907 1129 967; x_wconf 59' lang='lat' dir='ltr'><strong>modicum,</strong></span> <span class='ocrx_word' id='word_1_54' title='bbox 1154 922 1449 979; x_wconf 78' lang='lat' dir='ltr'><strong>apparens;</strong></span> <span class='ocrx_word' id='word_1_55' title='bbox 1493 908 1730 977; x_wconf 74' lang='lat' dir='ltr'><strong>deinceps</strong></span> <span class='ocrx_word' id='word_1_56' title='bbox 1775 906 2081 962; x_wconf 70' lang='lat' dir='ltr'><strong>extermina-</strong></span> 
     </span>
    </p>
   </div>
   <div class='ocr_carea' id='block_1_9' title="bbox 503 986 2075 1069">
    <p class='ocr_par' dir='ltr' id='par_1_9' title="bbox 503 986 2075 1069">
     <span class='ocr_line' id='line_1_9' title="bbox 503 986 2075 1069; baseline -0.003 -16"><span class='ocrx_word' id='word_1_57' title='bbox 503 1001 634 1054; x_wconf 85' lang='lat' dir='ltr'><strong>bitur</strong></span> <span class='ocrx_word' id='word_1_58' title='bbox 661 986 862 1065; x_wconf 83' lang='lat' dir='ltr'><strong>(Jacobi</strong></span> <span class='ocrx_word' id='word_1_59' title='bbox 906 1014 978 1061; x_wconf 80' lang='lat' dir='ltr'><strong>IV,</strong></span> <span class='ocrx_word' id='word_1_60' title='bbox 1008 995 1118 1067; x_wconf 86' lang='lat' dir='ltr'><strong>l5).</strong></span> <span class='ocrx_word' id='word_1_61' title='bbox 1149 997 1299 1064; x_wconf 87' lang='lat' dir='ltr'><strong>Quod</strong></span> <span class='ocrx_word' id='word_1_62' title='bbox 1336 1012 1464 1069; x_wconf 87' lang='lat' dir='ltr'><strong>ergo</strong></span> <span class='ocrx_word' id='word_1_63' title='bbox 1499 997 1646 1052; x_wconf 89' lang='lat' dir='ltr'><strong>illius</strong></span> <span class='ocrx_word' id='word_1_64' title='bbox 1686 994 1914 1052; x_wconf 80' lang='lat' dir='ltr'><strong>hominis</strong></span> <span class='ocrx_word' id='word_1_65' title='bbox 1948 1009 2075 1050; x_wconf 88' lang='lat' dir='ltr'><strong>cor-</strong></span> 
     </span>
    </p>
   </div>
   <div class='ocr_carea' id='block_1_10' title="bbox 492 1085 2079 1160">
    <p class='ocr_par' dir='ltr' id='par_1_10' title="bbox 492 1085 2079 1160">
     <span class='ocr_line' id='line_1_10' title="bbox 492 1085 2079 1160; baseline -0.006 -13"><span class='ocrx_word' id='word_1_66' title='bbox 492 1090 619 1160; x_wconf 83' lang='lat' dir='ltr'><strong>.pori</strong></span> <span class='ocrx_word' id='word_1_67' title='bbox 649 1088 715 1143; x_wconf 90' lang='lat' dir='ltr'><strong>ad</strong></span> <span class='ocrx_word' id='word_1_68' title='bbox 747 1098 955 1159; x_wconf 95' lang='lat' dir='ltr'><strong>tempus</strong></span> <span class='ocrx_word' id='word_1_69' title='bbox 978 1087 1186 1143; x_wconf 87' lang='lat' dir='ltr'><strong>reddita</strong></span> <span class='ocrx_word' id='word_1_70' title='bbox 1234 1096 1318 1144; x_wconf 91' lang='lat' dir='ltr'><strong>est</strong></span> <span class='ocrx_word' id='word_1_71' title='bbox 1352 1087 1570 1153; x_wconf 87' lang='lat' dir='ltr'><strong>sanitas,</strong></span> <span class='ocrx_word' id='word_1_72' title='bbox 1598 1085 1802 1142; x_wconf 88' lang='lat' dir='ltr'><strong>reddita</strong></span> <span class='ocrx_word' id='word_1_73' title='bbox 1827 1094 1910 1141; x_wconf 89' lang='lat' dir='ltr'><strong>est</strong></span> <span class='ocrx_word' id='word_1_74' title='bbox 1946 1098 2079 1139; x_wconf 87' lang='lat' dir='ltr'><strong>non-</strong></span> 
     </span>
    </p>
   </div>
   <div class='ocr_carea' id='block_1_11' title="bbox 505 1175 2079 1253">
    <p class='ocr_par' dir='ltr' id='par_1_11' title="bbox 505 1175 2079 1253">
     <span class='ocr_line' id='line_1_11' title="bbox 505 1175 2079 1253; baseline -0.005 -15"><span class='ocrx_word' id='word_1_75' title='bbox 505 1184 649 1238; x_wconf 90' lang='lat' dir='ltr'><strong>nulla</strong></span> <span class='ocrx_word' id='word_1_76' title='bbox 675 1183 858 1253; x_wconf 76' lang='lat' dir='ltr'><strong>vapori</strong></span> <span class='ocrx_word' id='word_1_77' title='bbox 881 1181 1217 1238; x_wconf 72' lang='lat' dir='ltr'><strong>diuturnitas.</strong></span> <span class='ocrx_word' id='word_1_78' title='bbox 1247 1180 1360 1236; x_wconf 88' lang='lat' dir='ltr'><strong>Non</strong></span> <span class='ocrx_word' id='word_1_79' title='bbox 1384 1180 1568 1250; x_wconf 85' lang='lat' dir='ltr'><strong>itaque</strong></span> <span class='ocrx_word' id='word_1_80' title='bbox 1596 1194 1693 1249; x_wconf 84' lang='lat' dir='ltr'><strong>pro</strong></span> <span class='ocrx_word' id='word_1_81' title='bbox 1724 1192 1916 1249; x_wconf 83' lang='lat' dir='ltr'><strong>magno</strong></span> <span class='ocrx_word' id='word_1_82' title='bbox 1946 1175 2079 1231; x_wconf 89' lang='lat' dir='ltr'><strong>illud</strong></span> 
     </span>
    </p>
   </div>
   <div class='ocr_carea' id='block_1_12' title="bbox 496 1259 2077 1342">
    <p class='ocr_par' dir='ltr' id='par_1_12' title="bbox 496 1259 2077 1342">
     <span class='ocr_line' id='line_1_12' title="bbox 496 1259 2077 1342; baseline -0.006 -12"><span class='ocrx_word' id='word_1_83' title='bbox 496 1273 806 1332; x_wconf 84' lang='lat' dir='ltr'><strong>habendum</strong></span> <span class='ocrx_word' id='word_1_84' title='bbox 833 1284 917 1330; x_wconf 89' lang='lat' dir='ltr'><strong>est</strong></span> <span class='ocrx_word' id='word_1_85' title='bbox 958 1291 970 1328; x_wconf 87' lang='lat'><strong>:</strong></span> <span class='ocrx_word' id='word_1_86' title='bbox 1010 1272 1155 1328; x_wconf 86' lang='lat' dir='ltr'><strong>Vana</strong></span> <span class='ocrx_word' id='word_1_87' title='bbox 1180 1259 1320 1328; x_wconf 82' lang='lat' dir='ltr'><strong>salus</strong></span> <span class='ocrx_word' id='word_1_88' title='bbox 1359 1272 1576 1327; x_wconf 85' lang='lat' dir='ltr'><strong>hominis</strong></span> <span class='ocrx_word' id='word_1_89' title='bbox 1605 1270 1778 1342; x_wconf 82' lang='lat' dir='ltr'><strong>(Psal.</strong></span> <span class='ocrx_word' id='word_1_90' title='bbox 1808 1285 1917 1337; x_wconf 85' lang='lat' dir='ltr'><strong>ux,</strong></span> <span class='ocrx_word' id='word_1_91' title='bbox 1964 1267 2077 1339; x_wconf 76' lang='grc'><strong>15).</strong></span> 
     </span>
    </p>
   </div>
   <div class='ocr_carea' id='block_1_13' title="bbox 503 1360 2078 1431">
    <p class='ocr_par' dir='ltr' id='par_1_13' title="bbox 503 1360 2078 1431">
     <span class='ocr_line' id='line_1_13' title="bbox 503 1360 2078 1431; baseline -0.006 -9"><span class='ocrx_word' id='word_1_92' title='bbox 503 1366 572 1422; x_wconf 83' lang='lat' dir='ltr'><strong>Et</strong></span> <span class='ocrx_word' id='word_1_93' title='bbox 602 1364 730 1420; x_wconf 92' lang='lat' dir='ltr'><strong>illud</strong></span> <span class='ocrx_word' id='word_1_94' title='bbox 763 1364 1000 1429; x_wconf 85' lang='lat' dir='ltr'><strong>recolite,</strong></span> <span class='ocrx_word' id='word_1_95' title='bbox 1042 1362 1252 1428; x_wconf 78' lang='lat' dir='ltr'><strong>fratres,</strong></span> <span class='ocrx_word' id='word_1_96' title='bbox 1286 1362 1413 1417; x_wconf 90' lang='lat' dir='ltr'><strong>illud</strong></span> <span class='ocrx_word' id='word_1_97' title='bbox 1440 1360 1807 1431; x_wconf 78' lang='lat' dir='ltr'><strong>propheticum</strong></span> <span class='ocrx_word' id='word_1_98' title='bbox 1834 1367 1890 1415; x_wconf 90' lang='lat' dir='ltr'><strong>et</strong></span> <span class='ocrx_word' id='word_1_99' title='bbox 1916 1373 2078 1413; x_wconf 87' lang='lat' dir='ltr'><strong>evan—</strong></span> 
     </span>
    </p>
   </div>
   <div class='ocr_carea' id='block_1_14' title="bbox 504 1451 2071 1531">
    <p class='ocr_par' dir='ltr' id='par_1_14' title="bbox 504 1451 2071 1531">
     <span class='ocr_line' id='line_1_14' title="bbox 504 1451 2071 1531; baseline -0.008 -14"><span class='ocrx_word' id='word_1_100' title='bbox 504 1460 753 1531; x_wconf 86' lang='lat' dir='ltr'><strong>gelicum,</strong></span> <span class='ocrx_word' id='word_1_101' title='bbox 782 1458 904 1528; x_wconf 88' lang='lat' dir='ltr'><strong>quia</strong></span> <span class='ocrx_word' id='word_1_102' title='bbox 936 1458 987 1511; x_wconf 89' lang='lat' dir='ltr'><strong>in</strong></span> <span class='ocrx_word' id='word_1_103' title='bbox 1012 1455 1304 1526; x_wconf 85' lang='lat' dir='ltr'><strong>Evangelia</strong></span> <span class='ocrx_word' id='word_1_104' title='bbox 1330 1454 1519 1525; x_wconf 88' lang='lat' dir='ltr'><strong>legitur</strong></span> <span class='ocrx_word' id='word_1_105' title='bbox 1543 1453 1644 1509; x_wconf 91' lang='lat' dir='ltr'><strong>hoc</strong></span> <span class='ocrx_word' id='word_1_106' title='bbox 1668 1451 2030 1529; x_wconf 79' lang='lat' dir='ltr'><strong>testimonium</strong></span> <span class='ocrx_word' id='word_1_107' title='bbox 2056 1468 2071 1505; x_wconf 87' lang='lat'><strong>:</strong></span> 
     </span>
    </p>
   </div>
   <div class='ocr_carea' id='block_1_15' title="bbox 509 1542 2077 1618">
    <p class='ocr_par' dir='ltr' id='par_1_15' title="bbox 509 1542 2077 1618">
     <span class='ocr_line' id='line_1_15' title="bbox 509 1542 2077 1618; baseline -0.007 -13"><span class='ocrx_word' id='word_1_108' title='bbox 509 1550 686 1605; x_wconf 80' lang='lat' dir='ltr'><strong>Omnis</strong></span> <span class='ocrx_word' id='word_1_109' title='bbox 712 1563 830 1602; x_wconf 90' lang='lat' dir='ltr'><strong>caro</strong></span> <span class='ocrx_word' id='word_1_110' title='bbox 857 1546 1049 1618; x_wconf 79' lang='lat' dir='ltr'><strong>fenum,</strong></span> <span class='ocrx_word' id='word_1_111' title='bbox 1081 1555 1126 1600; x_wconf 81' lang='lat' dir='ltr'><strong>et</strong></span> <span class='ocrx_word' id='word_1_112' title='bbox 1153 1546 1313 1600; x_wconf 84' lang='lat' dir='ltr'><strong>omnis</strong></span> <span class='ocrx_word' id='word_1_113' title='bbox 1341 1545 1505 1599; x_wconf 81' lang='lat' dir='ltr'><strong>honor</strong></span> <span class='ocrx_word' id='word_1_114' title='bbox 1530 1543 1699 1598; x_wconf 84' lang='lat' dir='ltr'><strong>carnis</strong></span> <span class='ocrx_word' id='word_1_115' title='bbox 1722 1552 1776 1597; x_wconf 87' lang='lat' dir='ltr'><strong>ut</strong></span> <span class='ocrx_word' id='word_1_116' title='bbox 1803 1544 1900 1612; x_wconf 81' lang='lat' dir='ltr'><strong>ﬂos</strong></span> <span class='ocrx_word' id='word_1_117' title='bbox 1928 1542 2031 1612; x_wconf 75' lang='lat' dir='ltr'><strong>{cui</strong></span> <span class='ocrx_word' id='word_1_118' title='bbox 2059 1556 2077 1595; x_wconf 89' lang='lat'><strong><em>:</em></strong></span> 
     </span>
    </p>
   </div>
   <div class='ocr_carea' id='block_1_16' title="bbox 500 1635 2078 1714">
    <p class='ocr_par' dir='ltr' id='par_1_16' title="bbox 500 1635 2078 1714">
     <span class='ocr_line' id='line_1_16' title="bbox 500 1635 2078 1714; baseline -0.003 -19"><span class='ocrx_word' id='word_1_119' title='bbox 500 1647 678 1714; x_wconf 78' lang='lat' dir='ltr'><strong>fenum</strong></span> <span class='ocrx_word' id='word_1_120' title='bbox 703 1640 858 1708; x_wconf 80' lang='lat' dir='ltr'><strong>aruit,</strong></span> <span class='ocrx_word' id='word_1_121' title='bbox 906 1640 1002 1709; x_wconf 82' lang='lat' dir='ltr'><strong>flos</strong></span> <span class='ocrx_word' id='word_1_122' title='bbox 1044 1638 1260 1701; x_wconf 78' lang='lat' dir='ltr'><strong>decidit;</strong></span> <span class='ocrx_word' id='word_1_123' title='bbox 1320 1635 1532 1691; x_wconf 77' lang='lat' dir='ltr'><strong>Verbum</strong></span> <span class='ocrx_word' id='word_1_124' title='bbox 1575 1635 1783 1689; x_wconf 83' lang='lat' dir='ltr'><strong>Domini</strong></span> <span class='ocrx_word' id='word_1_125' title='bbox 1832 1644 1997 1689; x_wconf 69' lang='lat' dir='ltr'><strong>&quot;cauet</strong></span> <span class='ocrx_word' id='word_1_126' title='bbox 2022 1635 2078 1690; x_wconf 81' lang='lat' dir='ltr'><strong>iu</strong></span> 
     </span>
    </p>
   </div>
   <div class='ocr_carea' id='block_1_17' title="bbox 485 1724 2073 1802">
    <p class='ocr_par' dir='ltr' id='par_1_17' title="bbox 485 1724 2073 1802">
     <span class='ocr_line' id='line_1_17' title="bbox 485 1724 2073 1802; baseline -0.006 -12"><span class='ocrx_word' id='word_1_127' title='bbox 485 1744 748 1790; x_wconf 61' lang='lat' dir='ltr'><strong>utentum</strong></span> <span class='ocrx_word' id='word_1_128' title='bbox 774 1730 923 1802; x_wconf 85' lang='lat' dir='ltr'><strong>(lsai.</strong></span> <span class='ocrx_word' id='word_1_129' title='bbox 948 1746 1039 1797; x_wconf 76' lang='lat' dir='ltr'><strong>XL,</strong></span> <span class='ocrx_word' id='word_1_130' title='bbox 1066 1729 1192 1796; x_wconf 87' lang='lat'><strong>6-8;</strong></span> <span class='ocrx_word' id='word_1_131' title='bbox 1221 1727 1403 1782; x_wconf 82' lang='lat' dir='ltr'><strong>Jacobi</strong></span> <span class='ocrx_word' id='word_1_132' title='bbox 1429 1745 1466 1793; x_wconf 82' lang='grc' dir='ltr'><strong>ι,</strong></span> <span class='ocrx_word' id='word_1_133' title='bbox 1499 1728 1585 1793; x_wconf 83' lang='grc'><strong>10,</strong></span> <span class='ocrx_word' id='word_1_134' title='bbox 1614 1728 1702 1794; x_wconf 80' lang='lat' dir='ltr'><strong>il,</strong></span> <span class='ocrx_word' id='word_1_135' title='bbox 1733 1736 1780 1781; x_wconf 88' lang='lat' dir='ltr'><strong>et</strong></span> <span class='ocrx_word' id='word_1_136' title='bbox 1806 1743 1824 1782; x_wconf 84' lang='grc' dir='ltr'>ι</span> <span class='ocrx_word' id='word_1_137' title='bbox 1855 1724 1998 1782; x_wconf 86' lang='lat' dir='ltr'><strong>Petr.</strong></span> <span class='ocrx_word' id='word_1_138' title='bbox 2037 1742 2073 1794; x_wconf 83' lang='grc' dir='ltr'><strong>ι,</strong></span> 
     </span>
    </p>
   </div>
   <div class='ocr_carea' id='block_1_18' title="bbox 504 1817 2079 1893">
    <p class='ocr_par' dir='ltr' id='par_1_18' title="bbox 504 1817 2079 1893">
     <span class='ocr_line' id='line_1_18' title="bbox 504 1817 2079 1893; baseline -0.005 -13"><span class='ocrx_word' id='word_1_139' title='bbox 504 1824 592 1890; x_wconf 73' lang='grc'><strong>24,</strong></span> <span class='ocrx_word' id='word_1_140' title='bbox 619 1822 735 1893; x_wconf 74' lang='lat'><strong>25).</strong></span> <span class='ocrx_word' id='word_1_141' title='bbox 759 1821 989 1878; x_wconf 85' lang='lat' dir='ltr'><strong>Verbum</strong></span> <span class='ocrx_word' id='word_1_142' title='bbox 1018 1820 1225 1875; x_wconf 87' lang='lat' dir='ltr'><strong>Domini</strong></span> <span class='ocrx_word' id='word_1_143' title='bbox 1250 1819 1410 1875; x_wconf 87' lang='lat' dir='ltr'><strong>etiam</strong></span> <span class='ocrx_word' id='word_1_144' title='bbox 1439 1817 1572 1879; x_wconf 90' lang='lat' dir='ltr'><strong>feno_</strong></span> <span class='ocrx_word' id='word_1_145' title='bbox 1591 1817 1683 1873; x_wconf 89' lang='lat' dir='ltr'><strong>dat</strong></span> <span class='ocrx_word' id='word_1_146' title='bbox 1707 1817 1989 1883; x_wconf 83' lang='lat' dir='ltr'><strong>honorem,</strong></span> <span class='ocrx_word' id='word_1_147' title='bbox 2024 1825 2079 1873; x_wconf 92' lang='lat' dir='ltr'><strong>et</strong></span> 
     </span>
    </p>
   </div>
   <div class='ocr_carea' id='block_1_19' title="bbox 484 1908 2076 1972">
    <p class='ocr_par' dir='ltr' id='par_1_19' title="bbox 484 1908 2076 1972">
     <span class='ocr_line' id='line_1_19' title="bbox 484 1908 2076 1972; baseline -0.006 0"><span class='ocrx_word' id='word_1_148' title='bbox 484 1916 760 1972; x_wconf 60' lang='lat' dir='ltr'><strong>honorem</strong></span> <span class='ocrx_word' id='word_1_149' title='bbox 802 1929 913 1971; x_wconf 85' lang='lat' dir='ltr'><strong>non</strong></span> <span class='ocrx_word' id='word_1_150' title='bbox 950 1912 1319 1969; x_wconf 80' lang='lat' dir='ltr'><strong>transitorium</strong></span> <span class='ocrx_word' id='word_1_151' title='bbox 1349 1929 1363 1966; x_wconf 92' lang='lat'><strong>:</strong></span> <span class='ocrx_word' id='word_1_152' title='bbox 1391 1910 1483 1965; x_wconf 88' lang='lat' dir='ltr'><strong>dat</strong></span> <span class='ocrx_word' id='word_1_153' title='bbox 1530 1910 1672 1965; x_wconf 90' lang='lat' dir='ltr'><strong>enim</strong></span> <span class='ocrx_word' id='word_1_154' title='bbox 1719 1916 1774 1965; x_wconf 88' lang='lat' dir='ltr'><strong>et</strong></span> <span class='ocrx_word' id='word_1_155' title='bbox 1799 1908 1947 1965; x_wconf 86' lang='lat' dir='ltr'><strong>carni</strong></span> <span class='ocrx_word' id='word_1_156' title='bbox 1977 1908 2076 1963; x_wconf 89' lang='lat' dir='ltr'><strong>im-</strong></span> 
     </span>
    </p>
   </div>
   <div class='ocr_carea' id='block_1_20' title="bbox 503 2006 901 2077">
    <p class='ocr_par' dir='ltr' id='par_1_20' title="bbox 503 2006 901 2077">
     <span class='ocr_line' id='line_1_20' title="bbox 503 2006 901 2077; baseline -0.013 -14"><span class='ocrx_word' id='word_1_157' title='bbox 503 2006 901 2077; x_wconf 84' lang='lat' dir='ltr'><strong>mortalitatem.</strong></span> 
     </span>
    </p>
   </div>
   <div class='ocr_carea' id='block_1_21' title="bbox 546 2090 2078 2168">
    <p class='ocr_par' dir='ltr' id='par_1_21' title="bbox 546 2090 2078 2168">
     <span class='ocr_line' id='line_1_21' title="bbox 546 2090 2078 2168; baseline -0.006 -14"><span class='ocrx_word' id='word_1_158' title='bbox 546 2096 815 2168; x_wconf 29' lang='lat' dir='ltr'><strong>.CAPUT.</strong></span> <span class='ocrx_word' id='word_1_159' title='bbox 835 2095 902 2151; x_wconf 86' lang='lat' dir='ltr'><strong>ll.</strong></span> <span class='ocrx_word' id='word_1_160' title='bbox 932 2126 1001 2139; x_wconf 83' lang='lat'><strong>-—</strong></span> <span class='ocrx_word' id='word_1_161' title='bbox 1026 2095 1083 2150; x_wconf 74' lang='lat'><strong>2.</strong></span> <span class='ocrx_word' id='word_1_162' title='bbox 1117 2092 1242 2148; x_wconf 85' lang='lat' dir='ltr'><strong>Tota</strong></span> <span class='ocrx_word' id='word_1_163' title='bbox 1268 2094 1375 2148; x_wconf 70' lang='lat' dir='ltr'><strong>lucc</strong></span> <span class='ocrx_word' id='word_1_164' title='bbox 1404 2093 1506 2147; x_wconf 80' lang='lat' dir='ltr'><strong>vita</strong></span> <span class='ocrx_word' id='word_1_165' title='bbox 1544 2092 1802 2148; x_wconf 68' lang='lat' dir='ltr'><strong>tribulatio</strong></span> <span class='ocrx_word' id='word_1_166' title='bbox 1829 2102 1922 2147; x_wconf 90' lang='lat' dir='ltr'><strong>est.</strong></span> <span class='ocrx_word' id='word_1_167' title='bbox 1948 2090 2078 2146; x_wconf 60' lang='lat' dir='ltr'><strong>Toro</strong></span> 
     </span>
    </p>
   </div>
   <div class='ocr_carea' id='block_1_22' title="bbox 492 2181 2076 2253">
    <p class='ocr_par' dir='ltr' id='par_1_22' title="bbox 492 2181 2076 2253">
     <span class='ocr_line' id='line_1_22' title="bbox 492 2181 2076 2253; baseline -0.005 -9"><span class='ocrx_word' id='word_1_168' title='bbox 492 2198 637 2244; x_wconf 79' lang='lat' dir='ltr'><strong>tores</strong></span> <span class='ocrx_word' id='word_1_169' title='bbox 664 2188 865 2252; x_wconf 79' lang='lat' dir='ltr'><strong>animte,</strong></span> <span class='ocrx_word' id='word_1_170' title='bbox 898 2187 1045 2240; x_wconf 89' lang='lat' dir='ltr'><strong>timor</strong></span> <span class='ocrx_word' id='word_1_171' title='bbox 1089 2194 1134 2238; x_wconf 82' lang='lat' dir='ltr'><strong>et</strong></span> <span class='ocrx_word' id='word_1_172' title='bbox 1173 2183 1339 2239; x_wconf 85' lang='lat' dir='ltr'><strong>dolor.</strong></span> <span class='ocrx_word' id='word_1_173' title='bbox 1377 2181 1483 2240; x_wconf 86' lang='lat' dir='ltr'><strong>Sed</strong></span> <span class='ocrx_word' id='word_1_174' title='bbox 1521 2183 1667 2253; x_wconf 88' lang='lat' dir='ltr'><strong>prius</strong></span> <span class='ocrx_word' id='word_1_175' title='bbox 1693 2183 1883 2238; x_wconf 87' lang='lat' dir='ltr'><strong>transit</strong></span> <span class='ocrx_word' id='word_1_176' title='bbox 1908 2182 2076 2237; x_wconf 88' lang='lat' dir='ltr'><strong>tribu-</strong></span> 
     </span>
    </p>
   </div>
   <div class='ocr_carea' id='block_1_23' title="bbox 502 2274 2076 2349">
    <p class='ocr_par' dir='ltr' id='par_1_23' title="bbox 502 2274 2076 2349">
     <span class='ocr_line' id='line_1_23' title="bbox 502 2274 2076 2349; baseline -0.006 -11"><span class='ocrx_word' id='word_1_177' title='bbox 502 2281 633 2338; x_wconf 87' lang='lat' dir='ltr'><strong>latio</strong></span> <span class='ocrx_word' id='word_1_178' title='bbox 659 2280 779 2337; x_wconf 69' lang='lat' dir='ltr'><strong>vita:</strong></span> <span class='ocrx_word' id='word_1_179' title='bbox 804 2278 983 2349; x_wconf 87' lang='lat' dir='ltr'><strong>hujus,</strong></span> <span class='ocrx_word' id='word_1_180' title='bbox 1013 2276 1082 2333; x_wconf 90' lang='lat' dir='ltr'><strong>de</strong></span> <span class='ocrx_word' id='word_1_181' title='bbox 1118 2292 1222 2348; x_wconf 90' lang='lat' dir='ltr'><strong>qua</strong></span> <span class='ocrx_word' id='word_1_182' title='bbox 1250 2274 1405 2331; x_wconf 88' lang='lat' dir='ltr'><strong>nobis</strong></span> <span class='ocrx_word' id='word_1_183' title='bbox 1431 2282 1648 2347; x_wconf 69' lang='lat' dir='ltr'><strong>praestat</strong></span> <span class='ocrx_word' id='word_1_184' title='bbox 1683 2274 1962 2339; x_wconf 80' lang='lat' dir='ltr'><strong>auxilium,</strong></span> <span class='ocrx_word' id='word_1_185' title='bbox 1988 2274 2076 2330; x_wconf 92' lang='lat' dir='ltr'><strong>cui</strong></span> 
     </span>
    </p>
   </div>
   <div class='ocr_carea' id='block_1_24' title="bbox 502 2363 2075 2437">
    <p class='ocr_par' dir='ltr' id='par_1_24' title="bbox 502 2363 2075 2437">
     <span class='ocr_line' id='line_1_24' title="bbox 502 2363 2075 2437; baseline -0.008 -6"><span class='ocrx_word' id='word_1_186' title='bbox 502 2374 734 2432; x_wconf 77' lang='lat' dir='ltr'><strong>diximus</strong></span> <span class='ocrx_word' id='word_1_187' title='bbox 777 2370 916 2426; x_wconf 84' lang='lat' dir='ltr'><strong>:.Da</strong></span> <span class='ocrx_word' id='word_1_188' title='bbox 960 2369 1101 2425; x_wconf 86' lang='lat' dir='ltr'><strong>nobis</strong></span> <span class='ocrx_word' id='word_1_189' title='bbox 1152 2366 1500 2422; x_wconf 72' lang='lat' dir='ltr'><strong>auxilium-de</strong></span> <span class='ocrx_word' id='word_1_190' title='bbox 1544 2365 1877 2435; x_wconf 74' lang='lat' dir='ltr'><strong>tribulatione</strong></span> <span class='ocrx_word' id='word_1_191' title='bbox 1904 2363 2075 2437; x_wconf 85' lang='lat' dir='ltr'><strong>(Psal.</strong></span> 
     </span>
    </p>
   </div>
   <div class='ocr_carea' id='block_1_25' title="bbox 480 2442 2078 2534">
    <p class='ocr_par' dir='ltr' id='par_1_25' title="bbox 480 2442 2078 2534">
     <span class='ocr_line' id='line_1_25' title="bbox 480 2442 2078 2534; baseline -0.007 -14"><span class='ocrx_word' id='word_1_192' title='bbox 480 2442 612 2531; x_wconf 31' lang='lat' dir='ltr'><strong>jux,</strong></span> <span class='ocrx_word' id='word_1_193' title='bbox 642 2461 753 2534; x_wconf 79' lang='grc'><strong>15).</strong></span> <span class='ocrx_word' id='word_1_194' title='bbox 782 2460 917 2515; x_wconf 87' lang='lat' dir='ltr'><strong>Tota</strong></span> <span class='ocrx_word' id='word_1_195' title='bbox 963 2458 1159 2530; x_wconf 85' lang='lat' dir='ltr'><strong>quippe</strong></span> <span class='ocrx_word' id='word_1_196' title='bbox 1185 2457 1285 2513; x_wconf 90' lang='lat' dir='ltr'><strong>ista</strong></span> <span class='ocrx_word' id='word_1_197' title='bbox 1315 2456 1422 2512; x_wconf 83' lang='lat' dir='ltr'><strong>vita</strong></span> <span class='ocrx_word' id='word_1_198' title='bbox 1465 2455 1881 2527; x_wconf 83' lang='lat' dir='ltr'><strong>intelligentibus</strong></span> <span class='ocrx_word' id='word_1_199' title='bbox 1908 2454 2078 2510; x_wconf 83' lang='lat' dir='ltr'><strong>tribu-</strong></span> 
     </span>
    </p>
   </div>
   <div class='ocr_carea' id='block_1_26' title="bbox 502 2542 2079 2617">
    <p class='ocr_par' dir='ltr' id='par_1_26' title="bbox 502 2542 2079 2617">
     <span class='ocr_line' id='line_1_26' title="bbox 502 2542 2079 2617; baseline -0.005 -8"><span class='ocrx_word' id='word_1_200' title='bbox 502 2553 630 2609; x_wconf 86' lang='lat' dir='ltr'><strong>latio</strong></span> <span class='ocrx_word' id='word_1_201' title='bbox 654 2562 755 2608; x_wconf 89' lang='lat' dir='ltr'><strong>est.</strong></span> <span class='ocrx_word' id='word_1_202' title='bbox 781 2550 917 2609; x_wconf 88' lang='lat' dir='ltr'><strong>Sunt</strong></span> <span class='ocrx_word' id='word_1_203' title='bbox 953 2551 1095 2605; x_wconf 81' lang='lat' dir='ltr'><strong>enim</strong></span> <span class='ocrx_word' id='word_1_204' title='bbox 1124 2542 1231 2603; x_wconf 85' lang='lat' dir='ltr'><strong>duo</strong></span> <span class='ocrx_word' id='word_1_205' title='bbox 1269 2554 1498 2603; x_wconf 88' lang='lat' dir='ltr'><strong>tortores</strong></span> <span class='ocrx_word' id='word_1_206' title='bbox 1524 2546 1738 2613; x_wconf 67' lang='lat' dir='ltr'><strong>animae,</strong></span> <span class='ocrx_word' id='word_1_207' title='bbox 1769 2561 1879 2602; x_wconf 90' lang='lat' dir='ltr'><strong>non</strong></span> <span class='ocrx_word' id='word_1_208' title='bbox 1914 2544 2079 2617; x_wconf 25' lang='lat' dir='ltr'><strong>,simul</strong></span> 
     </span>
    </p>
   </div>
   <div class='ocr_carea' id='block_1_27' title="bbox 504 2636 2077 2715">
    <p class='ocr_par' dir='ltr' id='par_1_27' title="bbox 504 2636 2077 2715">
     <span class='ocr_line' id='line_1_27' title="bbox 504 2636 2077 2715; baseline -0.006 -15"><span class='ocrx_word' id='word_1_209' title='bbox 504 2653 828 2715; x_wconf 83' lang='lat' dir='ltr'><strong>torquentes,</strong></span> <span class='ocrx_word' id='word_1_210' title='bbox 878 2641 973 2697; x_wconf 90' lang='lat' dir='ltr'><strong>sed</strong></span> <span class='ocrx_word' id='word_1_211' title='bbox 1018 2641 1306 2697; x_wconf 90' lang='lat' dir='ltr'><strong>cruciatum</strong></span> <span class='ocrx_word' id='word_1_212' title='bbox 1333 2639 1675 2715; x_wconf 80' lang='lat' dir='ltr'><strong>alternantes.</strong></span> <span class='ocrx_word' id='word_1_213' title='bbox 1712 2637 1914 2694; x_wconf 82' lang='lat' dir='ltr'><strong>Horum</strong></span> <span class='ocrx_word' id='word_1_214' title='bbox 1940 2636 2077 2693; x_wconf 53' lang='lat' dir='ltr'><strong>duo.</strong></span> 
     </span>
    </p>
   </div>
   <div class='ocr_carea' id='block_1_28' title="bbox 500 2728 2079 2798">
    <p class='ocr_par' dir='ltr' id='par_1_28' title="bbox 500 2728 2079 2798">
     <span class='ocr_line' id='line_1_28' title="bbox 500 2728 2079 2798; baseline -0.005 -5"><span class='ocrx_word' id='word_1_215' title='bbox 500 2753 619 2793; x_wconf 91' lang='lat' dir='ltr'><strong>rum</strong></span> <span class='ocrx_word' id='word_1_216' title='bbox 652 2746 909 2792; x_wconf 88' lang='lat' dir='ltr'><strong>tortorum</strong></span> <span class='ocrx_word' id='word_1_217' title='bbox 940 2734 1152 2790; x_wconf 89' lang='lat' dir='ltr'><strong>nomina</strong></span> <span class='ocrx_word' id='word_1_218' title='bbox 1179 2742 1323 2797; x_wconf 92' lang='lat' dir='ltr'><strong>sunt,</strong></span> <span class='ocrx_word' id='word_1_219' title='bbox 1354 2732 1513 2787; x_wconf 89' lang='lat' dir='ltr'><strong>timor</strong></span> <span class='ocrx_word' id='word_1_220' title='bbox 1558 2740 1612 2788; x_wconf 90' lang='lat' dir='ltr'><strong>et</strong></span> <span class='ocrx_word' id='word_1_221' title='bbox 1654 2729 1826 2786; x_wconf 90' lang='lat' dir='ltr'><strong>dolor.</strong></span> <span class='ocrx_word' id='word_1_222' title='bbox 1855 2728 2079 2798; x_wconf 86' lang='lat' dir='ltr'><strong>Quando</strong></span> 
     </span>
    </p>
   </div>
   <div class='ocr_carea' id='block_1_29' title="bbox 504 2820 2077 2894">
    <p class='ocr_par' dir='ltr' id='par_1_29' title="bbox 504 2820 2077 2894">
     <span class='ocr_line' id='line_1_29' title="bbox 504 2820 2077 2894; baseline -0.004 -11"><span class='ocrx_word' id='word_1_223' title='bbox 504 2828 601 2883; x_wconf 86' lang='lat' dir='ltr'><strong>tibi</strong></span> <span class='ocrx_word' id='word_1_224' title='bbox 623 2828 760 2883; x_wconf 86' lang='lat' dir='ltr'><strong>bene</strong></span> <span class='ocrx_word' id='word_1_225' title='bbox 788 2835 891 2893; x_wconf 89' lang='lat' dir='ltr'><strong>est,</strong></span> <span class='ocrx_word' id='word_1_226' title='bbox 926 2825 1081 2882; x_wconf 88' lang='lat' dir='ltr'><strong>times</strong></span> <span class='ocrx_word' id='word_1_227' title='bbox 1109 2842 1124 2879; x_wconf 88' lang='lat'><strong>:</strong></span> <span class='ocrx_word' id='word_1_228' title='bbox 1156 2823 1366 2894; x_wconf 87' lang='lat' dir='ltr'><strong>quando</strong></span> <span class='ocrx_word' id='word_1_229' title='bbox 1393 2823 1530 2878; x_wconf 89' lang='lat' dir='ltr'><strong>male</strong></span> <span class='ocrx_word' id='word_1_230' title='bbox 1560 2830 1662 2890; x_wconf 87' lang='lat' dir='ltr'><strong>est,</strong></span> <span class='ocrx_word' id='word_1_231' title='bbox 1692 2822 1860 2878; x_wconf 89' lang='lat' dir='ltr'><strong>doles.</strong></span> <span class='ocrx_word' id='word_1_232' title='bbox 1876 2820 2077 2878; x_wconf 66' lang='lat' dir='ltr'><strong>SmcuIi</strong></span> 
     </span>
    </p>
   </div>
   <div class='ocr_carea' id='block_1_30' title="bbox 504 2898 2077 2986">
    <p class='ocr_par' dir='ltr' id='par_1_30' title="bbox 504 2898 2077 2986">
     <span class='ocr_line' id='line_1_30' title="bbox 504 2898 2077 2986; baseline -0.004 -15"><span class='ocrx_word' id='word_1_233' title='bbox 504 2916 662 2986; x_wconf 88' lang='lat' dir='ltr'><strong>hujus</strong></span> <span class='ocrx_word' id='word_1_234' title='bbox 687 2931 846 2986; x_wconf 89' lang='lat' dir='ltr'><strong>quem</strong></span> <span class='ocrx_word' id='word_1_235' title='bbox 866 2898 992 2970; x_wconf 20' lang='lat' dir='ltr'><strong>inon</strong></span> <span class='ocrx_word' id='word_1_236' title='bbox 1017 2908 1215 2985; x_wconf 89' lang='lat' dir='ltr'><strong>decipit</strong></span> <span class='ocrx_word' id='word_1_237' title='bbox 1243 2913 1586 2983; x_wconf 85' lang='lat' dir='ltr'><strong>prosperitas,</strong></span> <span class='ocrx_word' id='word_1_238' title='bbox 1627 2926 1735 2966; x_wconf 89' lang='lat' dir='ltr'><strong>non</strong></span> <span class='ocrx_word' id='word_1_239' title='bbox 1761 2910 1954 2981; x_wconf 76' lang='lat' dir='ltr'><strong>frangit</strong></span> <span class='ocrx_word' id='word_1_240' title='bbox 1978 2910 2077 2966; x_wconf 86' lang='lat' dir='ltr'><strong>ad-</strong></span> 
     </span>
    </p>
   </div>
   <div class='ocr_carea' id='block_1_31' title="bbox 502 2998 2078 3079">
    <p class='ocr_par' dir='ltr' id='par_1_31' title="bbox 502 2998 2078 3079">
     <span class='ocr_line' id='line_1_31' title="bbox 502 2998 2078 3079; baseline -0.003 -20"><span class='ocrx_word' id='word_1_241' title='bbox 502 3005 762 3062; x_wconf 85' lang='lat' dir='ltr'><strong>versitas?</strong></span> <span class='ocrx_word' id='word_1_242' title='bbox 791 3003 1043 3060; x_wconf 82' lang='lat' dir='ltr'><strong>Tenenda</strong></span> <span class='ocrx_word' id='word_1_243' title='bbox 1067 3012 1148 3059; x_wconf 89' lang='lat' dir='ltr'><strong>est</strong></span> <span class='ocrx_word' id='word_1_244' title='bbox 1195 3003 1249 3057; x_wconf 90' lang='lat' dir='ltr'><strong>in</strong></span> <span class='ocrx_word' id='word_1_245' title='bbox 1292 3001 1393 3079; x_wconf 91' lang='lat' dir='ltr'><strong>hoc</strong></span> <span class='ocrx_word' id='word_1_246' title='bbox 1438 3001 1562 3077; x_wconf 86' lang='lat' dir='ltr'><strong>feno</strong></span> <span class='ocrx_word' id='word_1_247' title='bbox 1591 3010 1644 3056; x_wconf 91' lang='lat' dir='ltr'><strong>et</strong></span> <span class='ocrx_word' id='word_1_248' title='bbox 1672 3001 1723 3056; x_wconf 93' lang='lat' dir='ltr'><strong>in</strong></span> <span class='ocrx_word' id='word_1_249' title='bbox 1750 2999 1937 3056; x_wconf 91' lang='lat' dir='ltr'><strong>diebus</strong></span> <span class='ocrx_word' id='word_1_250' title='bbox 1965 2998 2078 3056; x_wconf 89' lang='lat' dir='ltr'><strong>feni</strong></span> 
     </span>
    </p>
   </div>
   <div class='ocr_carea' id='block_1_32' title="bbox 502 3080 2075 3173">
    <p class='ocr_par' dir='ltr' id='par_1_32' title="bbox 502 3080 2075 3173">
     <span class='ocr_line' id='line_1_32' title="bbox 502 3080 2075 3173; baseline -0.003 -21"><span class='ocrx_word' id='word_1_251' title='bbox 502 3098 588 3152; x_wconf 87' lang='lat' dir='ltr'><strong>via</strong></span> <span class='ocrx_word' id='word_1_252' title='bbox 610 3082 800 3164; x_wconf 81' lang='lat' dir='ltr'><strong>tutior,</strong></span> <span class='ocrx_word' id='word_1_253' title='bbox 846 3094 1082 3173; x_wconf 83' lang='lat' dir='ltr'><strong>Verbum</strong></span> <span class='ocrx_word' id='word_1_254' title='bbox 1110 3092 1242 3169; x_wconf 87' lang='lat' dir='ltr'><strong>Dei.</strong></span> <span class='ocrx_word' id='word_1_255' title='bbox 1296 3091 1430 3148; x_wconf 91' lang='lat' dir='ltr'><strong>Cum</strong></span> <span class='ocrx_word' id='word_1_256' title='bbox 1477 3091 1620 3147; x_wconf 90' lang='lat' dir='ltr'><strong>enim</strong></span> <span class='ocrx_word' id='word_1_257' title='bbox 1670 3080 1870 3146; x_wconf 83' lang='lat' dir='ltr'><strong>dictum</strong></span> <span class='ocrx_word' id='word_1_258' title='bbox 1912 3100 2075 3157; x_wconf 89' lang='lat' dir='ltr'><strong>esset,</strong></span> 
     </span>
    </p>
   </div>
   <div class='ocr_carea' id='block_1_33' title="bbox 507 3183 2077 3263">
    <p class='ocr_par' dir='ltr' id='par_1_33' title="bbox 507 3183 2077 3263">
     <span class='ocr_line' id='line_1_33' title="bbox 507 3183 2077 3263; baseline -0.003 -22"><span class='ocrx_word' id='word_1_259' title='bbox 507 3187 684 3242; x_wconf 85' lang='lat' dir='ltr'><strong>Omnis</strong></span> <span class='ocrx_word' id='word_1_260' title='bbox 723 3202 840 3241; x_wconf 86' lang='lat' dir='ltr'><strong>caro</strong></span> <span class='ocrx_word' id='word_1_261' title='bbox 869 3186 1063 3263; x_wconf 76' lang='lat' dir='ltr'><strong>fenum,</strong></span> <span class='ocrx_word' id='word_1_262' title='bbox 1088 3192 1136 3239; x_wconf 87' lang='lat' dir='ltr'><strong>et</strong></span> <span class='ocrx_word' id='word_1_263' title='bbox 1161 3184 1324 3239; x_wconf 80' lang='lat' dir='ltr'><strong>omnis</strong></span> <span class='ocrx_word' id='word_1_264' title='bbox 1349 3183 1509 3255; x_wconf 74' lang='lat' dir='ltr'><strong>[tortor</strong></span> <span class='ocrx_word' id='word_1_265' title='bbox 1537 3184 1705 3238; x_wconf 84' lang='lat' dir='ltr'><strong>carnis</strong></span> <span class='ocrx_word' id='word_1_266' title='bbox 1730 3193 1786 3237; x_wconf 88' lang='lat' dir='ltr'><strong>ut</strong></span> <span class='ocrx_word' id='word_1_267' title='bbox 1809 3184 1907 3254; x_wconf 82' lang='lat' dir='ltr'><strong>ﬂos</strong></span> <span class='ocrx_word' id='word_1_268' title='bbox 1933 3184 2035 3254; x_wconf 79' lang='lat' dir='ltr'><strong>feni</strong></span> <span class='ocrx_word' id='word_1_269' title='bbox 2058 3201 2077 3249; x_wconf 89' lang='lat'><strong><em>;</em></strong></span> 
     </span>
    </p>
   </div>
   <div class='ocr_carea' id='block_1_34' title="bbox 500 3264 2080 3349">
    <p class='ocr_par' dir='ltr' id='par_1_34' title="bbox 500 3264 2080 3349">
     <span class='ocr_line' id='line_1_34' title="bbox 500 3264 2080 3349; baseline -0.001 -17"><span class='ocrx_word' id='word_1_270' title='bbox 500 3278 675 3349; x_wconf 73' lang='lat' dir='ltr'><strong>fenum</strong></span> <span class='ocrx_word' id='word_1_271' title='bbox 701 3279 857 3344; x_wconf 88' lang='lat' dir='ltr'><strong>aruit,</strong></span> <span class='ocrx_word' id='word_1_272' title='bbox 882 3278 980 3347; x_wconf 74' lang='lat' dir='ltr'><strong>ﬂos</strong></span> <span class='ocrx_word' id='word_1_273' title='bbox 1006 3275 1192 3330; x_wconf 83' lang='lat' dir='ltr'><strong>decidit</strong></span> <span class='ocrx_word' id='word_1_274' title='bbox 1237 3275 1430 3346; x_wconf 87' lang='lat' dir='ltr'><strong>:quasi</strong></span> <span class='ocrx_word' id='word_1_275' title='bbox 1470 3264 1912 3349; x_wconf 14' lang='lat' dir='ltr'><strong>nosg‘quaeramus,</strong></span> <span class='ocrx_word' id='word_1_276' title='bbox 1947 3275 2080 3343; x_wconf 73' lang='lat' dir='ltr'><strong>Qua:</strong></span> 
     </span>
    </p>
   </div>
   <div class='ocr_carea' id='block_1_35' title="bbox 512 3363 2079 3447">
    <p class='ocr_par' dir='ltr' id='par_1_35' title="bbox 512 3363 2079 3447">
     <span class='ocr_line' id='line_1_35' title="bbox 512 3363 2079 3447; baseline -0.004 -22"><span class='ocrx_word' id='word_1_277' title='bbox 512 3369 636 3425; x_wconf 86' lang='lat' dir='ltr'><strong>feno</strong></span> <span class='ocrx_word' id='word_1_278' title='bbox 664 3369 824 3439; x_wconf 88' lang='lat' dir='ltr'><strong>spes?</strong></span> <span class='ocrx_word' id='word_1_279' title='bbox 853 3383 971 3438; x_wconf 73' lang='lat' dir='ltr'><strong>qua:</strong></span> <span class='ocrx_word' id='word_1_280' title='bbox 1010 3366 1131 3422; x_wconf 81' lang='lat' dir='ltr'><strong>flori</strong></span> <span class='ocrx_word' id='word_1_281' title='bbox 1156 3366 1263 3422; x_wconf 83' lang='lat' dir='ltr'><strong>feni</strong></span> <span class='ocrx_word' id='word_1_282' title='bbox 1289 3363 1584 3447; x_wconf 75' lang='lat' dir='ltr'><strong>stabilitas?</strong></span> <span class='ocrx_word' id='word_1_283' title='bbox 1608 3364 1701 3443; x_wconf 86' lang='lat' dir='ltr'><strong>sed</strong></span> <span class='ocrx_word' id='word_1_284' title='bbox 1735 3363 1969 3435; x_wconf 80' lang='lat' dir='ltr'><strong>Verbum,</strong></span> <span class='ocrx_word' id='word_1_285' title='bbox 1996 3366 2079 3419; x_wconf 90' lang='lat' dir='ltr'><strong>in-</strong></span> 
     </span>
    </p>
   </div>
   <div class='ocr_carea' id='block_1_36' title="bbox 506 3454 2079 3531">
    <p class='ocr_par' dir='ltr' id='par_1_36' title="bbox 506 3454 2079 3531">
     <span class='ocr_line' id='line_1_36' title="bbox 506 3454 2079 3531; baseline -0.003 -17"><span class='ocrx_word' id='word_1_286' title='bbox 506 3460 639 3531; x_wconf 87' lang='lat' dir='ltr'><strong>quit,</strong></span> <span class='ocrx_word' id='word_1_287' title='bbox 664 3459 872 3514; x_wconf 84' lang='lat' dir='ltr'><strong>Domini</strong></span> <span class='ocrx_word' id='word_1_288' title='bbox 907 3467 1073 3513; x_wconf 86' lang='lat' dir='ltr'><strong>mauet</strong></span> <span class='ocrx_word' id='word_1_289' title='bbox 1097 3458 1151 3512; x_wconf 83' lang='lat' dir='ltr'><strong>in</strong></span> <span class='ocrx_word' id='word_1_290' title='bbox 1182 3463 1445 3513; x_wconf 66' lang='lat' dir='ltr'><strong>aeternum.</strong></span> <span class='ocrx_word' id='word_1_291' title='bbox 1476 3455 1543 3511; x_wconf 86' lang='lat' dir='ltr'><strong>Et</strong></span> <span class='ocrx_word' id='word_1_292' title='bbox 1570 3454 1732 3522; x_wconf 85' lang='lat' dir='ltr'><strong>unde,</strong></span> <span class='ocrx_word' id='word_1_293' title='bbox 1774 3455 1971 3527; x_wconf 88' lang='lat' dir='ltr'><strong>inquis,</strong></span> <span class='ocrx_word' id='word_1_294' title='bbox 2012 3454 2079 3510; x_wconf 89' lang='lat' dir='ltr'><strong>ad</strong></span> 
     </span>
    </p>
   </div>
   <div class='ocr_carea' id='block_1_37' title="bbox 504 3546 2079 3625">
    <p class='ocr_par' dir='ltr' id='par_1_37' title="bbox 504 3546 2079 3625">
     <span class='ocr_line' id='line_1_37' title="bbox 504 3546 2079 3625; baseline -0.005 -18"><span class='ocrx_word' id='word_1_295' title='bbox 504 3567 592 3607; x_wconf 86' lang='lat' dir='ltr'><strong>me</strong></span> <span class='ocrx_word' id='word_1_296' title='bbox 622 3549 851 3606; x_wconf 86' lang='lat' dir='ltr'><strong>Verbum</strong></span> <span class='ocrx_word' id='word_1_297' title='bbox 873 3548 1120 3604; x_wconf 82' lang='lat' dir='ltr'><strong>Domini?</strong></span> <span class='ocrx_word' id='word_1_298' title='bbox 1151 3547 1365 3603; x_wconf 81' lang='lat' dir='ltr'><strong>Verbum</strong></span> <span class='ocrx_word' id='word_1_299' title='bbox 1391 3562 1524 3602; x_wconf 88' lang='lat' dir='ltr'><strong>caro</strong></span> <span class='ocrx_word' id='word_1_300' title='bbox 1552 3549 1742 3625; x_wconf 77' lang='lat' dir='ltr'><strong>factum</strong></span> <span class='ocrx_word' id='word_1_301' title='bbox 1776 3556 1867 3615; x_wconf 88' lang='lat' dir='ltr'><strong>est,</strong></span> <span class='ocrx_word' id='word_1_302' title='bbox 1907 3556 1955 3602; x_wconf 91' lang='lat' dir='ltr'><strong>et</strong></span> <span class='ocrx_word' id='word_1_303' title='bbox 1983 3546 2079 3600; x_wconf 84' lang='lat' dir='ltr'><strong>Im-</strong></span> 
     </span>
    </p>
   </div>
   <div class='ocr_carea' id='block_1_38' title="bbox 486 3639 2078 3717">
    <p class='ocr_par' dir='ltr' id='par_1_38' title="bbox 486 3639 2078 3717">
     <span class='ocr_line' id='line_1_38' title="bbox 486 3639 2078 3717; baseline -0.004 -18"><span class='ocrx_word' id='word_1_304' title='bbox 486 3644 677 3699; x_wconf 54' lang='lat' dir='ltr'><strong>‘bitavit</strong></span> <span class='ocrx_word' id='word_1_305' title='bbox 719 3643 772 3697; x_wconf 88' lang='lat' dir='ltr'><strong>in</strong></span> <span class='ocrx_word' id='word_1_306' title='bbox 818 3641 958 3698; x_wconf 80' lang='lat' dir='ltr'><strong>nobis</strong></span> <span class='ocrx_word' id='word_1_307' title='bbox 988 3641 1231 3712; x_wconf 83' lang='lat' dir='ltr'><strong>(Joan.t,</strong></span> <span class='ocrx_word' id='word_1_308' title='bbox 1261 3641 1370 3712; x_wconf 65' lang='lat' dir='ltr'><strong>l4).</strong></span> <span class='ocrx_word' id='word_1_309' title='bbox 1419 3640 1652 3717; x_wconf 84' lang='lat' dir='ltr'><strong>Verbum</strong></span> <span class='ocrx_word' id='word_1_310' title='bbox 1696 3640 1839 3694; x_wconf 91' lang='lat' dir='ltr'><strong>enim</strong></span> <span class='ocrx_word' id='word_1_311' title='bbox 1868 3639 2078 3693; x_wconf 90' lang='lat' dir='ltr'><strong>Domini</strong></span> 
     </span>
    </p>
   </div>
   <div class='ocr_carea' id='block_1_39' title="bbox 488 3728 2079 3804">
    <p class='ocr_par' dir='ltr' id='par_1_39' title="bbox 488 3728 2079 3804">
     <span class='ocr_line' id='line_1_39' title="bbox 488 3728 2079 3804; baseline -0.005 -14"><span class='ocrx_word' id='word_1_312' title='bbox 488 3735 600 3790; x_wconf 81' lang='lat' dir='ltr'><strong>tibi</strong></span> <span class='ocrx_word' id='word_1_313' title='bbox 628 3733 756 3789; x_wconf 89' lang='lat' dir='ltr'><strong>dicit</strong></span> <span class='ocrx_word' id='word_1_314' title='bbox 785 3730 950 3789; x_wconf 75' lang='grc' dir='ltr'><strong>ε.Νοιί</strong></span> <span class='ocrx_word' id='word_1_315' title='bbox 983 3747 1233 3804; x_wconf 87' lang='lat' dir='ltr'><strong>respuere</strong></span> <span class='ocrx_word' id='word_1_316' title='bbox 1257 3730 1572 3801; x_wconf 87' lang='lat' dir='ltr'><strong>promissum</strong></span> <span class='ocrx_word' id='word_1_317' title='bbox 1596 3745 1793 3797; x_wconf 85' lang='lat' dir='ltr'><strong>meum,</strong></span> <span class='ocrx_word' id='word_1_318' title='bbox 1814 3728 1949 3799; x_wconf 81' lang='lat' dir='ltr'><strong>quia</strong></span> <span class='ocrx_word' id='word_1_319' title='bbox 1974 3744 2079 3783; x_wconf 91' lang='lat' dir='ltr'><strong>non</strong></span> 
     </span>
    </p>
   </div>
   <div class='ocr_carea' id='block_1_40' title="bbox 510 3819 2084 3893">
    <p class='ocr_par' dir='ltr' id='par_1_40' title="bbox 510 3819 2084 3893">
     <span class='ocr_line' id='line_1_40' title="bbox 510 3819 2084 3893; baseline -0.004 -14"><span class='ocrx_word' id='word_1_320' title='bbox 510 3824 689 3893; x_wconf 84' lang='lat' dir='ltr'><strong>respui</strong></span> <span class='ocrx_word' id='word_1_321' title='bbox 737 3821 919 3879; x_wconf 87' lang='lat' dir='ltr'><strong>fenum</strong></span> <span class='ocrx_word' id='word_1_322' title='bbox 950 3831 1116 3877; x_wconf 74' lang='lat' dir='ltr'><strong>tuum.</strong></span> <span class='ocrx_word' id='word_1_323' title='bbox 1166 3821 1278 3876; x_wconf 83' lang='lat' dir='ltr'><strong>Hoc</strong></span> <span class='ocrx_word' id='word_1_324' title='bbox 1306 3836 1431 3892; x_wconf 91' lang='lat' dir='ltr'><strong>ergo</strong></span> <span class='ocrx_word' id='word_1_325' title='bbox 1465 3819 1607 3891; x_wconf 89' lang='lat' dir='ltr'><strong>quod</strong></span> <span class='ocrx_word' id='word_1_326' title='bbox 1652 3820 1807 3875; x_wconf 85' lang='lat' dir='ltr'><strong>nobis</strong></span> <span class='ocrx_word' id='word_1_327' title='bbox 1838 3820 2084 3891; x_wconf 60' lang='lat' dir='ltr'><strong>praestitit</strong></span> 
     </span>
    </p>
   </div>
   <div class='ocr_carea' id='block_1_41' title="bbox 508 3912 2080 3983">
    <p class='ocr_par' dir='ltr' id='par_1_41' title="bbox 508 3912 2080 3983">
     <span class='ocr_line' id='line_1_41' title="bbox 508 3912 2080 3983; baseline -0.001 -16"><span class='ocrx_word' id='word_1_328' title='bbox 508 3913 997 3979; x_wconf 82' lang='lat' dir='ltr'><strong>Verbum&#39;Domini,</strong></span> <span class='ocrx_word' id='word_1_329' title='bbox 1021 3921 1080 3970; x_wconf 88' lang='lat' dir='ltr'><strong>ut</strong></span> <span class='ocrx_word' id='word_1_330' title='bbox 1105 3912 1169 3969; x_wconf 89' lang='lat' dir='ltr'><strong>ad</strong></span> <span class='ocrx_word' id='word_1_331' title='bbox 1193 3913 1362 3983; x_wconf 84' lang='lat' dir='ltr'><strong>ipsum</strong></span> <span class='ocrx_word' id='word_1_332' title='bbox 1392 3928 1488 3967; x_wconf 91' lang='lat' dir='ltr'><strong>nos</strong></span> <span class='ocrx_word' id='word_1_333' title='bbox 1518 3920 1841 3980; x_wconf 88' lang='lat' dir='ltr'><strong>teneremus,</strong></span> <span class='ocrx_word' id='word_1_334' title='bbox 1869 3928 1937 3967; x_wconf 89' lang='lat' dir='ltr'><strong>ne</strong></span> <span class='ocrx_word' id='word_1_335' title='bbox 1960 3926 2080 3966; x_wconf 87' lang='lat' dir='ltr'><strong>cum</strong></span> 
     </span>
    </p>
   </div>
   <div class='ocr_carea' id='block_1_42' title="bbox 508 3994 2083 4076">
    <p class='ocr_par' dir='ltr' id='par_1_42' title="bbox 508 3994 2083 4076">
     <span class='ocr_line' id='line_1_42' title="bbox 508 3994 2083 4076; baseline -0.001 -16"><span class='ocrx_word' id='word_1_336' title='bbox 508 4007 641 4061; x_wconf 85' lang='lat' dir='ltr'><strong>flore</strong></span> <span class='ocrx_word' id='word_1_337' title='bbox 669 4006 773 4061; x_wconf 87' lang='lat' dir='ltr'><strong>feni</strong></span> <span class='ocrx_word' id='word_1_338' title='bbox 801 3994 1149 4061; x_wconf 83' lang='lat' dir='ltr'><strong>transiremus</strong></span> <span class='ocrx_word' id='word_1_339' title='bbox 1197 4023 1210 4060; x_wconf 94' lang='lat'>:</span> <span class='ocrx_word' id='word_1_340' title='bbox 1256 4005 1357 4064; x_wconf 89' lang='lat' dir='ltr'><strong>hoc</strong></span> <span class='ocrx_word' id='word_1_341' title='bbox 1407 4020 1536 4076; x_wconf 81' lang='lat' dir='ltr'><strong>ergo</strong></span> <span class='ocrx_word' id='word_1_342' title='bbox 1573 4004 1711 4075; x_wconf 91' lang='lat' dir='ltr'><strong>quod</strong></span> <span class='ocrx_word' id='word_1_343' title='bbox 1755 4005 1910 4061; x_wconf 89' lang='lat' dir='ltr'><strong>nobis</strong></span> <span class='ocrx_word' id='word_1_344' title='bbox 1947 4020 2083 4075; x_wconf 71' lang='lat' dir='ltr'><strong>pra:-</strong></span> 
     </span>
    </p>
   </div>
   <div class='ocr_carea' id='block_1_43' title="bbox 507 4096 2078 4166">
    <p class='ocr_par' dir='ltr' id='par_1_43' title="bbox 507 4096 2078 4166">
     <span class='ocr_line' id='line_1_43' title="bbox 507 4096 2078 4166; baseline -0.001 -13"><span class='ocrx_word' id='word_1_345' title='bbox 507 4099 664 4163; x_wconf 86' lang='lat' dir='ltr'><strong>stitit,</strong></span> <span class='ocrx_word' id='word_1_346' title='bbox 695 4106 754 4152; x_wconf 91' lang='lat' dir='ltr'><strong>ut</strong></span> <span class='ocrx_word' id='word_1_347' title='bbox 784 4096 1013 4152; x_wconf 80' lang='lat' dir='ltr'><strong>Verbum</strong></span> <span class='ocrx_word' id='word_1_348' title='bbox 1041 4111 1168 4153; x_wconf 86' lang='lat' dir='ltr'><strong>caro</strong></span> <span class='ocrx_word' id='word_1_349' title='bbox 1193 4096 1360 4163; x_wconf 80' lang='lat' dir='ltr'><strong>fieret,</strong></span> <span class='ocrx_word' id='word_1_350' title='bbox 1393 4096 1691 4166; x_wconf 89' lang='lat' dir='ltr'><strong>suscipiens</strong></span> <span class='ocrx_word' id='word_1_351' title='bbox 1718 4110 2078 4163; x_wconf 87' lang='lat' dir='ltr'><strong>carnem,uon</strong></span> 
     </span>
    </p>
   </div>
   <div class='ocr_carea' id='block_1_44' title="bbox 509 4189 2083 4255">
    <p class='ocr_par' dir='ltr' id='par_1_44' title="bbox 509 4189 2083 4255">
     <span class='ocr_line' id='line_1_44' title="bbox 509 4189 2083 4255; baseline -0.002 -10"><span class='ocrx_word' id='word_1_352' title='bbox 509 4199 772 4245; x_wconf 88' lang='lat' dir='ltr'><strong>mutatum</strong></span> <span class='ocrx_word' id='word_1_353' title='bbox 792 4189 852 4243; x_wconf 89' lang='lat' dir='ltr'><strong>in</strong></span> <span class='ocrx_word' id='word_1_354' title='bbox 886 4203 1143 4253; x_wconf 86' lang='lat' dir='ltr'><strong>carnem;</strong></span> <span class='ocrx_word' id='word_1_355' title='bbox 1171 4202 1394 4243; x_wconf 88' lang='lat' dir='ltr'><strong>manens</strong></span> <span class='ocrx_word' id='word_1_356' title='bbox 1439 4196 1493 4242; x_wconf 90' lang='lat' dir='ltr'><strong>et</strong></span> <span class='ocrx_word' id='word_1_357' title='bbox 1529 4201 1830 4255; x_wconf 89' lang='lat' dir='ltr'><strong>assumens,</strong></span> <span class='ocrx_word' id='word_1_358' title='bbox 1860 4201 2083 4242; x_wconf 89' lang='lat' dir='ltr'><strong>manens</strong></span> 
     </span>
    </p>
   </div>
   <div class='ocr_carea' id='block_1_45' title="bbox 510 4277 2082 4352">
    <p class='ocr_par' dir='ltr' id='par_1_45' title="bbox 510 4277 2082 4352">
     <span class='ocr_line' id='line_1_45' title="bbox 510 4277 2082 4352; baseline -0.001 -16"><span class='ocrx_word' id='word_1_359' title='bbox 510 4280 652 4352; x_wconf 85' lang='lat' dir='ltr'><strong>quod</strong></span> <span class='ocrx_word' id='word_1_360' title='bbox 678 4288 811 4345; x_wconf 87' lang='lat' dir='ltr'><strong>erat,</strong></span> <span class='ocrx_word' id='word_1_361' title='bbox 844 4294 1120 4336; x_wconf 84' lang='lat' dir='ltr'><strong>assumens</strong></span> <span class='ocrx_word' id='word_1_362' title='bbox 1145 4277 1284 4349; x_wconf 86' lang='lat' dir='ltr'><strong>quod</strong></span> <span class='ocrx_word' id='word_1_363' title='bbox 1319 4293 1433 4332; x_wconf 82' lang='lat' dir='ltr'><strong>non</strong></span> <span class='ocrx_word' id='word_1_364' title='bbox 1464 4285 1579 4332; x_wconf 87' lang='lat' dir='ltr'><strong>erat</strong></span> <span class='ocrx_word' id='word_1_365' title='bbox 1622 4296 1636 4332; x_wconf 92' lang='lat'><strong>:</strong></span> <span class='ocrx_word' id='word_1_366' title='bbox 1664 4277 1768 4334; x_wconf 87' lang='lat' dir='ltr'><strong>hoc</strong></span> <span class='ocrx_word' id='word_1_367' title='bbox 1792 4294 1919 4351; x_wconf 89' lang='lat' dir='ltr'><strong>ergo</strong></span> <span class='ocrx_word' id='word_1_368' title='bbox 1942 4280 2082 4350; x_wconf 89' lang='lat' dir='ltr'><strong>quod</strong></span> 
     </span>
    </p>
   </div>
   <div class='ocr_carea' id='block_1_46' title="bbox 509 4370 1780 4442">
    <p class='ocr_par' dir='ltr' id='par_1_46' title="bbox 509 4370 1780 4442">
     <span class='ocr_line' id='line_1_46' title="bbox 509 4370 1780 4442; baseline -0.003 -14"><span class='ocrx_word' id='word_1_369' title='bbox 509 4373 662 4428; x_wconf 89' lang='lat' dir='ltr'><strong>nobis</strong></span> <span class='ocrx_word' id='word_1_370' title='bbox 692 4371 955 4442; x_wconf 72' lang='lat' dir='ltr'><strong>prtestitit,</strong></span> <span class='ocrx_word' id='word_1_371' title='bbox 982 4370 1140 4426; x_wconf 89' lang='lat' dir='ltr'><strong>etiam</strong></span> <span class='ocrx_word' id='word_1_372' title='bbox 1167 4370 1365 4440; x_wconf 84' lang='lat' dir='ltr'><strong>piscina</strong></span> <span class='ocrx_word' id='word_1_373' title='bbox 1388 4370 1475 4424; x_wconf 86' lang='lat' dir='ltr'><strong>illa</strong></span> <span class='ocrx_word' id='word_1_374' title='bbox 1498 4370 1780 4441; x_wconf 83' lang='lat' dir='ltr'><strong>significat.</strong></span> 
     </span>
    </p>
   </div>
   <div class='ocr_carea' id='block_1_47' title="bbox 578 4460 2079 4539">
    <p class='ocr_par' dir='ltr' id='par_1_47' title="bbox 578 4460 2079 4539">
     <span class='ocr_line' id='line_1_47' title="bbox 578 4460 2079 4539; baseline -0.001 -19"><span class='ocrx_word' id='word_1_375' title='bbox 578 4463 803 4520; x_wconf 83' lang='lat' dir='ltr'><strong>CAPUT</strong></span> <span class='ocrx_word' id='word_1_376' title='bbox 842 4462 926 4517; x_wconf 84' lang='lat' dir='ltr'><strong>lli.</strong></span> <span class='ocrx_word' id='word_1_377' title='bbox 966 4492 1037 4503; x_wconf 90' lang='lat'><strong>-——</strong></span> <span class='ocrx_word' id='word_1_378' title='bbox 1075 4462 1127 4518; x_wconf 82' lang='lat'><strong>&#39;5.</strong></span> <span class='ocrx_word' id='word_1_379' title='bbox 1180 4460 1398 4539; x_wconf 75' lang='lat' dir='ltr'><strong>Piscina:</strong></span> <span class='ocrx_word' id='word_1_380' title='bbox 1443 4462 1708 4530; x_wconf 79' lang='lat' dir='ltr'><strong>probaticte</strong></span> <span class='ocrx_word' id='word_1_381' title='bbox 1761 4463 2079 4535; x_wconf 80' lang='lat' dir='ltr'><strong>signiﬁcatio.</strong></span> 
     </span>
    </p>
   </div>
   <div class='ocr_carea' id='block_1_48' title="bbox 511 4552 2084 4624">
    <p class='ocr_par' dir='ltr' id='par_1_48' title="bbox 511 4552 2084 4624">
     <span class='ocr_line' id='line_1_48' title="bbox 511 4552 2084 4624; baseline -0.001 -14"><span class='ocrx_word' id='word_1_382' title='bbox 511 4555 790 4611; x_wconf 83' lang='lat' dir='ltr'><strong>Humilitas</strong></span> <span class='ocrx_word' id='word_1_383' title='bbox 819 4553 1001 4609; x_wconf 86' lang='lat' dir='ltr'><strong>Christi</strong></span> <span class='ocrx_word' id='word_1_384' title='bbox 1026 4569 1113 4624; x_wconf 87' lang='lat' dir='ltr'><strong>per</strong></span> <span class='ocrx_word' id='word_1_385' title='bbox 1135 4552 1420 4623; x_wconf 75' lang='lat' dir='ltr'><strong>superbiam</strong></span> <span class='ocrx_word' id='word_1_386' title='bbox 1447 4569 1547 4608; x_wconf 82' lang='lat' dir='ltr'><strong>non</strong></span> <span class='ocrx_word' id='word_1_387' title='bbox 1575 4553 1874 4624; x_wconf 77' lang='lat' dir='ltr'><strong>respuenda.</strong></span> <span class='ocrx_word' id='word_1_388' title='bbox 1898 4554 2084 4610; x_wconf 82' lang='lat' dir='ltr'><strong>Brevi-</strong></span> 
     </span>
    </p>
   </div>
   <div class='ocr_carea' id='block_1_49' title="bbox 508 4632 2084 4723">
    <p class='ocr_par' dir='ltr' id='par_1_49' title="bbox 508 4632 2084 4723">
     <span class='ocr_line' id='line_1_49' title="bbox 508 4632 2084 4723; baseline -0.002 -21"><span class='ocrx_word' id='word_1_389' title='bbox 508 4658 591 4702; x_wconf 90' lang='lat' dir='ltr'><strong>ter</strong></span> <span class='ocrx_word' id='word_1_390' title='bbox 617 4646 737 4703; x_wconf 88' lang='lat' dir='ltr'><strong>dico</strong></span> <span class='ocrx_word' id='word_1_391' title='bbox 762 4663 775 4698; x_wconf 92' lang='lat'><strong>:</strong></span> <span class='ocrx_word' id='word_1_392' title='bbox 802 4658 936 4715; x_wconf 89' lang='lat' dir='ltr'><strong>aqua</strong></span> <span class='ocrx_word' id='word_1_393' title='bbox 976 4643 1097 4723; x_wconf 91' lang='lat' dir='ltr'><strong>illa,</strong></span> <span class='ocrx_word' id='word_1_394' title='bbox 1126 4641 1375 4699; x_wconf 85' lang='lat' dir='ltr'><strong>Judaicus</strong></span> <span class='ocrx_word' id='word_1_395' title='bbox 1413 4632 1645 4723; x_wconf 81' lang='lat' dir='ltr'><strong>populus</strong></span> <span class='ocrx_word' id='word_1_396' title='bbox 1675 4652 1821 4708; x_wconf 87' lang='lat' dir='ltr'><strong>erat;</strong></span> <span class='ocrx_word' id='word_1_397' title='bbox 1852 4643 2084 4714; x_wconf 87' lang='lat' dir='ltr'><strong>quinque</strong></span> 
     </span>
    </p>
   </div>
   <div class='ocr_carea' id='block_1_50' title="bbox 506 4726 2169 4809">
    <p class='ocr_par' dir='ltr' id='par_1_50' title="bbox 506 4726 2169 4809">
     <span class='ocr_line' id='line_1_50' title="bbox 506 4726 2169 4809; baseline -0.002 -16"><span class='ocrx_word' id='word_1_398' title='bbox 506 4736 743 4809; x_wconf 87' lang='lat' dir='ltr'><strong>porticus</strong></span> <span class='ocrx_word' id='word_1_399' title='bbox 762 4776 777 4801; x_wconf 91' lang='lat'><strong>,</strong></span> <span class='ocrx_word' id='word_1_400' title='bbox 809 4734 938 4790; x_wconf 87' lang='lat' dir='ltr'><strong>Lex.</strong></span> <span class='ocrx_word' id='word_1_401' title='bbox 977 4726 1219 4804; x_wconf 83' lang='lat' dir='ltr'><strong>Quinque</strong></span> <span class='ocrx_word' id='word_1_402' title='bbox 1254 4733 1394 4788; x_wconf 91' lang='lat' dir='ltr'><strong>enim</strong></span> <span class='ocrx_word' id='word_1_403' title='bbox 1425 4733 1588 4789; x_wconf 90' lang='lat' dir='ltr'><strong>libros</strong></span> <span class='ocrx_word' id='word_1_404' title='bbox 1616 4734 1827 4805; x_wconf 89' lang='lat' dir='ltr'><strong>scripsit</strong></span> <span class='ocrx_word' id='word_1_405' title='bbox 1849 4735 2080 4806; x_wconf 82' lang='lat' dir='ltr'><strong>Moyses.</strong></span> <span class='ocrx_word' id='word_1_406' title='bbox 2168 4726 2169 4733; x_wconf 48' lang='grc'><em>“</em></span> 
     </span>
    </p>
   </div>
   <div class='ocr_carea' id='block_1_51' title="bbox 507 4824 2085 4899">
    <p class='ocr_par' dir='ltr' id='par_1_51' title="bbox 507 4824 2085 4899">
     <span class='ocr_line' id='line_1_51' title="bbox 507 4824 2085 4899; baseline -0.001 -15"><span class='ocrx_word' id='word_1_407' title='bbox 507 4829 651 4899; x_wconf 86' lang='lat' dir='ltr'><strong>Ergo</strong></span> <span class='ocrx_word' id='word_1_408' title='bbox 687 4841 821 4897; x_wconf 89' lang='lat' dir='ltr'><strong>aqua</strong></span> <span class='ocrx_word' id='word_1_409' title='bbox 859 4824 1091 4896; x_wconf 84' lang='lat' dir='ltr'><strong>quinque</strong></span> <span class='ocrx_word' id='word_1_410' title='bbox 1124 4824 1411 4894; x_wconf 86' lang='lat' dir='ltr'><strong>porticibus</strong></span> <span class='ocrx_word' id='word_1_411' title='bbox 1438 4824 1777 4895; x_wconf 67' lang='lat' dir='ltr'><strong>cingebatur,</strong></span> <span class='ocrx_word' id='word_1_412' title='bbox 1820 4826 1958 4882; x_wconf 90' lang='lat' dir='ltr'><strong>sicut</strong></span> <span class='ocrx_word' id='word_1_413' title='bbox 1997 4827 2085 4882; x_wconf 89' lang='lat' dir='ltr'><strong>ille</strong></span> 
     </span>
    </p>
   </div>
   <div class='ocr_carea' id='block_1_52' title="bbox 502 4915 2085 4991">
    <p class='ocr_par' dir='ltr' id='par_1_52' title="bbox 502 4915 2085 4991">
     <span class='ocr_line' id='line_1_52' title="bbox 502 4915 2085 4991; baseline 0 -17"><span class='ocrx_word' id='word_1_414' title='bbox 502 4920 736 4991; x_wconf 81' lang='lat' dir='ltr'><strong>pOpulus</strong></span> <span class='ocrx_word' id='word_1_415' title='bbox 764 4917 903 4988; x_wconf 88' lang='lat' dir='ltr'><strong>Lege</strong></span> <span class='ocrx_word' id='word_1_416' title='bbox 930 4915 1293 4972; x_wconf 86' lang='lat' dir='ltr'><strong>coercebatur.</strong></span> <span class='ocrx_word' id='word_1_417' title='bbox 1322 4916 1487 4985; x_wconf 66' lang='lat' dir='ltr'><strong>Aqua:</strong></span> <span class='ocrx_word' id='word_1_418' title='bbox 1521 4916 1847 4986; x_wconf 85' lang='lat' dir='ltr'><strong>perturbatio</strong></span> <span class='ocrx_word' id='word_1_419' title='bbox 1865 4960 1880 4984; x_wconf 93' lang='lat'><strong>,</strong></span> <span class='ocrx_word' id='word_1_420' title='bbox 1912 4918 1966 4973; x_wconf 87' lang='lat' dir='ltr'><strong>in</strong></span> <span class='ocrx_word' id='word_1_421' title='bbox 1992 4919 2085 4974; x_wconf 83' lang='lat' dir='ltr'><strong>illo</strong></span> 
     </span>
    </p>
   </div>
   <div class='ocr_carea' id='block_1_53' title="bbox 506 5005 2081 5083">
    <p class='ocr_par' dir='ltr' id='par_1_53' title="bbox 506 5005 2081 5083">
     <span class='ocr_line' id='line_1_53' title="bbox 506 5005 2081 5083; baseline -0.002 -16"><span class='ocrx_word' id='word_1_422' title='bbox 506 5010 703 5083; x_wconf 89' lang='lat' dir='ltr'><strong>populo</strong></span> <span class='ocrx_word' id='word_1_423' title='bbox 721 5019 801 5066; x_wconf 88' lang='lat' dir='ltr'><strong>est</strong></span> <span class='ocrx_word' id='word_1_424' title='bbox 821 5007 1030 5063; x_wconf 87' lang='lat' dir='ltr'><strong>Domini</strong></span> <span class='ocrx_word' id='word_1_425' title='bbox 1056 5006 1250 5081; x_wconf 75' lang='lat' dir='ltr'><strong>passio.</strong></span> <span class='ocrx_word' id='word_1_426' title='bbox 1275 5005 1754 5075; x_wconf 82' lang='lat' dir='ltr'><strong>Qui&#39;descendebat</strong></span> <span class='ocrx_word' id='word_1_427' title='bbox 1777 5009 2081 5077; x_wconf 88' lang='lat' dir='ltr'><strong>sanabatur,</strong></span> 
     </span>
    </p>
   </div>
   <div class='ocr_carea' id='block_1_54' title="bbox 507 5096 2085 5171">
    <p class='ocr_par' dir='ltr' id='par_1_54' title="bbox 507 5096 2085 5171">
     <span class='ocr_line' id='line_1_54' title="bbox 507 5096 2085 5171; baseline -0.001 -13"><span class='ocrx_word' id='word_1_428' title='bbox 507 5100 720 5158; x_wconf 83' lang='lat' dir='ltr'><strong>nonnisi</strong></span> <span class='ocrx_word' id='word_1_429' title='bbox 749 5114 885 5156; x_wconf 91' lang='lat' dir='ltr'><strong>unus</strong></span> <span class='ocrx_word' id='word_1_430' title='bbox 914 5114 927 5150; x_wconf 91' lang='lat'><strong>:</strong></span> <span class='ocrx_word' id='word_1_431' title='bbox 956 5097 1078 5167; x_wconf 87' lang='lat' dir='ltr'><strong>quia</strong></span> <span class='ocrx_word' id='word_1_432' title='bbox 1119 5096 1232 5167; x_wconf 89' lang='lat' dir='ltr'><strong>ipsa</strong></span> <span class='ocrx_word' id='word_1_433' title='bbox 1267 5108 1352 5152; x_wconf 85' lang='lat' dir='ltr'><strong>est</strong></span> <span class='ocrx_word' id='word_1_434' title='bbox 1386 5097 1564 5152; x_wconf 87' lang='lat' dir='ltr'><strong>unitas</strong></span> <span class='ocrx_word' id='word_1_435' title='bbox 1583 5098 1624 5150; x_wconf 83' lang='grc'><strong>¹.</strong></span> <span class='ocrx_word' id='word_1_436' title='bbox 1653 5097 2085 5171; x_wconf 85' lang='lat' dir='ltr'><strong>Quibuscumque</strong></span> 
     </span>
    </p>
   </div>
   <div class='ocr_carea' id='block_1_55' title="bbox 507 5185 2085 5261">
    <p class='ocr_par' dir='ltr' id='par_1_55' title="bbox 507 5185 2085 5261">
     <span class='ocr_line' id='line_1_55' title="bbox 507 5185 2085 5261; baseline 0 -14"><span class='ocrx_word' id='word_1_437' title='bbox 507 5192 609 5247; x_wconf 87' lang='lat' dir='ltr'><strong>ista</strong></span> <span class='ocrx_word' id='word_1_438' title='bbox 633 5190 879 5261; x_wconf 85' lang='lat' dir='ltr'><strong>displicet</strong></span> <span class='ocrx_word' id='word_1_439' title='bbox 900 5185 1096 5244; x_wconf 89' lang='lat' dir='ltr'><strong>Christi</strong></span> <span class='ocrx_word' id='word_1_440' title='bbox 1124 5186 1299 5258; x_wconf 85' lang='lat' dir='ltr'><strong>passio</strong></span> <span class='ocrx_word' id='word_1_441' title='bbox 1315 5226 1330 5253; x_wconf 92' lang='lat'><strong>,</strong></span> <span class='ocrx_word' id='word_1_442' title='bbox 1356 5186 1569 5257; x_wconf 85' lang='lat' dir='ltr'><strong>superbi</strong></span> <span class='ocrx_word' id='word_1_443' title='bbox 1596 5196 1721 5243; x_wconf 81' lang='lat' dir='ltr'><strong>sum</strong></span> <span class='ocrx_word' id='word_1_444' title='bbox 1745 5208 1759 5245; x_wconf 87' lang='lat'><strong>:</strong></span> <span class='ocrx_word' id='word_1_445' title='bbox 1780 5190 1967 5246; x_wconf 89' lang='lat' dir='ltr'><strong>nolunt</strong></span> <span class='ocrx_word' id='word_1_446' title='bbox 1986 5191 2085 5248; x_wconf 88' lang='lat' dir='ltr'><strong>de-</strong></span> 
     </span>
    </p>
   </div>
   <div class='ocr_carea' id='block_1_56' title="bbox 510 5276 2087 5349">
    <p class='ocr_par' dir='ltr' id='par_1_56' title="bbox 510 5276 2087 5349">
     <span class='ocr_line' id='line_1_56' title="bbox 510 5276 2087 5349; baseline 0.002 -13"><span class='ocrx_word' id='word_1_447' title='bbox 510 5279 798 5346; x_wconf 83' lang='lat' dir='ltr'><strong>scendere,</strong></span> <span class='ocrx_word' id='word_1_448' title='bbox 832 5293 937 5336; x_wconf 92' lang='lat' dir='ltr'><strong>non</strong></span> <span class='ocrx_word' id='word_1_449' title='bbox 980 5286 1254 5334; x_wconf 87' lang='lat' dir='ltr'><strong>sanantur.</strong></span> <span class='ocrx_word' id='word_1_450' title='bbox 1284 5276 1351 5332; x_wconf 86' lang='lat' dir='ltr'><strong>Et</strong></span> <span class='ocrx_word' id='word_1_451' title='bbox 1379 5291 1512 5348; x_wconf 87' lang='lat' dir='ltr'><strong>ego,</strong></span> <span class='ocrx_word' id='word_1_452' title='bbox 1554 5277 1756 5349; x_wconf 89' lang='lat' dir='ltr'><strong>inquit,</strong></span> <span class='ocrx_word' id='word_1_453' title='bbox 1785 5281 2087 5339; x_wconf 86' lang='lat' dir='ltr'><strong>crediturus</strong></span> 
     </span>
    </p>
   </div>
   <div class='ocr_carea' id='block_1_57' title="bbox 506 5367 2084 5437">
    <p class='ocr_par' dir='ltr' id='par_1_57' title="bbox 506 5367 2084 5437">
     <span class='ocr_line' id='line_1_57' title="bbox 506 5367 2084 5437; baseline 0.004 -12"><span class='ocrx_word' id='word_1_454' title='bbox 506 5384 630 5425; x_wconf 88' lang='lat' dir='ltr'><strong>sum</strong></span> <span class='ocrx_word' id='word_1_455' title='bbox 660 5370 825 5426; x_wconf 90' lang='lat' dir='ltr'><strong>Deum</strong></span> <span class='ocrx_word' id='word_1_456' title='bbox 853 5370 908 5425; x_wconf 91' lang='lat' dir='ltr'><strong>in</strong></span> <span class='ocrx_word' id='word_1_457' title='bbox 936 5383 1097 5424; x_wconf 87' lang='lat' dir='ltr'><strong>carne</strong></span> <span class='ocrx_word' id='word_1_458' title='bbox 1114 5409 1129 5435; x_wconf 94' lang='lat'><strong>,</strong></span> <span class='ocrx_word' id='word_1_459' title='bbox 1152 5367 1330 5424; x_wconf 81' lang='lat' dir='ltr'><strong>Deum</strong></span> <span class='ocrx_word' id='word_1_460' title='bbox 1356 5376 1537 5424; x_wconf 90' lang='lat' dir='ltr'><strong>natum</strong></span> <span class='ocrx_word' id='word_1_461' title='bbox 1566 5383 1631 5425; x_wconf 85' lang='lat' dir='ltr'><strong>ex</strong></span> <span class='ocrx_word' id='word_1_462' title='bbox 1658 5370 1850 5426; x_wconf 84' lang='lat' dir='ltr'><strong>femina</strong></span> <span class='ocrx_word' id='word_1_463' title='bbox 1869 5412 1885 5437; x_wconf 92' lang='lat'><strong>,</strong></span> <span class='ocrx_word' id='word_1_464' title='bbox 1917 5373 2084 5430; x_wconf 89' lang='lat' dir='ltr'><strong>Deum</strong></span> 
     </span>
    </p>
   </div>
   <div class='ocr_carea' id='block_1_58' title="bbox 509 5461 2085 5535">
    <p class='ocr_par' dir='ltr' id='par_1_58' title="bbox 509 5461 2085 5535">
     <span class='ocr_line' id='line_1_58' title="bbox 509 5461 2085 5535; baseline 0.003 -15"><span class='ocrx_word' id='word_1_465' title='bbox 509 5462 818 5520; x_wconf 81' lang='lat' dir='ltr'><strong>crucifixum</strong></span> <span class='ocrx_word' id='word_1_466' title='bbox 836 5504 852 5530; x_wconf 91' lang='lat'><strong>,</strong></span> <span class='ocrx_word' id='word_1_467' title='bbox 878 5461 1199 5534; x_wconf 81' lang='lat' dir='ltr'><strong>flagellatam</strong></span> <span class='ocrx_word' id='word_1_468' title='bbox 1216 5503 1231 5530; x_wconf 94' lang='lat'><strong>,</strong></span> <span class='ocrx_word' id='word_1_469' title='bbox 1258 5471 1526 5518; x_wconf 91' lang='lat' dir='ltr'><strong>mortuum</strong></span> <span class='ocrx_word' id='word_1_470' title='bbox 1545 5504 1561 5529; x_wconf 93' lang='lat'><strong>,</strong></span> <span class='ocrx_word' id='word_1_471' title='bbox 1592 5463 1921 5523; x_wconf 88' lang='lat' dir='ltr'><strong>vulneratum</strong></span> <span class='ocrx_word' id='word_1_472' title='bbox 1940 5508 1955 5535; x_wconf 95' lang='lat'><strong>,</strong></span> <span class='ocrx_word' id='word_1_473' title='bbox 1996 5483 2085 5525; x_wconf 89' lang='lat' dir='ltr'><strong>se-</strong></span> 
     </span>
    </p>
   </div>
   <div class='ocr_carea' id='block_1_59' title="bbox 505 5553 2080 5630">
    <p class='ocr_par' dir='ltr' id='par_1_59' title="bbox 505 5553 2080 5630">
     <span class='ocr_line' id='line_1_59' title="bbox 505 5553 2080 5630; baseline 0.003 -18"><span class='ocrx_word' id='word_1_474' title='bbox 505 5554 756 5628; x_wconf 86' lang='lat' dir='ltr'><strong>pultum?</strong></span> <span class='ocrx_word' id='word_1_475' title='bbox 781 5554 936 5611; x_wconf 77' lang='lat' dir='ltr'><strong>Absit</strong></span> <span class='ocrx_word' id='word_1_476' title='bbox 968 5564 1028 5611; x_wconf 91' lang='lat' dir='ltr'><strong>ut</strong></span> <span class='ocrx_word' id='word_1_477' title='bbox 1056 5554 1157 5611; x_wconf 82' lang='lat' dir='ltr'><strong>hoc</strong></span> <span class='ocrx_word' id='word_1_478' title='bbox 1176 5553 1392 5612; x_wconf 86' lang='lat' dir='ltr'><strong>credam</strong></span> <span class='ocrx_word' id='word_1_479' title='bbox 1417 5555 1485 5612; x_wconf 87' lang='lat' dir='ltr'><strong>de</strong></span> <span class='ocrx_word' id='word_1_480' title='bbox 1513 5555 1656 5623; x_wconf 89' lang='lat' dir='ltr'><strong>Deo;</strong></span> <span class='ocrx_word' id='word_1_481' title='bbox 1686 5556 1953 5630; x_wconf 88' lang='lat' dir='ltr'><strong>indignum</strong></span> <span class='ocrx_word' id='word_1_482' title='bbox 1976 5572 2080 5616; x_wconf 85' lang='lat' dir='ltr'><strong>est.</strong></span> 
     </span>
    </p>
   </div>
   <div class='ocr_carea' id='block_1_60' title="bbox 574 5664 1794 5733">
    <p class='ocr_par' dir='ltr' id='par_1_60' title="bbox 574 5664 1794 5733">
     <span class='ocr_line' id='line_1_60' title="bbox 574 5664 1794 5733; baseline 0.005 -18"><span class='ocrx_word' id='word_1_483' title='bbox 574 5670 591 5701; x_wconf 80' lang='grc' dir='ltr'><strong><em>ι</em></strong></span> <span class='ocrx_word' id='word_1_484' title='bbox 620 5676 709 5718; x_wconf 70' lang='lat' dir='ltr'><strong>uss</strong></span> <span class='ocrx_word' id='word_1_485' title='bbox 746 5703 759 5729; x_wconf 91' lang='lat'><strong>,</strong></span> <span class='ocrx_word' id='word_1_486' title='bbox 798 5666 900 5731; x_wconf 85' lang='lat' dir='ltr'><strong>ipse</strong></span> <span class='ocrx_word' id='word_1_487' title='bbox 920 5672 990 5718; x_wconf 85' lang='lat' dir='ltr'><strong>est</strong></span> <span class='ocrx_word' id='word_1_488' title='bbox 1013 5664 1168 5718; x_wconf 82' lang='lat' dir='ltr'><strong>unitas</strong></span> <span class='ocrx_word' id='word_1_489' title='bbox 1194 5677 1214 5719; x_wconf 82' lang='lat'><strong>.&#39;</strong></span> <span class='ocrx_word' id='word_1_490' title='bbox 1237 5665 1287 5719; x_wconf 84' lang='lat' dir='ltr'><strong>id</strong></span> <span class='ocrx_word' id='word_1_491' title='bbox 1323 5673 1433 5731; x_wconf 83' lang='lat' dir='ltr'><strong>est,</strong></span> <span class='ocrx_word' id='word_1_492' title='bbox 1463 5668 1794 5733; x_wconf 76' lang='lat' dir='ltr'><strong>signiﬁcative.</strong></span> 
     </span>
    </p>
   </div>
   <div class='ocr_carea' id='block_1_61' title="bbox 1705 242 2499 306">
    <p class='ocr_par' dir='ltr' id='par_1_61' title="bbox 1705 242 2499 306">
     <span class='ocr_line' id='line_1_61' title="bbox 1705 242 2499 306; baseline 0.003 -4"><span class='ocrx_word' id='word_1_493' title='bbox 1705 246 1759 302; x_wconf 88' lang='lat' dir='ltr'><strong>S.</strong></span> <span class='ocrx_word' id='word_1_494' title='bbox 1802 242 2160 301; x_wconf 73' lang='lat' dir='ltr'><strong>AUGUSTINI</strong></span> <span class='ocrx_word' id='word_1_495' title='bbox 2200 244 2499 306; x_wconf 79' lang='lat' dir='ltr'><strong>EPISCOPI</strong></span> 
     </span>
    </p>
   </div>
   <div class='ocr_carea' id='block_1_62' title="bbox 3655 255 3767 313">
    <p class='ocr_par' dir='ltr' id='par_1_62' title="bbox 3655 255 3767 313">
     <span class='ocr_line' id='line_1_62' title="bbox 3655 255 3767 313; baseline 0.009 -1"><span class='ocrx_word' id='word_1_496' title='bbox 3655 255 3767 313; x_wconf 64' lang='lat'><strong>1&#39;88</strong></span> 
     </span>
    </p>
   </div>
   <div class='ocr_carea' id='block_1_63' title="bbox 2186 359 3764 439">
    <p class='ocr_par' dir='ltr' id='par_1_63' title="bbox 2186 359 3764 439">
     <span class='ocr_line' id='line_1_63' title="bbox 2186 359 3764 439; baseline 0.008 -26"><span class='ocrx_word' id='word_1_497' title='bbox 2186 359 2291 415; x_wconf 89' lang='lat' dir='ltr'><strong>Cor</strong></span> <span class='ocrx_word' id='word_1_498' title='bbox 2312 361 2574 432; x_wconf 85' lang='lat' dir='ltr'><strong>loquatur,</strong></span> <span class='ocrx_word' id='word_1_499' title='bbox 2598 366 2922 423; x_wconf 80' lang='lat' dir='ltr'><strong>nonccrvix.</strong></span> <span class='ocrx_word' id='word_1_500' title='bbox 2944 364 3187 436; x_wconf 82' lang='lat' dir='ltr'><strong>Superbo</strong></span> <span class='ocrx_word' id='word_1_501' title='bbox 3206 365 3411 423; x_wconf 87' lang='lat' dir='ltr'><strong>videtur</strong></span> <span class='ocrx_word' id='word_1_502' title='bbox 3429 367 3640 439; x_wconf 84' lang='lat' dir='ltr'><strong>indigna</strong></span> <span class='ocrx_word' id='word_1_503' title='bbox 3665 369 3764 425; x_wconf 84' lang='lat' dir='ltr'><strong>Do-</strong></span> 
     </span>
    </p>
   </div>
   <div class='ocr_carea' id='block_1_64' title="bbox 2184 452 3766 529">
    <p class='ocr_par' dir='ltr' id='par_1_64' title="bbox 2184 452 3766 529">
     <span class='ocr_line' id='line_1_64' title="bbox 2184 452 3766 529; baseline 0.006 -22"><span class='ocrx_word' id='word_1_504' title='bbox 2184 452 2315 507; x_wconf 84' lang='lat' dir='ltr'><strong>mini</strong></span> <span class='ocrx_word' id='word_1_505' title='bbox 2340 453 2628 520; x_wconf 90' lang='lat' dir='ltr'><strong>humilitas,</strong></span> <span class='ocrx_word' id='word_1_506' title='bbox 2653 455 2773 511; x_wconf 86' lang='lat' dir='ltr'><strong>ideo</strong></span> <span class='ocrx_word' id='word_1_507' title='bbox 2797 471 2830 511; x_wconf 85' lang='lat' dir='ltr'><strong>a</strong></span> <span class='ocrx_word' id='word_1_508' title='bbox 2859 457 3052 515; x_wconf 83' lang='lat' dir='ltr'><strong>talibus</strong></span> <span class='ocrx_word' id='word_1_509' title='bbox 3078 458 3232 529; x_wconf 85' lang='lat' dir='ltr'><strong>longe</strong></span> <span class='ocrx_word' id='word_1_510' title='bbox 3258 460 3315 514; x_wconf 89' lang='lat' dir='ltr'><strong>llt</strong></span> <span class='ocrx_word' id='word_1_511' title='bbox 3334 460 3554 515; x_wconf 82' lang='lat' dir='ltr'><strong>sanitas.</strong></span> <span class='ocrx_word' id='word_1_512' title='bbox 3576 460 3692 516; x_wconf 79' lang='lat' dir='ltr'><strong>Noli</strong></span> <span class='ocrx_word' id='word_1_513' title='bbox 3712 471 3766 518; x_wconf 81' lang='lat' dir='ltr'><strong>to</strong></span> 
     </span>
    </p>
   </div>
   <div class='ocr_carea' id='block_1_65' title="bbox 2183 542 3764 620">
    <p class='ocr_par' dir='ltr' id='par_1_65' title="bbox 2183 542 3764 620">
     <span class='ocr_line' id='line_1_65' title="bbox 2183 542 3764 620; baseline 0.006 -25"><span class='ocrx_word' id='word_1_514' title='bbox 2183 542 2445 598; x_wconf 80' lang='lat' dir='ltr'><strong>extollere</strong></span> <span class='ocrx_word' id='word_1_515' title='bbox 2470 558 2487 597; x_wconf 87' lang='lat'><strong><em>:</em></strong></span> <span class='ocrx_word' id='word_1_516' title='bbox 2517 544 2562 598; x_wconf 90' lang='lat' dir='ltr'><strong>si</strong></span> <span class='ocrx_word' id='word_1_517' title='bbox 2587 544 2665 600; x_wconf 89' lang='lat' dir='ltr'><strong>vis</strong></span> <span class='ocrx_word' id='word_1_518' title='bbox 2683 545 2881 611; x_wconf 88' lang='lat' dir='ltr'><strong>sanari,</strong></span> <span class='ocrx_word' id='word_1_519' title='bbox 2903 546 3185 603; x_wconf 86' lang='lat' dir='ltr'><strong>descende.</strong></span> <span class='ocrx_word' id='word_1_520' title='bbox 3214 548 3577 618; x_wconf 80' lang='lat' dir='ltr'><strong>Expavescere</strong></span> <span class='ocrx_word' id='word_1_521' title='bbox 3600 551 3764 620; x_wconf 84' lang='lat' dir='ltr'><strong>pietas</strong></span> 
     </span>
    </p>
   </div>
   <div class='ocr_carea' id='block_1_66' title="bbox 2183 629 3764 697">
    <p class='ocr_par' dir='ltr' id='par_1_66' title="bbox 2183 629 3764 697">
     <span class='ocr_line' id='line_1_66' title="bbox 2183 629 3764 697; baseline 0.007 -12"><span class='ocrx_word' id='word_1_522' title='bbox 2183 629 2386 697; x_wconf 90' lang='lat' dir='ltr'><strong>debuit,</strong></span> <span class='ocrx_word' id='word_1_523' title='bbox 2415 634 2461 688; x_wconf 91' lang='lat' dir='ltr'><strong>si</strong></span> <span class='ocrx_word' id='word_1_524' title='bbox 2484 632 2726 691; x_wconf 84' lang='lat' dir='ltr'><strong>Christus</strong></span> <span class='ocrx_word' id='word_1_525' title='bbox 2750 637 2802 691; x_wconf 90' lang='lat' dir='ltr'><strong>in</strong></span> <span class='ocrx_word' id='word_1_526' title='bbox 2829 651 2989 693; x_wconf 90' lang='lat' dir='ltr'><strong>carne</strong></span> <span class='ocrx_word' id='word_1_527' title='bbox 3013 639 3282 695; x_wconf 89' lang='lat' dir='ltr'><strong>mutabilis</strong></span> <span class='ocrx_word' id='word_1_528' title='bbox 3306 639 3592 697; x_wconf 87' lang='lat' dir='ltr'><strong>diceretur.</strong></span> <span class='ocrx_word' id='word_1_529' title='bbox 3615 641 3764 696; x_wconf 85' lang='lat' dir='ltr'><strong>Nune</strong></span> 
     </span>
    </p>
   </div>
   <div class='ocr_carea' id='block_1_67' title="bbox 2182 727 3761 800">
    <p class='ocr_par' dir='ltr' id='par_1_67' title="bbox 2182 727 3761 800">
     <span class='ocr_line' id='line_1_67' title="bbox 2182 727 3761 800; baseline 0.008 -24"><span class='ocrx_word' id='word_1_530' title='bbox 2182 733 2359 779; x_wconf 87' lang='lat' dir='ltr'><strong>autem</strong></span> <span class='ocrx_word' id='word_1_531' title='bbox 2383 727 2718 782; x_wconf 82' lang='lat' dir='ltr'><strong>commendat</strong></span> <span class='ocrx_word' id='word_1_532' title='bbox 2744 728 2835 782; x_wconf 89' lang='lat' dir='ltr'><strong>tibi</strong></span> <span class='ocrx_word' id='word_1_533' title='bbox 2851 729 3046 785; x_wconf 88' lang='lat' dir='ltr'><strong>veritas</strong></span> <span class='ocrx_word' id='word_1_534' title='bbox 3069 730 3448 787; x_wconf 87' lang='lat' dir='ltr'><strong>immutabilem</strong></span> <span class='ocrx_word' id='word_1_535' title='bbox 3468 731 3761 800; x_wconf 84' lang='lat' dir='ltr'><strong>Christum,</strong></span> 
     </span>
    </p>
   </div>
   <div class='ocr_carea' id='block_1_68' title="bbox 2180 818 3763 891">
    <p class='ocr_par' dir='ltr' id='par_1_68' title="bbox 2180 818 3763 891">
     <span class='ocr_line' id='line_1_68' title="bbox 2180 818 3763 891; baseline 0.007 -24"><span class='ocrx_word' id='word_1_536' title='bbox 2180 823 2438 882; x_wconf 87' lang='lat' dir='ltr'><strong>quantum</strong></span> <span class='ocrx_word' id='word_1_537' title='bbox 2476 818 2664 872; x_wconf 88' lang='lat' dir='ltr'><strong>attinet</strong></span> <span class='ocrx_word' id='word_1_538' title='bbox 2690 818 2756 873; x_wconf 90' lang='lat' dir='ltr'><strong>ad</strong></span> <span class='ocrx_word' id='word_1_539' title='bbox 2789 818 3039 874; x_wconf 88' lang='lat' dir='ltr'><strong>Verbum.</strong></span> <span class='ocrx_word' id='word_1_540' title='bbox 3083 818 3147 873; x_wconf 85' lang='lat' dir='ltr'><strong>In</strong></span> <span class='ocrx_word' id='word_1_541' title='bbox 3186 821 3434 891; x_wconf 80' lang='lat' dir='ltr'><strong>principio</strong></span> <span class='ocrx_word' id='word_1_542' title='bbox 3476 824 3620 877; x_wconf 84' lang='lat' dir='ltr'><strong>enim</strong></span> <span class='ocrx_word' id='word_1_543' title='bbox 3659 836 3763 878; x_wconf 84' lang='lat' dir='ltr'><strong>erat</strong></span> 
     </span>
    </p>
   </div>
   <div class='ocr_carea' id='block_1_69' title="bbox 2190 902 3757 982">
    <p class='ocr_par' dir='ltr' id='par_1_69' title="bbox 2190 902 3757 982">
     <span class='ocr_line' id='line_1_69' title="bbox 2190 902 3757 982; baseline 0.007 -25"><span class='ocrx_word' id='word_1_544' title='bbox 2190 902 2428 973; x_wconf 80' lang='lat' dir='ltr'><strong>Verbum,</strong></span> <span class='ocrx_word' id='word_1_545' title='bbox 2457 917 2504 962; x_wconf 88' lang='lat' dir='ltr'><strong>et</strong></span> <span class='ocrx_word' id='word_1_546' title='bbox 2537 907 2751 964; x_wconf 84' lang='lat' dir='ltr'><strong>Verbum</strong></span> <span class='ocrx_word' id='word_1_547' title='bbox 2779 919 2884 964; x_wconf 87' lang='lat' dir='ltr'><strong>erat</strong></span> <span class='ocrx_word' id='word_1_548' title='bbox 2911 912 3051 979; x_wconf 82' lang='lat' dir='ltr'><strong>apud</strong></span> <span class='ocrx_word' id='word_1_549' title='bbox 3078 909 3243 965; x_wconf 85' lang='lat' dir='ltr'><strong>Deum</strong></span> <span class='ocrx_word' id='word_1_550' title='bbox 3269 928 3287 966; x_wconf 93' lang='lat'><em>:</em></span> <span class='ocrx_word' id='word_1_551' title='bbox 3312 927 3418 966; x_wconf 88' lang='lat' dir='ltr'><strong>non</strong></span> <span class='ocrx_word' id='word_1_552' title='bbox 3439 913 3578 982; x_wconf 89' lang='lat' dir='ltr'><strong>quod</strong></span> <span class='ocrx_word' id='word_1_553' title='bbox 3608 929 3757 968; x_wconf 11' lang='lat' dir='ltr'><strong>sonaci</strong></span> 
     </span>
    </p>
   </div>
   <div class='ocr_carea' id='block_1_70' title="bbox 2183 998 3737 1072">
    <p class='ocr_par' dir='ltr' id='par_1_70' title="bbox 2183 998 3737 1072">
     <span class='ocr_line' id='line_1_70' title="bbox 2183 998 3737 1072; baseline 0.004 -21"><span class='ocrx_word' id='word_1_554' title='bbox 2183 1003 2286 1062; x_wconf 74' lang='lat' dir='ltr'><strong>ret,</strong></span> <span class='ocrx_word' id='word_1_555' title='bbox 2316 1004 2371 1053; x_wconf 89' lang='lat' dir='ltr'><strong>et</strong></span> <span class='ocrx_word' id='word_1_556' title='bbox 2397 998 2677 1064; x_wconf 84' lang='lat' dir='ltr'><strong>transiret;</strong></span> <span class='ocrx_word' id='word_1_557' title='bbox 2709 999 2829 1068; x_wconf 87' lang='lat' dir='ltr'><strong>quia</strong></span> <span class='ocrx_word' id='word_1_558' title='bbox 2861 998 2997 1054; x_wconf 80' lang='lat' dir='ltr'><strong>Deus</strong></span> <span class='ocrx_word' id='word_1_559' title='bbox 3019 1011 3127 1056; x_wconf 86' lang='lat' dir='ltr'><strong>erat</strong></span> <span class='ocrx_word' id='word_1_560' title='bbox 3161 1000 3372 1059; x_wconf 87' lang='lat' dir='ltr'><strong>Verbum</strong></span> <span class='ocrx_word' id='word_1_561' title='bbox 3401 1001 3578 1072; x_wconf 71' lang='lat' dir='ltr'><strong>(locu.</strong></span> <span class='ocrx_word' id='word_1_562' title='bbox 3605 1019 3652 1069; x_wconf 84' lang='grc' dir='ltr'><strong>ι,</strong></span> <span class='ocrx_word' id='word_1_563' title='bbox 3684 1004 3737 1072; x_wconf 81' lang='lat' dir='ltr'><strong>l)</strong></span> 
     </span>
    </p>
   </div>
   <div class='ocr_carea' id='block_1_71' title="bbox 2181 1084 3758 1167">
    <p class='ocr_par' dir='ltr' id='par_1_71' title="bbox 2181 1084 3758 1167">
     <span class='ocr_line' id='line_1_71' title="bbox 2181 1084 3758 1167; baseline 0.005 -27"><span class='ocrx_word' id='word_1_564' title='bbox 2181 1084 2357 1142; x_wconf 77' lang='lat' dir='ltr'><strong>Manet</strong></span> <span class='ocrx_word' id='word_1_565' title='bbox 2383 1102 2510 1159; x_wconf 91' lang='lat' dir='ltr'><strong>ergo</strong></span> <span class='ocrx_word' id='word_1_566' title='bbox 2542 1089 2683 1145; x_wconf 89' lang='lat' dir='ltr'><strong>Deus</strong></span> <span class='ocrx_word' id='word_1_567' title='bbox 2717 1099 2840 1144; x_wconf 87' lang='lat' dir='ltr'><strong>tuus</strong></span> <span class='ocrx_word' id='word_1_568' title='bbox 2872 1090 3235 1149; x_wconf 86' lang='lat' dir='ltr'><strong>immutabilis.</strong></span> <span class='ocrx_word' id='word_1_569' title='bbox 3274 1092 3320 1147; x_wconf 87' lang='grc' dir='ltr'>υ</span> <span class='ocrx_word' id='word_1_570' title='bbox 3352 1107 3516 1167; x_wconf 76' lang='lat' dir='ltr'><strong>verax</strong></span> <span class='ocrx_word' id='word_1_571' title='bbox 3554 1093 3758 1162; x_wconf 84' lang='lat' dir='ltr'><strong>pietas:</strong></span> 
     </span>
    </p>
   </div>
   <div class='ocr_carea' id='block_1_72' title="bbox 2176 1178 3762 1253">
    <p class='ocr_par' dir='ltr' id='par_1_72' title="bbox 2176 1178 3762 1253">
     <span class='ocr_line' id='line_1_72' title="bbox 2176 1178 3762 1253; baseline 0.004 -21"><span class='ocrx_word' id='word_1_572' title='bbox 2176 1186 2363 1233; x_wconf 87' lang='lat' dir='ltr'><strong>manet</strong></span> <span class='ocrx_word' id='word_1_573' title='bbox 2383 1178 2522 1236; x_wconf 88' lang='lat' dir='ltr'><strong>Deus</strong></span> <span class='ocrx_word' id='word_1_574' title='bbox 2543 1189 2664 1236; x_wconf 90' lang='lat' dir='ltr'><strong>tuus</strong></span> <span class='ocrx_word' id='word_1_575' title='bbox 2686 1199 2700 1235; x_wconf 90' lang='lat'><strong>:</strong></span> <span class='ocrx_word' id='word_1_576' title='bbox 2724 1180 2832 1236; x_wconf 89' lang='lat' dir='ltr'><strong>noli</strong></span> <span class='ocrx_word' id='word_1_577' title='bbox 2854 1182 3062 1248; x_wconf 89' lang='lat' dir='ltr'><strong>timere,</strong></span> <span class='ocrx_word' id='word_1_578' title='bbox 3086 1197 3189 1237; x_wconf 89' lang='lat' dir='ltr'><strong>non</strong></span> <span class='ocrx_word' id='word_1_579' title='bbox 3213 1182 3379 1253; x_wconf 88' lang='lat' dir='ltr'><strong>perit;</strong></span> <span class='ocrx_word' id='word_1_580' title='bbox 3401 1190 3458 1238; x_wconf 91' lang='lat' dir='ltr'><strong>et</strong></span> <span class='ocrx_word' id='word_1_581' title='bbox 3476 1198 3571 1253; x_wconf 90' lang='lat' dir='ltr'><strong>per</strong></span> <span class='ocrx_word' id='word_1_582' title='bbox 3592 1183 3762 1253; x_wconf 81' lang='lat' dir='ltr'><strong>ipsum</strong></span> 
     </span>
    </p>
   </div>
   <div class='ocr_carea' id='block_1_73' title="bbox 2182 1273 3759 1342">
    <p class='ocr_par' dir='ltr' id='par_1_73' title="bbox 2182 1273 3759 1342">
     <span class='ocr_line' id='line_1_73' title="bbox 2182 1273 3759 1342; baseline 0.004 -17"><span class='ocrx_word' id='word_1_583' title='bbox 2182 1285 2284 1326; x_wconf 88' lang='lat' dir='ltr'><strong>nec</strong></span> <span class='ocrx_word' id='word_1_584' title='bbox 2309 1280 2362 1327; x_wconf 92' lang='lat' dir='ltr'><strong>tu</strong></span> <span class='ocrx_word' id='word_1_585' title='bbox 2389 1274 2550 1342; x_wconf 89' lang='lat' dir='ltr'><strong>peris.</strong></span> <span class='ocrx_word' id='word_1_586' title='bbox 2572 1273 2769 1340; x_wconf 80' lang='lat' dir='ltr'><strong>Manet,</strong></span> <span class='ocrx_word' id='word_1_587' title='bbox 2795 1275 3026 1331; x_wconf 88' lang='lat' dir='ltr'><strong>nascitur</strong></span> <span class='ocrx_word' id='word_1_588' title='bbox 3048 1288 3112 1330; x_wconf 83' lang='lat' dir='ltr'><strong>ex</strong></span> <span class='ocrx_word' id='word_1_589' title='bbox 3135 1273 3363 1340; x_wconf 78' lang='lat' dir='ltr'><strong>femina;</strong></span> <span class='ocrx_word' id='word_1_590' title='bbox 3389 1275 3482 1330; x_wconf 91' lang='lat' dir='ltr'><strong>sed</strong></span> <span class='ocrx_word' id='word_1_591' title='bbox 3505 1275 3559 1330; x_wconf 91' lang='lat' dir='ltr'><strong>in</strong></span> <span class='ocrx_word' id='word_1_592' title='bbox 3581 1290 3759 1332; x_wconf 83' lang='lat' dir='ltr'><strong>carne.</strong></span> 
     </span>
    </p>
   </div>
   <div class='ocr_carea' id='block_1_74' title="bbox 2184 1361 3762 1434">
    <p class='ocr_par' dir='ltr' id='par_1_74' title="bbox 2184 1361 3762 1434">
     <span class='ocr_line' id='line_1_74' title="bbox 2184 1361 3762 1434; baseline 0.003 -17"><span class='ocrx_word' id='word_1_593' title='bbox 2184 1361 2415 1418; x_wconf 78' lang='lat' dir='ltr'><strong>Verbum</strong></span> <span class='ocrx_word' id='word_1_594' title='bbox 2456 1373 2633 1420; x_wconf 90' lang='lat' dir='ltr'><strong>autem</strong></span> <span class='ocrx_word' id='word_1_595' title='bbox 2669 1373 2725 1421; x_wconf 89' lang='lat' dir='ltr'><strong>et</strong></span> <span class='ocrx_word' id='word_1_596' title='bbox 2766 1374 2989 1420; x_wconf 88' lang='lat' dir='ltr'><strong>matrem</strong></span> <span class='ocrx_word' id='word_1_597' title='bbox 3030 1364 3176 1421; x_wconf 85' lang='lat' dir='ltr'><strong>fecit.</strong></span> <span class='ocrx_word' id='word_1_598' title='bbox 3207 1365 3306 1433; x_wconf 92' lang='lat' dir='ltr'><strong>Qui</strong></span> <span class='ocrx_word' id='word_1_599' title='bbox 3335 1373 3451 1419; x_wconf 88' lang='lat' dir='ltr'><strong>erat</strong></span> <span class='ocrx_word' id='word_1_600' title='bbox 3479 1373 3762 1434; x_wconf 81' lang='lat' dir='ltr'><strong>antequam</strong></span> 
     </span>
    </p>
   </div>
   <div class='ocr_carea' id='block_1_75' title="bbox 2184 1452 3758 1528">
    <p class='ocr_par' dir='ltr' id='par_1_75' title="bbox 2184 1452 3758 1528">
     <span class='ocr_line' id='line_1_75' title="bbox 2184 1452 3758 1528; baseline 0.003 -20"><span class='ocrx_word' id='word_1_601' title='bbox 2184 1452 2355 1521; x_wconf 88' lang='lat' dir='ltr'><strong>fieret,</strong></span> <span class='ocrx_word' id='word_1_602' title='bbox 2384 1454 2509 1511; x_wconf 87' lang='lat' dir='ltr'><strong>fecit</strong></span> <span class='ocrx_word' id='word_1_603' title='bbox 2528 1456 2629 1513; x_wconf 90' lang='lat' dir='ltr'><strong>sibi</strong></span> <span class='ocrx_word' id='word_1_604' title='bbox 2647 1457 2701 1521; x_wconf 83' lang='lat' dir='ltr'><strong>in</strong></span> <span class='ocrx_word' id='word_1_605' title='bbox 2718 1473 2820 1528; x_wconf 89' lang='lat' dir='ltr'><strong>qua</strong></span> <span class='ocrx_word' id='word_1_606' title='bbox 2842 1458 3010 1513; x_wconf 80' lang='lat' dir='ltr'><strong>ﬁeret.</strong></span> <span class='ocrx_word' id='word_1_607' title='bbox 3034 1456 3213 1512; x_wconf 84' lang='lat' dir='ltr'><strong>Infans</strong></span> <span class='ocrx_word' id='word_1_608' title='bbox 3234 1456 3362 1523; x_wconf 91' lang='lat' dir='ltr'><strong>fuit;</strong></span> <span class='ocrx_word' id='word_1_609' title='bbox 3389 1456 3485 1511; x_wconf 90' lang='lat' dir='ltr'><strong>sed</strong></span> <span class='ocrx_word' id='word_1_610' title='bbox 3505 1458 3556 1511; x_wconf 87' lang='lat' dir='ltr'><strong>in</strong></span> <span class='ocrx_word' id='word_1_611' title='bbox 3577 1471 3758 1512; x_wconf 88' lang='lat' dir='ltr'><strong>carne.</strong></span> 
     </span>
    </p>
   </div>
   <div class='ocr_carea' id='block_1_76' title="bbox 2168 1543 3758 1618">
    <p class='ocr_par' dir='ltr' id='par_1_76' title="bbox 2168 1543 3758 1618">
     <span class='ocr_line' id='line_1_76' title="bbox 2168 1543 3758 1618; baseline -0.001 -15"><span class='ocrx_word' id='word_1_612' title='bbox 2168 1543 2365 1612; x_wconf 72' lang='lat' dir='ltr'><strong>.Suxit,</strong></span> <span class='ocrx_word' id='word_1_613' title='bbox 2393 1547 2589 1613; x_wconf 83' lang='lat' dir='ltr'><strong>crevit,</strong></span> <span class='ocrx_word' id='word_1_614' title='bbox 2617 1548 2865 1605; x_wconf 88' lang='lat' dir='ltr'><strong>alimenta</strong></span> <span class='ocrx_word' id='word_1_615' title='bbox 2893 1548 3151 1618; x_wconf 79' lang='lat' dir='ltr'><strong>sumpsit,</strong></span> <span class='ocrx_word' id='word_1_616' title='bbox 3178 1561 3274 1617; x_wconf 88' lang='lat' dir='ltr'><strong>per</strong></span> <span class='ocrx_word' id='word_1_617' title='bbox 3297 1555 3481 1602; x_wconf 66' lang='lat' dir='ltr'><strong>aetates</strong></span> <span class='ocrx_word' id='word_1_618' title='bbox 3507 1548 3758 1615; x_wconf 90' lang='lat' dir='ltr'><strong>cucurrit,</strong></span> 
     </span>
    </p>
   </div>
   <div class='ocr_carea' id='block_1_77' title="bbox 2183 1638 3760 1711">
    <p class='ocr_par' dir='ltr' id='par_1_77' title="bbox 2183 1638 3760 1711">
     <span class='ocr_line' id='line_1_77' title="bbox 2183 1638 3760 1711; baseline 0.001 -18"><span class='ocrx_word' id='word_1_619' title='bbox 2183 1638 2247 1694; x_wconf 89' lang='lat' dir='ltr'><strong>ad</strong></span> <span class='ocrx_word' id='word_1_620' title='bbox 2273 1638 2543 1708; x_wconf 86' lang='lat' dir='ltr'><strong>juventam</strong></span> <span class='ocrx_word' id='word_1_621' title='bbox 2571 1641 2850 1711; x_wconf 84' lang='lat' dir='ltr'><strong>pervenit;</strong></span> <span class='ocrx_word' id='word_1_622' title='bbox 2882 1640 2975 1696; x_wconf 86' lang='lat' dir='ltr'><strong>sed</strong></span> <span class='ocrx_word' id='word_1_623' title='bbox 3015 1642 3066 1705; x_wconf 88' lang='lat' dir='ltr'><strong>in</strong></span> <span class='ocrx_word' id='word_1_624' title='bbox 3107 1655 3285 1695; x_wconf 88' lang='lat' dir='ltr'><strong>carne.</strong></span> <span class='ocrx_word' id='word_1_625' title='bbox 3330 1639 3602 1711; x_wconf 80' lang='lat' dir='ltr'><strong>Fatigatus</strong></span> <span class='ocrx_word' id='word_1_626' title='bbox 3631 1640 3760 1694; x_wconf 88' lang='lat' dir='ltr'><strong>dor-</strong></span> 
     </span>
    </p>
   </div>
   <div class='ocr_carea' id='block_1_78' title="bbox 2183 1729 3759 1801">
    <p class='ocr_par' dir='ltr' id='par_1_78' title="bbox 2183 1729 3759 1801">
     <span class='ocr_line' id='line_1_78' title="bbox 2183 1729 3759 1801; baseline 0.002 -18"><span class='ocrx_word' id='word_1_627' title='bbox 2183 1729 2365 1795; x_wconf 85' lang='lat' dir='ltr'><strong>mivit;</strong></span> <span class='ocrx_word' id='word_1_628' title='bbox 2407 1730 2502 1786; x_wconf 89' lang='lat' dir='ltr'><strong>sed</strong></span> <span class='ocrx_word' id='word_1_629' title='bbox 2545 1730 2600 1786; x_wconf 92' lang='lat' dir='ltr'><strong>in</strong></span> <span class='ocrx_word' id='word_1_630' title='bbox 2635 1746 2816 1788; x_wconf 87' lang='lat' dir='ltr'><strong>carne.</strong></span> <span class='ocrx_word' id='word_1_631' title='bbox 2838 1731 3109 1797; x_wconf 29' lang='lat' dir='ltr'><strong>,Esuriem</strong></span> <span class='ocrx_word' id='word_1_632' title='bbox 3146 1731 3393 1801; x_wconf 88' lang='lat' dir='ltr'><strong>sitimque</strong></span> <span class='ocrx_word' id='word_1_633' title='bbox 3431 1744 3618 1800; x_wconf 87' lang='lat' dir='ltr'><strong>passus</strong></span> <span class='ocrx_word' id='word_1_634' title='bbox 3642 1739 3759 1795; x_wconf 87' lang='lat' dir='ltr'><strong>est;</strong></span> 
     </span>
    </p>
   </div>
   <div class='ocr_carea' id='block_1_79' title="bbox 2181 1818 3763 1895">
    <p class='ocr_par' dir='ltr' id='par_1_79' title="bbox 2181 1818 3763 1895">
     <span class='ocr_line' id='line_1_79' title="bbox 2181 1818 3763 1895; baseline 0.001 -21"><span class='ocrx_word' id='word_1_635' title='bbox 2181 1819 2275 1874; x_wconf 81' lang='lat' dir='ltr'><strong>sed</strong></span> <span class='ocrx_word' id='word_1_636' title='bbox 2302 1821 2354 1875; x_wconf 91' lang='lat' dir='ltr'><strong>in</strong></span> <span class='ocrx_word' id='word_1_637' title='bbox 2374 1835 2553 1875; x_wconf 90' lang='lat' dir='ltr'><strong>carne.</strong></span> <span class='ocrx_word' id='word_1_638' title='bbox 2580 1818 3028 1892; x_wconf 83' lang='lat' dir='ltr'><strong>Comprehensos,</strong></span> <span class='ocrx_word' id='word_1_639' title='bbox 3057 1822 3265 1895; x_wconf 88' lang='lat' dir='ltr'><strong>ligatus,</strong></span> <span class='ocrx_word' id='word_1_640' title='bbox 3292 1821 3606 1892; x_wconf 85' lang='lat' dir='ltr'><strong>flagellatus,</strong></span> <span class='ocrx_word' id='word_1_641' title='bbox 3632 1836 3763 1876; x_wconf 88' lang='lat' dir='ltr'><strong>eon-</strong></span> 
     </span>
    </p>
   </div>
   <div class='ocr_carea' id='block_1_80' title="bbox 2166 1912 3761 1984">
    <p class='ocr_par' dir='ltr' id='par_1_80' title="bbox 2166 1912 3761 1984">
     <span class='ocr_line' id='line_1_80' title="bbox 2166 1912 3761 1984; baseline 0.001 -18"><span class='ocrx_word' id='word_1_642' title='bbox 2166 1913 2416 1973; x_wconf 90' lang='lat' dir='ltr'><strong>_tumeliis</strong></span> <span class='ocrx_word' id='word_1_643' title='bbox 2439 1913 2676 1980; x_wconf 86' lang='lat' dir='ltr'><strong>affectus,</strong></span> <span class='ocrx_word' id='word_1_644' title='bbox 2704 1924 2976 1984; x_wconf 87' lang='lat' dir='ltr'><strong>postremo</strong></span> <span class='ocrx_word' id='word_1_645' title='bbox 2999 1913 3303 1977; x_wconf 84' lang='lat' dir='ltr'><strong>crucifixus,</strong></span> <span class='ocrx_word' id='word_1_646' title='bbox 3327 1914 3566 1979; x_wconf 83' lang='lat' dir='ltr'><strong>occisus;</strong></span> <span class='ocrx_word' id='word_1_647' title='bbox 3591 1912 3686 1969; x_wconf 81' lang='lat' dir='ltr'><strong>sed</strong></span> <span class='ocrx_word' id='word_1_648' title='bbox 3708 1913 3761 1968; x_wconf 91' lang='lat' dir='ltr'><strong>in</strong></span> 
     </span>
    </p>
   </div>
   <div class='ocr_carea' id='block_1_81' title="bbox 2181 2002 3761 2074">
    <p class='ocr_par' dir='ltr' id='par_1_81' title="bbox 2181 2002 3761 2074">
     <span class='ocr_line' id='line_1_81' title="bbox 2181 2002 3761 2074; baseline -0.001 -17"><span class='ocrx_word' id='word_1_649' title='bbox 2181 2017 2360 2058; x_wconf 87' lang='lat' dir='ltr'><strong>carne.</strong></span> <span class='ocrx_word' id='word_1_650' title='bbox 2407 2003 2545 2072; x_wconf 90' lang='lat' dir='ltr'><strong>Quid</strong></span> <span class='ocrx_word' id='word_1_651' title='bbox 2590 2003 2936 2074; x_wconf 84' lang='lat' dir='ltr'><strong>expavescis?</strong></span> <span class='ocrx_word' id='word_1_652' title='bbox 2992 2002 3205 2058; x_wconf 83' lang='lat' dir='ltr'><strong>Verbum</strong></span> <span class='ocrx_word' id='word_1_653' title='bbox 3254 2003 3458 2058; x_wconf 87' lang='lat' dir='ltr'><strong>Domini</strong></span> <span class='ocrx_word' id='word_1_654' title='bbox 3498 2012 3663 2057; x_wconf 79' lang='lat' dir='ltr'><strong>manet</strong></span> <span class='ocrx_word' id='word_1_655' title='bbox 3707 2003 3761 2067; x_wconf 75' lang='lat' dir='ltr'><strong>iu</strong></span> 
     </span>
    </p>
   </div>
   <div class='ocr_carea' id='block_1_82' title="bbox 2181 2091 3762 2164">
    <p class='ocr_par' dir='ltr' id='par_1_82' title="bbox 2181 2091 3762 2164">
     <span class='ocr_line' id='line_1_82' title="bbox 2181 2091 3762 2164; baseline -0.001 -17"><span class='ocrx_word' id='word_1_656' title='bbox 2181 2104 2441 2148; x_wconf 64' lang='lat' dir='ltr'><strong>a&#39;teruum.</strong></span> <span class='ocrx_word' id='word_1_657' title='bbox 2469 2093 2570 2162; x_wconf 92' lang='lat' dir='ltr'><strong>Qui</strong></span> <span class='ocrx_word' id='word_1_658' title='bbox 2595 2093 2800 2164; x_wconf 76' lang='lat' dir='ltr'><strong>respuit</strong></span> <span class='ocrx_word' id='word_1_659' title='bbox 2824 2093 2979 2150; x_wconf 81' lang='lat' dir='ltr'><strong>istam</strong></span> <span class='ocrx_word' id='word_1_660' title='bbox 3002 2094 3094 2149; x_wconf 89' lang='lat' dir='ltr'><strong>Dei</strong></span> <span class='ocrx_word' id='word_1_661' title='bbox 3123 2093 3492 2163; x_wconf 84' lang='lat' dir='ltr'><strong>humilitatem,</strong></span> <span class='ocrx_word' id='word_1_662' title='bbox 3520 2107 3626 2149; x_wconf 89' lang='lat' dir='ltr'><strong>non</strong></span> <span class='ocrx_word' id='word_1_663' title='bbox 3651 2091 3762 2147; x_wconf 88' lang='lat' dir='ltr'><strong>vult</strong></span> 
     </span>
    </p>
   </div>
   <div class='ocr_carea' id='block_1_83' title="bbox 2182 2184 3486 2255">
    <p class='ocr_par' dir='ltr' id='par_1_83' title="bbox 2182 2184 3486 2255">
     <span class='ocr_line' id='line_1_83' title="bbox 2182 2184 3486 2255; baseline -0.004 -15"><span class='ocrx_word' id='word_1_664' title='bbox 2182 2186 2281 2240; x_wconf 80' lang='lat' dir='ltr'><strong>sibi</strong></span> <span class='ocrx_word' id='word_1_665' title='bbox 2311 2202 2341 2240; x_wconf 91' lang='lat' dir='ltr'><strong>a</strong></span> <span class='ocrx_word' id='word_1_666' title='bbox 2372 2184 2645 2242; x_wconf 86' lang='lat' dir='ltr'><strong>mortifero</strong></span> <span class='ocrx_word' id='word_1_667' title='bbox 2670 2193 2876 2241; x_wconf 89' lang='lat' dir='ltr'><strong>tumore</strong></span> <span class='ocrx_word' id='word_1_668' title='bbox 2900 2184 3162 2255; x_wconf 70' lang='lat' dir='ltr'><strong>superbia:</strong></span> <span class='ocrx_word' id='word_1_669' title='bbox 3186 2185 3486 2251; x_wconf 82' lang='lat' dir='ltr'><strong>sanitatem.</strong></span> 
     </span>
    </p>
   </div>
   <div class='ocr_carea' id='block_1_84' title="bbox 2251 2275 3761 2345">
    <p class='ocr_par' dir='ltr' id='par_1_84' title="bbox 2251 2275 3761 2345">
     <span class='ocr_line' id='line_1_84' title="bbox 2251 2275 3761 2345; baseline -0.003 -12"><span class='ocrx_word' id='word_1_670' title='bbox 2251 2275 2478 2333; x_wconf 84' lang='lat' dir='ltr'><strong>CAPUT</strong></span> <span class='ocrx_word' id='word_1_671' title='bbox 2508 2276 2593 2332; x_wconf 90' lang='lat' dir='ltr'><strong>IV.</strong></span> <span class='ocrx_word' id='word_1_672' title='bbox 2617 2307 2689 2324; x_wconf 75' lang='grc' dir='ltr'><strong>-ν-</strong></span> <span class='ocrx_word' id='word_1_673' title='bbox 2711 2278 2765 2332; x_wconf 76' lang='grc'><strong>4.</strong></span> <span class='ocrx_word' id='word_1_674' title='bbox 2796 2276 3023 2332; x_wconf 76' lang='lat' dir='ltr'><strong>Christus</strong></span> <span class='ocrx_word' id='word_1_675' title='bbox 3051 2276 3407 2331; x_wconf 75' lang='lat' dir='ltr'><strong>mortalitatem</strong></span> <span class='ocrx_word' id='word_1_676' title='bbox 3431 2276 3681 2345; x_wconf 85' lang='lat' dir='ltr'><strong>suscepit,</strong></span> <span class='ocrx_word' id='word_1_677' title='bbox 3708 2284 3761 2329; x_wconf 86' lang='lat' dir='ltr'><strong>ut</strong></span> 
     </span>
    </p>
   </div>
   <div class='ocr_carea' id='block_1_85' title="bbox 2181 2367 3762 2438">
    <p class='ocr_par' dir='ltr' id='par_1_85' title="bbox 2181 2367 3762 2438">
     <span class='ocr_line' id='line_1_85' title="bbox 2181 2367 3762 2438; baseline 0.001 -18"><span class='ocrx_word' id='word_1_678' title='bbox 2181 2368 2322 2421; x_wconf 82' lang='lat' dir='ltr'><strong>daret</strong></span> <span class='ocrx_word' id='word_1_679' title='bbox 2364 2368 2810 2423; x_wconf 78' lang='lat' dir='ltr'><strong>immortalitatem.</strong></span> <span class='ocrx_word' id='word_1_680' title='bbox 2857 2367 3085 2423; x_wconf 73' lang='lat' dir='ltr'><strong>Brevitas</strong></span> <span class='ocrx_word' id='word_1_681' title='bbox 3129 2368 3280 2438; x_wconf 85' lang='lat' dir='ltr'><strong>hujus</strong></span> <span class='ocrx_word' id='word_1_682' title='bbox 3326 2368 3459 2425; x_wconf 67' lang='lat' dir='ltr'><strong>vitaz.</strong></span> <span class='ocrx_word' id='word_1_683' title='bbox 3510 2367 3762 2421; x_wconf 64' lang='lat' dir='ltr'><strong>Drmstitit</strong></span> 
     </span>
    </p>
   </div>
   <div class='ocr_carea' id='block_1_86' title="bbox 2180 2458 3759 2535">
    <p class='ocr_par' dir='ltr' id='par_1_86' title="bbox 2180 2458 3759 2535">
     <span class='ocr_line' id='line_1_86' title="bbox 2180 2458 3759 2535; baseline 0.001 -22"><span class='ocrx_word' id='word_1_684' title='bbox 2180 2471 2311 2528; x_wconf 86' lang='lat' dir='ltr'><strong>ergo</strong></span> <span class='ocrx_word' id='word_1_685' title='bbox 2337 2458 2590 2514; x_wconf 92' lang='lat' dir='ltr'><strong>Dominus</strong></span> <span class='ocrx_word' id='word_1_686' title='bbox 2616 2458 2774 2515; x_wconf 86' lang='lat' dir='ltr'><strong>Jesus</strong></span> <span class='ocrx_word' id='word_1_687' title='bbox 2798 2458 3039 2535; x_wconf 80' lang='lat' dir='ltr'><strong>Christus</strong></span> <span class='ocrx_word' id='word_1_688' title='bbox 3065 2473 3162 2530; x_wconf 90' lang='lat' dir='ltr'><strong>per</strong></span> <span class='ocrx_word' id='word_1_689' title='bbox 3188 2473 3401 2514; x_wconf 86' lang='lat' dir='ltr'><strong>carnem</strong></span> <span class='ocrx_word' id='word_1_690' title='bbox 3430 2473 3582 2514; x_wconf 90' lang='lat' dir='ltr'><strong>suam</strong></span> <span class='ocrx_word' id='word_1_691' title='bbox 3610 2459 3759 2514; x_wconf 85' lang='lat' dir='ltr'><strong>carni</strong></span> 
     </span>
    </p>
   </div>
   <div class='ocr_carea' id='block_1_87' title="bbox 2183 2548 3762 2620">
    <p class='ocr_par' dir='ltr' id='par_1_87' title="bbox 2183 2548 3762 2620">
     <span class='ocr_line' id='line_1_87' title="bbox 2183 2548 3762 2620; baseline 0.002 -17"><span class='ocrx_word' id='word_1_692' title='bbox 2183 2557 2380 2605; x_wconf 81' lang='lat' dir='ltr'><strong>nostra:</strong></span> <span class='ocrx_word' id='word_1_693' title='bbox 2408 2564 2579 2620; x_wconf 87' lang='lat' dir='ltr'><strong>spem.</strong></span> <span class='ocrx_word' id='word_1_694' title='bbox 2616 2548 2866 2620; x_wconf 87' lang='lat' dir='ltr'><strong>Suscepit</strong></span> <span class='ocrx_word' id='word_1_695' title='bbox 2892 2549 3035 2605; x_wconf 89' lang='lat' dir='ltr'><strong>enim</strong></span> <span class='ocrx_word' id='word_1_696' title='bbox 3065 2549 3204 2620; x_wconf 91' lang='lat' dir='ltr'><strong>quod</strong></span> <span class='ocrx_word' id='word_1_697' title='bbox 3233 2564 3550 2604; x_wconf 87' lang='lat' dir='ltr'><strong>noveramus</strong></span> <span class='ocrx_word' id='word_1_698' title='bbox 3578 2549 3631 2604; x_wconf 89' lang='lat' dir='ltr'><strong>in</strong></span> <span class='ocrx_word' id='word_1_699' title='bbox 3661 2549 3762 2606; x_wconf 89' lang='lat' dir='ltr'><strong>hac</strong></span> 
     </span>
    </p>
   </div>
   <div class='ocr_carea' id='block_1_88' title="bbox 2185 2629 3858 2713">
    <p class='ocr_par' dir='ltr' id='par_1_88' title="bbox 2185 2629 3858 2713">
     <span class='ocr_line' id='line_1_88' title="bbox 2185 2629 3858 2713; baseline 0 -19"><span class='ocrx_word' id='word_1_700' title='bbox 2185 2650 2358 2705; x_wconf 87' lang='lat' dir='ltr'><strong>terra,</strong></span> <span class='ocrx_word' id='word_1_701' title='bbox 2386 2639 2525 2708; x_wconf 84' lang='lat' dir='ltr'><strong>quod</strong></span> <span class='ocrx_word' id='word_1_702' title='bbox 2565 2639 2654 2695; x_wconf 88' lang='lat' dir='ltr'><strong>hic</strong></span> <span class='ocrx_word' id='word_1_703' title='bbox 2690 2638 3025 2706; x_wconf 85' lang='lat' dir='ltr'><strong>abundabat,</strong></span> <span class='ocrx_word' id='word_1_704' title='bbox 3064 2638 3211 2694; x_wconf 66' lang='grc' dir='ltr'><strong>ηδεςί</strong></span> <span class='ocrx_word' id='word_1_705' title='bbox 3248 2647 3303 2694; x_wconf 89' lang='lat' dir='ltr'><strong>et</strong></span> <span class='ocrx_word' id='word_1_706' title='bbox 3338 2638 3680 2713; x_wconf 36' lang='lat' dir='ltr'><strong>moriaNasci</strong></span> <span class='ocrx_word' id='word_1_707' title='bbox 3705 2649 3762 2696; x_wconf 87' lang='lat' dir='ltr'><strong>et</strong></span> <span class='ocrx_word' id='word_1_708' title='bbox 3848 2629 3858 2637; x_wconf 79' lang='grc'><em>’</em></span> 
     </span>
    </p>
   </div>
   <div class='ocr_carea' id='block_1_89' title="bbox 2181 2731 3757 2802">
    <p class='ocr_par' dir='ltr' id='par_1_89' title="bbox 2181 2731 3757 2802">
     <span class='ocr_line' id='line_1_89' title="bbox 2181 2731 3757 2802; baseline 0 -16"><span class='ocrx_word' id='word_1_709' title='bbox 2181 2731 2340 2799; x_wconf 89' lang='lat' dir='ltr'><strong>mori,</strong></span> <span class='ocrx_word' id='word_1_710' title='bbox 2368 2731 2455 2788; x_wconf 91' lang='lat' dir='ltr'><strong>hic</strong></span> <span class='ocrx_word' id='word_1_711' title='bbox 2479 2732 2815 2787; x_wconf 86' lang='lat' dir='ltr'><strong>abundabat:</strong></span> <span class='ocrx_word' id='word_1_712' title='bbox 2838 2746 3116 2802; x_wconf 78' lang='lat' dir='ltr'><strong>resurgere</strong></span> <span class='ocrx_word' id='word_1_713' title='bbox 3136 2740 3191 2786; x_wconf 89' lang='lat' dir='ltr'><strong>et</strong></span> <span class='ocrx_word' id='word_1_714' title='bbox 3209 2732 3262 2786; x_wconf 91' lang='lat' dir='ltr'><strong>in</strong></span> <span class='ocrx_word' id='word_1_715' title='bbox 3284 2740 3541 2787; x_wconf 68' lang='lat' dir='ltr'><strong>asternum</strong></span> <span class='ocrx_word' id='word_1_716' title='bbox 3564 2732 3757 2794; x_wconf 69' lang='lat' dir='ltr'><strong>vivere.</strong></span> 
     </span>
    </p>
   </div>
   <div class='ocr_carea' id='block_1_90' title="bbox 2182 2822 3759 2890">
    <p class='ocr_par' dir='ltr' id='par_1_90' title="bbox 2182 2822 3759 2890">
     <span class='ocr_line' id='line_1_90' title="bbox 2182 2822 3759 2890; baseline 0.001 -15"><span class='ocrx_word' id='word_1_717' title='bbox 2182 2837 2288 2877; x_wconf 88' lang='lat' dir='ltr'><strong>non</strong></span> <span class='ocrx_word' id='word_1_718' title='bbox 2319 2822 2405 2879; x_wconf 90' lang='lat' dir='ltr'><strong>hic</strong></span> <span class='ocrx_word' id='word_1_719' title='bbox 2429 2831 2565 2878; x_wconf 89' lang='lat' dir='ltr'><strong>erat.</strong></span> <span class='ocrx_word' id='word_1_720' title='bbox 2596 2822 2799 2879; x_wconf 83' lang='lat' dir='ltr'><strong>Invenit</strong></span> <span class='ocrx_word' id='word_1_721' title='bbox 2830 2823 2915 2879; x_wconf 91' lang='lat' dir='ltr'><strong>hic</strong></span> <span class='ocrx_word' id='word_1_722' title='bbox 2944 2823 3074 2879; x_wconf 88' lang='lat' dir='ltr'><strong>viles</strong></span> <span class='ocrx_word' id='word_1_723' title='bbox 3102 2836 3308 2879; x_wconf 88' lang='lat' dir='ltr'><strong>merces</strong></span> <span class='ocrx_word' id='word_1_724' title='bbox 3337 2831 3645 2890; x_wconf 80' lang='lat' dir='ltr'><strong>terrestres,</strong></span> <span class='ocrx_word' id='word_1_725' title='bbox 3676 2830 3759 2877; x_wconf 89' lang='lat' dir='ltr'><strong>at-</strong></span> 
     </span>
    </p>
   </div>
   <div class='ocr_carea' id='block_1_91' title="bbox 2183 2913 3761 2985">
    <p class='ocr_par' dir='ltr' id='par_1_91' title="bbox 2183 2913 3761 2985">
     <span class='ocr_line' id='line_1_91' title="bbox 2183 2913 3761 2985; baseline -0.001 -17"><span class='ocrx_word' id='word_1_726' title='bbox 2183 2913 2306 2968; x_wconf 87' lang='lat' dir='ltr'><strong>tulit</strong></span> <span class='ocrx_word' id='word_1_727' title='bbox 2330 2914 2636 2985; x_wconf 88' lang='lat' dir='ltr'><strong>peregrinas</strong></span> <span class='ocrx_word' id='word_1_728' title='bbox 2661 2914 2927 2971; x_wconf 59' lang='lat' dir='ltr'><strong>caelestes.</strong></span> <span class='ocrx_word' id='word_1_729' title='bbox 2957 2913 3015 2970; x_wconf 90' lang='lat' dir='ltr'><strong>Si</strong></span> <span class='ocrx_word' id='word_1_730' title='bbox 3041 2914 3347 2984; x_wconf 85' lang='lat' dir='ltr'><strong>expavescis</strong></span> <span class='ocrx_word' id='word_1_731' title='bbox 3373 2921 3619 2980; x_wconf 70' lang='lat' dir='ltr'><strong>mortem,</strong></span> <span class='ocrx_word' id='word_1_732' title='bbox 3640 2927 3761 2979; x_wconf 88' lang='lat' dir='ltr'><strong>ama</strong></span> 
     </span>
    </p>
   </div>
   <div class='ocr_carea' id='block_1_92' title="bbox 2182 3003 3793 3075">
    <p class='ocr_par' dir='ltr' id='par_1_92' title="bbox 2182 3003 3793 3075">
     <span class='ocr_line' id='line_1_92' title="bbox 2182 3003 3793 3075; baseline -0.001 -16"><span class='ocrx_word' id='word_1_733' title='bbox 2182 3005 2645 3075; x_wconf 78' lang='lat' dir='ltr'><strong>resurrectionem.</strong></span> <span class='ocrx_word' id='word_1_734' title='bbox 2684 3004 2841 3060; x_wconf 89' lang='lat' dir='ltr'><strong>Dedit</strong></span> <span class='ocrx_word' id='word_1_735' title='bbox 2882 3005 2973 3059; x_wconf 88' lang='lat' dir='ltr'><strong>tibi</strong></span> <span class='ocrx_word' id='word_1_736' title='bbox 3018 3003 3276 3060; x_wconf 85' lang='lat' dir='ltr'><strong>auxilium</strong></span> <span class='ocrx_word' id='word_1_737' title='bbox 3317 3003 3385 3059; x_wconf 91' lang='lat' dir='ltr'><strong>de</strong></span> <span class='ocrx_word' id='word_1_738' title='bbox 3421 3003 3793 3073; x_wconf 70' lang='lat' dir='ltr'><strong>tribulatione</strong></span> 
     </span>
    </p>
   </div>
   <div class='ocr_carea' id='block_1_93' title="bbox 2183 3092 3762 3163">
    <p class='ocr_par' dir='ltr' id='par_1_93' title="bbox 2183 3092 3762 3163">
     <span class='ocr_line' id='line_1_93' title="bbox 2183 3092 3762 3163; baseline -0.001 -14"><span class='ocrx_word' id='word_1_739' title='bbox 2183 3108 2276 3150; x_wconf 91' lang='lat' dir='ltr'><strong>sua</strong></span> <span class='ocrx_word' id='word_1_740' title='bbox 2308 3111 2322 3148; x_wconf 92' lang='lat'><strong>:</strong></span> <span class='ocrx_word' id='word_1_741' title='bbox 2352 3109 2475 3149; x_wconf 85' lang='lat' dir='ltr'><strong>nam</strong></span> <span class='ocrx_word' id='word_1_742' title='bbox 2503 3109 2636 3150; x_wconf 87' lang='lat' dir='ltr'><strong>vana</strong></span> <span class='ocrx_word' id='word_1_743' title='bbox 2664 3102 2991 3151; x_wconf 88' lang='lat' dir='ltr'><strong>remanserat</strong></span> <span class='ocrx_word' id='word_1_744' title='bbox 3014 3094 3156 3150; x_wconf 85' lang='lat' dir='ltr'><strong>salus</strong></span> <span class='ocrx_word' id='word_1_745' title='bbox 3174 3103 3295 3149; x_wconf 84' lang='lat' dir='ltr'><strong>tua.</strong></span> <span class='ocrx_word' id='word_1_746' title='bbox 3323 3092 3556 3150; x_wconf 76' lang='lat' dir='ltr'><strong>Salutem</strong></span> <span class='ocrx_word' id='word_1_747' title='bbox 3586 3095 3762 3163; x_wconf 85' lang='lat' dir='ltr'><strong>itaque</strong></span> 
     </span>
    </p>
   </div>
   <div class='ocr_carea' id='block_1_94' title="bbox 2185 3184 3762 3258">
    <p class='ocr_par' dir='ltr' id='par_1_94' title="bbox 2185 3184 3762 3258">
     <span class='ocr_line' id='line_1_94' title="bbox 2185 3184 3762 3258; baseline 0 -17"><span class='ocrx_word' id='word_1_748' title='bbox 2185 3185 2238 3241; x_wconf 93' lang='lat' dir='ltr'><strong>in</strong></span> <span class='ocrx_word' id='word_1_749' title='bbox 2265 3187 2367 3242; x_wconf 85' lang='lat' dir='ltr'><strong>hoc</strong></span> <span class='ocrx_word' id='word_1_750' title='bbox 2391 3185 2587 3242; x_wconf 89' lang='lat' dir='ltr'><strong>mundo</strong></span> <span class='ocrx_word' id='word_1_751' title='bbox 2611 3187 2961 3258; x_wconf 88' lang='lat' dir='ltr'><strong>peregrinam,</strong></span> <span class='ocrx_word' id='word_1_752' title='bbox 2983 3184 3087 3242; x_wconf 89' lang='lat' dir='ltr'><strong>hoc</strong></span> <span class='ocrx_word' id='word_1_753' title='bbox 3105 3194 3208 3251; x_wconf 90' lang='lat' dir='ltr'><strong>est,</strong></span> <span class='ocrx_word' id='word_1_754' title='bbox 3234 3185 3630 3256; x_wconf 86' lang='lat' dir='ltr'><strong>sempiternam,</strong></span> <span class='ocrx_word' id='word_1_755' title='bbox 3658 3184 3762 3241; x_wconf 87' lang='lat' dir='ltr'><strong>fra-</strong></span> 
     </span>
    </p>
   </div>
   <div class='ocr_carea' id='block_1_95' title="bbox 2186 3274 3761 3347">
    <p class='ocr_par' dir='ltr' id='par_1_95' title="bbox 2186 3274 3761 3347">
     <span class='ocr_line' id='line_1_95' title="bbox 2186 3274 3761 3347; baseline -0.002 -15"><span class='ocrx_word' id='word_1_756' title='bbox 2186 3284 2311 3341; x_wconf 85' lang='lat' dir='ltr'><strong>tres,</strong></span> <span class='ocrx_word' id='word_1_757' title='bbox 2340 3290 2689 3347; x_wconf 79' lang='lat' dir='ltr'><strong>agnoscamus</strong></span> <span class='ocrx_word' id='word_1_758' title='bbox 2716 3284 2771 3332; x_wconf 89' lang='lat' dir='ltr'><strong>et</strong></span> <span class='ocrx_word' id='word_1_759' title='bbox 2793 3275 3070 3347; x_wconf 84' lang='lat' dir='ltr'><strong>diligamus</strong></span> <span class='ocrx_word' id='word_1_760' title='bbox 3087 3316 3104 3343; x_wconf 90' lang='lat'><strong>,</strong></span> <span class='ocrx_word' id='word_1_761' title='bbox 3131 3276 3262 3331; x_wconf 89' lang='lat' dir='ltr'><strong>etin</strong></span> <span class='ocrx_word' id='word_1_762' title='bbox 3289 3274 3389 3330; x_wconf 92' lang='lat' dir='ltr'><strong>hoc</strong></span> <span class='ocrx_word' id='word_1_763' title='bbox 3415 3275 3613 3329; x_wconf 89' lang='lat' dir='ltr'><strong>mundo</strong></span> <span class='ocrx_word' id='word_1_764' title='bbox 3644 3284 3761 3330; x_wconf 85' lang='lat' dir='ltr'><strong>tan-</strong></span> 
     </span>
    </p>
   </div>
   <div class='ocr_carea' id='block_1_96' title="bbox 2184 3352 3832 3436">
    <p class='ocr_par' dir='ltr' id='par_1_96' title="bbox 2184 3352 3832 3436">
     <span class='ocr_line' id='line_1_96' title="bbox 2184 3352 3832 3436; baseline -0.001 -18"><span class='ocrx_word' id='word_1_765' title='bbox 2184 3380 2341 3436; x_wconf 88' lang='lat' dir='ltr'><strong>quam</strong></span> <span class='ocrx_word' id='word_1_766' title='bbox 2373 3364 2636 3436; x_wconf 82' lang='lat' dir='ltr'><strong>peregrini</strong></span> <span class='ocrx_word' id='word_1_767' title='bbox 2664 3358 2922 3419; x_wconf 87' lang='lat' dir='ltr'><strong>vivamus.</strong></span> <span class='ocrx_word' id='word_1_768' title='bbox 2951 3364 3199 3420; x_wconf 86' lang='lat' dir='ltr'><strong>Transire</strong></span> <span class='ocrx_word' id='word_1_769' title='bbox 3228 3379 3325 3419; x_wconf 93' lang='lat' dir='ltr'><strong>nos</strong></span> <span class='ocrx_word' id='word_1_770' title='bbox 3351 3352 3676 3434; x_wconf 86' lang='lat' dir='ltr'><strong>cogitemus,</strong></span> <span class='ocrx_word' id='word_1_771' title='bbox 3705 3372 3762 3418; x_wconf 88' lang='lat' dir='ltr'><strong>et</strong></span> <span class='ocrx_word' id='word_1_772' title='bbox 3828 3392 3832 3396; x_wconf 29' lang='grc' dir='ltr'><strong>Α</strong></span> 
     </span>
    </p>
   </div>
   <div class='ocr_carea' id='block_1_97' title="bbox 2183 3442 3762 3525">
    <p class='ocr_par' dir='ltr' id='par_1_97' title="bbox 2183 3442 3762 3525">
     <span class='ocr_line' id='line_1_97' title="bbox 2183 3442 3762 3525; baseline -0.001 -17"><span class='ocrx_word' id='word_1_773' title='bbox 2183 3454 2360 3509; x_wconf 91' lang='lat' dir='ltr'><strong>minus</strong></span> <span class='ocrx_word' id='word_1_774' title='bbox 2384 3454 2739 3525; x_wconf 89' lang='lat' dir='ltr'><strong>peccahimus.</strong></span> <span class='ocrx_word' id='word_1_775' title='bbox 2761 3454 2994 3525; x_wconf 84' lang='lat' dir='ltr'><strong>Agamus</strong></span> <span class='ocrx_word' id='word_1_776' title='bbox 3012 3453 3186 3524; x_wconf 90' lang='lat' dir='ltr'><strong>potius</strong></span> <span class='ocrx_word' id='word_1_777' title='bbox 3202 3442 3431 3509; x_wconf 80' lang='lat' dir='ltr'><strong>Domino</strong></span> <span class='ocrx_word' id='word_1_778' title='bbox 3452 3454 3560 3508; x_wconf 87' lang='lat' dir='ltr'><strong>Deo</strong></span> <span class='ocrx_word' id='word_1_779' title='bbox 3575 3461 3762 3508; x_wconf 86' lang='lat' dir='ltr'><strong>nostro</strong></span> 
     </span>
    </p>
   </div>
   <div class='ocr_carea' id='block_1_98' title="bbox 2184 3541 3763 3613">
    <p class='ocr_par' dir='ltr' id='par_1_98' title="bbox 2184 3541 3763 3613">
     <span class='ocr_line' id='line_1_98' title="bbox 2184 3541 3763 3613; baseline 0.001 -17"><span class='ocrx_word' id='word_1_780' title='bbox 2184 3542 2402 3613; x_wconf 86' lang='lat' dir='ltr'><strong>gratias,</strong></span> <span class='ocrx_word' id='word_1_781' title='bbox 2431 3543 2551 3613; x_wconf 88' lang='lat' dir='ltr'><strong>quia</strong></span> <span class='ocrx_word' id='word_1_782' title='bbox 2578 3542 2736 3612; x_wconf 88' lang='lat' dir='ltr'><strong>hujus</strong></span> <span class='ocrx_word' id='word_1_783' title='bbox 2756 3543 2878 3599; x_wconf 82' lang='lat' dir='ltr'><strong>vitae</strong></span> <span class='ocrx_word' id='word_1_784' title='bbox 2901 3542 3145 3598; x_wconf 91' lang='lat' dir='ltr'><strong>ultimum</strong></span> <span class='ocrx_word' id='word_1_785' title='bbox 3170 3542 3312 3598; x_wconf 87' lang='lat' dir='ltr'><strong>diem</strong></span> <span class='ocrx_word' id='word_1_786' title='bbox 3335 3551 3389 3598; x_wconf 90' lang='lat' dir='ltr'><strong>et</strong></span> <span class='ocrx_word' id='word_1_787' title='bbox 3409 3541 3621 3598; x_wconf 88' lang='lat' dir='ltr'><strong>brevem</strong></span> <span class='ocrx_word' id='word_1_788' title='bbox 3643 3556 3763 3598; x_wconf 85' lang='lat' dir='ltr'><strong>esse</strong></span> 
     </span>
    </p>
   </div>
   <div class='ocr_carea' id='block_1_99' title="bbox 2185 3618 3787 3711">
    <p class='ocr_par' dir='ltr' id='par_1_99' title="bbox 2185 3618 3787 3711">
     <span class='ocr_line' id='line_1_99' title="bbox 2185 3618 3787 3711; baseline -0.002 -22"><span class='ocrx_word' id='word_1_789' title='bbox 2185 3634 2352 3689; x_wconf 89' lang='lat' dir='ltr'><strong>voluit</strong></span> <span class='ocrx_word' id='word_1_790' title='bbox 2377 3628 2738 3690; x_wconf 29' lang='lat' dir='ltr'><strong>et‘incertum.</strong></span> <span class='ocrx_word' id='word_1_791' title='bbox 2771 3634 2813 3688; x_wconf 84' lang='lat' dir='ltr'><strong>A</strong></span> <span class='ocrx_word' id='word_1_792' title='bbox 2844 3634 3012 3711; x_wconf 89' lang='lat' dir='ltr'><strong>prima</strong></span> <span class='ocrx_word' id='word_1_793' title='bbox 3041 3633 3257 3688; x_wconf 84' lang='lat' dir='ltr'><strong>infantia</strong></span> <span class='ocrx_word' id='word_1_794' title='bbox 3288 3618 3550 3703; x_wconf 75' lang='lat' dir='ltr'><strong>usquead</strong></span> <span class='ocrx_word' id='word_1_795' title='bbox 3579 3631 3787 3688; x_wconf 80' lang='lat' dir='ltr'><strong>decre-‘</strong></span> 
     </span>
    </p>
   </div>
   <div class='ocr_carea' id='block_1_100' title="bbox 2185 3721 3762 3796">
    <p class='ocr_par' dir='ltr' id='par_1_100' title="bbox 2185 3721 3762 3796">
     <span class='ocr_line' id='line_1_100' title="bbox 2185 3721 3762 3796; baseline -0.002 -16"><span class='ocrx_word' id='word_1_796' title='bbox 2185 3725 2349 3796; x_wconf 89' lang='lat' dir='ltr'><strong>pitam</strong></span> <span class='ocrx_word' id='word_1_797' title='bbox 2377 3732 2702 3781; x_wconf 86' lang='lat' dir='ltr'><strong>senectutem</strong></span> <span class='ocrx_word' id='word_1_798' title='bbox 2722 3765 2738 3793; x_wconf 95' lang='lat'><strong>,</strong></span> <span class='ocrx_word' id='word_1_799' title='bbox 2767 3723 2929 3780; x_wconf 88' lang='lat' dir='ltr'><strong>breve</strong></span> <span class='ocrx_word' id='word_1_800' title='bbox 2963 3724 3188 3794; x_wconf 89' lang='lat' dir='ltr'><strong>spatium</strong></span> <span class='ocrx_word' id='word_1_801' title='bbox 3218 3732 3319 3780; x_wconf 87' lang='lat' dir='ltr'><strong>est.</strong></span> <span class='ocrx_word' id='word_1_802' title='bbox 3346 3722 3501 3790; x_wconf 89' lang='lat' dir='ltr'><strong>Quod</strong></span> <span class='ocrx_word' id='word_1_803' title='bbox 3537 3731 3644 3778; x_wconf 90' lang='lat' dir='ltr'><strong>tam</strong></span> <span class='ocrx_word' id='word_1_804' title='bbox 3671 3721 3762 3777; x_wconf 89' lang='lat' dir='ltr'><strong>diu</strong></span> 
     </span>
    </p>
   </div>
   <div class='ocr_carea' id='block_1_101' title="bbox 2184 3812 3763 3886">
    <p class='ocr_par' dir='ltr' id='par_1_101' title="bbox 2184 3812 3763 3886">
     <span class='ocr_line' id='line_1_101' title="bbox 2184 3812 3763 3886; baseline -0.003 -15"><span class='ocrx_word' id='word_1_805' title='bbox 2184 3816 2416 3881; x_wconf 81' lang='lat' dir='ltr'><strong>vixerat,</strong></span> <span class='ocrx_word' id='word_1_806' title='bbox 2446 3815 2570 3886; x_wconf 92' lang='lat' dir='ltr'><strong>quid</strong></span> <span class='ocrx_word' id='word_1_807' title='bbox 2612 3814 2661 3870; x_wconf 89' lang='lat' dir='ltr'><strong>ei</strong></span> <span class='ocrx_word' id='word_1_808' title='bbox 2691 3813 3006 3885; x_wconf 87' lang='lat' dir='ltr'><strong>profuisset,</strong></span> <span class='ocrx_word' id='word_1_809' title='bbox 3038 3813 3086 3869; x_wconf 91' lang='lat' dir='ltr'><strong>si</strong></span> <span class='ocrx_word' id='word_1_810' title='bbox 3117 3813 3285 3869; x_wconf 75' lang='lat' dir='ltr'><strong>Adam</strong></span> <span class='ocrx_word' id='word_1_811' title='bbox 3327 3812 3486 3868; x_wconf 90' lang='lat' dir='ltr'><strong>hodie</strong></span> <span class='ocrx_word' id='word_1_812' title='bbox 3522 3821 3763 3868; x_wconf 89' lang='lat' dir='ltr'><strong>mortuus</strong></span> 
     </span>
    </p>
   </div>
   <div class='ocr_carea' id='block_1_102' title="bbox 2187 3899 3760 3973">
    <p class='ocr_par' dir='ltr' id='par_1_102' title="bbox 2187 3899 3760 3973">
     <span class='ocr_line' id='line_1_102' title="bbox 2187 3899 3760 3973; baseline -0.004 -10"><span class='ocrx_word' id='word_1_813' title='bbox 2187 3906 2368 3964; x_wconf 85' lang='lat' dir='ltr'><strong>esset?</strong></span> <span class='ocrx_word' id='word_1_814' title='bbox 2402 3905 2538 3973; x_wconf 91' lang='lat' dir='ltr'><strong>Quid</strong></span> <span class='ocrx_word' id='word_1_815' title='bbox 2576 3906 2665 3961; x_wconf 90' lang='lat' dir='ltr'><strong>diu</strong></span> <span class='ocrx_word' id='word_1_816' title='bbox 2702 3913 2817 3971; x_wconf 89' lang='lat' dir='ltr'><strong>est,</strong></span> <span class='ocrx_word' id='word_1_817' title='bbox 2849 3905 2937 3960; x_wconf 88' lang='lat' dir='ltr'><strong>ubi</strong></span> <span class='ocrx_word' id='word_1_818' title='bbox 2968 3904 3087 3960; x_wconf 82' lang='lat' dir='ltr'><strong>linis</strong></span> <span class='ocrx_word' id='word_1_819' title='bbox 3120 3904 3239 3961; x_wconf 87' lang='lat' dir='ltr'><strong>est?</strong></span> <span class='ocrx_word' id='word_1_820' title='bbox 3279 3903 3592 3960; x_wconf 82' lang='lat' dir='ltr'><strong>Hesternum</strong></span> <span class='ocrx_word' id='word_1_821' title='bbox 3621 3899 3760 3957; x_wconf 88' lang='lat' dir='ltr'><strong>diem</strong></span> 
     </span>
    </p>
   </div>
   <div class='ocr_carea' id='block_1_103' title="bbox 2187 3995 3761 4067">
    <p class='ocr_par' dir='ltr' id='par_1_103' title="bbox 2187 3995 3761 4067">
     <span class='ocr_line' id='line_1_103' title="bbox 2187 3995 3761 4067; baseline -0.003 -15"><span class='ocrx_word' id='word_1_822' title='bbox 2187 4013 2347 4053; x_wconf 89' lang='lat' dir='ltr'><strong>nemo</strong></span> <span class='ocrx_word' id='word_1_823' title='bbox 2369 4006 2618 4053; x_wconf 87' lang='lat' dir='ltr'><strong>revocat:</strong></span> <span class='ocrx_word' id='word_1_824' title='bbox 2643 3995 2931 4053; x_wconf 90' lang='lat' dir='ltr'><strong>hodiernus</strong></span> <span class='ocrx_word' id='word_1_825' title='bbox 2959 3995 3190 4051; x_wconf 90' lang='lat' dir='ltr'><strong>crastino</strong></span> <span class='ocrx_word' id='word_1_826' title='bbox 3216 4004 3464 4067; x_wconf 90' lang='lat' dir='ltr'><strong>urgetur,</strong></span> <span class='ocrx_word' id='word_1_827' title='bbox 3495 4002 3553 4050; x_wconf 92' lang='lat' dir='ltr'><strong>ut</strong></span> <span class='ocrx_word' id='word_1_828' title='bbox 3587 4003 3761 4049; x_wconf 86' lang='lat' dir='ltr'><strong>trans-</strong></span> 
     </span>
    </p>
   </div>
   <div class='ocr_carea' id='block_1_104' title="bbox 2187 4082 3764 4157">
    <p class='ocr_par' dir='ltr' id='par_1_104' title="bbox 2187 4082 3764 4157">
     <span class='ocr_line' id='line_1_104' title="bbox 2187 4082 3764 4157; baseline -0.004 -14"><span class='ocrx_word' id='word_1_829' title='bbox 2187 4095 2293 4143; x_wconf 85' lang='lat' dir='ltr'><strong>eat.</strong></span> <span class='ocrx_word' id='word_1_830' title='bbox 2323 4087 2443 4157; x_wconf 89' lang='lat' dir='ltr'><strong>Ipso</strong></span> <span class='ocrx_word' id='word_1_831' title='bbox 2469 4101 2635 4157; x_wconf 89' lang='lat' dir='ltr'><strong>parvo</strong></span> <span class='ocrx_word' id='word_1_832' title='bbox 2662 4087 2832 4156; x_wconf 90' lang='lat' dir='ltr'><strong>spatio</strong></span> <span class='ocrx_word' id='word_1_833' title='bbox 2868 4085 3007 4141; x_wconf 89' lang='lat' dir='ltr'><strong>bene</strong></span> <span class='ocrx_word' id='word_1_834' title='bbox 3043 4085 3311 4153; x_wconf 91' lang='lat' dir='ltr'><strong>vivamus,</strong></span> <span class='ocrx_word' id='word_1_835' title='bbox 3351 4092 3410 4140; x_wconf 90' lang='lat' dir='ltr'><strong>ut</strong></span> <span class='ocrx_word' id='word_1_836' title='bbox 3452 4082 3545 4139; x_wconf 88' lang='lat' dir='ltr'><strong>illo</strong></span> <span class='ocrx_word' id='word_1_837' title='bbox 3580 4096 3764 4139; x_wconf 91' lang='lat' dir='ltr'><strong>eamus</strong></span> 
     </span>
    </p>
   </div>
   <div class='ocr_carea' id='block_1_105' title="bbox 2188 4172 3764 4244">
    <p class='ocr_par' dir='ltr' id='par_1_105' title="bbox 2188 4172 3764 4244">
     <span class='ocr_line' id='line_1_105' title="bbox 2188 4172 3764 4244; baseline -0.004 -13"><span class='ocrx_word' id='word_1_838' title='bbox 2188 4176 2327 4231; x_wconf 89' lang='lat' dir='ltr'><strong>unde</strong></span> <span class='ocrx_word' id='word_1_839' title='bbox 2356 4191 2460 4231; x_wconf 91' lang='lat' dir='ltr'><strong>non</strong></span> <span class='ocrx_word' id='word_1_840' title='bbox 2488 4184 2837 4231; x_wconf 88' lang='lat' dir='ltr'><strong>transeamus.</strong></span> <span class='ocrx_word' id='word_1_841' title='bbox 2862 4175 2931 4229; x_wconf 87' lang='lat' dir='ltr'><strong>Et</strong></span> <span class='ocrx_word' id='word_1_842' title='bbox 2952 4173 3111 4229; x_wconf 89' lang='lat' dir='ltr'><strong>modo</strong></span> <span class='ocrx_word' id='word_1_843' title='bbox 3130 4189 3248 4229; x_wconf 89' lang='lat' dir='ltr'><strong>cum</strong></span> <span class='ocrx_word' id='word_1_844' title='bbox 3264 4174 3556 4244; x_wconf 88' lang='lat' dir='ltr'><strong>loquimur,</strong></span> <span class='ocrx_word' id='word_1_845' title='bbox 3584 4172 3764 4242; x_wconf 92' lang='lat' dir='ltr'><strong>utique</strong></span> 
     </span>
    </p>
   </div>
   <div class='ocr_carea' id='block_1_106' title="bbox 2163 4263 3764 4330">
    <p class='ocr_par' dir='ltr' id='par_1_106' title="bbox 2163 4263 3764 4330">
     <span class='ocr_line' id='line_1_106' title="bbox 2163 4263 3764 4330; baseline -0.004 -8"><span class='ocrx_word' id='word_1_846' title='bbox 2163 4263 2167 4266; x_wconf 65' lang='grc'><em>’</em></span> <span class='ocrx_word' id='word_1_847' title='bbox 2190 4267 2492 4322; x_wconf 90' lang='lat' dir='ltr'><strong>transimus.</strong></span> <span class='ocrx_word' id='word_1_848' title='bbox 2520 4265 2694 4322; x_wconf 83' lang='lat' dir='ltr'><strong>Verba</strong></span> <span class='ocrx_word' id='word_1_849' title='bbox 2728 4274 2978 4330; x_wconf 90' lang='lat' dir='ltr'><strong>currunt,</strong></span> <span class='ocrx_word' id='word_1_850' title='bbox 3020 4275 3075 4320; x_wconf 90' lang='lat' dir='ltr'><strong>et</strong></span> <span class='ocrx_word' id='word_1_851' title='bbox 3101 4264 3247 4321; x_wconf 71' lang='lat' dir='ltr'><strong>hora:</strong></span> <span class='ocrx_word' id='word_1_852' title='bbox 3273 4264 3455 4319; x_wconf 89' lang='lat' dir='ltr'><strong>volant</strong></span> <span class='ocrx_word' id='word_1_853' title='bbox 3486 4281 3501 4319; x_wconf 86' lang='lat'><strong>:</strong></span> <span class='ocrx_word' id='word_1_854' title='bbox 3531 4263 3609 4318; x_wconf 91' lang='lat' dir='ltr'><strong>sic</strong></span> <span class='ocrx_word' id='word_1_855' title='bbox 3633 4271 3764 4317; x_wconf 73' lang='lat' dir='ltr'><strong>tetas</strong></span> 
     </span>
    </p>
   </div>
   <div class='ocr_carea' id='block_1_107' title="bbox 2188 4352 3763 4425">
    <p class='ocr_par' dir='ltr' id='par_1_107' title="bbox 2188 4352 3763 4425">
     <span class='ocr_line' id='line_1_107' title="bbox 2188 4352 3763 4425; baseline -0.005 -12"><span class='ocrx_word' id='word_1_856' title='bbox 2188 4371 2389 4425; x_wconf 72' lang='lat' dir='ltr'><strong>nosua,</strong></span> <span class='ocrx_word' id='word_1_857' title='bbox 2419 4358 2497 4415; x_wconf 91' lang='lat' dir='ltr'><strong>sic</strong></span> <span class='ocrx_word' id='word_1_858' title='bbox 2515 4366 2665 4414; x_wconf 90' lang='lat' dir='ltr'><strong>actus</strong></span> <span class='ocrx_word' id='word_1_859' title='bbox 2686 4357 2870 4422; x_wconf 85' lang='lat' dir='ltr'><strong>nostri,</strong></span> <span class='ocrx_word' id='word_1_860' title='bbox 2899 4357 2974 4411; x_wconf 85' lang='lat' dir='ltr'><strong>sic</strong></span> <span class='ocrx_word' id='word_1_861' title='bbox 2995 4356 3224 4412; x_wconf 90' lang='lat' dir='ltr'><strong>honores</strong></span> <span class='ocrx_word' id='word_1_862' title='bbox 3244 4357 3431 4422; x_wconf 88' lang='lat' dir='ltr'><strong>nostri,</strong></span> <span class='ocrx_word' id='word_1_863' title='bbox 3454 4354 3532 4411; x_wconf 87' lang='lat' dir='ltr'><strong>sic</strong></span> <span class='ocrx_word' id='word_1_864' title='bbox 3550 4352 3763 4408; x_wconf 89' lang='lat' dir='ltr'><strong>miseria</strong></span> 
     </span>
    </p>
   </div>
   <div class='ocr_carea' id='block_1_108' title="bbox 2188 4443 3764 4517">
    <p class='ocr_par' dir='ltr' id='par_1_108' title="bbox 2188 4443 3764 4517">
     <span class='ocr_line' id='line_1_108' title="bbox 2188 4443 3764 4517; baseline -0.004 -13"><span class='ocrx_word' id='word_1_865' title='bbox 2188 4457 2397 4517; x_wconf 87' lang='lat' dir='ltr'><strong>nostra,</strong></span> <span class='ocrx_word' id='word_1_866' title='bbox 2427 4452 2508 4505; x_wconf 90' lang='lat' dir='ltr'><strong>sic</strong></span> <span class='ocrx_word' id='word_1_867' title='bbox 2547 4449 2646 4504; x_wconf 87' lang='lat' dir='ltr'><strong>ista</strong></span> <span class='ocrx_word' id='word_1_868' title='bbox 2682 4446 2906 4504; x_wconf 88' lang='lat' dir='ltr'><strong>felicitas</strong></span> <span class='ocrx_word' id='word_1_869' title='bbox 2946 4455 3149 4502; x_wconf 86' lang='lat' dir='ltr'><strong>nostra.</strong></span> <span class='ocrx_word' id='word_1_870' title='bbox 3183 4446 3380 4502; x_wconf 85' lang='lat' dir='ltr'><strong>Totum</strong></span> <span class='ocrx_word' id='word_1_871' title='bbox 3409 4446 3635 4500; x_wconf 90' lang='lat' dir='ltr'><strong>transit:</strong></span> <span class='ocrx_word' id='word_1_872' title='bbox 3668 4443 3764 4498; x_wconf 89' lang='lat' dir='ltr'><strong>sed</strong></span> 
     </span>
    </p>
   </div>
   <div class='ocr_carea' id='block_1_109' title="bbox 2189 4536 3763 4614">
    <p class='ocr_par' dir='ltr' id='par_1_109' title="bbox 2189 4536 3763 4614">
     <span class='ocr_line' id='line_1_109' title="bbox 2189 4536 3763 4614; baseline -0.006 -15"><span class='ocrx_word' id='word_1_873' title='bbox 2189 4559 2293 4598; x_wconf 88' lang='lat' dir='ltr'><strong>non</strong></span> <span class='ocrx_word' id='word_1_874' title='bbox 2333 4553 2793 4614; x_wconf 84' lang='lat' dir='ltr'><strong>expavescamus:</strong></span> <span class='ocrx_word' id='word_1_875' title='bbox 2834 4538 3048 4594; x_wconf 85' lang='lat' dir='ltr'><strong>Verbum</strong></span> <span class='ocrx_word' id='word_1_876' title='bbox 3077 4536 3281 4593; x_wconf 87' lang='lat' dir='ltr'><strong>Domini</strong></span> <span class='ocrx_word' id='word_1_877' title='bbox 3317 4546 3483 4592; x_wconf 81' lang='lat' dir='ltr'><strong>manet</strong></span> <span class='ocrx_word' id='word_1_878' title='bbox 3522 4537 3576 4590; x_wconf 84' lang='lat' dir='ltr'><strong>in</strong></span> <span class='ocrx_word' id='word_1_879' title='bbox 3610 4544 3763 4591; x_wconf 78' lang='lat' dir='ltr'><strong>teter-</strong></span> 
     </span>
    </p>
   </div>
   <div class='ocr_carea' id='block_1_110' title="bbox 2188 4629 3162 4695">
    <p class='ocr_par' dir='ltr' id='par_1_110' title="bbox 2188 4629 3162 4695">
     <span class='ocr_line' id='line_1_110' title="bbox 2188 4629 3162 4695; baseline -0.003 -9"><span class='ocrx_word' id='word_1_880' title='bbox 2188 4649 2328 4687; x_wconf 80' lang='lat' dir='ltr'><strong>uum.</strong></span> <span class='ocrx_word' id='word_1_881' title='bbox 2350 4629 2610 4688; x_wconf 82' lang='lat' dir='ltr'><strong>Conversi</strong></span> <span class='ocrx_word' id='word_1_882' title='bbox 2636 4629 2705 4686; x_wconf 90' lang='lat' dir='ltr'><strong>ad</strong></span> <span class='ocrx_word' id='word_1_883' title='bbox 2728 4630 3032 4695; x_wconf 89' lang='lat' dir='ltr'><strong>Dominum,</strong></span> <span class='ocrx_word' id='word_1_884' title='bbox 3060 4636 3162 4684; x_wconf 85' lang='lat' dir='ltr'><strong>etc.</strong></span> 
     </span>
    </p>
   </div>
   <div class='ocr_carea' id='block_1_111' title="bbox 2654 4758 3284 4833">
    <p class='ocr_par' dir='ltr' id='par_1_111' title="bbox 2654 4758 3284 4833">
     <span class='ocr_line' id='line_1_111' title="bbox 2654 4758 3284 4833; baseline -0.008 -15"><span class='ocrx_word' id='word_1_885' title='bbox 2654 4759 2892 4818; x_wconf 82' lang='lat' dir='ltr'><strong>SERMO</strong></span> <span class='ocrx_word' id='word_1_886' title='bbox 2927 4758 3115 4816; x_wconf 79' lang='lat' dir='ltr'><strong>cxxv</strong></span> <span class='ocrx_word' id='word_1_887' title='bbox 3137 4763 3158 4786; x_wconf 66' lang='grc' dir='ltr'><strong><em>α</em></strong></span> <span class='ocrx_word' id='word_1_888' title='bbox 3187 4758 3284 4833; x_wconf 92' lang='lat' dir='ltr'><strong>(a).</strong></span> 
     </span>
    </p>
   </div>
   <div class='ocr_carea' id='block_1_112' title="bbox 2190 4892 3768 4965">
    <p class='ocr_par' dir='ltr' id='par_1_112' title="bbox 2190 4892 3768 4965">
     <span class='ocr_line' id='line_1_112' title="bbox 2190 4892 3768 4965; baseline -0.001 -17"><span class='ocrx_word' id='word_1_889' title='bbox 2190 4893 2415 4949; x_wconf 75' lang='lat' dir='ltr'><strong>Rursum</strong></span> <span class='ocrx_word' id='word_1_890' title='bbox 2440 4894 2495 4948; x_wconf 86' lang='lat' dir='ltr'><strong>in</strong></span> <span class='ocrx_word' id='word_1_891' title='bbox 2520 4893 2736 4949; x_wconf 79' lang='lat' dir='ltr'><strong>Joannis</strong></span> <span class='ocrx_word' id='word_1_892' title='bbox 2760 4910 2877 4964; x_wconf 81' lang='lat' dir='ltr'><strong>cap.</strong></span> <span class='ocrx_word' id='word_1_893' title='bbox 2910 4908 2964 4948; x_wconf 92' lang='lat' dir='ltr'><strong>v.</strong></span> <span class='ocrx_word' id='word_1_894' title='bbox 2997 4892 3074 4947; x_wconf 87' lang='lat' dir='ltr'><strong>De</strong></span> <span class='ocrx_word' id='word_1_895' title='bbox 3103 4895 3317 4964; x_wconf 80' lang='lat' dir='ltr'><strong>quinque</strong></span> <span class='ocrx_word' id='word_1_896' title='bbox 3353 4892 3652 4965; x_wconf 84' lang='lat' dir='ltr'><strong>porticibus,</strong></span> <span class='ocrx_word' id='word_1_897' title='bbox 3681 4892 3768 4947; x_wconf 78' lang='lat' dir='ltr'><strong>ubi</strong></span> 
     </span>
    </p>
   </div>
   <div class='ocr_carea' id='block_1_113' title="bbox 2257 4981 3764 5056">
    <p class='ocr_par' dir='ltr' id='par_1_113' title="bbox 2257 4981 3764 5056">
     <span class='ocr_line' id='line_1_113' title="bbox 2257 4981 3764 5056; baseline -0.001 -17"><span class='ocrx_word' id='word_1_898' title='bbox 2257 4984 2522 5039; x_wconf 82' lang='lat' dir='ltr'><strong>multitudo</strong></span> <span class='ocrx_word' id='word_1_899' title='bbox 2561 4985 2901 5056; x_wconf 81' lang='lat' dir='ltr'><strong>languentium</strong></span> <span class='ocrx_word' id='word_1_900' title='bbox 2929 4983 3169 5056; x_wconf 84' lang='lat' dir='ltr'><strong>jacebat;</strong></span> <span class='ocrx_word' id='word_1_901' title='bbox 3196 4993 3243 5039; x_wconf 91' lang='lat' dir='ltr'><strong>et</strong></span> <span class='ocrx_word' id='word_1_902' title='bbox 3279 4983 3342 5037; x_wconf 86' lang='lat' dir='ltr'><strong>de</strong></span> <span class='ocrx_word' id='word_1_903' title='bbox 3379 4983 3576 5054; x_wconf 83' lang='lat' dir='ltr'><strong>piscina</strong></span> <span class='ocrx_word' id='word_1_904' title='bbox 3603 4981 3764 5049; x_wconf 81' lang='lat' dir='ltr'><strong>Siloe,</strong></span> 
     </span>
    </p>
   </div>
   <div class='ocr_carea' id='block_1_114' title="bbox 2164 5073 2581 5149">
    <p class='ocr_par' dir='ltr' id='par_1_114' title="bbox 2164 5073 2581 5149">
     <span class='ocr_line' id='line_1_114' title="bbox 2164 5073 2581 5149; baseline 0.005 -21"><span class='ocrx_word' id='word_1_905' title='bbox 2164 5088 2169 5089; x_wconf 53' lang='grc' dir='ltr'>ί</span> <span class='ocrx_word' id='word_1_906' title='bbox 2258 5091 2372 5147; x_wconf 82' lang='lat' dir='ltr'><strong>cap.</strong></span> <span class='ocrx_word' id='word_1_907' title='bbox 2402 5091 2457 5129; x_wconf 78' lang='lat' dir='ltr'><strong>lx</strong></span> <span class='ocrx_word' id='word_1_908' title='bbox 2487 5073 2581 5149; x_wconf 90' lang='lat' dir='ltr'><strong>(b).</strong></span> 
     </span>
    </p>
   </div>
   <div class='ocr_carea' id='block_1_115' title="bbox 2261 5205 3768 5285">
    <p class='ocr_par' dir='ltr' id='par_1_115' title="bbox 2261 5205 3768 5285">
     <span class='ocr_line' id='line_1_115' title="bbox 2261 5205 3768 5285; baseline -0.005 -22"><span class='ocrx_word' id='word_1_909' title='bbox 2261 5212 2314 5265; x_wconf 79' lang='grc' dir='ltr'><strong>ί.</strong></span> <span class='ocrx_word' id='word_1_910' title='bbox 2364 5207 2561 5263; x_wconf 83' lang='lat' dir='ltr'><strong>Eadem</strong></span> <span class='ocrx_word' id='word_1_911' title='bbox 2609 5223 2641 5262; x_wconf 91' lang='lat' dir='ltr'><strong>a</strong></span> <span class='ocrx_word' id='word_1_912' title='bbox 2687 5215 2952 5285; x_wconf 80' lang='lat' dir='ltr'><strong>tractatore</strong></span> <span class='ocrx_word' id='word_1_913' title='bbox 2996 5207 3374 5277; x_wconf 85' lang='lat' dir='ltr'><strong>Scripturarum</strong></span> <span class='ocrx_word' id='word_1_914' title='bbox 3426 5219 3528 5259; x_wconf 79' lang='lat' dir='ltr'><strong>non</strong></span> <span class='ocrx_word' id='word_1_915' title='bbox 3580 5205 3768 5274; x_wconf 77' lang='lat' dir='ltr'><strong>frustra</strong></span> 
     </span>
    </p>
   </div>
   <div class='ocr_carea' id='block_1_116' title="bbox 2190 5290 3768 5373">
    <p class='ocr_par' dir='ltr' id='par_1_116' title="bbox 2190 5290 3768 5373">
     <span class='ocr_line' id='line_1_116' title="bbox 2190 5290 3768 5373; baseline -0.008 -17"><span class='ocrx_word' id='word_1_916' title='bbox 2190 5310 2502 5373; x_wconf 82' lang='lat' dir='ltr'><strong>repetuntur.</strong></span> <span class='ocrx_word' id='word_1_917' title='bbox 2541 5299 2649 5355; x_wconf 86' lang='lat' dir='ltr'><strong>Nec</strong></span> <span class='ocrx_word' id='word_1_918' title='bbox 2688 5299 2932 5366; x_wconf 89' lang='lat' dir='ltr'><strong>auribus,</strong></span> <span class='ocrx_word' id='word_1_919' title='bbox 2977 5313 3077 5355; x_wconf 89' lang='lat' dir='ltr'><strong>nec</strong></span> <span class='ocrx_word' id='word_1_920' title='bbox 3116 5296 3365 5354; x_wconf 88' lang='lat' dir='ltr'><strong>cordibus</strong></span> <span class='ocrx_word' id='word_1_921' title='bbox 3399 5292 3593 5350; x_wconf 89' lang='lat' dir='ltr'><strong>vestris</strong></span> <span class='ocrx_word' id='word_1_922' title='bbox 3619 5290 3768 5347; x_wconf 82' lang='lat' dir='ltr'><strong>rudia</strong></span> 
     </span>
    </p>
   </div>
   <div class='ocr_carea' id='block_1_117' title="bbox 2191 5385 3769 5466">
    <p class='ocr_par' dir='ltr' id='par_1_117' title="bbox 2191 5385 3769 5466">
     <span class='ocr_line' id='line_1_117' title="bbox 2191 5385 3769 5466; baseline -0.01 -16"><span class='ocrx_word' id='word_1_923' title='bbox 2191 5402 2502 5466; x_wconf 89' lang='lat' dir='ltr'><strong>repetuntur</strong></span> <span class='ocrx_word' id='word_1_924' title='bbox 2537 5408 2550 5447; x_wconf 89' lang='lat'><strong>:</strong></span> <span class='ocrx_word' id='word_1_925' title='bbox 2590 5399 2841 5462; x_wconf 89' lang='lat' dir='ltr'><strong>reparant</strong></span> <span class='ocrx_word' id='word_1_926' title='bbox 2882 5399 3057 5446; x_wconf 89' lang='lat' dir='ltr'><strong>tamen</strong></span> <span class='ocrx_word' id='word_1_927' title='bbox 3104 5387 3364 5444; x_wconf 87' lang='lat' dir='ltr'><strong>audientis</strong></span> <span class='ocrx_word' id='word_1_928' title='bbox 3406 5385 3678 5447; x_wconf 76' lang='lat' dir='ltr'><strong>affectum,</strong></span> <span class='ocrx_word' id='word_1_929' title='bbox 3712 5385 3769 5434; x_wconf 78' lang='lat' dir='ltr'><strong>et</strong></span> 
     </span>
    </p>
   </div>
   <div class='ocr_carea' id='block_1_118' title="bbox 2244 5546 2990 5600">
    <p class='ocr_par' dir='ltr' id='par_1_118' title="bbox 2244 5546 2990 5600">
     <span class='ocr_line' id='line_1_118' title="bbox 2244 5546 2990 5600; baseline -0.012 1"><span class='ocrx_word' id='word_1_930' title='bbox 2244 5552 2277 5573; x_wconf 72' lang='lat'><strong><em>‘</em></strong></span> <span class='ocrx_word' id='word_1_931' title='bbox 2299 5550 2580 5600; x_wconf 78' lang='lat' dir='ltr'><strong>necensitus</strong></span> <span class='ocrx_word' id='word_1_932' title='bbox 2608 5546 2664 5598; x_wconf 89' lang='lat' dir='ltr'><strong>ad</strong></span> <span class='ocrx_word' id='word_1_933' title='bbox 2688 5560 2757 5597; x_wconf 90' lang='lat' dir='ltr'><strong>cr.</strong></span> <span class='ocrx_word' id='word_1_934' title='bbox 2784 5554 2837 5597; x_wconf 89' lang='lat' dir='ltr'><strong>et</strong></span> <span class='ocrx_word' id='word_1_935' title='bbox 2856 5546 2990 5595; x_wconf 86' lang='lat' dir='ltr'><strong>Sirm.</strong></span> 
     </span>
    </p>
   </div>
   <div class='ocr_carea' id='block_1_119' title="bbox 2253 5607 3033 5672">
    <p class='ocr_par' dir='ltr' id='par_1_119' title="bbox 2253 5607 3033 5672">
     <span class='ocr_line' id='line_1_119' title="bbox 2253 5607 3033 5672; baseline -0.013 -9"><span class='ocrx_word' id='word_1_936' title='bbox 2253 5613 2327 5672; x_wconf 90' lang='lat' dir='ltr'><strong>(a)</strong></span> <span class='ocrx_word' id='word_1_937' title='bbox 2354 5610 2491 5669; x_wconf 72' lang='lat' dir='ltr'><strong>Alias,</strong></span> <span class='ocrx_word' id='word_1_938' title='bbox 2516 5622 2580 5659; x_wconf 86' lang='lat' dir='ltr'><strong>ex</strong></span> <span class='ocrx_word' id='word_1_939' title='bbox 2602 5608 2937 5672; x_wconf 79' lang='lat' dir='ltr'><strong>Sirmondianis</strong></span> <span class='ocrx_word' id='word_1_940' title='bbox 2961 5607 3033 5672; x_wconf 59' lang='grc'><strong>15.</strong></span> 
     </span>
    </p>
   </div>
   <div class='ocr_carea' id='block_1_120' title="bbox 2257 5614 3333 5737">
    <p class='ocr_par' dir='ltr' id='par_1_120' title="bbox 2257 5614 3333 5737">
     <span class='ocr_line' id='line_1_120' title="bbox 2257 5614 3033 5672; baseline -0.01 -10"><span class='ocrx_word' id='word_1_941' title='bbox 2257 5614 2305 5672; x_wconf 87' lang='lat' dir='ltr'><strong>(a</strong></span> <span class='ocrx_word' id='word_1_942' title='bbox 2354 5614 2491 5669; x_wconf 72' lang='lat' dir='ltr'><strong>Alias,</strong></span> <span class='ocrx_word' id='word_1_943' title='bbox 2516 5622 2580 5659; x_wconf 83' lang='lat' dir='ltr'><strong>ex</strong></span> <span class='ocrx_word' id='word_1_944' title='bbox 2602 5614 2937 5659; x_wconf 80' lang='lat' dir='ltr'><strong>Sirmondianis</strong></span> <span class='ocrx_word' id='word_1_945' title='bbox 2961 5614 3033 5655; x_wconf 78' lang='grc'><strong>15.</strong></span> 
     </span>
     <span class='ocr_line' id='line_1_121' title="bbox 2257 5614 3333 5737; baseline -0.011 -13"><span class='ocrx_word' id='word_1_946' title='bbox 2257 5614 2328 5737; x_wconf 46' lang='grc' dir='ltr'><strong>(οξ</strong></span> <span class='ocrx_word' id='word_1_947' title='bbox 2351 5672 2561 5724; x_wconf 79' lang='lat' dir='ltr'><strong>tteminit</strong></span> <span class='ocrx_word' id='word_1_948' title='bbox 2587 5670 2820 5722; x_wconf 84' lang='lat' dir='ltr'><strong>Possidius</strong></span> <span class='ocrx_word' id='word_1_949' title='bbox 2844 5671 2891 5718; x_wconf 87' lang='lat' dir='ltr'><strong>in</strong></span> <span class='ocrx_word' id='word_1_950' title='bbox 2911 5665 3134 5727; x_wconf 80' lang='lat' dir='ltr'><strong>Indiculo,</strong></span> <span class='ocrx_word' id='word_1_951' title='bbox 3159 5675 3262 5727; x_wconf 81' lang='lat' dir='ltr'><strong>cap.</strong></span> <span class='ocrx_word' id='word_1_952' title='bbox 3286 5662 3333 5712; x_wconf 90' lang='lat'><strong>8.</strong></span> 
     </span>
    </p>
   </div>
  </div>
