4126 6322
315 365 329 378 .
379 325 482 382 689

377 436 608 508 quodam
635 433 793 490 modo
820 437 1230 489 commemorata
1255 428 1509 484 innovant
1534 439 1668 480 nos:
1698 440 1793 480 nec
1821 425 1961 494 piget

379 544 439 584 ea
461 541 582 596 qua:
606 535 729 580 nota
751 532 875 580 sunt
893 522 1096 586 audire,
1119 520 1241 589 quia
1262 534 1474 588 semper
1493 517 1663 572 dulcia
1684 523 1826 579 sunt,
1844 529 1962 584 quae

383 617 591 674 Domini
619 625 761 671 sunt.
803 615 892 670 Sic
918 622 1002 669 est
1035 610 1302 682 expositio
1339 609 1634 664 divinarum
1663 607 1962 676 Scriptura-

380 723 520 772 rum,
541 708 677 762 sicut
696 714 820 761 sunt
842 705 969 775 ipsa:
988 703 1182 759 divina:
1198 701 1485 771 Scriptum
1507 718 1521 754 :
1539 699 1638 754 etsi
1658 707 1798 754 notae
1821 704 1960 762 sunt,

381 803 624 871 leguntur
652 809 827 854 tamen
857 797 926 851 ad
954 793 1534 851 commemorationem.
1566 790 1655 846 Sic
1681 799 1736 846 et
1755 788 1966 859 exposi-

380 893 462 946 tio
481 904 688 956 earum,
720 888 818 944 etsi
850 894 974 942 nota
997 893 1109 950 est,
1141 882 1428 954 repetenda
1453 891 1534 937 est
1559 889 1732 936 tamen
1753 921 1770 947 ,
1799 888 1857 934 ut
1879 879 1965 947 qui

380 983 529 1039 obliti
556 990 681 1036 sunt
708 985 1226 1043 commemorentur,
1257 976 1341 1031 vel
1373 975 1463 1044 qui
1494 973 1630 1028 forte
1655 987 1759 1027 non
1788 971 1968 1025 audie-

379 1083 525 1140 runt,
545 1071 794 1136 audiant;
817 1078 873 1126 et
892 1068 979 1139 qui
999 1076 1179 1123 tenent
1197 1065 1338 1138 quod
1358 1064 1540 1119 audire
1559 1069 1966 1126 consueverunt,

381 1165 676 1237 repetendo
715 1164 806 1219 ﬁat
844 1172 904 1218 ut
945 1161 1186 1218 oblivisci
1229 1175 1336 1215 non
1381 1157 1602 1229 possint.
1635 1155 1969 1211 Meminimus

380 1259 522 1314 enim
555 1257 622 1312 de
649 1255 750 1311 hoc
776 1255 1007 1324 capitulo
1033 1252 1307 1323 Evangelii
1331 1252 1438 1322 iam
1469 1263 1567 1304 nos
1601 1249 1807 1303 locutos
1835 1246 1971 1304 Cba-

378 1351 522 1405 ritati
551 1358 763 1404 vestrae.
800 1347 909 1402 Nec
946 1347 1089 1417 piget
1123 1354 1300 1400 tamen
1337 1343 1522 1399 eadem
1553 1341 1704 1396 vobis
1732 1355 1968 1396 comme-

381 1457 613 1510 morare,
642 1442 778 1497 sicut
802 1456 909 1494 non
933 1439 1100 1509 piguit
1124 1437 1366 1492 eamdem
1399 1435 1549 1490 vobis
1575 1420 1859 1489 lectionem
1887 1447 1969 1486 re-

381 1543 584 1606 petere.
618 1533 905 1604 Apostolus
933 1531 1128 1586 Paulus
1168 1530 1295 1585 dicit
1336 1529 1562 1599 quadam
1604 1528 1656 1582 in
1695 1525 1966 1596 Epistola:

381 1627 578 1681 Eadem
606 1626 819 1680 scribere
845 1625 981 1679 vobis
1002 1667 1017 1690 ,
1051 1623 1176 1678 mihi
1209 1622 1407 1693 quidem
1441 1638 1541 1676 non
1572 1621 1770 1691 pigrum
1790 1661 1806 1687 ,
1837 1619 1972 1673 vobis

381 1728 550 1772 autent
579 1717 914 1772 necessarium
943 1714 1200 1786 (Philipp.
1229 1730 1320 1780 ιιι,
1353 1713 1430 1783 1).
1465 1711 1537 1766 Ita
1564 1720 1618 1766 et
1651 1725 1748 1764 nos
1785 1709 1971 1766 eadem

382 1810 562 1865 dicere
591 1808 770 1875 vobis,
803 1808 958 1862 nobis
996 1821 1104 1860 non
1130 1806 1334 1876 pigrum
1352 1846 1367 1871 ,
1401 1803 1552 1858 vobis
1576 1811 1754 1856 autem
1783 1809 1969 1856 tutum.

393 1947 396 1952 .
452 1899 508 1954 2.
555 1899 786 1968 Quinque
820 1899 1042 1969 porticus
1077 1897 1260 1967 Legem
1292 1894 1460 1964 Moysi
1488 1892 1796 1964 ﬁgurabant.
1827 1890 1974 1962 Legis

387 1991 455 2043 ad
480 1991 765 2044 sanandum
785 1989 1097 2059 impotentia.
1123 1987 1229 2042 Lex
1247 2002 1403 2056 quare
1427 1986 1566 2039 data.
1592 1985 1833 2054 Quinque
1856 1998 1976 2053 por-

388 2084 556 2148 licus,
583 2082 636 2136 in
668 2081 857 2150 quibus
884 2079 1138 2149 iacebant
1163 2077 1393 2142 inﬁrmi,
1427 2077 1621 2146 Legem
1656 2073 1972 2144 signiﬁcant,

386 2190 506 2243 qua:
534 2173 705 2244 primo
730 2172 850 2227 data
876 2182 958 2227 est
976 2171 1174 2227 Judaeis
1202 2180 1255 2225 et
1278 2169 1472 2239 populo
1497 2167 1657 2222 Israel
1688 2181 1782 2236 per
1808 2164 1978 2219 famu-

389 2266 497 2318 lum
523 2264 615 2320 Dei
636 2263 874 2334 Moysen.
899 2262 1110 2317 Etenim
1139 2261 1346 2332 Moyses
1375 2260 1508 2330 ipse,
1537 2258 1776 2313 minister
1797 2257 1973 2328 Legio,

385 2357 619 2427 quinque
645 2355 807 2410 libros
833 2355 974 2410 fecit.
1001 2355 1222 2424 Propter
1246 2368 1528 2409 numerum
1549 2366 1678 2422 ergo
1699 2351 1973 2415 librorum,

388 2463 523 2518 quos
550 2448 637 2502 ille
665 2447 900 2517 scripsit,
930 2447 1163 2517 quinque
1189 2448 1421 2515 porticus
1444 2445 1638 2515 Legem
1664 2442 1974 2514 ﬁgurabant.

388 2541 520 2607 Quia
546 2555 675 2594 vero
697 2539 804 2595 Lex
831 2555 936 2594 non
963 2540 1082 2593 data
1110 2548 1192 2592 est
1217 2555 1334 2608 qua:
1359 2545 1572 2592 sanaret
1598 2536 1856 2598 inﬁrmos,
1885 2536 1977 2590 sed

391 2646 510 2699 qum
535 2631 786 2701 proderet
810 2641 865 2686 et
891 2631 1196 2686 ostenderet
1222 2650 1232 2682 :
1260 2631 1336 2685 sic
1359 2630 1500 2684 enim
1523 2629 1652 2684 dicit
1670 2627 1974 2697 Apostolus,

392 2724 454 2778 Si
481 2724 614 2786 enim
639 2723 756 2776 data
781 2731 906 2777 esset
931 2721 1036 2775 Lex
1065 2737 1176 2790 qua'
1206 2731 1369 2791 posset
1395 2721 1663 2789 viviﬁcare,
1694 2720 1895 2773 omnino
1919 2735 1982 2774 ex

389 2814 526 2884 Lege
555 2825 679 2869 esset
712 2815 951 2884 justitia;
981 2815 1066 2868 sed
1106 2815 1348 2867 conclusit
1387 2813 1657 2883 Scriptura
1694 2815 1862 2867 omnia
1889 2813 1980 2867 sub

393 2919 628 2976 peccato,
660 2918 711 2960 ut
743 2909 1006 2976 promissio
1035 2923 1098 2960 ex
1133 2906 1232 2974 ﬁde
1259 2905 1382 2960 Jesu
1419 2905 1603 2960 Christi
1639 2907 1842 2977 daretur
1869 2923 1979 2960 cre-

393 2999 624 3053 dentibus
653 2998 842 3069 (Galat.
874 3015 925 3053 Ill
948 3041 961 3066 ,
989 2999 1050 3052 2i
1077 3039 1093 3064 ,
1121 2998 1212 3069 22)
1247 3017 1258 3051 :
1290 3008 1569 3068 propterea
1601 2999 1651 3052 itt
1683 2999 1783 3052 illis
1815 2999 1980 3068 porti-

392 3090 543 3144 cibus
564 3090 811 3159 jacobant
831 3091 1036 3158 a-groti,
1065 3105 1168 3145 non
1193 3091 1536 3145 sanabantur.
1560 3091 1692 3158 Quid
1717 3093 1855 3144 enim
1878 3091 1982 3144 ait?

395 3180 458 3235 Si
482 3182 600 3234 data
628 3193 751 3235 esset
788 3181 896 3236 Lex
934 3199 1046 3252 qua:
1079 3191 1244 3254 posset
1269 3183 1539 3252 viviﬁcare.
1579 3184 1693 3238 Non
1725 3199 1852 3254 ergo
1880 3184 1982 3239 illa:

395 3273 667 3342 porticus,
722 3289 841 3343 qua:
887 3273 1182 3343 tigurabant
1229 3273 1456 3345 Legem,
1502 3288 1692 3329 sanare
1740 3284 1981 3343 potet-aut

395 3373 647 3434 :egrotos.
673 3366 811 3420 Dicit
838 3365 966 3420 mihi
993 3367 1182 3436 aliquis
1206 3384 1218 3418 :
1242 3366 1417 3434 Quare
1437 3382 1565 3436 ergo
1585 3366 1704 3420 data
1728 3367 1845 3421 est?
1871 3366 1983 3434 Ipse

393 3458 640 3526 exposuit
676 3459 949 3528 apostolus
984 3459 1180 3514 Paulus
1212 3476 1224 3512 :
1256 3458 1547 3523 Conclusit,
1591 3459 1791 3527 inquit,
1837 3459 1980 3512 Scri-

395 3563 546 3618 ptura
593 3550 761 3604 omnia
811 3550 902 3605 sub
945 3559 1175 3620 peccato,
1225 3559 1277 3602 ut
1321 3551 1584 3620 promissio
1626 3566 1686 3603 ex
1731 3549 1832 3618 [ide
1859 3550 1982 3603 .Iesu

396 3639 822 3695 Christi-daretur
850 3642 1179 3696 credentibus.
1212 3641 1314 3708 Qui
1343 3643 1484 3696 enim
1516 3643 1865 3711 eegrotabant,
1896 3658 1983 3696 sa-

393 3746 496 3785 nos
524 3746 581 3786 se
610 3747 729 3788 esse
759 3732 1033 3803 putabant.
1071 3733 1407 3802 Acceperunt
1435 3732 1628 3802 Legem
1647 3775 1664 3798 ,
1694 3749 1850 3802 quam
1884 3734 1986 3788 im-

395 3824 544 3894 plere
581 3839 688 3878 non
720 3833 996 3893 poterant;
1027 3823 1326 3879 didicerunt
1356 3825 1407 3878 in
1437 3840 1542 3894 quo
1570 3825 1756 3879 morbo
1784 3834 1984 3892 essent,

393 3924 447 3967 et
495 3915 916 3983 imploravetunt
959 3931 1148 3971 manus
1192 3916 1384 3971 medici
1418 3935 1430 3970 :
1463 3917 1744 3971 voluerunt
1787 3920 1984 3987 sanari,

392 4008 515 4076 quia
540 4017 906 4076 cognoverunt
923 4023 980 4063 se
1003 4007 1274 4075 laborare;
1298 4008 1438 4078 quod
1461 4023 1565 4063 non
1583 4020 1984 4079 Cognoscerent,

393 4099 496 4151 nisi
521 4097 696 4151 datam
720 4099 911 4168 Legem
937 4100 1156 4170 implere
1178 4115 1282 4154 non
1308 4108 1542 4168 possent.
1564 4099 1822 4156 lnnocens
1843 4103 1985 4157 enim

396 4187 560 4240 homo
597 4188 697 4243 sibi
739 4189 1048 4257 videbatur,
1077 4200 1131 4244 et
1165 4205 1231 4245 ex
1259 4191 1369 4260 ipsa
1395 4191 1641 4260 superbia
1670 4192 1987 4248 innocentiae

396 4281 545 4334 falsm
572 4282 806 4336 insanior
833 4282 1007 4337 ﬁebat.
1042 4283 1123 4342 Ad
1155 4283 1473 4338 domandam
1505 4300 1632 4356 ergo
1659 4285 1984 4354 superbiam,

395 4383 450 4426 et
491 4372 554 4425 :nl
597 4373 964 4428 denudandam
984 4417 999 4441 ,
1027 4375 1147 4429 data
1175 4385 1257 4430 est
1283 4375 1424 4446 Lex;
1459 4391 1568 4430 non
1595 4375 1658 4430 ad
1687 4376 1988 4431 liberandos

398 4474 657 4533 a‘grotos,
687 4465 781 4520 sed
813 4468 877 4520 ad
904 4467 1296 4521 convincendos
1325 4467 1603 4537 superbos.
1639 4467 1780 4537 Ergo
1816 4476 1985 4522 atten-

398 4555 486 4611 dat
511 4558 752 4612 Charitas
778 4568 952 4613 vestra
983 4576 996 4613 :
1026 4558 1091 4613 ad
1120 4559 1218 4613 ltoc
1244 4545 1366 4613 data
1392 4567 1475 4613 est
1494 4558 1624 4624 Lex,
1655 4575 1772 4629 quae
1799 4559 1988 4628 prode-

401 4661 483 4704 ret
513 4651 723 4705 morbos
743 4693 759 4718 ,
789 4666 894 4706 non
925 4667 1042 4722 qua:
1072 4652 1299 4706 tolleret.
1347 4650 1470 4707 Ideo
1506 4667 1636 4722 ergo
1673 4652 1855 4722 aegroti
1888 4652 1989 4720 illi,

400 4744 489 4813 qui
521 4745 570 4796 in
596 4744 842 4800 domibus
863 4747 972 4800 suis
1001 4748 1254 4801 secretius
1277 4755 1535 4820 aegrotare
1559 4756 1796 4816 possent,
1821 4747 1863 4801 si
1882 4747 1987 4802 illa:

411 4836 632 4904 ‘uiuqttc
658 4836 892 4904 porticus
923 4852 1026 4889 non
1058 4847 1255 4903 essent,
1288 4835 1650 4906 prodebantur
1675 4837 1843 4892 oculis
1868 4852 1988 4890 om-

404 4927 545 4980 nium
573 4927 626 4980 in
649 4927 752 4980 illis
781 4928 1092 4996 porticibus,
1124 4929 1215 4982 sed
1237 4944 1263 4980 a
1288 4927 1578 4997 porticibus
1598 4943 1702 4982 non
1725 4927 1988 4983 sanaban-

400 5029 504 5072 tur.
537 5018 692 5074 Utilis
731 5035 857 5090 ergo
894 5029 1009 5074 erat
1038 5020 1145 5074 Lex
1181 5019 1246 5074 ad
1285 5019 1552 5089 prodenda
1583 5029 1798 5087 peccata
1819 5061 1834 5084 ,
1863 5019 1994 5089 quia

399 5125 525 5164 reus
554 5109 714 5165 homo
741 5111 1097 5166 abundantius
1128 5112 1295 5165 lactus
1323 5126 1388 5166 ex
1427 5111 1859 5180 prmvaricatione
1885 5111 1987 5167 Le-

396 5203 498 5271 gis,
533 5212 712 5272 posset
740 5203 982 5260 edomata
1015 5203 1272 5271 superbia
1290 5202 1574 5272 implorare
1603 5204 1856 5258 auxilium
1884 5203 1987 5258 mi-

396 5296 646 5348 set-antis.
700 5297 971 5352 Attendite
1020 5295 1377 5365 Apostolum:
1420 5294 1528 5350 Lex
1565 5297 1892 5362 subintravit,
1935 5305 1988 5350 ut

394 5387 674 5440 abundaret
697 5389 969 5456 delictum;
1000 5389 1082 5442 ttbi
1110 5399 1276 5442 autent
1310 5388 1579 5454 abundavit
1604 5389 1839 5445 delictum
1858 5431 1872 5453 ,
1902 5405 1990 5444 su-

397 5476 759 5543 perabundarit
804 5488 848 5531 et
891 5481 1054 5549 gratia
1097 5478 1274 5550 (Rom.
1307 5495 1369 5544 v,
1411 5477 1523 5550 20).
1557 5479 1692 5547 Quid
1729 5490 1837 5544 est,
1880 5479 1990 5537 Lex

393 5564 713 5631 subintravit,
740 5576 791 5618 ut
815 5568 1091 5621 abundaret
1113 5568 1384 5623 delictum?
1406 5567 1552 5624 Sicut
1570 5568 1673 5624 alio
1697 5568 1815 5624 loco
1835 5569 1980 5639 dicit,

400 5654 497 5709 Ubi
517 5658 650 5710 enim
674 5669 864 5713 nonest
885 5661 985 5728 lex,
1013 5678 1100 5715 nec
1121 5662 1465 5732 praevaricatio
1487 5661 1596 5732 (Id.
1622 5677 1695 5726 tv,
1724 5661 1830 5734 15).
1856 5662 1986 5719 Pec-

401 5755 544 5797 tatnr
577 5748 737 5802 homo
770 5759 938 5815 potest
971 5751 1072 5807 diei
1105 5763 1225 5806 ante
1257 5753 1444 5823 legem,
1481 5753 1850 5824 prmvat‘icator
1880 5771 1981 5809 non

1770 312 1994 367 SERMO
2033 313 2242 366 CXXV.

3546 317 3652 376 690

2073 433 2245 491 potest
2287 425 2418 480 Cum
2443 435 2614 482 autem
2637 437 2848 496 accepta
2874 429 2988 500 lege
3011 431 3328 502 peccaverit,
3352 447 3456 487 non
3479 434 3650 488 solum

2070 524 2334 584 peccator,
2367 517 2461 571 sed
2481 519 2639 572 etiam
2663 522 3034 588 praevaricator
3062 522 3343 578 invenitur.
3368 524 3498 579 Cum
3524 538 3654 594 ergo

2072 607 2436 674 pr:rvaricatio
2483 607 2726 677 adjuncta
2778 612 2847 666 sit
2890 623 3140 682 peccato,
3198 613 3317 668 ideo
3366 615 3684 670 abundavit'

2069 695 2343 751 delictum.
2393 697 2708 755 Abundante
2750 712 2925 756 autem
2964 703 3194 769 delicto,
3235 705 3390 760 discit
3426 705 3655 760 humana

2072 790 2317 859 superbia
2349 790 2560 847 tandem
2600 793 2819 861 subjici,
2849 801 2904 848 et
2925 795 3163 850 conﬁteri
3195 796 3338 863 Deo,
3377 805 3429 851 et
3454 796 3653 858 dicere,

2076 883 2331 952 Inﬁrmus.
2356 883 2683 954 sum‘(Psal.
2725 901 2809 950 vt,
2848 884 2925 954 5).
2961 887 3149 943 Dicere
3182 888 3340 942 etiam
3372 889 3529 944 verba
3569 890 3656 943 illa

2076 976 2290 1042 Psalmi,
2315 991 2431 1046 quae
2455 992 2557 1031 non
2580 976 2706 1031 dicit
2729 977 2828 1031 nisi
2849 981 3022 1034 anima
3046 979 3320 1034 ltumiliata
3346 999 3358 1034 :
3385 980 3494 1038 an
3515 981 3656 1035 dixi:

2076 1067 2290 1123 Domine
2310 1109 2322 1132 ,
2367 1069 2598 1123 miserere
2627 1070 2756 1133 mei,
2790 1086 2914 1123 sana
2943 1071 3162 1126 animam
3200 1089 3390 1139 meam,
3418 1089 3658 1143 quoniam

2077 1163 2276 1232 peccaui
2305 1163 2392 1216 tibi
2440 1161 2608 1233 (Psal.
2636 1179 2734 1228 ιιι,
2769 1163 2846 1234 5).
2894 1163 3042 1219 Dicat
3063 1180 3188 1234 ergo
3222 1165 3326 1220 hoc
3363 1166 3536 1222 anima
3575 1168 3658 1220 in-

2078 1253 2258 1317 ﬁrma,
2291 1253 2478 1308 saltem
2509 1255 2748 1308 convicta
2787 1270 2878 1324 per
2919 1256 3438 1324 prmvaricationem;
3469 1266 3522 1312 et
3551 1272 3656 1310 non

2076 1354 2288 1413 sanata,
2319 1348 2411 1400 sed
2443 1347 2801 1402 demonstrata
2831 1363 2924 1418 per
2950 1348 3164 1418 Legem.
3213 1349 3348 1403 Audi
3392 1359 3446 1404 et
3487 1350 3658 1420 ipsum

2078 1438 2298 1492 Paulum
2338 1439 2705 1495 ostendentem
2750 1441 2839 1495 tibi
2865 1443 2879 1472 ¹
2911 1441 3029 1510 quia
3062 1449 3117 1496 ct
3149 1440 3256 1495 Lex
3288 1441 3424 1495 bona
3461 1451 3542 1497 est
3562 1485 3574 1505 .
3607 1451 3660 1498 ει

2080 1539 2253 1584 tamen
2285 1531 2384 1585 nisi
2424 1532 2590 1602 gratia
2630 1531 2823 1586 Christi
2862 1547 2966 1586 non
3001 1531 3242 1586 liberata
3275 1543 3510 1601 peccato.
3551 1533 3660 1588 Lex

2077 1620 2217 1674 enim
2245 1621 2528 1690 prohibere
2553 1630 2746 1692 potest,
2774 1631 2827 1676 et
2847 1622 3035 1692 jubere
3065 1639 3076 1674 :
3107 1621 3296 1676 aﬁ‘erre
3318 1622 3659 1688 medicinam,

2079 1722 2136 1766 ut
2164 1721 2382 1769 sanetur
2412 1715 2538 1770 illud
2567 1715 2704 1785 quod
2734 1731 2836 1769 non
2866 1715 3121 1784 permittit
3146 1715 3413 1771 hominem
3445 1717 3663 1787 implere

2079 1803 2273 1875 Legem
2295 1847 2309 1868 ,
2349 1819 2454 1860 non
2495 1815 2700 1875 potest,
2734 1807 2827 1861 sed
2856 1792 3021 1878 gratia
3051 1806 3177 1860 illud
3216 1807 3358 1860 facit.
3402 1807 3493 1861 Ait
3520 1807 3661 1860 enim

2080 1897 2366 1966 Apostolus
2385 1937 2400 1962 ,
2433 1897 2758 1954 Condelector
2783 1899 2914 1952 enim
2941 1898 3065 1970 Legi
3093 1898 3190 1954 Dei
3223 1900 3495 1953 secundum
3532 1899 3661 1952 inle-

2080 1987 2262 2041 riorent
2283 1987 2553 2043 hominem.
2574 1988 2629 2042 ld
2651 1998 2751 2054 est,
2767 1989 2876 2060 jam
2899 1989 3052 2044 video
3073 1990 3193 2060 quia
3215 1989 3352 2059 quod
3376 1989 3665 2060 repreheu~

2080 2078 2157 2131 dit
2187 2079 2293 2133 Lex
2313 2120 2326 2142 ,
2359 2080 2552 2133 malum
2584 2089 2700 2144 est;
2742 2090 2793 2135 et
2823 2080 2963 2150 quod
2987 2079 3137 2150 jubet
3165 2081 3272 2136 Lex
3295 2123 3312 2148 ,
3339 2081 3532 2136 bonutn
3559 2089 3660 2135 est.

2081 2169 2405 2224 Coudelector
2437 2171 2570 2224 enint
2601 2169 2719 2241 Legi
2757 2170 2849 2226 Dei
2886 2172 3159 2225 secundum
3192 2173 3476 2226 interiorem
3504 2171 3668 2224 homi-

2083 2277 2214 2314 nem.
2247 2261 2401 2316 Video
2421 2263 2574 2316 aliam
2597 2265 2753 2334 legem
2789 2263 2838 2317 in
2878 2265 3111 2318 membris
3149 2265 3270 2318 meis
3306 2272 3665 2334 repugnantem

2083 2353 2178 2424 legi
2201 2355 2379 2408 mentis
2402 2371 2538 2419 mete,
2566 2365 2611 2408 et
2633 2357 2963 2426 captivantem
2986 2373 3063 2410 me
3085 2357 3177 2411 sub
3198 2357 3304 2427 lege
3325 2356 3531 2428 peccati.
3557 2355 3668 2410 Hoc

2082 2460 2150 2501 ex
2182 2462 2333 2516 ptena
2363 2447 2593 2515 peccati,
2624 2463 2687 2501 ex
2723 2447 2938 2502 traduce
2983 2449 3197 2513 mortis,
3238 2464 3302 2502 ex
3328 2447 3669 2502 damnatione

2085 2539 2275 2603 Adatn,
2305 2549 2560 2610 repugnat
2592 2541 2692 2610 legi
2723 2525 2915 2596 mentis
2935 2583 2948 2609 ,
2976 2551 3030 2596 et
3055 2541 3286 2611 captivat
3312 2541 3411 2611 legi
3445 2540 3666 2610 peccati,

2084 2647 2201 2702 qua:
2222 2640 2304 2685 est
2329 2631 2378 2684 in
2404 2631 2674 2686 membris.
2703 2631 2988 2686 Convictus
3015 2642 3092 2686 est
3120 2633 3249 2695 iste;
3278 2631 3479 2701 accepit
3500 2631 3668 2700 legem

2086 2734 2139 2776 ut
2171 2723 2610 2789 convinceretur;
2639 2723 2757 2779 vide
2785 2724 2908 2792 quid
2937 2724 2983 2778 ei
3016 2723 3206 2792 profuit
3233 2723 3372 2794 quod
3400 2723 3672 2778 convictus

2084 2825 2183 2870 est.
2219 2817 2352 2870 Audi
2385 2817 2541 2870 verba
2580 2817 2850 2887 soquenlia
2892 2835 2903 2869 :
2945 2815 3102 2870 Miser
3129 2835 3218 2888 ego
3247 2818 3423 2882 homo,
3458 2816 3568 2887 quis
3593 2831 3673 2868 me

2086 2908 2310 2961 liberabit
2335 2909 2398 2961 de
2422 2924 2631 2977 corpore
2657 2908 2828 2961 mortis
2851 2909 3000 2978 hujus
3016 2909 3042 2963 .’
3067 2907 3242 2962 Gratia
3269 2906 3362 2960 Dei
3387 2924 3474 2977 per
3495 2905 3670 2960 Iesum

2087 3001 2336 3054 Christian
2365 2999 2635 3054 Dominum
2667 3009 2890 3054 nostrum
2919 2999 3090 3070 (llam.
3122 3016 3212 3064 vn,
3239 2998 3455 3068 22-25).

2158 3094 2208 3147 5.
2238 3092 2643 3164 xlfgrotusmtus
2669 3110 2799 3158 aqua
2827 3103 2959 3146 mota
3006 3101 3210 3146 curatus
3234 3091 3354 3162 quid
3397 3090 3668 3162 signiﬁcat.

2089 3186 2347 3241 Intendite
2379 3201 2526 3253 ergo.
2557 3185 2854 3239 Erantillze
2881 3185 3116 3254 porticus
3144 3184 3339 3254 Legem
3371 3181 3673 3252 signiﬁcan.

2090 3288 2201 3341 tes,
2248 3286 2520 3346 portantes
2567 3287 2834 3346 aegrotes.
2884 3293 2990 3330 non
3037 3287 3321 3341 sonantes;
3362 3273 3670 3344 prodentes,

2091 3386 2193 3422 non
2223 3377 2490 3423 curantes.
2524 3369 2628 3422 Sed
2660 3369 2779 3438 quis
2810 3369 3030 3422 curabat
3067 3378 3297 3439 a‘grotos
3325 3369 3382 3420 ³⁸2
3427 3367 3525 3435 Qui
3576 3367 3673 3420 de-

2089 3461 2375 3516 srendebat
2423 3462 2474 3514 in
2501 3449 2800 3531 piscinam.
2846 3460 3066 3527 Quando
3112 3467 3290 3514 autem
3321 3459 3677 3513 descendebat

2090 3568 2230 3622 aeger
2277 3552 2328 3606 in
2383 3552 2684 3622 piscinam?
2732 3552 2862 3606 Cum
2905 3551 3123 3621 angelus
3165 3551 3372 3620 signum
3421 3549 3581 3604 dabat
3609 3549 3676 3604 de

2090 3655 2242 3711 aqua:
2285 3651 2455 3695 motu.
2503 3641 2593 3695 Sic
2623 3641 2763 3694 enim
2804 3649 2920 3694 erat
2947 3638 3276 3694 sanctiﬁcata
3319 3640 3404 3692 illa
3449 3639 3672 3709 piscina,

2092 3745 2150 3788 ut
2196 3733 2418 3802 angelus
2466 3731 2711 3795 veniret,
2762 3741 2817 3785 et
2865 3741 3104 3786 moveret
3151 3744 3360 3799 aquam.
3425 3729 3676 3784 llomines

2091 3840 2284 3895 aquam
2317 3824 2567 3878 videbant
2597 3842 2608 3876 ;
2641 3823 2734 3878 sed
2766 3839 2832 3877 ex
2859 3836 3008 3877 motu
3037 3838 3185 3892 aqum
3219 3822 3440 3874 turbata:
3480 3821 3674 3872 intelli-

2091 3917 2289 3986 gebant
2323 3915 2657 3985 pra-sentiam
2685 3914 2877 3983 angeli.
2913 3913 2966 3968 Si
2993 3915 3110 3984 quis
3140 3925 3260 3967 tunc
3291 3911 3673 3974 descendisset.

2094 4007 2402 4063 curabatur.
2456 4007 2632 4072 Quare
2663 4022 2789 4075 ergo
2835 4005 2921 4061 ille
2959 4017 3188 4074 :rgrotus
3219 4020 3321 4057 non
3353 4002 3676 4057 curabatur?

2093 4098 2508 4153 Considcremtts
2535 4097 2696 4151 verba
2724 4097 2887 4166 ipsius
2923 4115 2935 4150 :
2973 4095 3272 4160 Hominem,
3323 4095 3524 4164 inquit,
3577 4109 3676 4147 non

2093 4192 2271 4258 habeo,
2317 4201 2368 4244 ut
2394 4208 2506 4246 cum
2533 4201 2668 4245 mota
2708 4190 2856 4259 fuerit
2886 4205 3039 4258 aqua,
3087 4188 3305 4258 deponat
3336 4204 3412 4240 me
3440 4188 3492 4240 in
3525 4186 3677 4254 pisci-

2096 4304 2214 4340 nam
2243 4303 2260 4338 :
2291 4303 2405 4338 cum
2432 4286 2563 4338 enim
2589 4284 2762 4348 venio,
2809 4282 3064 4336 descendit
3089 4282 3243 4335 alius.
3302 4279 3441 4350 Ergo
3472 4289 3526 4334 tu
3570 4293 3682 4332 non

2095 4388 2245 4450 potes
2265 4388 2456 4451 postea
2486 4376 2814 4432 descendere
2838 4418 2852 4439 ,
2883 4375 2932 4430 si
2960 4374 3093 4428 alter
3121 4382 3244 4428 ante
3275 4382 3325 4427 te
3351 4371 3678 4426 descendat?

2093 4472 2457 4544 Signiﬁcatum
2484 4480 2566 4526 est
2604 4471 2720 4534 hic,
2768 4470 2892 4540 quia
2937 4483 3043 4522 non
3087 4465 3372 4521 curabatur
3411 4464 3512 4519 nisi
3539 4477 3677 4518 unus

2095 4564 2158 4618 ad
2189 4573 2392 4618 motum
2433 4578 2606 4634 aqum.
2659 4560 2909 4630 Quisquis
2962 4559 3105 4628 prior
3132 4557 3515 4620 descendisset,
3564 4557 3680 4624 ipse

2095 4658 2240 4712 solus
2272 4655 2560 4711 curabatur.
2592 4654 2952 4724 :‘quicuntque
2999 4660 3175 4705 autem
3223 4658 3404 4718 postea
3450 4647 3677 4702 descen-

2093 4749 2298 4818 disset,
2344 4748 2410 4802 ad
2460 4747 2606 4801 illum
2638 4753 2839 4802 motum
2871 4760 3021 4815 aqua:
3055 4760 3158 4798 non
3205 4743 3526 4805 satiabatur;
3582 4738 3682 4796 sed

2092 4841 2433 4910 exspectabat
2468 4839 2638 4892 donec
2681 4839 2871 4892 iterum
2916 4845 3240 4891 moveretur.
3270 4831 3406 4901 Quid
3436 4831 3536 4886 sibi
3569 4829 3683 4888 νυιι

2097 4951 2222 5005 ergo
2271 4935 2375 4989 hec
2404 4933 2835 4989 sacramentum?
2884 4931 2998 4984 Non
3039 4929 3179 4985 enim
3225 4929 3344 4982 sine
3383 4939 3541 4981 causa
3572 4933 3677 4978 est.

2097 5026 2340 5081 lntendat
2368 5025 2616 5079 Charitas
2641 5033 2838 5080 vestra.
2887 5024 3054 5092 Aqua:
3081 5020 3268 5090 posita:
3299 5026 3422 5074 sunt
3455 5018 3506 5072 in
3537 5017 3681 5087 Αροη

2098 5116 2300 5188 calypsi
2329 5116 2381 5170 in
2423 5115 2586 5185 ﬁgura
2617 5115 2950 5185 populorum.
2981 5111 3113 5168 Nam
3144 5125 3264 5166 cum
3293 5109 3485 5164 multas
3511 5121 3680 5179 aquas

2093 5209 2343 5273 vidisset,
2391 5208 2636 5278 quaesivit
2661 5207 2894 5262 Joannes
2919 5203 3314 5275 iuApocalypsi
3353 5201 3480 5273 quid
3513 5209 3677 5268 esset,

2094 5309 2150 5356 et
2177 5301 2376 5356 dictum
2402 5309 2486 5355 est
2513 5300 2560 5354 ei
2595 5299 2822 5369 pepulos
2847 5313 2967 5352 esse
2999 5297 3180 5369 (Apoc.
3212 5311 3342 5362 xvu,
3373 5292 3486 5366 15).
3526 5294 3688 5364 Aqua.

2095 5407 2222 5462 ergo
2254 5391 2340 5446 illa
2370 5391 2620 5462 populum
2651 5389 2987 5461 signiﬁcabat
3013 5387 3336 5443 Iudaeorum.
3364 5386 3510 5443 Sicut
3534 5385 3677 5441 enim

2097 5484 2324 5556 populus
2353 5484 2440 5538 ille.
2481 5482 2762 5538 tenebatur
2792 5481 3024 5551 quinque
3053 5479 3204 5536 libris
3229 5477 3398 5550 Moysi
3433 5477 3486 5532 in
3512 5475 3672 5547 Lege.

2159 5642 2172 5668 ¹
2201 5644 2281 5684 Ms.
2308 5651 2358 5685 er
2385 5652 2395 5685 :
2437 5636 2593 5686 Δξιιίίἱςιι
2617 5636 2773 5698 ipsum
2802 5635 2998 5686 Paulum
3021 5633 3338 5686 ostendentem
3361 5635 3469 5686 sibi.

2157 5703 2174 5730 ³
2203 5704 2329 5747 Mem
2352 5707 2450 5747 Ms:
2478 5700 2569 5763 sed
2595 5695 2720 5760 quod
2746 5698 2944 5748 curabat
2981 5707 3198 5763 tt‘grotos.
3224 5707 3359 5748 Forte
3387 5695 3686 5760 legendum:

2096 5766 2184 5812 sed
2212 5776 2325 5825 quos
2352 5759 2546 5811 rural-at
2572 5759 2787 5822 remotos.
