4126 6322
483 282 584 339 891

487 396 569 452 sic
593 404 651 453 et
674 410 811 467 aqua
841 396 928 451 illa
956 393 1188 466 quinque
1219 390 1508 463 porticibus
1532 387 1860 461 cingebatur.
1890 388 2067 457 Quane

489 490 562 546 do
589 488 799 545 turbata
836 496 920 544 est
957 485 1135 558 aqua?
1177 484 1401 555 Quando
1440 482 1681 540 turbatus
1716 489 1802 538 est
1839 480 2069 554 populus

485 580 814 641 Iudaeorum.
862 579 933 635 Et
977 578 1188 651 quando
1223 576 1466 634 turbatus
1493 583 1577 633 est
1600 575 1829 648 populus
1855 573 2068 630 Judteoo

480 690 637 740 rum,
690 674 791 730 nisi
835 670 1049 743 quando
1086 671 1235 727 venit
1276 670 1534 726 Dominus
1576 668 1733 725 Jesus
1776 665 2066 723 Christus?

484 763 673 820 Passio
710 762 954 832 Domini,
1003 777 1155 833 aquae
1194 761 1444 817 turbatio.
1485 759 1706 816 Turbati
1756 766 1881 814 sunt
1922 756 2067 813 enim

482 854 654 913 Judaei
675 896 693 923 ,
737 854 951 926 quando
983 869 1170 927 passus
1207 862 1288 910 est
1314 852 1591 909 Dominus.
1633 851 1774 907 Ecce
1799 849 1864 904 ad
1894 849 2064 920 ipsam

482 945 941 1015 perturbationem
968 945 1237 1016 pertinet,
1268 944 1408 1016 quod
1435 942 1594 999 modo
1630 941 1924 1014 legebatur.
1956 940 2065 995 Vo-

482 1038 666 1094 lebant
711 1039 856 1094 illum
888 1039 1056 1095 Judaei
1103 1039 1381 1105 occidere,
1431 1053 1537 1093 non
1578 1038 1751 1093 solum
1794 1036 1916 1108 quia
1964 1035 2066 1090 ista

482 1128 714 1186 faciebat
757 1131 1026 1197 sabbatis,
1072 1130 1166 1186 sed
1212 1131 1335 1203 quia
1375 1130 1566 1186 Filium
1595 1129 1689 1185 Dei
1731 1142 1792 1185 se
1833 1127 2066 1196 dicebat,

479 1222 740 1292 mqualem
782 1238 843 1278 se
879 1221 1081 1279 faciens
1107 1223 1235 1280 Deo.
1277 1224 1446 1279 Aliter
1468 1223 1612 1279 enim
1645 1238 1710 1279 se
1732 1221 1944 1277 dicebat
1975 1220 2062 1275 Fi-

479 1311 611 1369 lium
643 1314 740 1371 Dei
770 1312 1034 1379 Christus,
1066 1315 1220 1370 aliter
1247 1314 1445 1371 dictum
1473 1322 1555 1370 est
1583 1312 1909 1377 hominibus,
1953 1311 2065 1383 Ego

481 1403 613 1471 dixi,
637 1404 725 1459 Dii
753 1406 891 1469 estis,
920 1416 965 1459 et
991 1406 1086 1475 lilii
1106 1405 1350 1461 Altissimi
1374 1421 1544 1460 omnes
1569 1403 1743 1476 (Psal.
1773 1419 1953 1468 um,
1984 1400 2061 1475 6).

479 1495 614 1550 Nam
645 1497 693 1552 si
733 1497 812 1552 sic
836 1511 894 1551 se
919 1496 1119 1553 faceret
1148 1496 1339 1551 Filium
1371 1496 1488 1565 Dei,
1520 1495 1788 1568 quomodo
1819 1496 2063 1566 quicum-

481 1602 586 1656 que
625 1586 788 1642 honto
826 1598 1002 1658 potest
1040 1589 1144 1644 diei
1189 1589 1326 1644 filius
1358 1588 1452 1643 Dei
1497 1587 1626 1659 (per
1669 1587 1893 1660 gratiam
1920 1586 2064 1642 enim

483 1676 581 1732 Dei
621 1677 871 1733 dicuntur
916 1678 1161 1734 homines
1210 1679 1302 1733 lilii
1353 1678 1503 1751 Dei),
1560 1690 1665 1733 non
1710 1679 2065 1735 irascerentur

479 1767 673 1823 Judaei.
717 1769 821 1825 Sed
848 1770 967 1841 quia
994 1771 1099 1826 alio
1123 1771 1282 1826 modo
1323 1771 1468 1826 illum
1500 1772 1862 1843 intelligebant
1886 1772 2065 1827 dicere

481 1860 674 1917 Filium
704 1862 795 1917 Dei
826 1878 887 1918 se
913 1877 1051 1929 esse,
1080 1863 1372 1920 secundum
1398 1862 1540 1935 quod
1568 1872 1674 1929 est,
1708 1863 1773 1917 ln
1814 1863 2063 1934 principio

479 1962 589 2008 erat
630 1952 874 2023 Verbum,
921 1964 968 2009 et
1004 1954 1223 2010 Verbum
1266 1966 1375 2010 erat
1417 1955 1558 2027 apud
1584 1954 1746 2009 Deum
1766 1996 1781 2021 ,
1837 1964 1885 2010 et
1926 1954 2064 2009 Deus

478 2055 586 2100 erat
619 2045 840 2100 Verbum
879 2045 1055 2117 (Ioan.
1087 2063 1131 2115 ι,
1161 2047 1217 2119 1)
1243 2063 1258 2114 ;
1290 2055 1345 2102 et
1371 2046 1663 2102 secundum
1691 2046 1743 2101 id
1768 2046 1909 2117 quod
1937 2045 2063 2101 dicit

483 2139 797 2210 Apostolus,
848 2139 949 2207 Qui
974 2156 1089 2195 cum
1116 2140 1170 2194 in
1195 2140 1360 2211 [arma
1386 2138 1482 2195 Dei
1508 2148 1652 2201 esset,
1703 2156 1803 2194 non
1829 2140 2063 2209 rapinam

477 2229 751 2284 arbitratus
791 2240 862 2286 est
901 2247 1013 2287 esse
1052 2248 1106 2286 se
1140 2231 1382 2302 (aqualem
1409 2229 1516 2286 Deo
1548 2229 1820 2302 (Philipp.
1850 2248 1917 2298 ll,
1945 2232 2008 2302 6)
2041 2248 2057 2288 :

475 2321 731 2378 videbant
759 2322 1060 2389 hominem,
1107 2333 1161 2378 et
1201 2323 1590 2389 irascebantur,
1636 2324 1756 2393 quia
1802 2324 2059 2394 aequalem

476 2425 538 2467 se
564 2412 674 2468 Deo
708 2412 959 2469 faciebat.
984 2413 1075 2468 ille
1103 2422 1279 2468 autem
1313 2422 1535 2468 noverat
1562 2426 1621 2468 se
1644 2414 1931 2484 a‘qnalcm,
1966 2413 2059 2470 sed

479 2503 568 2558 ubi
598 2504 673 2559 illi
704 2520 809 2559 non
840 2505 1108 2561 videbant.
1165 2505 1316 2575 Quod
1340 2506 1481 2560 enim
1528 2505 1602 2560 illi
1635 2506 1901 2571 videbant,
1935 2520 2058 2561 cru-

474 2594 695 2666 ciﬁgere
727 2596 978 2651 volebant
1007 2614 1020 2651 :
1051 2595 1192 2668 quod
1224 2611 1329 2650 non
1359 2595 1631 2663 videbant,
1658 2596 1726 2651 ab
1753 2611 1817 2652 eo
1851 2595 2059 2666 judica-

475 2688 691 2744 bantur.
762 2689 898 2758 Quid
947 2689 1198 2745 videbant
1245 2687 1467 2744 Judazi?
1521 2688 1671 2756 Quod
1718 2688 1964 2743 videbant
2005 2698 2061 2744 et

473 2780 713 2850 Apostoli
737 2821 750 2845 ,
783 2780 995 2850 quando
1023 2780 1154 2835 dixit
1180 2779 1455 2849 Philippus
1483 2795 1498 2833 :
1533 2779 1754 2832 Ostende
1782 2778 1922 2833 nobis
1954 2776 2060 2832 Pas

474 2882 634 2934 trem,
673 2881 720 2925 et
749 2871 929 2943 suﬂicit
956 2873 1120 2927 nobis.
1163 2871 1300 2939 Quid
1328 2880 1506 2926 autem
1540 2886 1645 2926 non
1676 2870 1925 2926 videbant
1965 2871 2058 2926 Ju-

472 2960 616 3015 daai?
687 2962 841 3031 Quod
892 2978 991 3019 nec
1044 2964 1145 3033 ipsi
1190 2963 1473 3035 Apostoli,
1524 2962 1738 3033 quando
1786 2963 2059 3033 respondit

473 3051 732 3108 Dominus
763 3072 775 3107 :
807 3054 967 3109 Tanto
994 3064 1216 3124 tempore
1240 3054 1495 3110 vobiscum
1519 3070 1652 3120 sum,
1681 3064 1728 3109 et
1753 3071 1851 3109 non
1881 3070 2060 3125 cogno—

471 3146 610 3201 vistis
636 3148 753 3201 me?
800 3147 900 3215 Qui
930 3164 1009 3201 me
1036 3149 1167 3202 ridet
1187 3189 1202 3214 ,
1232 3148 1365 3202 videt
1404 3158 1451 3202 ct
1484 3145 1693 3201 Patrem
1738 3146 1912 3218 (Joan.
1945 3164 2054 3218 ιιν,

473 3236 535 3301 8,
560 3235 639 3306 9).
697 3236 809 3292 lloc
838 3252 965 3307 ergo
1008 3237 1061 3292 in
1093 3237 1182 3292 illo
1211 3236 1376 3292 Judaei
1407 3238 1526 3307 quia
1558 3236 1738 3292 videre
1768 3253 1871 3292 non
1903 3246 2056 3309 pote-

474 3337 613 3393 rant,
645 3338 894 3398 tauquam
925 3327 1193 3384 hominem
1223 3328 1508 3399 superbum
1534 3338 1590 3383 et
1635 3329 1854 3397 impium
1890 3328 2057 3385 habe-

469 3416 637 3483 bant,
684 3421 941 3489 aequalem
996 3435 1055 3475 se
1105 3418 1383 3475 facientem
1438 3421 1566 3475 Deo.
1619 3420 1872 3476 Turbatio
1918 3429 2053 3489 erat,

471 3509 782 3565 turbabatur
822 3526 990 3582 aqua,
1042 3512 1277 3582 Angelus
1302 3522 1541 3567 venerat.
1596 3512 1779 3568 Dictus
1804 3522 1885 3568 est
1911 3514 2055 3569 enim

468 3608 523 3653 et
547 3599 805 3656 Dominus
834 3603 1007 3675 magni
1046 3603 1246 3658 consilii
1289 3603 1507 3676 Angelus
1533 3603 1684 3675 (Isai.
1716 3621 1797 3671 Ix,
1841 3605 1910 3673 6,
1949 3623 2049 3662 sec.

472 3689 667 3761 LXX),
704 3693 826 3763 quia
856 3695 1073 3750 nuntius
1100 3695 1386 3751 voluntatis
1415 3695 1608 3751 Patris.
1645 3697 1881 3767 Angelus
1909 3699 2051 3754 enim

465 3798 657 3852 gnere,
689 3785 852 3842 latine
882 3786 1099 3843 nuntius
1126 3796 1231 3843 est.
1261 3787 1331 3843 Et
1354 3787 1520 3843 habes
1550 3788 1829 3843 Dominum
1867 3788 2053 3845 dicen-

466 3884 574 3930 tem
604 3879 924 3934 annuntiare
963 3893 1022 3935 se
1066 3879 1219 3935 nobis
1245 3894 1465 3951 regnum
1492 3880 1773 3936 caelorum.
1822 3881 2054 3937 Venerat

467 3982 597 4036 ergo
622 3968 714 4024 ille
739 3972 914 4041 magni
945 3972 1152 4027 consilii
1183 3973 1418 4043 Angelus
1441 4013 1454 4037 ,
1509 3972 1604 4028 sed
1635 3973 1893 4028 Dominus
1939 3989 2053 4029 om-

466 4060 613 4114 nium
627 4060 975 4131 Angelorum.
992 4063 1062 4117 Et
1077 4073 1293 4134 propter
1310 4065 1409 4118 hoc
1426 4064 1679 4135 Angelus,
1694 4065 1815 4135 quia
1834 4080 2047 4119 carnem

463 4150 702 4219 suscepit
732 4168 745 4204 :
787 4150 1043 4207 Dominus
1070 4163 1247 4209 autem
1277 4154 1597 4224 Angelornm
1620 4195 1634 4219 ,
1694 4170 1758 4210 ex
1799 4171 1864 4209 eo
1910 4156 2049 4225 quod

464 4255 636 4294 annua
677 4257 766 4310 per
809 4241 979 4311 ipsum
1020 4243 1157 4313 facta
1197 4255 1333 4311 sunt,
1385 4255 1430 4300 et
1459 4246 1567 4301 siue
1606 4247 1716 4317 ipso
1761 4250 1950 4317 fucum:
1979 4257 2050 4302 est

463 4330 596 4385 nihil
621 4329 802 4404 (Joau.
835 4348 872 4397 t,
902 4334 981 4403 5).
1022 4333 1078 4390 Si
1122 4336 1263 4391 enim
1294 4338 1489 4404 omnia,
1513 4347 1568 4393 et
1598 4337 1804 4408 Angeli.
1838 4338 1901 4392 Et
1931 4336 2051 4394 ideo

462 4422 582 4493 ipse
610 4422 781 4480 factus
820 4441 927 4480 non
952 4434 1062 4494 est,
1094 4428 1216 4497 quia
1246 4446 1336 4499 per
1356 4429 1523 4496 ipsum
1554 4431 1688 4501 facta
1713 4438 1827 4483 sunt
1854 4431 2046 4484 omnia.

460 4514 617 4584 Quod
645 4526 821 4573 autem
848 4518 1041 4574 factum
1069 4528 1176 4587 est,
1218 4521 1335 4576 sine
1361 4521 1536 4577 Verbo
1562 4530 1818 4592 operante
1851 4521 2047 4577 factum

460 4622 568 4664 non
611 4619 714 4666 est.
761 4611 899 4667 Caro
927 4622 1129 4681 autem,
1170 4629 1286 4685 quae
1337 4614 1471 4670 facta
1518 4624 1602 4669 est
1628 4626 1799 4672 mater
1821 4615 2047 4684 Christi,

459 4700 609 4756 nasci
638 4715 744 4756 non
774 4703 964 4773 potuit,
997 4705 1096 4760 nisi
1128 4721 1224 4775 per
1242 4706 1498 4775 Verbum,
1524 4706 1664 4778 quod
1694 4707 1760 4762 de
1787 4707 1872 4762 illa
1895 4721 2042 4778 post-

458 4804 529 4846 ea-
555 4800 736 4847 natum
768 4801 854 4849 est
871 4838 884 4860 ,
916 4807 1209 4852 crearetur.
1858 4822 1866 4829 -

526 4883 583 4937 4.
638 4882 851 4954 llequies
897 4886 993 4941 Dei
1044 4888 1256 4959 septimo
1302 4888 1401 4943 die.
1466 4888 1573 4945 Sea:
1622 4900 1794 4945 estates
1848 4894 2041 4947 mundi.

460 4974 728 5040 Quomodo
754 4977 993 5049 requievit
1019 4977 1176 5045 Deus,
1207 4989 1252 5034 et
1291 4995 1488 5050 semper
1525 4991 1780 5051 operatur.
1832 4981 2043 5038 Turba-

458 5064 654 5124 bantur
681 5083 811 5141 ergo
834 5069 1023 5127 Judaei.
1074 5072 1213 5141 Quid
1250 5082 1332 5128 est
1377 5074 1520 5129 hoc?
1570 5074 1764 5147 thuid
1791 5077 1887 5132 ista
1919 5079 2044 5134 facit

454 5165 737 5223 sabbatis?
775 5168 843 5223 Et
867 5169 1099 5225 maxime
1126 5169 1191 5224 ad
1232 5170 1345 5241 ipsa
1375 5170 1539 5226 verba
1567 5171 1772 5228 Domini
1821 5191 1834 5227 ε
1888 5171 2044 5227 Pater

451 5272 593 5312 metu
635 5275 792 5330 usque
835 5277 969 5317 nunc
1007 5271 1262 5333 operatur,
1319 5273 1365 5318 et
1402 5280 1492 5336 ego
1533 5281 1733 5330 aperor.
1783 5265 2040 5321 Turbavit

451 5348 574 5404 illos
603 5350 748 5420 quod
772 5354 1056 5409 carnaliter
1105 5353 1503 5426 intelligebant,
1547 5356 1669 5425 quia
1698 5356 1928 5424 septimo
1951 5358 2039 5413 die

452 5441 718 5511 requievit
741 5441 882 5498 Deus
907 5444 976 5498 ab
1001 5445 1250 5500 omnibus
1271 5446 1525 5515 operibus
1553 5446 1663 5499 suis
1684 5444 1832 5516 (Gen.
1869 5462 1925 5513 n,
1953 5446 2039 5517 2).

451 5532 723 5604 Scriptum
766 5546 850 5591 est
891 5537 1034 5593 enim
1084 5538 1135 5593 in
1165 5538 1393 5605 Genesi,
1441 5548 1492 5594 et
1540 5540 1739 5609 optimc
1781 5540 2034 5611 scriptum

449 5631 554 5690 est,
604 5634 661 5681 et
704 5627 1022 5685 rationabile
1066 5647 1229 5700 quare
1273 5632 1527 5701 scriptum
1574 5639 1673 5685 est.
1732 5630 1810 5684 illi
1856 5640 2032 5686 autem

450 5720 698 5783 putantes
744 5719 896 5790 quasi
927 5719 1090 5776 Deum
1135 5720 1404 5793 fatigatum
1436 5730 1555 5793 post
1598 5723 1771 5777 omnia
1821 5724 2033 5794 requie-

1713 272 1769 332 S.
1810 275 1944 332 AUC
1955 273 2169 331 USTINI
2210 272 2509 333 EPISCOPI

3652 285 3759 345 692

2179 388 2321 446 visse
2348 390 2578 460 septimo
2605 387 2694 445 die
2711 428 2728 457 ,
2757 396 2813 444 et
2840 387 2962 445 ideo
2984 388 3322 449 benedixisse
3348 406 3470 449 eum
3491 435 3505 460 ,
3550 396 3671 467 quia
3698 400 3753 454 in

2174 494 2241 535 eo
2265 493 2297 534 a
2326 479 2641 536 lassitudine
2669 479 2899 536 refectus
2921 489 3025 549 est,
3052 495 3157 537 non
3183 482 3549 555 intelligebant
3583 488 3753 556 stulti,

2179 571 2301 641 quia
2331 571 2420 643 qui
2442 563 2614 627 verbo
2640 570 2765 628 fecit
2789 572 2967 627 omnia
2989 613 3006 640 ,
3036 571 3247 644 fatigari
3285 588 3389 629 non
3417 575 3608 646 potuit.
3628 577 3752 633 ‘Le-

2172 671 2328 733 gant,
2377 670 2433 718 et
2472 662 2653 719 dicant
2690 663 2821 718 mihi
2865 663 3133 734 quomodo
3157 674 3339 735 posset
3379 665 3587 737 fatigari
3615 668 3756 724 Deus

2172 752 2355 809 dicens
2379 771 2393 809 :
2424 751 2581 821 Fiat,-
2606 762 2654 808 et
2676 758 2865 826 factum
2887 764 2981 810 est.
3010 754 3179 811 Hodie
3204 757 3249 812 si
3277 758 3355 812 sic
3382 756 3546 813 faciat
3568 758 3754 827 homo,

2171 846 2440 917 quomodo
2467 847 2590 902 fecit
2614 847 2775 913 Deus,
2805 849 2925 919 quis
2948 846 3239 918 fatigatur?
3268 847 3413 904 Dixit
3442 864 3462 904 :
3492 849 3614 904 Fiat
3641 849 3755 914 lus;

2172 947 2220 994 et
2245 938 2381 1009 facta
2405 946 2477 994 est
2512 939 2619 992 lux.
2672 938 2833 1007 Item,
2880 937 3003 993 Fiat
3028 939 3403 1008 ﬁrmamentum
3420 958 3442 1006 ;
3486 949 3537 995 et
3562 944 3755 1012 fatum

2172 1028 2423 1102 est‘(Gen.
2455 1045 2492 1096 ι,
2522 1031 2576 1098 3,
2607 1030 2661 1096 6,
2693 1028 2750 1103 7)
2779 1048 2793 1086 :
2823 1039 2916 1085 aut
2942 1030 2986 1086 si
3014 1029 3169 1099 dixit,
3200 1039 3256 1087 et
3287 1030 3484 1087 factum
3513 1047 3620 1087 non
3646 1041 3751 1099 est,

2170 1121 2420 1194 fatigatus
2460 1131 2562 1178 est.
2591 1123 2712 1178 Alio
2736 1122 2855 1178 loco
2882 1122 3112 1178 breviter
3142 1140 3156 1177 :
3187 1122 3213 1176 Ι
3222 1139 3311 1193 pse
3333 1123 3461 1178 dixit
3482 1163 3497 1188 ,
3528 1133 3575 1178 et
3619 1128 3752 1182 facta

2169 1224 2287 1269 sunt
2309 1230 2330 1281 ;
2375 1216 2486 1287 ipse
2510 1215 2800 1281 mandarit,
2845 1223 2893 1270 et
2913 1225 3082 1270 creata
3106 1225 3223 1269 sunt
3249 1214 3419 1286 (Psal.
3447 1231 3596 1271 xxx“
3613 1257 3628 1282 ,
3668 1216 3748 1288 9).

2170 1307 2275 1376 Qui
2300 1324 2429 1379 ergo
2456 1309 2535 1365 sic
2575 1307 2719 1373 facit,
2762 1307 3032 1378 quomodo
3056 1306 3306 1363 laborat?
3352 1306 3408 1363 Si
3434 1316 3613 1364 autem
3643 1321 3751 1363 non

2171 1400 2403 1468 laborat,
2447 1400 2715 1472 quomodo
2755 1398 3082 1471 requiescit?
3121 1399 3229 1456 Sed
3272 1400 3325 1454 in
3368 1399 3463 1455 illo
3505 1399 3750 1466 sabbato,

2170 1492 2261 1548 ubi
2297 1492 2632 1564 requiescere
2660 1492 2859 1547 dictum
2888 1499 2973 1547 est
2999 1492 3162 1547 Deum
3192 1490 3261 1546 ab
3297 1490 3546 1547 omnibus
3569 1490 3749 1560 operi-

2169 1584 2268 1639 bus
2294 1585 2427 1651 suis,
2452 1584 2504 1638 in
2534 1584 2718 1653 requie
2748 1583 2850 1639 Dei
2874 1582 3087 1654 requies
3111 1591 3292 1637 nostra
3317 1582 3608 1654 signiﬁcata
3631 1590 3748 1637 est:

2168 1676 2291 1747 quia
2321 1675 2424 1732 erit
2452 1675 2732 1731 sabbatum
2760 1673 2917 1745 hujus
2941 1675 3142 1742 smculi,
3170 1690 3293 1731 cum
3322 1675 3628 1731 transierint
3654 1689 3750 1731 sex

2169 1775 2372 1822 aetates.
2421 1766 2585 1836 Quasi
2613 1781 2705 1822 ses
2737 1766 2854 1823 dies
2880 1767 3060 1823 steculi
3114 1776 3411 1823 transeunt.
3464 1765 3609 1824 Unus
3633 1765 3753 1822 dies

2168 1859 2237 1915 ab
2279 1858 2448 1914 Adam
2501 1874 2669 1929 usque
2711 1857 2778 1914 ad
2828 1859 2942 1915 Noe
2987 1858 3239 1924 transiit;
3297 1858 3432 1914 alius
3474 1873 3504 1913 a
3551 1858 3754 1914 diluvio

2166 1967 2336 2025 usque
2386 1951 2454 2007 ad
2508 1953 2777 2007 Abraham
2830 1951 3076 2017 transiit;
3127 1952 3315 2007 tertius
3363 1952 3432 2006 ab
3476 1952 3748 2007 Abraham

2166 2059 2336 2117 usque
2362 2044 2428 2100 ad
2466 2043 2631 2099 David
2670 2045 2917 2111 transiit;
2961 2052 3185 2116 quartus
3219 2058 3251 2099 a
3284 2043 3451 2099 David
3488 2058 3656 2114 usque
3681 2043 3749 2098 ad

2170 2137 2693 2208 transmigrationem
2757 2135 3063 2208 Babyloniae
3134 2135 3388 2200 transiit;
3454 2135 3673 2206 quintus
3716 2149 3751 2190 ο

2168 2228 2630 2300 transmigratione
2656 2227 2960 2299 Babyloniae
2986 2242 3156 2298 usque
3199 2226 3266 2282 ad
3312 2226 3598 2283 adventum
3638 2226 3748 2281 Do.

2166 2321 2295 2376 mini
2343 2321 2512 2377 uestri
2558 2321 2685 2378 Jesu
2722 2321 2943 2378 Christi.
2983 2320 3140 2376 Modo
3180 2330 3363 2377 sextus
3393 2319 3510 2375 dies
3551 2319 3745 2391 agitur.

2166 2413 2222 2468 In
2254 2423 2401 2469 sexta
2434 2422 2612 2480 aetate,
2664 2415 2715 2468 in
2747 2423 2900 2469 sexto
2941 2411 3027 2470 die
3053 2428 3257 2468 sumus.
3312 2414 3454 2483 Ergo
3489 2411 3747 2467 reformeo

2165 2520 2285 2561 mur
2334 2505 2400 2560 ad
2456 2505 2741 2577 imaginem
2775 2506 2891 2573 Dei,
2946 2508 3069 2578 quia
3116 2512 3268 2562 sexto
3310 2505 3404 2561 die
3448 2505 3618 2560 factus
3663 2511 3750 2560 est

2166 2596 2327 2650 homo
2365 2594 2430 2651 ad
2464 2597 2746 2668 imaginem
2778 2596 2871 2652 Dei
2906 2595 3055 2669 (Gen.
3087 2613 3124 2662 ι,
3157 2595 3276 2668 27).
3324 2594 3477 2665 Quod
3513 2595 3582 2650 ibi
3624 2594 3749 2650 fecit

2164 2689 2431 2757 formatio,
2465 2688 2565 2745 hoc
2598 2690 2648 2745 in
2677 2689 2831 2746 nobis
2871 2689 3178 2744 reformatio
3212 2707 3226 2743 :
3258 2697 3314 2744 et
3340 2688 3481 2759 quod
3521 2686 3591 2742 ibi
3622 2686 3749 2741 fecit

2163 2786 2383 2852 creatio,
2424 2784 2527 2840 hoc
2560 2784 2612 2839 iu
2655 2783 2809 2839 nobis
2842 2784 3123 2839 recreatio.
3168 2783 3295 2839 Post
3326 2782 3485 2837 istum
3512 2780 3652 2836 diem
3692 2781 3747 2835 in

2163 2893 2271 2948 quo
2302 2876 2462 2932 modo
2499 2890 2714 2941 sumus,
2752 2884 2871 2946 post
2907 2876 3063 2931 istam
3121 2882 3363 2941 aetatem,
3401 2882 3622 2929 ventura
3666 2880 3748 2928 est

2164 2968 2377 3038 requies
2402 2982 2521 3037 quas
2548 2966 2873 3037 promittitur
2901 2966 3100 3021 sanctis
3118 3007 3133 3033 ,
3161 2980 3279 3036 quae
3309 2963 3776 3036 praefigurahatur

2162 3058 2215 3113 in
2253 3058 2361 3113 illis
2388 3057 2594 3112 diebus.
2638 3057 2771 3126 Quia
2799 3066 2853 3112 et
2894 3071 3079 3112 revera
3124 3065 3245 3127 post
3270 3057 3448 3111 omnia
3472 3070 3591 3126 quae
3620 3053 3747 3110 fecit

2162 3149 2215 3204 in
2264 3148 2497 3216 mundo,
2553 3147 2686 3203 nihil
2731 3148 2852 3204 fecit
2893 3157 3076 3218 postea
3128 3162 3321 3203 novum
3378 3147 3431 3203 in
3475 3155 3741 3204 creatura.

2163 3240 2296 3312 ipsae
2321 3249 2582 3297 creaturae
2612 3250 2995 3297 convertentur
3018 3249 3074 3295 et
3097 3240 3583 3296 commutabuntur.
3609 3240 3744 3295 Nam

2161 3350 2227 3391 ex
2262 3350 2369 3407 quo
2404 3336 2654 3391 institutae
2681 3342 2805 3390 sunt
2827 3343 3119 3401 creaturae,
3148 3333 3282 3389 nihil
3326 3333 3554 3405 amplius
3590 3331 3743 3388 addi-

2162 3434 2272 3480 tum
2318 3435 2419 3481 est.
2463 3425 2570 3482 Sed
2616 3435 2828 3492 tamen,
2877 3426 2977 3481 nisi
3021 3425 3112 3481 ille
3153 3426 3244 3497 qui
3287 3423 3440 3489 fecit,
3487 3425 3741 3480 mundum

2160 3528 2401 3590 regeret,
2442 3519 2660 3574 caderet
2702 3518 2842 3590 quod
2892 3517 3088 3574 factum
3120 3527 3240 3586 est;
3285 3534 3394 3575 non
3429 3527 3606 3589 potest
3641 3519 3741 3575 nisi

2160 3611 2534 3667 administrare
2563 3611 2690 3667 illud
2719 3611 2863 3683 quod
2901 3611 3025 3667 fecit
3054 3614 3095 3665 ¹.
3142 3612 3277 3681 Quia
3315 3626 3444 3684 ergo
3477 3612 3607 3667 nihil
3642 3611 3741 3667 ad-

2158 3703 2326 3759 ditum
2366 3713 2450 3760 est
2478 3712 2763 3772 creaturae,
2805 3704 3133 3775 requievisse
3158 3704 3330 3759 dictus
3355 3712 3439 3760 est
3476 3703 3545 3759 ab
3566 3704 3740 3759 omni-

2157 3795 2256 3852 bus
2300 3796 2549 3867 operibus
2588 3798 2740 3852 suis:
2772 3798 2896 3866 quia
2924 3812 3052 3853 vero
3091 3797 3232 3868 quod
3272 3795 3398 3853 iccit
3443 3796 3741 3869 gubernare

2160 3903 2264 3944 non
2302 3898 2511 3954 cessat,
2544 3896 2687 3945 recte
2733 3889 2867 3943 dixit
2898 3889 3154 3944 Dominus
3175 3930 3190 3956 ,
3227 3886 3383 3943 Pater
3420 3906 3558 3943 meus
3585 3905 3746 3960 usque

2158 4000 2291 4037 nunc
2344 3992 2599 4051 aperatur.
2651 3980 2895 4037 intendat
2942 3979 3187 4035 Charitas
3233 3990 3429 4037 vestra.
3488 3980 3736 4045 Perfecit,

2157 4076 2484 4146 requietisse
2518 4074 2691 4130 dictus
2731 4085 2816 4130 est
2843 4091 2855 4127 :
2887 4072 3112 4145 perfecit
3135 4074 3278 4130 enim
3309 4088 3503 4144 opera,
3531 4081 3585 4128 et
3609 4073 3738 4128 nihil

2156 4168 2378 4224 addidit.
2420 4167 2693 4223 Gubernat
2726 4166 2866 4239 quod
2900 4167 3022 4222 fecit
3056 4184 3069 4222 :
3099 4181 3228 4237 ergo
3256 4181 3361 4221 non
3388 4175 3583 4223 cessat.
3632 4164 3737 4221 Sed

2155 4267 2350 4329 quanta
2403 4257 2657 4313 facilitate
2725 4257 2895 4331 fecit,
2944 4265 3089 4312 tanta
3149 4256 3402 4313 facilitate
3456 4257 3735 4327 gubernat.

2154 4348 2331 4404 Nolite
2368 4349 2511 4404 enim
2544 4357 2750 4418 putare,
2779 4348 2994 4414 fratres,
3023 4347 3145 4418 quia
3172 4362 3276 4403 non
3306 4347 3580 4403 laborabat
3613 4361 3736 4403 cum

2153 4442 2446 4508 conderet,
2490 4450 2545 4497 et
2579 4442 2788 4497 laborat
2830 4442 2951 4511 quia
2990 4441 3164 4511 regit;
3211 4439 3478 4511 quomodo
3518 4439 3570 4495 in
3618 4439 3736 4494 navi

2155 4533 2399 4589 laborant
2440 4534 2529 4604 qui
2572 4531 2833 4587 fabricant
2872 4544 3091 4599 navem,
3136 4532 3379 4587 laborant
3406 4533 3494 4603 qui
3535 4531 3734 4603 guber-

2154 4634 2318 4692 nant;
2352 4625 2595 4679 homines
2622 4624 2766 4679 enim
2795 4632 2937 4679 sunt.
2969 4623 3063 4679 ille
3088 4624 3228 4679 enim
3259 4632 3457 4695 quanta
3486 4623 3735 4678 facilitate

2151 4718 2320 4783 dixit,
2351 4726 2407 4773 et
2444 4717 2581 4773 facta
2618 4724 2762 4783 sunt,
2807 4725 2950 4771 tanta
3000 4716 3250 4773 facilitate
3295 4725 3352 4771 et
3392 4715 3593 4787 judicio
3638 4730 3736 4785 per

2151 4809 2383 4866 Verbum
2418 4808 2680 4880 gubernat
2713 4808 2914 4862 omnia.

2220 4900 2275 4955 5.
2321 4899 2417 4954 Dei
2460 4897 2773 4972 providentia
2824 4899 2876 4953 in
2926 4898 3246 4956 ordinatione
3292 4899 3565 4953 malorum.
3612 4898 3730 4954 Non

2148 4994 2272 5064 quia
2305 4991 2553 5049 videntur
2577 5006 2844 5062 perversa:
2888 5007 2974 5046 res
3003 4992 3265 5057 humana},
3295 4991 3539 5047 videatur
3577 4992 3732 5048 nobis

2149 5100 2255 5139 non
2280 5100 2403 5141 esse
2439 5083 2878 5155 gubernationem
2906 5098 3083 5137 rerum
3120 5082 3491 5138 humanarum.
3532 5081 3733 5138 Omnes

2148 5176 2290 5232 enim
2322 5177 2567 5251 homines
2606 5174 2657 5230 in
2692 5175 2822 5230 locis
2864 5175 2974 5229 suis
3011 5174 3325 5229 ordinantur
3355 5192 3367 5227 :
3401 5173 3494 5229 sed
3522 5173 3729 5229 unicui-

2147 5284 2250 5340 que
2287 5269 2495 5324 videtur
2525 5268 2649 5339 quia
2686 5267 2928 5327 ordinem
2964 5283 3070 5322 non
3109 5267 3306 5323 habent
3332 5268 3375 5320 '.
3406 5266 3485 5323 Tu
3525 5274 3729 5322 tantum

2146 5362 2267 5418 vide
2305 5361 2429 5433 quid
2455 5361 2589 5417 velis
2629 5375 2795 5417 esse:
2832 5376 2954 5416 nam
2998 5360 3269 5432 quomodo
3310 5360 3542 5415 volueris
3586 5373 3727 5427 esse,

2146 5454 2292 5509 novit
2318 5453 2509 5510 artifex
2533 5453 2624 5510 ubi
2655 5462 2706 5510 te
2741 5462 2924 5524 ponat.
2953 5453 3221 5511 Pictorem
3246 5453 3484 5510 attende.
3514 5453 3732 5509 Ponun-

2206 5609 2227 5680 ξ
2256 5616 2342 5680 Δθξδ.
2367 5620 2455 5680 cr.,
2478 5619 2575 5658 non
2595 5611 2744 5680 potest
2764 5613 2892 5680 stare
2914 5606 3007 5659 nisi
3026 5606 3149 5680 illud
3172 5605 3300 5671 quod
3321 5604 3492 5680 (facit...

2146 5729 2165 5777 Ι
2208 5670 2380 5779 ῗιὶὶειιι
2420 5666 2524 5729 ais,
2571 5666 2656 5720 sed
2703 5667 2956 5734 animique
3003 5666 3196 5720 videtur
3267 5666 3348 5733 qui
3382 5666 3600 5718 ordinem
3638 5675 3730 5713 uox

2163 5744 2301 5779 nuc.
