4126 6322
428 306 532 363 693

427 433 514 477 tur
560 428 683 474 ante
736 417 883 472 illum
926 416 1056 471 varii
1106 416 1312 471 colores
1339 456 1352 481 ,
1408 421 1462 469 et
1507 413 1653 467 novit
1699 411 1785 467 ubi
1840 420 2003 480 ponat

425 524 689 583 quemque
728 508 982 564 colorem.
1027 506 1184 562 Certe
1227 515 1476 576 peccator
1509 505 1659 576 niger
1694 504 1842 559 color
1883 516 2006 558 esse

424 603 592 657 voluit
630 617 645 654 :
692 600 812 656 ideo
858 601 1029 655 nescit
1069 598 1202 653 ordo
1239 598 1460 653 artificis
1501 596 1591 652 ubi
1631 610 1753 651 eum
1800 595 2002 665 ponat?

423 696 630 762 Quanta
673 692 885 747 ordinat
916 691 982 746 de
1021 690 1175 760 nigro
1214 690 1433 745 colore?
1470 698 1665 758 quanta
1692 694 2001 742 ornamenta

424 784 551 839 facit
585 783 797 854 pictor?
838 782 987 843 Facit
1024 782 1146 837 inde
1170 782 1409 851 capillos,
1443 779 1568 834 facit
1604 778 1844 845 barbam,
1877 776 2002 833 facit

422 874 705 944 supercilia
736 892 749 927 :
779 886 885 928 non
924 872 1049 928 facit
1082 872 1331 937 frontem,
1368 872 1468 926 nisi
1496 870 1565 925 de
1589 869 1735 925 albo.
1766 868 1843 924 Tu
1882 868 2002 924 vide

421 967 546 1037 quid
572 966 707 1022 velis
744 981 862 1021 esse
910 983 923 1019 :
970 979 1076 1020 non
1105 979 1261 1021 cures
1303 964 1392 1019 ubi
1434 972 1484 1018 te
1512 962 1723 1019 ordinet
1764 962 1852 1033 qui
1894 976 2000 1017 non

420 1060 569 1114 novit
612 1072 813 1122 errare,
859 1057 959 1113 scit
986 1056 1072 1111 ubi
1116 1064 1166 1112 te
1196 1064 1375 1128 ponat.
1424 1055 1512 1112 Sic
1547 1056 1687 1111 enim
1720 1069 1816 1125 per
1854 1055 2000 1125 leges

422 1153 549 1206 istas
590 1151 773 1205 mundi
805 1149 1047 1206 videmus
1088 1151 1189 1206 hoc
1232 1151 1366 1205 fieri.
1406 1150 1668 1205 Effractor
1693 1164 1810 1205 esse
1834 1149 2000 1203 voluit

421 1244 604 1298 nescio
649 1244 766 1313 quis
812 1261 824 1295 :
873 1242 1019 1297 novit
1062 1243 1149 1297 lex
1193 1242 1384 1311 judicis
1433 1242 1555 1312 quia
1598 1249 1783 1296 contra
1826 1240 1996 1310 legem

420 1332 580 1396 fecit;
633 1333 781 1387 novit
823 1332 908 1387 lex
948 1328 1141 1401 judicis
1185 1331 1274 1386 ubi
1315 1330 1461 1385 illum
1520 1338 1681 1400 ponat
1732 1348 1744 1384 :
1788 1330 1999 1384 ordinat

418 1425 565 1478 illum
596 1424 818 1494 Optime.
866 1423 960 1480 Ille
989 1424 1202 1493 quidem
1241 1425 1378 1479 male
1407 1424 1536 1479 vixit
1566 1442 1579 1475 ε
1607 1424 1699 1479 sed
1727 1438 1832 1478 non
1860 1424 1998 1479 male

416 1514 682 1568 ordinavit
716 1515 819 1569 lex.
858 1514 939 1569 Ex
969 1515 1248 1571 eﬁ'ractore
1286 1514 1389 1570 erit
1432 1515 1728 1570 mctallicus
1769 1515 1845 1585 (a)
1877 1533 1887 1568 :
1931 1515 1997 1570 de

414 1622 580 1677 opere
634 1607 883 1663 metallici
930 1616 1126 1678 quanta
1168 1623 1329 1678 opera
1380 1609 1798 1663 construuntur?
1855 1607 1997 1663 Illius

415 1715 571 1769 ptena
615 1700 849 1755 damnati
894 1709 1204 1757 ornamenta
1252 1710 1374 1756 sunt
1416 1701 1643 1756 civitatis
1674 1703 1712 1755 ί.
1758 1700 1847 1757 Sic
1870 1717 1997 1772 ergo

417 1786 560 1839 Deus
604 1786 752 1839 novit
795 1785 883 1840 ubi
928 1794 980 1840 te
1028 1794 1210 1856 ponat.
1258 1786 1377 1841 Noli
1423 1794 1606 1856 putare
1650 1786 1770 1856 quia
1816 1786 1997 1841 turbas

418 1876 701 1931 consilium
731 1876 847 1941 Dei,
876 1878 919 1931 si
948 1891 1229 1947 pervcrsus
1253 1892 1373 1933 esse
1400 1878 1650 1932 volueris.
1686 1878 1786 1944 Qui
1814 1892 1997 1933 creare

416 1978 469 2024 te
498 1980 739 2035 noverat,
767 1969 1016 2025 ordinare
1042 1979 1093 2025 te
1122 1985 1227 2025 non
1257 1970 1445 2025 novit?
1478 1970 1683 2024 Bonum
1714 1978 1796 2024 est
1830 1969 1902 2024 ibi
1940 1978 1996 2024 ut

415 2060 544 2115 illuc
571 2061 803 2127 coneris,
831 2067 890 2115 ut
918 2061 1060 2116 bono
1094 2062 1212 2115 loco
1244 2061 1474 2130 ponaris.
1516 2060 1653 2128 Quid
1693 2060 1889 2115 dictum
1915 2068 1998 2115 est

412 2151 478 2205 de
502 2151 635 2206 Juda
660 2152 727 2205 ab
746 2152 1036 2220 Apostolo?
1060 2153 1192 2206 Abiit
1217 2153 1269 2206 in
1297 2154 1460 2206 locum
1484 2169 1632 2205 suum
1655 2152 1789 2223 (Act.
1815 2169 1852 2217 ι,
1875 2152 1993 2223 25).

414 2241 680 2310 Operante
707 2243 888 2312 utique
912 2243 1086 2298 divina
1119 2243 1479 2313 providentia,
1509 2244 1631 2315 quia
1662 2260 1758 2315 per
1801 2246 1993 2300 malam

410 2332 739 2387 voluntatem
776 2332 946 2387 malus
984 2347 1103 2387 esse
1135 2334 1322 2399 voluit,
1360 2350 1465 2388 non
1504 2343 1683 2389 autem
1709 2335 1847 2390 Deus
1883 2351 1995 2389 ma-

410 2421 520 2476 lum
556 2422 858 2477 ordinando
903 2422 1046 2479 fecit.
1094 2423 1197 2478 Sed
1242 2426 1362 2494 quia
1390 2424 1503 2494 ipse
1547 2424 1717 2479 malus
1745 2434 1995 2495 peccator

410 2527 531 2568 esse
561 2515 763 2580 voluit,
805 2514 928 2569 fecit
966 2515 1107 2585 quod
1141 2516 1339 2582 voluit,
1377 2517 1469 2571 sed
1509 2532 1697 2587 passus
1734 2528 1816 2572 est
1851 2518 1992 2588 quod

410 2606 601 2660 noluit.
643 2605 701 2660 In
742 2621 809 2661 eo
836 2607 976 2677 quod
1021 2607 1141 2661 fecit
1178 2608 1317 2678 quod
1359 2609 1541 2672 voluit,
1579 2618 1850 2678 peccatum
1878 2609 1993 2678 ejus

408 2697 869 2767 deprehenditur:
902 2698 955 2752 in
985 2712 1051 2753 eo
1088 2699 1228 2769 quod
1272 2713 1459 2769 passus
1498 2708 1580 2754 est
1617 2698 1758 2770 quod
1802 2699 1988 2765 noluit,

408 2788 541 2842 ordo
580 2789 675 2843 Dei
715 2788 975 2843 laudatur.

480 2881 532 2936 6.
577 2881 875 2935 Judarorum
927 2882 1144 2936 turbatio
1189 2898 1252 2936 ea;
1292 2881 1485 2953 duplici
1527 2882 1709 2953 capite.
1744 2881 1993 2954 zEgrotus

409 2972 754 3025 descendendo
775 2973 825 3025 in
856 2973 1099 3041 piscinam
1124 2982 1348 3027 curatus.
1376 2971 1520 3027 Unus
1547 2982 1739 3026 tantum
1763 2982 1987 3028 sanatus.

408 3064 521 3118 Hoc
551 3079 714 3133 quare
740 3064 886 3118 dixi?
924 3064 995 3120 Ut
1025 3064 1348 3135 intelligatis,
1378 3064 1589 3133 fratres,
1619 3065 1759 3136 quod
1792 3066 1993 3135 optime

408 3156 611 3211 dictum
637 3157 705 3211 sit
736 3172 765 3210 a
797 3156 1024 3211 Domino
1048 3155 1171 3212 Jesu
1201 3157 1441 3222 Christo,
1483 3154 1642 3211 Pater
1674 3173 1810 3212 meus
1836 3174 1993 3229 usque

408 3249 558 3301 modo
599 3258 858 3319 aperatur.
906 3248 1037 3315 Quia
1066 3264 1171 3303 non
1217 3248 1418 3304 deserit
1462 3258 1791 3317 creaturam,
1831 3265 1991 3319 quam

410 3338 553 3393 fecit.
587 3339 653 3393 Et
677 3339 836 3404 dixit,
874 3340 1136 3407 Quomodo
1165 3351 1420 3410 operatur,
1452 3350 1498 3393 et
1524 3357 1615 3411 ego
1645 3358 1840 3410 operor.
1872 3340 1989 3395 Jam

408 3431 479 3485 ibi
505 3445 562 3485 se
590 3432 901 3502 signiﬁcavit
929 3433 1185 3502 :equalem
1218 3433 1347 3487 Deo.
1382 3432 1537 3486 Pater
1569 3449 1727 3499 meus,
1755 3434 1860 3501 ait,
1901 3450 1987 3487 us-

407 3539 505 3591 que
530 3524 677 3577 modo
714 3534 979 3596 ορεταςιιν,
1010 3534 1053 3577 et
1080 3541 1169 3594 ego
1196 3541 1393 3593 operor.
1424 3524 1514 3579 llle
1543 3527 1770 3581 carnalis
1800 3540 1990 3581 sensus

406 3612 474 3668 de
520 3614 741 3669 sabbato
786 3615 1027 3669 turbatus
1070 3624 1171 3669 est.
1220 3616 1483 3670 Putabant
1524 3616 1667 3670 enim
1715 3615 1989 3685 fatigatum

406 3703 689 3758 Dominum
720 3706 1065 3774 requievisse,
1110 3713 1165 3759 ut
1205 3705 1335 3758 nihil
1368 3715 1698 3774 operaretur.
1731 3706 1986 3773 Audiunt,

406 3793 564 3848 Pater
592 3812 732 3849 meus
765 3812 921 3865 usque
946 3796 1095 3849 modo
1126 3807 1362 3867 aperatur
1403 3812 1420 3852 :
1464 3796 1760 3851 turbantur.
1804 3797 1868 3850 Et
1895 3814 1989 3868 ego

404 3903 588 3956 operor
618 3903 635 3940 :
681 3886 805 3939 fecit
832 3901 892 3941 se
918 3888 1173 3956 mqualcm
1204 3887 1333 3954 Deo,
1362 3887 1659 3942 turbantur.
1692 3887 1799 3943 Sed
1828 3888 1989 3943 nolite

397 3980 508 4049 jun
543 3994 918 4047 expavescere.
947 3979 1213 4034 Turbatur
1236 3993 1392 4049 aqua,
1420 3980 1595 4033 sanari
1625 3979 1785 4034 habet
1819 3994 1988 4051 aegro-

405 4081 508 4125 tus.
556 4069 692 4152 Quid
719 4080 801 4125 est
828 4071 967 4125 hoc?
1020 4071 1144 4125 Ideo
1173 4071 1453 4125 turbantur
1497 4070 1607 4135 illi,
1652 4078 1711 4125 ut
1758 4071 1988 4141 patiatur

407 4164 682 4218 Dominus.
721 4163 925 4217 Patitur
967 4163 1239 4227 Dominus,
1280 4162 1519 4219 funditur
1543 4164 1811 4235 pretiosus
1856 4179 1984 4219 san-

403 4254 541 4323 guis,
576 4254 852 4308 redimitur
886 4263 1153 4325 peccator,
1185 4254 1415 4309 donatur
1442 4256 1608 4325 gratia
1642 4255 1899 4325 peccanti,
1932 4264 1987 4310 et

406 4345 625 4409 dicenti,
660 4344 816 4399 Miser
844 4362 933 4416 ego
973 4346 1142 4411 homo,
1194 4347 1304 4418 quis
1334 4364 1411 4400 me
1444 4347 1668 4401 liberavit
1693 4348 1755 4401 de
1778 4364 1986 4417 corpore

405 4439 580 4491 mortis
606 4438 755 4502 huius
774 4438 799 4490 ?
831 4437 1006 4491 Gratia
1028 4438 1125 4493 Dei
1154 4456 1241 4509 per
1266 4439 1538 4495 Dominum
1565 4450 1788 4495 nostrum
1806 4439 1843 4494 Ι
1847 4457 1984 4495 esum

332 4580 337 4607 τ
404 4528 661 4582 Christum
704 4529 877 4597 (Rom.
909 4545 997 4591 vn,
1026 4529 1128 4595 24,
1157 4529 1272 4601 25).
1301 4529 1405 4585 Sed
1435 4531 1706 4601 quomodo
1732 4531 1984 4585 curatur?

403 4620 455 4674 Si
483 4620 793 4674 descendat.
842 4622 930 4677 Sic
953 4623 1093 4676 enim
1125 4631 1239 4677 erat
1266 4622 1353 4676 illa
1386 4624 1603 4693 piscina,
1633 4640 1740 4695 quo
1762 4625 1983 4680 descen-

404 4711 638 4777 daretur,
682 4728 786 4766 non
830 4728 936 4783 quo
975 4715 1369 4769 ascenderetur.
1410 4715 1634 4770 Possent
1675 4717 1815 4771 enim
1863 4732 1983 4773 esse

407 4812 459 4857 ct
487 4803 615 4857 tales
662 4805 897 4873 piscinae,
947 4806 1023 4859 sic
1070 4807 1359 4870 instructae,
1408 4815 1464 4860 ut
1504 4806 1881 4863 asecnderetur
1915 4807 1981 4862 ad

404 4896 539 4948 illas.
584 4896 759 4962 Quare
794 4906 972 4951 autem
1017 4898 1103 4951 illa
1149 4899 1268 4953 talis
1305 4899 1437 4953 facta
1477 4910 1585 4965 est,
1627 4914 1733 4970 quo
1761 4900 1983 4955 descen-

405 4987 659 5041 dcrctur?
708 4987 839 5055 Quia
879 4989 1052 5057 passio
1081 4988 1286 5043 Domini
1325 4989 1574 5045 humilem
1619 4992 1825 5061 quaerit.
1875 4992 1981 5047 De-

403 5078 622 5132 scendat
669 5078 909 5141 humilis,
958 5096 1063 5133 non
1107 5082 1176 5135 sit
1218 5082 1509 5151 superbus,
1552 5083 1595 5137 si
1634 5083 1743 5138 vult
1783 5085 1977 5139 sanari.

400 5168 575 5235 Quare
600 5179 776 5224 autem
802 5172 975 5225 unus?
1008 5172 1139 5240 Quia
1162 5172 1311 5226 unica
1334 5183 1415 5227 est
1436 5173 1669 5228 Ecclesia
1696 5189 1790 5245 per
1813 5184 1980 5231 totum

402 5261 585 5315 orbem
631 5271 914 5330 terrarum,
959 5266 1130 5317 unitas
1168 5264 1417 5318 salvatur.
1446 5264 1543 5321 Ubi
1587 5280 1713 5336 ergo
1750 5266 1981 5322 salvatur

465 5420 485 5451 ί
502 5426 584 5469 Ms.
609 5433 699 5477 cr.,

465 5481 537 5589 ἷα)
564 5483 729 5539 idest,
750 5482 932 5531 metalli
973 5496 1164 5546 poenam
1187 5484 1385 5542 subibit,
1411 5485 1468 5533 ad
1488 5485 1695 5535 secanda
1725 5498 1979 5545 marmora,

506 5542 600 5589 alia
626 5544 672 5589 id
694 5557 853 5589 genus
873 5544 1202 5589 damnabitur:
1230 5547 1299 5589 uti
1331 5548 1557 5589 observat
1579 5547 1866 5589 Sirmnndus.
1906 5548 1978 5589 El-

402 5542 483 5605 vel
506 5542 600 5591 alia
626 5544 672 5591 id
694 5557 853 5605 genus
873 5542 1203 5605 damnabitur;
1230 5547 1300 5595 uti
1331 5548 1557 5596 observat
1579 5547 1866 5596 Sirmondus.
1906 5542 1978 5595 Et;

402 5602 633 5669 fractores
672 5602 808 5669 enim
845 5609 1098 5669 parietum,
1120 5602 1412 5669 praesertim
1451 5616 1741 5667 nocturnos,
1775 5610 1978 5659 fustibus

576 5668 624 5713 in
647 5666 897 5735 metallum
919 5668 1022 5717 dari
1059 5666 1243 5735 seliitos,
1281 5679 1449 5735 auctor
1474 5680 1550 5722 est
1585 5666 1824 5735 Ulpianus,
1847 5678 1891 5720 L.
1928 5672 1976 5732 2,

404 5731 455 5775 υ.
488 5746 504 5769 ει
526 5735 591 5777 ne
617 5728 944 5782 effractoribus
969 5737 1019 5781 et
1043 5728 1399 5796 expilatOribtts.
1419 5748 1442 5777 ν

1840 298 2069 354 SERMO
2106 297 2314 353 CXXV.

3590 306 3695 363 694

2114 420 2269 475 unus,
2316 410 2491 466 unitas
2515 411 2863 484 signiﬁcatur.
2907 412 3009 469 Per
3041 429 3204 471 unum
3240 414 3502 471 unitatem
3537 416 3693 473 intel-

2110 499 2233 571 lige.
2276 501 2359 556 Ab
2385 502 2589 559 unitate
2623 518 2751 575 ergo
2784 504 2895 563 noli
2932 507 3220 576 recedere,
3260 506 3305 564 si
3346 522 3452 563 non
3477 508 3557 564 vis
3594 508 3694 563 im-

2108 593 2284 648 munis
2316 608 2436 649 esse
2472 594 2541 649 ab
2575 595 2673 650 ista
2702 596 2889 653 salute.

2178 685 2231 739 7.
2275 682 2556 753 Inﬁrmitas
2594 686 2799 757 triginta
2853 705 3119 743 annorum.
3181 688 3406 744 Iustitia:
3450 691 3692 761 perfectio

2105 776 2508 848 quadragenario
2552 794 2760 833 numero
2810 781 3112 851 signiﬁcata.
3169 781 3325 836 Amor
3376 784 3546 837 swculi
3592 800 3692 837 non

2105 867 2413 937 compatitur
2449 884 2670 921 amorem
2711 867 2823 922 Dei.
2854 870 2989 935 Quid
3014 871 3113 924 sibi
3138 886 3267 940 ergo
3294 872 3403 926 vult
3425 872 3566 941 quod
3597 874 3693 926 tri-

2105 958 2248 1028 ginta
2275 967 2327 1013 et
2373 967 2495 1013 octo
2524 973 2691 1013 annos
2716 959 2959 1014 infirmus
2987 962 3140 1015 erat?
3169 960 3323 1026 Scio,
3352 961 3574 1029 fratres,
3608 978 3696 1019 me

2107 1047 2205 1101 ista
2253 1047 2361 1117 jam
2392 1047 2589 1103 dixisse
2621 1067 2634 1102 :
2666 1048 2759 1104 sed
2808 1058 2861 1105 et
2905 1050 2997 1119 qui
3030 1050 3222 1121 legunt
3267 1052 3655 1108 obliviscuntur
3675 1096 3688 1119 ,

2104 1148 2303 1208 quanto
2330 1140 2497 1209 magis
2527 1139 2615 1209 qui
2637 1155 2758 1195 raro
2785 1140 3043 1194 audiunt?
3074 1142 3314 1197 lntendat
3336 1158 3462 1214 ergo
3506 1145 3693 1213 paulu-

2104 1231 2215 1286 lum
2251 1231 2495 1286 Charitas
2534 1240 2725 1287 vestra.
2776 1231 2831 1286 ln
2859 1232 3277 1304 quadragenario
3300 1250 3520 1289 numero
3544 1250 3692 1290 com-

2105 1323 2265 1392 pletio
2286 1323 2507 1393 justitize
2544 1325 2817 1393 figuratur.
2846 1322 3147 1392 Completio
3171 1324 3389 1393 justitia:
3408 1367 3425 1392 ,
3453 1326 3575 1395 quia
3605 1326 3692 1381 ltie

2102 1414 2328 1468 vivimus
2352 1415 2403 1467 in
2448 1414 2659 1477 labore,
2711 1415 2762 1468 in
2813 1414 3105 1481 aerumnis,
3146 1415 3198 1468 in
3228 1418 3585 1484 continentia,
3635 1418 3689 1473 in

2097 1503 2315 1572 jejuniis
2335 1544 2350 1567 ,
2380 1505 2430 1558 in
2459 1505 2680 1574 vigiliis,
2717 1504 2768 1558 in
2798 1505 3261 1571 tribulationibus;
3296 1507 3407 1576 ipsa
3434 1518 3518 1563 est
3542 1524 3690 1565 exer-

2101 1596 2282 1651 citatio
2301 1596 2519 1666 justitia:
2547 1598 2585 1664 ί,
2621 1597 2757 1652 ferre
2790 1608 2999 1668 tempus
3022 1599 3123 1653 hoc
3143 1640 3157 1663 ,
3190 1608 3244 1653 et
3276 1600 3343 1655 ab
3373 1600 3474 1654 hoc
3492 1602 3692 1659 sxeculo

2100 1688 2328 1758 quodam
2356 1688 2516 1743 modo
2535 1689 2811 1759 jejunare;
2839 1706 2944 1744 non
2976 1706 3006 1743 a
3030 1689 3150 1745 cibo
3170 1690 3365 1753 carnis,
3396 1691 3537 1760 quod
3569 1707 3694 1748 raro

2101 1777 2352 1847 facimus;
2402 1781 2498 1837 sed
2539 1782 2607 1837 ab
2633 1796 2813 1837 amore
2841 1782 3055 1847 saeculi,
3096 1781 3237 1852 quod
3277 1798 3489 1853 semper
3513 1784 3692 1841 facere

2099 1871 2374 1928 debemus.
2406 1873 2498 1928 ille
2527 1888 2656 1945 ergo
2682 1874 2868 1943 implet
2904 1875 3074 1945 legem
3100 1917 3115 1943 ,
3158 1876 3245 1946 qui
3281 1890 3339 1930 se
3366 1876 3595 1932 abstinet
3623 1878 3692 1933 ab

2100 1962 2203 2018 isto
2228 1964 2443 2019 saeculo.
2476 1964 2590 2019 Non
2618 1965 2760 2020 enim
2807 1973 2984 2036 potest
3025 1980 3205 2021 amare
3233 1966 3375 2037 quod
3423 1975 3689 2024 aeternum

2098 2064 2213 2121 est,
2242 2056 2341 2110 nisi
2370 2056 2635 2112 destiterit
2672 2072 2855 2113 amare
2891 2057 3032 2128 quod
3063 2059 3354 2129 temporale
3378 2069 3478 2115 est.
3513 2061 3691 2117 Inten-

2098 2147 2209 2203 dite
2233 2163 2472 2204 amorem
2521 2149 2788 2205 hominis:
2826 2149 2902 2203 sic
2934 2158 3113 2219 putate
3152 2151 3303 2220 quasi
3333 2166 3544 2205 manum
3572 2152 3689 2207 ani-

2099 2252 2219 2292 mae.
2243 2237 2299 2295 Si
2327 2238 2523 2309 aliquid
2551 2249 2728 2306 tenet,
2758 2250 2944 2295 tenere
2968 2239 3110 2295 aliud
3136 2256 3243 2295 non
3274 2250 3467 2311 potest.
3495 2240 3565 2298 Ut
3593 2256 3687 2296 au-

2100 2338 2203 2384 tem
2234 2332 2403 2401 possit
2445 2341 2630 2387 tenere
2671 2332 2812 2403 quod
2844 2332 3030 2399 datur,
3060 2331 3293 2388 dimittat
3330 2334 3471 2402 quod
3519 2343 3686 2390 tenet.

2098 2420 2209 2475 lloe
2236 2421 2355 2476 dico
2375 2463 2389 2487 ,
2416 2422 2589 2478 videte
2636 2424 2757 2492 quia
2788 2432 2972 2493 aperte
3014 2424 3135 2479 dico
3165 2441 3179 2478 :
3210 2424 3308 2492 Qui
3350 2436 3494 2481 amat
3518 2441 3688 2482 saecu—

2096 2510 2205 2565 lum
2227 2551 2242 2576 ,
2270 2526 2451 2565 amare
2476 2512 2642 2566 Deum
2674 2528 2779 2567 non
2813 2521 3015 2581 potest;
3043 2525 3353 2583 occupatam
3384 2514 3541 2571 habet
3568 2531 3684 2570 ma-

2097 2618 2244 2657 num.
2286 2604 2423 2658 Dicit
2452 2604 2527 2657 illi
2560 2604 2698 2659 Deus
2724 2622 2736 2657 :
2769 2604 2914 2659 Tene
2941 2605 3085 2675 quod
3104 2605 3195 2660 do.
3222 2606 3339 2661 Non
3375 2608 3485 2662 vult
3510 2608 3690 2662 dimit-

2099 2704 2210 2749 tere
2234 2695 2375 2766 quod
2401 2697 2648 2752 tenebat:
2680 2714 2787 2754 non
2818 2708 2992 2769 potest
3012 2702 3253 2771 accipere
3278 2702 3421 2772 quod
3446 2702 3683 2757 offertur.

2096 2785 2359 2856 Numquid
2382 2786 2519 2854 dixi,
2552 2788 2666 2843 Non
2696 2790 2965 2861 possideat
2994 2792 3173 2846 nescio
3201 2793 3359 2862 quis?
3388 2792 3442 2848 Si
3473 2800 3683 2861 potest,

2097 2877 2141 2931 si
2171 2876 2271 2932 hoc
2297 2878 2364 2933 de
2395 2880 2484 2934 illo
2511 2880 2674 2949 exigit
2716 2880 3002 2951 perfectio,
3035 2897 3141 2935 non
3170 2882 3460 2952 possideat.
3492 2882 3546 2937 Si
3579 2895 3683 2936 non

2097 2975 2306 3037 potest,
2338 2969 2527 3039 aliqua
2550 2972 2871 3026 necessitate
2896 2972 3181 3041 impeditus
3201 3014 3215 3039 ,
3245 2972 3548 3042 possideat,
3580 2988 3684 3028 non

2097 3059 2462 3128 possideatur;
2498 3069 2709 3126 teneat,
2756 3078 2861 3116 non
2908 3072 3187 3119 teneatur:
3219 3064 3465 3119 dominus
3495 3065 3566 3118 sit
3606 3065 3695 3121 rei

2095 3164 2234 3215 sure,
2264 3166 2367 3205 non
2395 3166 2581 3206 servus
2612 3154 2652 3217 ';
2678 3154 2808 3209 sicut
2839 3153 2966 3209 dicit
2992 3144 3285 3223 Apostolus.
3314 3173 3327 3208 :
3359 3155 3436 3209 De
3466 3165 3644 3211 caetero
3665 3198 3682 3225 ,

2097 3244 2309 3313 fratres,
2358 3251 2554 3313 tempus
2601 3244 2745 3298 breve
2790 3254 2860 3299 est
2885 3261 2901 3298 :
2930 3255 3157 3315 superest
3194 3256 3250 3299 ut
3290 3256 3338 3300 et
3390 3248 3476 3317 qui
3504 3249 3686 3302 habent

2094 3348 2275 3385 uxores
2296 3372 2310 3399 ,
2356 3342 2595 3401 tanquam
2627 3352 2726 3389 non
2750 3336 2988 3391 habentes
3008 3337 3144 3401 sint;
3167 3346 3210 3391 et
3237 3339 3325 3405 qui
3344 3346 3514 3392 emunt
3530 3381 3543 3404 ,
3567 3349 3684 3393 tan-

2093 3438 2241 3491 quam
2274 3439 2372 3476 non
2423 3424 2764 3493 possidentes;
2796 3435 2842 3479 et
2884 3426 2971 3495 qui
3012 3428 3266 3497 gaudent,
3297 3438 3535 3498 tanquam
3584 3446 3686 3484 non

2093 3512 2396 3581 gaudentes;
2434 3524 2482 3567 et
2523 3516 2611 3583 qui
2634 3516 2793 3585 ﬂent,
2828 3525 3067 3585 tanquam
3113 3533 3215 3571 non
3254 3519 3467 3588 ﬂentes;
3507 3529 3557 3573 et
3598 3522 3683 3589 qui

2094 3611 2302 3656 utuntur
2346 3603 2439 3656 hoc
2485 3605 2701 3671 sarculo,
2749 3615 2989 3674 tanquam
3041 3621 3141 3660 non
3189 3610 3683 3679 utantur:prtcterit

2093 3693 2223 3745 enim
2253 3693 2419 3763 ﬁgura
2462 3694 2615 3764 hujus
2648 3696 2842 3749 mundi.
2887 3695 3015 3750 Volo
3059 3713 3146 3751 vos
3193 3699 3300 3751 sine
3344 3700 3682 3755 sollicitudine

2092 3798 2199 3836 esse
2236 3781 2282 3851 (I
2310 3782 2428 3837 Cor.
2462 3799 2553 3849 vn,
2592 3783 2809 3848 ωδε).
2855 3784 2991 3853 Quid
3021 3798 3103 3840 est
3125 3827 3137 3851 ,
3185 3786 3300 3841 Noli
3334 3802 3514 3841 amare
3539 3788 3681 3857 quod

2092 3870 2330 3940 possides
2357 3872 2411 3926 in
2452 3874 2550 3928 hoc
2573 3874 2808 3929 szeculo?
2851 3874 2964 3929 Non
2995 3884 3176 3933 teneat
3204 3891 3420 3929 manum
3462 3884 3603 3931 tuam
3635 3876 3677 3945 ³,

2092 3961 2233 4017 unde
2260 3962 2517 4018 tenendus
2543 3974 2625 4018 est
2654 3964 2811 4019 Deus.
2853 3965 2968 4021 Non
3013 3975 3302 4036 occupetur
3325 3982 3475 4022 amor
3521 3978 3674 4033 tuus,

2090 4070 2195 4125 quo
2220 4065 2369 4125 potes
2395 4056 2462 4111 ad
2504 4057 2670 4113 Deum
2715 4058 2970 4127 tendere,
3016 4071 3071 4115 et
3108 4058 3372 4115 inhznrere
3412 4059 3462 4114 ei
3492 4061 3583 4131 qui
3628 4067 3678 4115 te

2089 4148 2309 4203 creavit.

2159 4241 2213 4295 8.
2244 4240 2503 4296 Possessio
2529 4257 2699 4295 rerum
2724 4241 3075 4313 temporalium
3100 4241 3236 4296 unde
3253 4241 3492 4296 innocens
3519 4257 3677 4312 agno-

2088 4330 2265 4386 scitur.
2309 4332 2487 4399 Dicis,
2542 4340 2596 4386 et
2635 4332 2926 4402 respondes
2959 4332 3127 4386 mihi:
3163 4331 3231 4386 Et
3260 4332 3402 4387 Deus
3425 4332 3526 4386 scit
3553 4333 3676 4402 quia

2088 4423 2395 4477 innocenter
2436 4421 2704 4492 possideo.
2729 4422 2976 4477 Tentatio
3010 4422 3217 4491 probat.
3268 4421 3538 4477 Turbatur
3578 4421 3676 4477 tibi

2087 4514 2226 4584 quod
2249 4513 2509 4584 possides,
2533 4523 2587 4569 et
2614 4514 2973 4583 blasphemas.
2997 4513 3154 4570 Modo
3177 4514 3299 4568 talia
3321 4513 3674 4583 patiebamur.

2088 4606 2353 4659 Turbatur
2389 4605 2530 4675 quod
2560 4605 2805 4675 possides
2830 4646 2845 4671 ,
2877 4615 2933 4661 et
2981 4620 3087 4660 non
3118 4605 3372 4661 inveniris
3399 4605 3488 4675 qui
3515 4619 3672 4671 eras,

2086 4707 2141 4753 et
2162 4696 2400 4752 ostendis
2429 4696 2569 4750 aliud
2600 4711 2721 4752 esse
2746 4697 2799 4751 in
2830 4711 2963 4751 voce
2993 4706 3079 4750 tua
3106 4711 3280 4760 nunc,
3310 4704 3367 4750 et
3399 4695 3542 4749 aliud
3566 4695 3675 4765 pri-

2086 4788 2172 4843 die
2200 4789 2254 4843 in
2285 4804 2415 4844 voce
2442 4798 2550 4842 tua.
2580 4789 2755 4858 Atque
2781 4788 2981 4843 utinam
3013 4796 3159 4842 tuum
3190 4787 3273 4841 vel
3297 4802 3416 4842 cum
3437 4787 3673 4843 clamore

2086 4880 2371 4945 defendas,
2403 4889 2582 4935 etnon
2625 4882 2859 4935 alienum
2891 4895 3013 4935 cum
3048 4879 3266 4934 audacia
3296 4894 3553 4948 usurpare
3576 4893 3671 4934 co-

2088 4973 2231 5027 neris
2260 4990 2271 5025 :
2303 4982 2356 5026 et
2398 4971 2540 5042 quod
2587 4972 2737 5042 pejus
2764 4982 2878 5035 est,
2926 4986 2993 5025 ne
3034 4968 3475 5041 reprehendaris,
3530 4968 3671 5037 quod

2088 5064 2318 5119 alienum
2348 5072 2429 5117 est
2454 5073 2599 5118 tuum
2624 5078 2743 5119 esse
2765 5063 2918 5118 dicis.
2944 5062 3049 5118 Sed
3074 5060 3202 5133 quid
3236 5076 3369 5130 opus
3391 5060 3511 5115 est?
3539 5058 3673 5114 Illud

2088 5171 2312 5217 moneo,
2348 5154 2473 5210 illud
2499 5154 2654 5221 dico,
2686 5154 2875 5210 fratres
2896 5195 2909 5217 ,
2953 5164 3007 5208 et
3041 5168 3139 5223 ego
3167 5152 3402 5207 fraterne
3441 5166 3669 5218 moneo;

2089 5247 2229 5303 Deus
2251 5247 2436 5317 jubet,
2465 5257 2520 5303 et
2553 5262 2652 5317 ego
2668 5259 2986 5301 commoneo
3005 5286 3019 5311 ,
3043 5245 3163 5314 quia
3187 5258 3548 5299 eommoneor.
3576 5244 3669 5301 Ille

2112 5485 2121 5493 .
2151 5425 2168 5454 ι
2196 5430 2274 5472 us.
2299 5435 2391 5483 cr.,
2412 5422 2464 5473 ia
2498 5420 2688 5485 vigiliis.
2720 5419 2977 5472 tribulatio
2996 5432 3105 5485 ipsa
3124 5424 3195 5471 est
3215 5418 3499 5472 exercitatio
3520 5418 3667 5481 justiv

2085 5489 2351 5604 misum,
2374 5558 2467 5595 non
2488 5558 2649 5595 servus
2670 5542 2904 5594 avaritiw.
2930 5550 2995 5605 Ms
3012 5556 3081 5592 cr.
3107 5555 3202 5594 non
3222 5542 3391 5603 habet,
3415 5541 3634 5593 avaritia:
3649 5579 3667 5605 ,

2090 5609 2228 5701 cujus
2252 5608 2357 5656 loco
2379 5607 2861 5667 subintelligendutn,
2884 5604 2959 5654 τ’ίί
2978 5616 3097 5655 θυαε.

2197 5679 2254 5701 ιεο
2301 5683 2352 5701 ρι-
2388 5683 2399 5692 ο
2426 5678 2518 5701 Non
2554 5675 2705 5701 hmani
2730 5680 2897 5701 mnnnc
2920 5672 3002 5701 hm
3028 5679 3097 5701 imi

2197 5679 2274 5717 us.
2301 5683 2399 5718 cr.:
2422 5678 2519 5718 Non
2552 5665 2705 5718 twéat
2730 5680 2897 5716 manus
2919 5672 3003 5716 tua
3028 5665 3153 5717 unde
3176 5666 3403 5718 tenendus
3426 5672 3495 5715 est
3522 5674 3664 5715 Deus.

2088 5730 2325 5794 l'allltKllle
2350 5740 2471 5792 post,
2500 5744 2592 5793 quo
2612 5736 2739 5793 potes
2764 5738 2914 5778 Deum
2935 5734 3111 5779 tenere.
