4098 6310
443 274 552 330 695

448 392 614 440 terret
627 399 734 441 me.
745 385 838 456 qui
851 371 1024 440 tacere
1044 398 1148 440 non
1165 384 1307 440 sinit.
1332 383 1407 440 De
1420 396 1506 440 me
1521 383 1683 457 exigit
1696 385 1837 456 quod
1851 373 2023 442 dedit.

445 479 605 535 Dedit
622 480 764 535 enim
785 477 1132 548 erogandum,
1156 493 1258 532 non
1285 476 1691 534 servandum.Si
1705 487 1881 534 autem
1909 492 2025 534 ser-

444 585 671 637 vavero,
715 579 767 627 el
797 569 1156 634 abscondere,
1187 568 1316 623 dicit
1349 568 1477 623 mihi
1503 586 1517 621 :
1548 568 1703 624 Serve
1729 585 1942 639 nequam
1975 576 2023 622 et

443 662 605 734 piger,
622 678 776 731 quare
787 677 886 714 non
904 660 1084 716 dedisti
1103 662 1364 730 pecuniam
1382 663 1750 725 nummulariis,
1768 671 1814 714 et
1834 677 1923 732 ego
1941 678 2021 716 ve-

441 753 584 807 niens
611 767 721 806 cum
739 752 904 806 usuris
923 767 1034 805 eam
1059 753 1306 822 exigerem
1331 752 1486 822 (Luc.
1506 766 1619 818 nx,
1645 751 1772 823 2'5)?
1801 752 1864 805 Et
1893 749 2023 805 mihi

441 843 568 913 quid
600 843 872 913 proderit,
901 844 1022 914 quia
1054 844 1185 900 nihil
1215 845 1417 916 perdidi
1446 861 1509 900 ex
1536 860 1602 900 eo
1636 845 1776 914 quod
1804 844 2022 916 accepi?

438 933 632 989 Parum
657 945 736 989 est
765 935 990 995 Domina
1019 951 1168 1001 meo,
1193 951 1383 990 avarus
1407 940 1490 991 est
1517 954 1529 989 :
1561 935 1654 990 sed
1681 936 1897 990 avaritia
1929 933 2019 989 Dei

440 1025 585 1080 salus
622 1034 802 1078 nostra
832 1034 932 1079 est.
965 1027 1170 1080 Avarus
1192 1036 1308 1090 est,
1351 1041 1596 1081 nummos
1634 1041 1759 1080 suos
1800 1025 2018 1094 quaerit;

437 1115 722 1186 imaginem
746 1120 894 1170 suam
924 1116 1141 1187 colligit.
1161 1117 1341 1185 Dares,
1368 1117 1557 1186 inquit,
1581 1117 1844 1186 pecuniam
1872 1131 2018 1168 num-

436 1207 688 1271 mulariis,
721 1216 767 1260 et
812 1223 906 1278 ego
932 1209 1128 1263 veniens
1178 1225 1293 1262 cum
1336 1209 1506 1263 usuris
1545 1213 1808 1279 exigerem.
1863 1208 1927 1262 Et
1972 1208 2017 1261 si

435 1302 574 1358 forte
599 1303 794 1358 oblivio
836 1303 1065 1368 faceret,
1097 1312 1154 1358 ut
1197 1304 1301 1358 non
1330 1318 1425 1358 vos
1468 1318 1894 1366 commancrem;
1934 1303 2018 1358 vel

436 1394 757 1448 tentatioucs
776 1403 830 1449 et
858 1394 1222 1450 tribulationes
1245 1409 1376 1464 quas
1396 1395 1643 1464 patimur,
1671 1393 2022 1448 admonerent

435 1497 552 1537 vos.
587 1481 746 1538 Certe
773 1483 994 1538 audistis
1015 1484 1236 1538 verbum
1265 1484 1381 1538 Dei.
1415 1482 1735 1538 Benedictus
1763 1482 2019 1538 Dominus

436 1580 494 1628 et
519 1573 686 1643 gloria
717 1574 902 1644 ipsius.
946 1573 1262 1645 Cangregati
1299 1575 1442 1629 enim
1471 1574 1600 1630 estis
1618 1616 1634 1641 ,
1663 1582 1718 1629 et
1742 1573 2019 1644 suspendi-

436 1663 568 1718 mini
598 1664 652 1718 in
678 1664 842 1719 verba
867 1663 1248 1734 dispensatoris
1269 1665 1384 1720 Dei.
1421 1663 1536 1719 Non
1574 1664 1640 1720 ad
1664 1680 1878 1720 carnem
1919 1680 2020 1720 na-

436 1763 604 1808 stram
652 1755 969 1823 attendatis,
1001 1771 1097 1826 per
1141 1771 1299 1826 quam
1348 1756 1498 1811 vobis
1537 1756 1858 1812 exhibetur:
1896 1756 2020 1826 quia

435 1844 735 1899 esurientes
765 1860 869 1899 non
897 1845 1176 1900 attendunt
1200 1845 1266 1900 ad
1291 1845 1547 1900 vilitatem
1572 1846 1771 1901 vasculi
1792 1888 1807 1911 ,
1835 1845 1929 1901 sed
1953 1847 2020 1901 ad

437 1933 749 1990 charitatem
792 1935 916 1990 cibi.
959 1934 1156 1990 Probat
1180 1950 1278 1991 vos
1306 1937 1468 1991 Deus.
1517 1937 1832 2006 Congregati
1857 1935 2018 2002 estis,

435 2024 662 2081 laudatis
689 2026 914 2082 verbum
938 2027 1065 2092 Dei;
1097 2028 1316 2082 [01110110
1355 2027 1598 2096 probabit
1639 2027 1904 2097 quomodo
1929 2041 2022 2080 00-

437 2115 596 2172 diatis
627 2135 642 2170 :
677 2117 937 2172 habebitis
964 2119 1174 2188 negotia
1195 2161 1210 2184 ,
1252 2118 1305 2172 in
1332 2119 1525 2188 quibus
1552 2118 1864 2174 ostendatur
1889 2134 2021 2189 qua-

439 2211 519 2264 les
546 2205 694 2265 estis.
738 2210 871 2281 11010
899 2219 953 2266 et
995 2211 1083 2279 qui
1115 2209 1272 2265 hodie
1311 2211 1611 2266 conviciose
1639 2211 1860 2278 clamat,
1909 2211 2023 2265 heri

440 2301 668 2356 libenter
693 2300 959 2356 audiebat.
1001 2299 1128 2356 Ideo
1176 2315 1511 2370 111-10100000,
1547 2301 1670 2356 ideo
1717 2300 2025 2375 dicatich

439 2407 547 2447 non
577 2401 764 2458 taceo,
791 2389 981 2446 fratres
1013 2391 1138 2456 mei,
1169 2392 1290 2461 quia
1318 2392 1496 2446 veniet
1520 2391 1874 2462 interrogandi
1900 2399 2027 2448 tem-

442 2498 559 2553 pus.
590 2482 991 2538 Dominusenim
1019 2484 1296 2553 interrogat
1311 2483 1511 2552 justum
1532 2491 1578 2536 et
1607 2483 1840 2552 impium.
1870 2481 2028 2538 Certe

442 2576 545 2630 hoe
573 2574 829 2630 eautastis
847 2616 865 2641 ,
905 2582 1050 2628 certe
1079 2573 1239 2630 simul
1279 2574 1610 2629 cantavimus
1639 2573 1925 2628 :Dominus
1945 2575 2027 2628 in-

443 2673 661 2736 terrogat
681 2666 880 2735 justum
906 2674 952 2742 et
981 2665 1212 2735 impium.
1255 2666 1319 2719 Et
1342 2664 1467 2733 quid
1497 2665 1775 2735 sequitur?
1807 2665 1907 2732 Qui
1930 2683 2026 2718 au-

443 2768 540 2811 tem
561 2757 725 2828 diligit
749 2757 1059 2825 iniquitatem
1077 2797 1094 2823 ,
1125 2756 1230 2810 odit
1253 2757 1473 2810 animum
1497 2773 1642 2810 suam
1666 2755 1836 2824 (Psal.
1863 2773 1918 2822 χ,
1949 2758 2026 2828 6).

445 2848 513 2902 Et
541 2847 645 2902 alia
683 2847 800 2901 loco
833 2863 846 2899 :
879 2845 948 2900 In
982 2846 1365 2917 cogitationibus
1403 2847 1548 2917 impii
1571 2847 1894 2918 interrogatio
1936 2850 2030 2904 erit

449 2936 602 3006 (Sap.
625 2953 665 3002 ι,
693 2935 773 3007 9).
809 2936 927 2992 Non
959 2938 1049 2993 ubi
1088 2953 1189 3008 ego
1221 2947 1274 2992 te
1311 2937 1613 3008 interrogo,
1644 2937 1717 2992 ibi
1743 2937 2031 3010 interrogat

445 3027 607 3081 Deus.
651 3027 763 3097 Ego
789 3027 1058 3096 interrogo
1085 3029 1316 3098 linguam
1343 3037 1516 3094 tuam,
1560 3028 1700 3084 Deus
1741 3028 2032 3100 interrogat

445 3116 820 3186 cogitationem
849 3125 1018 3171 tuam.
1044 3116 1200 3172 Novit
1222 3126 1397 3172 autem
1425 3116 1694 3187 quomodo
1718 3118 1931 3186 audias,
1976 3128 2032 3175 et

447 3208 590 3263 novit
613 3206 882 3278 quomodo
905 3208 1112 3278 exigat,
1142 3209 1230 3277 qui
1252 3208 1403 3278 jubet
1432 3217 1490 3263 ut
1515 3208 1658 3264 dem.
1681 3209 2030 3281 Erogatorem

447 3315 534 3355 me
559 3314 679 3355 esse
724 3299 922 3367 voluit,
966 3300 1296 3355 exactionem
1341 3300 1439 3356 sibi
1483 3301 1730 3357 servavit.
1777 3302 2026 3373 Monere,

449 3389 666 3457 docere,
690 3392 959 3461 corripere
987 3400 1225 3446 nostrum
1251 3401 1334 3447 est
1359 3410 1371 3445 :
1412 3393 1618 3450 salvare
1644 3410 1771 3467 vero
1798 3405 2030 3453 010010-

446 3497 600 3549 nare,
617 3491 708 3537 aut
731 3481 987 3538 damnare
1011 3483 1130 3537 etin
1159 3483 1429 3553 gehennas
1454 3483 1684 3552 mittere,
1702 3501 1808 3541 non
1824 3479 1908 3542 est
1929 3503 2030 3542 no-

446 3587 641 3632 strum.
667 3577 840 3632 ⁴1011οι
863 3588 1043 3634 autem
1073 3577 1244 3632 tradet
1271 3577 1533 3643 ministro,
1565 3579 1807 3634 minister
1834 3581 1888 3635 in
1916 3597 2033 3635 car-

446 3682 644 3724 cerem.
675 3669 834 3722 Amen
859 3668 974 3722 dico
1015 3668 1131 3734 tibi,
1172 3683 1272 3722 non
1313 3669 1448 3724 exies
1473 3669 1623 3735 inde,
1668 3669 1826 3726 donec
1867 3672 2032 3727 solvas

447 3759 769 3814 novissimum
793 3759 1127 3830 quadrantem
1156 3758 1368 3831 (Matth.
1395 3775 1450 3828 v,
1479 3759 1568 3828 25,
1593 3761 1709 3835 26).

516 3852 572 3908 9.
615 3852 1062 3924 Quadragenarius
1085 3868 1329 3907 numerus
1365 3853 1420 3907 in
1447 3853 1647 3925 jejunio
1672 3854 1874 3926 Moysi,
1904 3855 2033 3911 Elia:

447 3954 495 3998 et
532 3943 738 3997 Christi.
782 3943 1186 4014 Quadragesima
1222 3951 1338 3996 ante
1388 3942 1610 3998 Pascha.
1659 3945 2034 4018 Quinquaginta

447 4033 555 4086 dies
602 4043 712 4104 post
749 4032 963 4087 Pascha.
993 4033 1297 4089 Redeamus
1324 4050 1452 4105 ergo
1477 4035 1544 4090 ad
1585 4051 1720 4090 rem.
1772 4038 2035 4101 Perfectio

442 4123 663 4189 justitiae
707 4123 1128 4194 quadragenario
1182 4140 1406 4180 numera
1435 4125 1849 4182 demonstratur.
1897 4129 2032 4196 Quid

448 4221 533 4267 est
554 4211 1028 4283 quadragenarium
1054 4229 1332 4270 numerum
1359 4216 1622 4285 implere?
1663 4217 1948 4275 Continere
1977 4236 2034 4276 se

447 4303 516 4358 ab
538 4317 721 4358 amore
749 4303 904 4373 hujus
933 4307 1132 4361 smculi.
1160 4305 1497 4362 Continentia
1527 4323 1558 4363 a
1588 4309 1746 4365 rebus
1777 4319 2034 4382 tempora-

447 4396 590 4451 libus
609 4437 626 4462 ,
653 4412 720 4452 110
748 4398 1048 4466 perniciose
1097 4408 1374 4466 amentur,
1405 4401 1553 4469 quasi
1580 4402 1942 4472 jejunare'est
1966 4407 2035 4460 ab

390 4481 392 4483 ’
447 4485 552 4542 isto
579 4487 794 4542 szeculo.
820 4486 944 4543 ldeo
975 4488 1230 4544 Dominus
1255 4489 1600 4561 quadraginta
1626 4491 1812 4548 diebus
1826 4494 2035 4564 jejuna-

446 4577 524 4632 vit
561 4576 675 4649 (Id.
695 4593 772 4642 1v,
802 4577 882 4650 2),
905 4587 958 4633 et
982 4579 1188 4650 Moyses
1217 4579 1410 4651 (Exod.
1441 4597 1624 4647 xxxiv,
1655 4583 1748 4655 28)
1768 4625 1784 4650 ,
1812 4595 1864 4640 et
1892 4587 2034 4642 Elius

448 4667 540 4739 (111
565 4669 695 4740 Reg.
723 4686 833 4735 11111,
866 4669 942 4742 8).
964 4670 1065 4738 Qui
1089 4685 1218 4742 ergo
1245 4671 1392 4727 dedit
1417 4676 1588 4728 servis
1606 4674 1850 4744 jejunare
1876 4692 2033 4747 posse

447 4758 790 4830 quadraginta
828 4760 1048 4828 diebus,
1080 4776 1183 4818 non
1219 4763 1392 4834 potuit
1415 4766 1682 4836 octoginta
1707 4769 1792 4823 vel
1819 4779 2031 4827 centum

443 4851 722 4921 jejunare?
746 4851 921 4920 Quare
946 4854 1116 4909 noluit
1139 4855 1369 4926 amplius
1395 4872 1554 4928 quam
1580 4858 1803 4916 dederat
1824 4864 1992 4918 servis
2016 4907 2030 4929 ,

447 4944 551 5000 nisi
595 4944 716 5014 quia
764 4945 816 4999 in
842 4946 959 5015 ipsa
983 4945 1405 5018 quadragenario
1442 4965 1667 5006 numero
1709 4962 1792 5008 est
1836 4964 2038 5025 myste-

444 5038 585 5092 rium
621 5037 806 5108 jejunii
825 5079 842 5106 ,
870 5039 1144 5096 continere
1173 5040 1242 5095 ab
1271 5040 1633 5099 isto'smculo?
1657 5045 1795 5111 Quid
1821 5056 1905 5103 est
1933 5048 2034 5105 hac

445 5129 664 5184 dicere?
701 5129 853 5197 Quod
881 5129 956 5184 ait
983 5131 1270 5200 Apostolus
1299 5148 1312 5184 :
1343 5132 1571 5188 Mundus
1610 5137 1733 5190 mihi
1761 5140 2034 5208 cruci/iam

444 5228 546 5286 est,
575 5229 625 5275 et
647 5236 739 5291 ego
758 5221 947 5275 mundo
968 5220 1163 5292 (Galat.
1191 5238 1268 5288 γι,
1298 5221 1410 5294 14).
1438 5223 1554 5292 lpse
1580 5239 1708 5296 ergo
1734 5226 1919 5296 implet
1936 5244 2033 5282 nu-

445 5325 651 5365 merum
693 5311 1189 5382 quadragenarium.
1224 5313 1292 5367 Et
1317 5313 1444 5382 quid
1485 5316 1718 5372 ostendit
1742 5312 2032 5374 Dominus?

445 5399 578 5466 Quia
611 5401 712 5455 hoc
732 5401 943 5472 Moyses
968 5403 1120 5469 fecit,
1155 5403 1258 5459 hoc
1278 5404 1421 5460 Elias
1447 5447 1462 5472 ,
1503 5405 1606 5462 hoc
1631 5407 1902 5474 Christus,
1932 5410 2033 5466 hoc

444 5501 499 5546 et
524 5492 632 5547 Lex
650 5533 667 5557 ,
704 5491 806 5548 1100
835 5503 887 5549 01
917 5494 1194 5564 Propheta:
1212 5535 1230 5562 ,
1257 5495 1360 5551 hoc
1383 5507 1436 5552 et
1459 5497 1802 5568 Evangelium
1831 5501 1979 5557 docet
2017 5521 2028 5556 :

445 5595 511 5636 ne
535 5582 674 5636 aliud
698 5584 851 5652 putes
881 5599 1000 5640 esse
1027 5586 1078 5639 in
1107 5585 1248 5657 Lege
1269 5627 1284 5653 ,
1315 5587 1455 5642 aliud
1482 5589 1534 5642 in
1563 5589 1861 5659 Prophetis,
1889 5593 2030 5648 aliud

443 5675 494 5728 in
527 5675 832 5747 Evangelia.
865 5678 1063 5735 Omnes
1087 5678 1374 5752 Scriptum
1403 5682 1535 5738 nihil
1558 5691 1608 5740 te
1638 5683 1777 5741 aliud
1802 5684 1991 5743 docent
2016 5729 2027 5751 ,

1681 267 1739 327 S.
1782 267 2138 327 AL‘GUSTINI
2180 272 2474 332 EPISCOPI

2133 386 2236 442 nisi
2263 391 2640 445 continentiam
2663 391 2730 447 ab
2747 407 2930 450 amore
2949 395 3128 452 saeculi
3146 437 3162 463 ,
3190 403 3249 452 111
3275 412 3427 455 amor
3450 409 3567 457 tuus
3589 419 3708 460 eur-

2129 486 2212 531 rat
2242 478 2294 532 in
2325 479 2510 533 Deum.
2544 479 2824 551 Figuratur
2842 484 2962 552 quia
2984 483 3086 539 hoc
3113 486 3269 542 docet
3309 489 3415 544 Lex
3433 530 3450 557 ,
3475 492 3705 561 quadra-

2127 568 2270 636 ginta
2291 569 2478 624 diebus
2501 571 2758 640 jejunavit
2785 574 3010 646 Moyses.
3038 576 3320 652 Figuratur
3338 581 3459 650 quia
3489 583 3590 638 hoc
3614 584 3710 640 do-

2127 669 2249 714 cent
2295 660 2608 732 Prophetas,
2649 665 2995 735 quadraginta
3021 667 3209 724 diebus
3241 671 3499 740 jejunavit
3541 675 3703 732 Elias.

2126 750 2553 822 Figuratur‘quia
2599 753 2700 809 hoc
2741 755 2897 810 docet
2943 757 3322 829 Evangelium,
3361 764 3707 835 quadraginta

2125 839 2312 897 diebus
2336 842 2592 911 jejunavit
2623 845 2895 900 Dominus.
2934 847 3058 904 Ideo
3081 858 3135 904 et
3162 852 3212 904 in
3252 861 3430 908 11101110
3473 855 3569 925 ipsi
3599 864 3708 912 tres

2125 943 2508 1000 apparuerunt,
2558 935 2809 990 Dominus
2846 937 2898 989 in
2946 939 3154 1004 medio,
3182 940 3388 1012 Moyses
3431 952 3484 997 et
3511 944 3653 998 Elias
3676 961 3707 1000 a

2126 1021 2412 1077 lateribus.
2443 1023 2655 1091 Quare?
2683 1024 2811 1092 Quia
2853 1026 3024 1095 ipsum
3072 1029 3412 1099 Evangelium
3464 1035 3708 1088 testimo-

2124 1111 2269 1166 nium
2297 1113 2459 1168 habet
2477 1130 2506 1168 a
2537 1115 2678 1185 Lege
2701 1125 2752 1170 et
2773 1116 3053 1186 Prophetis
3080 1117 3253 1190 (Rom.
3278 1136 3355 1185 111,
3385 1121 3499 1190 2|).
3531 1122 3710 1189 Quare

2124 1212 2298 1258 autem
2346 1205 2396 1258 in
2434 1207 2852 1275 quadragenaria
2893 1224 3115 1262 numero
3143 1221 3225 1264 est
3252 1210 3506 1278 perfectio
3547 1214 3707 1281 justi-

2125 1294 2244 1348 tite?
2274 1295 2330 1348 111
2361 1295 2619 1351 Psallerio
2639 1297 2836 1351 dictum
2863 1309 2943 1352 est
2969 1316 2982 1351 :
3018 1297 3187 1365 Deus,
3225 1302 3480 1354 canticum
3524 1319 3708 1355 novum

2125 1385 2333 1437 cantabo
2379 1385 2501 1450 tibi;
2547 1387 2600 1439 in
2652 1386 2889 1455 psalterio
2932 1388 3098 1442 decem
3142 1390 3445 1443 chordarum
3493 1393 3708 1462 psallam

2125 1473 2213 1526 tibi
2247 1473 2410 1545 (Psal.
2443 1491 2623 1538 cxun,
2657 1476 2732 1548 9).
2763 1477 2914 1543 Quod
2948 1479 3210 1548 signiticat
3232 1479 3416 1534 decem
3448 1492 3707 1551 praecepta

2124 1567 2279 1637 Legis
2298 1609 2313 1632 ,
2361 1583 2520 1637 quam
2548 1569 2801 1624 Dominus
2827 1585 2932 1624 non
2960 1571 3106 1624 venit
3134 1571 3345 1626 solvere
3368 1613 3382 1636 ,
3413 1573 3506 1627 sed
3536 1573 3708 1626 adim-

2125 1658 2291 1726 plere.
2323 1658 2435 1728 Ipsa
2465 1670 2642 1714 autem
2670 1659 2778 1714 Lex
2805 1675 2900 1730 per
2937 1661 3121 1716 orbem
3153 1671 3444 1725 terrarum,
3484 1672 3710 1733 quatuor

2123 1749 2342 1818 angulos
2367 1749 2563 1805 habere
2589 1759 2833 1818 constat,
2862 1751 3126 1806 orientem
3148 1794 3164 1818 ,
3205 1752 3533 1807 occidentem
3554 1795 3568 1817 ,
3596 1769 3708 1810 me-

2124 1839 2417 1907 ridianum,
2458 1849 2512 1896 et
2536 1842 2869 1911 aquilonem,
2910 1844 3048 1897 sicut
3075 1841 3203 1897 dicit
3238 1841 3530 1912 Scriptura.
3558 1842 3710 1898 Unde

2125 1942 2180 1988 et
2205 1947 2328 1999 vas,
2357 1933 2497 2003 quod
2525 1933 2771 2004 portabat
2800 1933 3020 2004 figurata
3041 1933 3221 2007 omnia
3248 1934 3523 2000 animalia,
3568 1935 3710 2003 quod

2125 2023 2544 2091 demonstratum
2566 2033 2648 2079 est
2685 2024 2873 2090 Petro,
2907 2023 3118 2094 quando
3135 2023 3343 2100 dictum.
3362 2033 3474 2091 est,
3503 2023 3708 2090 Macta,

2126 2123 2174 2167 et
2201 2114 2450 2168 manduca
2475 2113 2608 2187 (Act.
2640 2131 2693 2181 ι,
2737 2116 2953 2186 11-15),
2996 2123 3054 2170 01
3081 2113 3488 2170 ostenderentur
3512 2114 3710 2170 Gentes

2127 2203 2407 2259 crediturae
2429 2213 2481 2259 et
2506 2203 2779 2260 intratum
2808 2208 2861 2262 in
2888 2220 3082 2274 corpus
3101 2205 3376 2273 Ecclesia),
3406 2205 3544 2260 sicut
3568 2207 3708 2276 quod

2129 2296 2508 2351 manducamus
2528 2297 2580 2351 in
2600 2311 2794 2366 corpus
2815 2305 3052 2351 nostrum
3082 2298 3271 2363 intrat,
3305 2307 3532 2367 quatuor
3559 2298 3714 2353 lineis

2129 2387 2405 2442 dimissum
2427 2395 2510 2442 est
2535 2388 2604 2443 de
2627 2388 2764 2444 011110
2797 2387 2947 2458 (ipsa:
2971 2397 3097 2444 sunt
3123 2399 3348 2459 quatuor
3369 2398 3548 2460 partes
3568 2389 3715 2444 orbis

2131 2476 2436 2547 terrarum),
2483 2486 2650 2532 totum
2688 2479 2874 2532 orbem
2917 2478 3243 2533 crediturum
3272 2478 3523 2534 ostendit.
3573 2479 3714 2549 Ergo

2131 2566 2184 2619 in
2237 2565 2655 2636 quadragenario
2697 2581 2919 2621 numero
2948 2567 3271 2621 continentia
3316 2581 3348 2621 a
3377 2567 3578 2622 saeculo
3608 2577 3708 2622 est.

2132 2657 2256 2733 11ωο
2283 2666 2366 2713 051
2390 2657 2546 2728 chis
2569 2658 2840 2728 plenitudo
2869 2677 2880 2710 :
2913 2657 3067 2727 Legis
3093 2666 3268 2714 autem
3294 2657 3565 2727 plenitudo
3589 2657 3717 2713 cha-

2131 2751 2280 2806 ritas.
2331 2750 2456 2806 Ideo
2484 2760 2607 2806 ante
2644 2751 2843 2806 Pascha
2891 2751 3235 2822 quadraginta
3276 2752 3466 2809 diebus
3502 2753 3717 2823 jejunae

2132 2860 2270 2900 mus.
2298 2844 2516 2915 Signum
2538 2845 2679 2900 enim
2703 2853 2788 2900 est
2810 2855 2934 2900 ante
2965 2846 3163 2902 Pascha
3188 2848 3307 2902 vita:
3334 2847 3491 2916 hujus
3520 2856 3717 2903 nostra:

2133 2936 2443 3003 laboriosae,
2476 2935 2564 2991 ubi
2593 2937 2646 2991 in
2672 2936 2938 2992 laboribus
2963 2946 3016 2993 et
3043 2939 3296 2994 0110011115
3316 2980 3330 3005 ,
3362 2940 3716 2996 0100011000-

2133 3029 2204 3082 tia
2234 3029 2513 3098 implemus
2539 3028 2753 3098 Legem.
2782 3028 2910 3084 Post
2945 3029 3148 3084 Pascha
3176 3039 3354 3084 autem
3375 3072 3388 3095 ,
3420 3030 3470 3085 id
3499 3039 3598 3095 est,
3626 3045 3715 3086 re—
3765 3025 3770 3030 ’

2133 3117 2477 3173 501100110015
2529 3117 2737 3172 Domini
2789 3117 2908 3173 dies
2952 3118 3314 3183 celebramus,
3360 3119 3718 3189 signiﬁcantes

2131 3209 2573 3264 resurrectionem
2605 3218 2859 3264 nostram.
2888 3209 3012 3264 Ideo
3031 3210 3415 3292 quinquaginta
3437 3209 3552 3265 dies
3576 3211 3716 3266 cele-

2131 3298 2355 3354 brantur
2385 3317 2398 3353 :
2431 3299 2552 3370 quia
2581 3299 2783 3354 denarii
2810 3315 3015 3355 merces
3035 3297 3253 3354 'additur
3273 3301 3716 3372 quadragenario,

2133 3395 2187 3443 et
2233 3388 2291 3442 lit
2331 3389 2832 3459 quinquagenarius.
2879 3390 3157 3458 Quomodo
3198 3399 3282 3446 est
3319 3407 3527 3447 merces
3553 3392 3716 3448 dena-

2133 3479 2283 3534 rius?
2310 3479 2437 3535 Non‘
2455 3480 2657 3550 legistis
2671 3481 2802 3558 quia
2827 3483 2916 3552 qui
2947 3482 3012 3536 ad
3043 3483 3250 3560 vineam
3286 3484 3530 3540 conducti
3557 3494 3713 3550 sunt,

2133 3574 2247 3629 sive
2274 3573 2346 3627 illi
2371 3573 2460 3644 qui
2487 3574 2684 3643 prima,
2714 3574 2826 3630 sive
2844 3574 2933 3644 qui
2958 3584 3108 3630 sexta
3134 3616 3148 3640 ,
3179 3573 3290 3630 sive
3312 3577 3400 3645 qui
3433 3577 3715 3630 novissima

2135 3665 2266 3722 hara
2285 3707 2303 3734 ,
2350 3681 2456 3721 non
2485 3675 2768 3736 patuerunt
2794 3665 3036 3736 accipere
3062 3666 3160 3721 nisi
3188 3665 3462 3721 denarium
3490 3656 3713 3740 (Matth.

2135 3774 2225 3824 xx,
2263 3758 2430 3828 1-10).
2464 3759 2692 3814 iustitia:
2733 3767 2929 3814 11051100
2955 3773 3074 3813 011111
3119 3759 3296 3833 addita
3327 3759 3484 3815 fuerit
3514 3775 3717 3816 merces

2134 3850 2285 3921 ejus,
2317 3851 2369 3905 in
2400 3850 2849 3922 quinquagenaria
2869 3850 3086 3905 01111105.
3128 3850 3244 3905 Jam
3270 3857 3396 3905 tunc
3421 3865 3526 3904 non
3566 3851 3717 3905 nobis

2138 3943 2345 3998 vacabit
2375 3943 2474 3997 nisi
2507 3943 2723 3999 laudare
2764 3943 2952 4016 Deum.
2998 3941 3123 3998 Idea
3149 3959 3243 4013 per
3287 3943 3407 3996 illos
3435 3943 3551 3999 dies
3577 3945 3718 3998 Alle-

2136 4033 2241 4087 luia
2271 4033 2515 4087 dicimus.
2549 4033 2773 4087 Alleluia
2801 4033 2942 4086 enim
2971 4033 3088 4086 laus
3115 4033 3208 4087 Dei
3247 4041 3349 4088 est.
3382 4032 3438 4087 lu
3471 4034 3569 4088 ista
3608 4033 3716 4088 fra-

2134 4129 2334 4199 gilitate
2375 4128 2714 4182 mortalitatis
2735 4167 2751 4192 ,
2775 4128 2827 4181 in
2859 4128 2962 4181 ista
2985 4127 3400 4198 quadragenario
3435 4127 3550 4193 hic,
3578 4127 3720 4182 velut

2136 4228 2260 4275 ante
2288 4220 2762 4284 resurrectionem,
2818 4233 3095 4288 gemamus
3144 4218 3196 4272 111
3247 4219 3613 4284 orationibus,
3661 4228 3721 4272 ut

2137 4319 2261 4365 tunc
2287 4309 2561 4364 laudemus
2590 4311 2628 4362 ί.
2671 4308 2827 4363 Modo
2857 4318 3068 4378 tempus
3095 4317 3176 4364 est
3197 4309 3531 4364 desiderandi
3553 4351 3567 4375 ,
3593 4317 3721 4364 tunc

2137 4409 2344 4472 tempus
2369 4401 2470 4454 0111
2508 4399 2859 4469 amplectendi
2887 4409 2941 4454 et
2984 4400 3210 4454 fruendi.
3251 4400 3362 4455 Non
3407 4401 3721 4457 deficiamus

2137 4491 2189 4546 in
2219 4500 2454 4559 tempore
2480 4491 2898 4561 quadragenario
2917 4531 2933 4558 ,
2966 4497 3022 4543 ut
3049 4489 3374 4562 gaudeamus
3403 4491 3453 4545 in
3481 4501 3721 4562 tempore

2136 4581 2602 4651 quinquagenaria.

2209 4673 2296 4726 10.
2337 4671 2446 4726 Lex
2469 4689 2570 4726 non
2599 4673 2833 4744 impletur
2857 4671 2965 4725 sine
2981 4672 3242 4726 charitate.
3275 4671 3403 4740 Quis
3429 4680 3513 4727 cst
3536 4680 3716 4727 autem

2135 4763 2224 4832 qui
2263 4762 2447 4831 implet
2471 4762 2662 4832 Legem
2685 4803 2700 4826 ,
2727 4762 2828 4816 nisi
2856 4762 2946 4831 qui
2976 4762 3216 4817 habuerit
3235 4763 3587 4818 charitatem?
3634 4765 3722 4832 Ine

2137 4862 2345 4922 terroga
2392 4853 2742 4922 Apastolum:
2776 4851 3050 4906 Plenitudo
3099 4853 3249 4924 Legis
3276 4855 3498 4909 charitas
3543 4854 3717 4926 (Rom.

2137 4959 2253 5009 xm,
2285 4942 2396 5012 10).
2430 4942 2608 4997 Omnis
2636 4943 2766 4996 enim
2804 4941 2911 4996 Lex
2929 4943 2980 4996 in
3008 4959 3110 4996 uno
3135 4960 3361 4997 sermone
3385 4945 3592 5013 impleta
3613 4954 3718 5010 est,

2136 5034 2189 5086 in
2213 5019 2271 5088 eo
2295 5033 2430 5104 quod
2452 5034 2693 5103 scriptum
2717 5043 2821 5098 est,
2852 5031 3045 5104 Diliges
3089 5033 3370 5102 proximum
3414 5043 3559 5088 tuum
3609 5044 3722 5088 tan-

2135 5141 2287 5204 quam
2315 5111 2362 5179 te
2386 5125 2555 5194 ipsum
2584 5123 2778 5192 (Galat.
2807 5140 2860 5188 v,
2892 5125 3006 5191 M).
3037 5121 3143 5179 Sed
3191 5132 3513 5193 praeceptum
3543 5124 3720 5180 chari-

2137 5220 2258 5274 tatis
2281 5218 2549 5288 geminum
2578 5226 2675 5285 est
2700 5237 2712 5272 :
2743 5217 2938 5290 Diliges
2967 5205 3244 5274 Dominum
3290 5219 3450 5275 Deum
3478 5229 3621 5275 tuum
3658 5236 3723 5276 ea:

2137 5319 2239 5364 toto
2263 5310 2414 5364 corde
2438 5319 2524 5364 tuo
2543 5351 2558 5377 ,
2599 5319 2649 5364 et
2677 5325 2739 5363 ea:
2779 5319 2883 5363 tota
2907 5310 3079 5363 anima
3103 5298 3225 5377 tua,
3257 5320 3304 5363 et
3329 5327 3394 5365 ex
3428 5321 3534 5366 tota
3559 5321 3721 5365 mente

2135 5411 2240 5456 tua.
2277 5401 2388 5455 Hoc
2416 5411 2720 5472 prazceptum
2746 5417 2986 5471 magnum
3008 5410 3100 5455 est.
3127 5399 3354 5455 Alterum
3378 5402 3496 5455 huic
3517 5401 3682 5457 simile
3698 5416 3720 5456 :

2135 5489 2331 5558 Diliges
2384 5492 2668 5561 proximum
2715 5499 2856 5544 tuum
2907 5499 3144 5560 tanquam
3181 5497 3228 5544 te
3276 5491 3463 5560 ipsum.
3511 5491 3718 5546 Domini

2136 5584 2299 5638 verba
2325 5592 2448 5639 sunt
2473 5583 2527 5638 111
2559 5582 2846 5652 Evangelia
2875 5601 2888 5638 :
2922 5581 2984 5636 In
3017 5583 3094 5638 his
3116 5580 3310 5636 duobus
3331 5584 3592 5653 praxeptis
3613 5591 3720 5638 tota

2207 5698 2219 5727 ⁸
2248 5702 2326 5745 Ms.
2355 5709 2444 5756 cr.,
2470 5701 2518 5745 ut
2542 5699 2651 5744 tunc
2675 5693 2941 5756 laudemus,
2967 5707 3076 5745 cum
3099 5692 3373 5746 viderimus.
