2049 3155
195 132 247 162 697

194 193 248 220 Le:
261 191 353 227 pendet
363 195 385 218 et
398 189 533 226 l’rophelw
546 188 652 224 (Matth.
666 195 733 221 χιιι,
746 186 853 224 57-40).
870 186 933 215 Sine
947 187 986 214 di-

193 240 309 268 lectione
318 237 423 273 gemina
436 236 489 263 Lex
502 234 605 270 impleri
619 241 671 261 non
683 237 780 268 potest.
789 231 920 267 Quamdiu
932 239 985 259 non

193 285 317 320 impletur
327 283 393 316 Lex,
409 281 548 310 inﬁrmitas
558 283 607 308 est.
621 279 684 307 ldeo
693 278 747 306 duo
760 278 848 305 minus
861 277 984 308 habebat,

191 331 238 366 qui
254 330 359 365 triginta
374 332 435 356 octo
448 334 532 354 annos
544 325 666 353 inﬁrmus
686 328 753 352 erat.
767 322 835 358 Quid
855 327 910 356 est,
932 322 986 350 duo

192 377 281 404 minus
306 373 440 402 habebat?
465 372 521 399 Duo
542 374 675 405 praecepta
699 369 744 397 illa
768 376 823 396 non
846 367 983 403 implebat.

191 421 259 456 Quid
273 420 382 456 prodest
395 419 456 454 quia
479 422 576 445 cetera
598 415 756 450 implentur,
772 414 794 442 si
810 413 853 441 illa
866 420 919 440 non
932 413 984 440 im—

191 467 314 504 plentur?
328 465 446 501 Triginta
459 467 519 491 octo
532 462 634 490 habes?
647 462 669 488 si
684 461 727 488 illa
741 460 794 487 duo
813 467 866 487 non
882 458 984 504 habue-

189 514 244 548 ris,
269 517 366 541 caztera
386 510 452 538 nihil
473 509 519 537 tibi
542 507 697 544 proderunt.
720 506 804 533 Minus
819 504 901 532 habes
911 503 982 536 duo,

189 562 247 588 sine
259 559 354 595 quibus
365 557 431 585 nihil
441 556 547 583 valeant
560 559 657 582 cwtera
666 574 673 586 ,
688 553 710 580 si
724 559 778 579 non
793 550 916 578 habueris
930 549 989 577 duo‘

189 609 336 641 praecepta,
352 610 412 638 qua:
430 601 578 637 perducunt
589 598 623 627 ad
642 598 764 625 salutem.
781 596 812 624 Si
832 595 923 631 linguis
937 595 984 621 ho-

189 652 286 679 minum
300 650 389 684 loquar
402 652 426 676 et
439 647 607 683 Angelorum,
621 644 770 672 cltaritatem
782 649 864 670 autem
879 650 929 669 non
940 641 983 668 has

188 697 277 730 beam,
297 695 379 731 [actus
392 702 447 721 sum
466 696 630 719 atramentum
651 697 760 723 sonans,
782 692 825 715 aut
840 687 982 723 cymbalum

188 742 306 770 tinniens.
322 740 357 767 Et
369 740 392 768 si
403 740 482 766 sciero
495 738 580 765 omnia
592 740 749 764 sacramenta
758 739 780 762 et
795 741 892 762 onmem
902 732 982 760 scien-

187 790 263 822 tiam,
285 792 310 816 et
322 788 344 814 si
361 786 470 813 habuero
483 792 582 812 omnem
596 782 687 817 ﬁdem,
701 782 737 808 ita
749 785 776 808 ut
794 784 889 807 montes
899 783 982 806 trans-

186 834 268 869 feram
279 842 288 867 ;
299 833 446 859 clmritalem
456 834 540 857 autem
552 837 603 856 non
613 828 735 860 habeam,
755 826 819 853 nihil
831 833 897 853 sum.
912 823 946 851 Et
959 823 981 850 si

186 868 338 907 distribuere
355 868 452 905 omnem
473 876 638 904 substantiam
658 882 757 908 meam,
781 872 839 900 etsi
853 871 980 898 tradidero

185 934 277 961 corpus
291 932 374 952 meum
397 928 424 950 ut
442 923 563 954 ardeam,-
579 921 725 948 charitatem
750 922 835 945 autem
860 925 910 944 non
932 917 979 943 ha-

184 971 266 1003 beam,
276 969 341 997 nihil
351 969 412 996 mihi
421 968 520 1003 prodest
528 967 548 1003 (Ι
556 967 615 994 Cor.
625 974 684 999 xm,
692 966 704 992 l
711 965 751 1000 —3)
758 984 764 991 .
773 962 979 999 Apostoliverba

183 1021 255 1044 sunt.
272 1015 315 1042 llla
329 1021 393 1049 ergo
406 1013 495 1041 omnia
514 1020 574 1047 quae
598 1011 676 1044 dixit,
693 1010 769 1046 quasi
793 1009 898 1044 triginta
918 1012 979 1035 octo

182 1061 245 1089 anni
259 1065 320 1089 sunt
337 1070 343 1087 :
363 1059 410 1087 sed
425 1059 485 1093 quia
500 1058 615 1084 Charitas
630 1057 663 1084 ibi
676 1065 727 1083 non
741 1060 798 1083 erat
808 1075 814 1086 ,
838 1053 979 1094 inﬁrmitas
996 1078 1003 1085 ,

182 1111 249 1134 erat.
271 1105 335 1140 Quis
350 1112 413 1140 ergo
428 1104 461 1131 ab
475 1104 524 1130 ista
548 1103 700 1129 inﬁrmitate
715 1102 834 1133 sanabit,
859 1100 910 1128 nisi
933 1096 978 1134 qul

181 1151 255 1179 venit
268 1151 333 1178 dare
347 1148 522 1177 charitatem?
539 1148 690 1175 Mandatum
702 1155 791 1174 novum
806 1147 838 1173 do
849 1145 916 1173 vobis
925 1166 932 1176 ,
949 1144 979 1170 ul

181 1206 225 1226 vos
234 1198 341 1225 invicem
353 1196 465 1232 diligatis
477 1195 567 1230 (Joan.
578 1203 634 1227 xui,
646 1195 704 1229 54).
714 1195 747 1222 Et
757 1194 818 1229 quia
830 1193 901 1220 venit
914 1191 978 1219 dare

181 1244 356 1277 cbaritatem,
372 1248 398 1271 et
414 1242 529 1270 charitas
539 1242 644 1277 perﬁcit
658 1241 773 1276 Legem;
789 1240 884 1267 merito
898 1239 976 1272 dixit,

181 1289 245 1317 Non
258 1290 314 1317 veni
327 1289 419 1324 Legam
432 1288 541 1320 salvere,
566 1287 610 1314 sed
632 1286 736 1321 implere
751 1285 864 1321 (Matth.
879 1292 905 1316 v,
920 1284 974 1320 17).

181 1335 291 1364 Sanavit
317 1340 463 1370 aagrotum,
489 1337 516 1360 et
538 1332 608 1360 dixit
624 1332 660 1359 illi
682 1336 711 1358 ut
732 1330 813 1358 ferret
837 1330 975 1366 grabatum

182 1388 277 1413 suum,
300 1385 329 1407 et
351 1380 402 1407 iret
416 1379 443 1406 in
466 1379 574 1406 domum
589 1385 675 1405 suam.
692 1377 747 1405 lloc
768 1380 795 1404 et
810 1376 973 1411 paralytico,

181 1434 262 1462 quem
277 1425 396 1458 sanavit,
420 1424 487 1452 dixit
510 1423 604 1458 (Marc.
630 1431 659 1455 ιι,
676 1422 732 1457 ll).
753 1421 821 1455 Quid
841 1425 882 1449 est
904 1420 975 1449 ferre

179 1471 319 1507 grabatum
343 1470 482 1498 nostrum?
498 1469 666 1504 Voluptatem
678 1467 767 1495 carnis
788 1470 897 1494 nostra).
922 1466 974 1494 Ubi

178 1517 277 1545 inﬁrmi
290 1517 423 1552 iacemus,
449 1515 525 1551 quasi
536 1515 622 1543 lectus
634 1519 724 1542 noster
734 1518 785 1541 est.
804 1512 856 1541 Sed
870 1513 914 1547 qui
928 1519 973 1539 sa-

178 1563 234 1590 nati
250 1563 363 1595 fuerint,
392 1562 529 1589 continent
540 1564 568 1588 et
581 1559 668 1587 ferunt
690 1566 767 1592 eam,
793 1566 848 1586 non
867 1558 901 1585 ab
916 1557 972 1592 ipsa

177 1617 259 1637 carne
272 1609 450 1637 continentur.
474 1607 545 1642 Ergo
568 1614 649 1634 sanus
672 1605 779 1633 contine
802 1604 971 1640 fragilitatem

165 1657 266 1684 'carnis
282 1660 350 1688 ture,
377 1660 404 1682 ut
429 1654 505 1689 signo
519 1652 721 1688 quadragenarii
743 1651 837 1686 jejunii
860 1650 894 1678 ab
920 1650 971 1677 isto

176 1702 294 1733 satculo,
322 1700 433 1735 impleas
447 1698 684 1735 quadragenarium
696 1704 834 1724 numerum
845 1717 853 1730 ,
872 1695 915 1730 qui
933 1694 970 1731 (α)

175 1747 280 1774 sanavit
293 1746 368 1774 illum
384 1750 522 1781 aegrotum,
536 1744 582 1779 qui
597 1751 649 1771 non
662 1743 734 1771 venit
744 1742 841 1777 Legem
855 1742 968 1775 solvere,

174 1792 223 1820 sed
236 1792 355 1827 implere.
540 1802 543 1804 -

211 1838 256 1866 Η.
278 1837 439 1873 Temporalia
451 1837 536 1863 animo
553 1834 709 1862 dimittenda.
726 1833 840 1860 Tentatio
854 1833 967 1868 plerum-

173 1892 222 1917 que
241 1888 396 1918 peccatorcm
416 1890 467 1909 non
489 1881 560 1916 facit,
574 1881 618 1908 sed
635 1880 727 1915 prodit.
743 1879 799 1906 Hoc
812 1878 913 1911 audito,
927 1878 968 1905 di-

173 1929 253 1964 rigite
269 1936 317 1956 cor
330 1932 448 1956 vestrum
467 1927 495 1954 in
510 1927 604 1954 Deum.
615 1925 702 1953 Nolite
714 1932 762 1952 vos
776 1924 878 1951 fallere.
894 1924 969 1950 Tunc

174 1983 221 2003 vos
236 1975 408 2009 interrogate,
424 1972 530 2008 quando
544 1972 612 2000 bene
625 1975 667 1999 est
681 1970 708 1998 in
719 1970 832 2002 smculo;
846 1974 908 1997 tunc
921 1976 968 1996 vos

172 2022 347 2056 interrogate,
361 2021 385 2047 si
399 2019 494 2047 amatis
508 2019 579 2046 hunc
593 2017 732 2050 mundum,
743 2022 788 2043 aut
798 2016 820 2044 si
831 2024 883 2043 non
894 2023 968 2043 ama-

173 2067 208 2095 tis
219 2076 227 2100 ;
239 2067 334 2094 discite
345 2066 489 2099 dimittere,
502 2069 643 2099 antequam
656 2063 834 2091 dimittamini.
842 2062 917 2096 ‘Quid
927 2066 968 2089 cst

171 2112 323 2141 dimittere?
336 2112 432 2139 Animo
448 2118 499 2138 non
515 2118 615 2137 amare.
632 2109 697 2137 Cum
711 2109 798 2136 adhuc
818 2113 904 2136 tecum
925 2111 967 2135 est

173 2158 245 2194 quod
260 2158 407 2185 amissurus
426 2164 467 2189 es,
478 2160 524 2184 aut
538 2156 622 2187 vivus,
644 2158 690 2182 aut
711 2154 830 2181 moriens
845 2153 908 2180 illud
923 2153 965 2180 di-

169 2204 268 2237 mittis,
289 2211 343 2231 non
368 2207 456 2239 potest
480 2206 568 2230 tecum
590 2209 651 2229 esse
676 2208 783 2235 semper
798 2209 805 2227 :
819 2207 879 2228 cum
901 2207 965 2234 ergo

172 2251 261 2278 adhuc
274 2254 360 2278 tecum
374 2253 426 2282 est,
441 2248 514 2276 solve
528 2255 647 2284 amorem
660 2255 667 2279 ;
684 2251 791 2282 paratus
803 2251 861 2274 esto
877 2246 902 2273 in
916 2253 964 2273 vo-

170 2297 272 2324 luntate
286 2295 343 2328 Dei,
363 2294 525 2330 suspendere
539 2294 565 2320 in
579 2293 673 2321 Deum.
694 2293 766 2319 Tene
787 2296 812 2319 le
831 2291 864 2319 ad
890 2292 963 2319 illum

169 2349 249 2377 quem
264 2348 316 2368 non
332 2341 431 2368 amittis
446 2339 561 2372 invitus;
578 2342 607 2365 nt
623 2338 645 2365 si
659 2338 800 2372 contigerit
815 2342 842 2364 ut
856 2338 963 2364 amittas

170 2387 220 2414 ista
235 2386 402 2421 temporalia,
413 2385 486 2413 dicas
496 2394 502 2412 :
512 2384 636 2411 Dominus
649 2384 726 2416 dedit,
738 2382 864 2411 Dominus
877 2383 963 2410 abstu-

168 2434 215 2465 lit;
228 2433 293 2460 sicut
302 2432 411 2459 Domino
424 2431 527 2467 placuit,
538 2431 574 2457 ita
587 2432 682 2466 factum
696 2434 733 2457 est
745 2438 754 2457 :
765 2430 796 2457 sit
810 2438 901 2456 nomen
910 2429 962 2456 Do-

169 2479 232 2505 mini
252 2478 407 2505 benedictum
423 2477 482 2511 (Job
495 2485 514 2510 ι,
528 2476 586 2512 21).
602 2475 630 2503 Si
654 2481 742 2502 autem
762 2476 921 2511 contigerit,
935 2480 962 2503 et

169 2524 221 2552 hoc
233 2524 290 2551 vult
303 2524 383 2556 Deus,
399 2528 427 2551 ut
442 2524 485 2551 illa
499 2531 558 2558 qua:
572 2523 654 2550 habes
669 2527 755 2550 tecum
770 2522 824 2550 sint
838 2530 921 2558 usque
933 2523 960 2550 in

169 2571 248 2597 linem
259 2578 267 2602 ;
280 2570 383 2597 solutus
395 2570 429 2597 ab
440 2569 489 2597 hac
500 2569 563 2601 vita,
576 2569 673 2603 accipis
683 2569 821 2597 denarium
833 2570 961 2604 quinqua-

166 2615 307 2651 generium
322 2616 342 2648 ί,
355 2619 383 2643 et
401 2615 431 2642 ﬁt
452 2615 478 2642 in
501 2619 526 2642 te
548 2613 676 2649 perfectio
697 2614 883 2648 beatitudinis,
899 2622 960 2642 cum

167 2666 260 2689 cantas
272 2661 395 2689 Alleluia.
411 2661 474 2688 lltcc
489 2661 616 2688 habentes
630 2660 655 2687 in
669 2659 797 2687 memoria
811 2668 870 2695 qum
884 2668 959 2687 com-

170 2707 326 2741 memoravi,
337 2707 443 2735 valcant
456 2711 484 2734 ut
498 2714 551 2734 non
564 2706 678 2742 diligatis
690 2706 827 2734 saeculum.
838 2706 905 2734 Mala
920 2711 961 2734 est

167 2785 301 2840 distant-1mg
311 2784 540 2817 quadragenarium.
557 2785 686 2817 Corrigitur
702 2791 734 2810 ex
747 2785 830 2810 codice
841 2791 875 2811 cr.
889 2789 915 2810 et
927 2791 958 2810 cx

199 2846 234 2877 (tt)
245 2849 314 2872 Forte
323 2864 330 2877 ,
342 2845 407 2878 quia.

893 128 1008 157 SERMO
1027 130 1142 161 CXXVI.

1781 143 1832 172 698

1040 190 1155 240 amici-tia
1178 192 1269 228 ipsius,
1284 194 1362 223 fallax
1383 200 1434 229 est,
1456 197 1592 225 inimicum
1607 197 1669 232 facit
1680 199 1766 228 Deum
1780 202 1830 237 (ιι).

1038 233 1098 261 Cito
1111 235 1138 262 in
1154 244 1205 264 una
1219 241 1364 269 tentatione
1378 241 1487 270 offendit
1501 243 1583 270 Deum
1598 243 1687 277 homo,
1700 249 1725 273 et
1740 245 1769 273 ﬁt
1782 233 1832 274 ini-

1153 282 1208 310 lmo
1224 292 1278 312 non
1297 290 1358 313 tunc
1378 287 1407 314 ﬁt
1421 287 1560 322 inimicus;
1574 289 1621 317 sed
1636 294 1699 326 tunc
1711 291 1831 325 proditur

1038 326 1161 376 inimicus
1180 328 1273 357 fuisse.
1293 330 1359 358 Nam
1380 333 1485 367 quando
1505 334 1631 369 diligebat
1649 339 1677 363 et
1695 335 1829 369 laudabat,

1038 371 1162 400 inimicus
1174 380 1248 407 erat;
1263 376 1309 403 sed
1325 384 1374 405 nec
1389 378 1445 412 ipse
1464 379 1574 413 sciebat,
1589 388 1638 407 nec
1652 380 1707 408 alii.
1720 382 1831 409 Accedit

1038 418 1158 451 tentatio,
1172 420 1287 455 tangitur
1296 429 1374 455 vena,
1385 428 1411 450 et
1425 424 1546 458 proditur
1558 424 1649 453 febris.
1662 426 1761 462 Itaque,
1775 427 1829 454 fra-

1037 466 1102 496 tres,
1115 463 1222 492 dilectio
1237 467 1347 500 mundi,
1361 472 1389 495 et
1401 469 1516 496 amicitia
1532 471 1622 498 mundi
1638 466 1760 499 inimicos
1773 472 1829 500 Deo

1036 508 1108 537 facit.
1120 510 1153 537 Et
1166 511 1223 546 ipse
1236 520 1289 540 non
1302 514 1410 542 exhibet
1420 515 1489 550 quod
1505 517 1633 551 promisit,
1648 518 1762 545 mendax
1776 523 1827 551 est,

1036 561 1064 584 et
1086 556 1163 584 fallit.
1178 558 1240 586 ldeo
1255 559 1378 588 homines
1398 569 1452 589 non
1475 567 1581 590 cessant
1600 571 1709 598 sperare
1729 564 1757 591 in
1775 565 1829 592 isto

1035 603 1148 637 sazculo,
1168 609 1196 632 et
1215 606 1275 640 quis
1294 608 1415 641 pervenit
1428 608 1462 635 ad
1476 609 1564 636 omnia
1579 617 1638 644 qua:
1653 611 1760 645 sperat?
1773 610 1828 638 Sed

1034 647 1068 674 ad
1083 656 1256 685 quaecumque
1277 653 1437 686 pervenerit,
1459 654 1585 681 continuo
1606 655 1656 682 hoc
1675 656 1778 683 vilescit
1801 656 1827 683 ei

1034 700 1086 727 quo
1097 695 1225 728 pervenit.
1235 695 1365 731 Incipiunt
1381 698 1432 725 alia
1446 698 1600 731 desiderari,
1610 699 1662 726 alia
1682 708 1743 727 cara
1766 708 1826 736 spe-

1034 742 1128 766 rantur
1143 748 1149 766 :
1164 748 1223 775 quae
1239 742 1301 769 dum
1317 744 1448 777 venerint,
1460 744 1586 780 quidquid
1601 745 1646 772 tibi
1657 746 1745 779 venit,
1759 747 1826 774 vile-

1033 784 1094 811 scit.
1114 785 1185 813 Tene
1206 794 1270 822 ergo
1292 788 1386 821 Deum,
1406 789 1467 824 quia
1488 797 1622 825 nunquam
1635 790 1746 823 vilescit,
1763 792 1825 825 quia

1032 829 1170 864 pulchrius
1181 831 1245 859 nihil
1259 837 1311 860 est.
1323 833 1450 868 Proptera
1466 835 1536 861 enim
1549 835 1679 862 vilescunt
1692 836 1752 870 ista,
1764 837 1825 871 quia

1033 882 1086 902 non
1109 881 1220 910 possunt
1243 881 1330 911 stare,
1350 879 1411 913 quia
1432 888 1484 906 non
1506 884 1568 907 sunt
1587 880 1658 914 quod
1677 880 1745 915 ipse.
1765 881 1824 908 Tibi

1032 921 1116 954 enim,
1130 929 1147 949 0
1160 923 1259 956 anima,
1271 931 1325 951 non
1337 924 1444 958 sufﬁcit,
1457 925 1506 951 nisi
1520 925 1563 959 qni
1578 930 1603 952 te
1617 918 1726 953 creavit.
1740 925 1824 959 Quid-

1032 966 1095 1001 quid
1108 967 1178 995 aliud
1193 969 1387 1003 apprehendis,
1403 970 1529 998 miserum
1542 975 1600 998 est:
1613 971 1673 1006 quia
1689 970 1734 998 tibi
1750 971 1825 999 solus

1033 1011 1077 1038 ille
1092 1017 1179 1047 potest
1191 1013 1314 1042 sufﬁcere
1328 1016 1373 1049 qui
1388 1014 1422 1042 ad
1436 1015 1636 1042 similitudinem
1651 1023 1725 1043 suam
1743 1020 1769 1043 te
1783 1016 1824 1043 fe-

1031 1057 1077 1084 cit.
1092 1057 1131 1085 Ex
1146 1059 1202 1093 ipsa
1216 1067 1281 1087 voce
1296 1060 1396 1088 dictum
1418 1065 1469 1094 est,
1490 1060 1608 1094 Domine,
1628 1062 1729 1089 ostende
1752 1061 1824 1088 nobis

1033 1102 1148 1138 Patrem,
1160 1109 1183 1131 et
1195 1105 1285 1140 stt/ﬁcit
1299 1106 1369 1132 nobis
1385 1105 1472 1142 (Joan.
1486 1114 1542 1140 xxv,
1557 1107 1596 1141 8).
1610 1106 1646 1134 lbi
1660 1111 1759 1134 tantum
1773 1114 1823 1141 p0—

1032 1153 1083 1176 test
1092 1157 1151 1177 esse
1161 1151 1274 1178 scuritas
1285 1160 1290 1177 :
1301 1155 1328 1178 et
1342 1151 1384 1179 ubi
1394 1156 1481 1187 potest
1493 1159 1554 1179 esse
1561 1152 1700 1186 securitas,
1707 1152 1822 1187 quodam

1031 1195 1110 1222 modo
1124 1195 1160 1223 ibi
1171 1196 1221 1224 erit
1234 1197 1342 1224 satietas
1355 1197 1521 1225 insatiabilis.
1533 1198 1598 1225 Nam
1611 1205 1697 1233 neque
1708 1197 1822 1225 satiabe-

1031 1241 1077 1274 ris,
1092 1245 1121 1268 ut
1134 1242 1201 1269 velis
1215 1243 1371 1277 discedere;
1388 1251 1473 1279 neque
1486 1244 1584 1279 aliquid
1597 1244 1691 1278 deerit,
1706 1249 1735 1272 ut
1746 1245 1822 1280 quasi

1030 1288 1145 1323 inopiam
1159 1289 1277 1323 patiaris.

1260 1355 1374 1384 SERMO
1392 1357 1498 1385 CXXVI
1514 1359 1522 1369 ”
1539 1358 1587 1394 (b).

1028 1399 1068 1427 De
1079 1400 1158 1428 verbis
1169 1401 1300 1437 Evangelii
1312 1402 1430 1436 Joannis,
1440 1403 1497 1430 Non
1514 1408 1601 1438 potest
1614 1398 1724 1431 Filius‘a
1737 1409 1767 1430 se
1779 1402 1819 1430 fa-

1034 1460 1037 1465 «
1050 1454 1124 1474 ἐειε
1134 1447 1286 1482 quidquam,
1297 1448 1347 1475 nisi
1359 1449 1428 1483 quod
1444 1449 1538 1476 viderit
1549 1448 1652 1477 Patrem
1667 1448 1817 1476 facientem.

1063 1492 1125 1528 Cap.
1141 1501 1169 1527 v,
1191 1494 1228 1528 7.
1246 1493 1278 1520 19
1292 1493 1339 1528 (c).

1062 1556 1175 1585 CAPUT
1195 1558 1335 1585 PRIMUM.
1359 1573 1394 1578 --
1418 1560 1443 1586 1.
1468 1559 1545 1586 Fides
1572 1559 1725 1587 intellectum
1749 1567 1816 1594 prtu-

1026 1603 1114 1631 cedere
1144 1604 1224 1631 debet.
1252 1605 1356 1632 Arcana
1382 1610 1410 1632 et
1435 1610 1538 1632 secreta
1567 1606 1639 1640 regni
1668 1606 1713 1633 Dei
1745 1606 1818 1640 prius

1026 1654 1149 1684 qumrunt
1170 1649 1320 1683 credentes,
1343 1657 1395 1685 quo
1418 1650 1516 1677 faciant
1535 1651 1720 1685 intelligentes.
1738 1650 1818 1678 Fides

1025 1695 1096 1722 enim
1116 1695 1214 1730 gradus
1227 1701 1268 1723 est
1283 1696 1447 1731 intelligendi
1462 1706 1467 1723 :
1481 1697 1628 1724 intellectus
1639 1702 1727 1724 autem
1742 1697 1818 1724 meri-

1025 1744 1080 1767 tum
1102 1740 1173 1767 ﬁdei.
1195 1742 1294 1776 Aperte
1313 1741 1365 1768 huc
1386 1742 1512 1777 propheta
1528 1742 1591 1769 dicit
1608 1743 1730 1770 omnibus
1744 1750 1815 1777 prm-

1023 1793 1137 1821 propere
1152 1791 1179 1814 et
1194 1792 1356 1821 prmposterc
1378 1788 1578 1822 intelligentiam
1601 1787 1814 1822 requirentibus,

1022 1837 1049 1859 et
1072 1833 1150 1860 iidem
1171 1833 1373 1868 negligentibus.
1392 1834 1437 1860 Ait
1455 1834 1525 1861 enim
1542 1843 1547 1860 :
1565 1833 1622 1861 Nisi
1642 1834 1813 1868 credideritis,

1023 1886 1073 1905 non
1092 1879 1235 1914 intelligetis
1249 1878 1325 1914 (Isai.
1341 1887 1389 1912 vn,
1401 1879 1428 1912 9,
1442 1887 1491 1905 sec.
1506 1878 1598 1914 LXX).
1615 1879 1699 1907 liabet
1711 1887 1774 1914 ergo
1788 1884 1815 1907 ct

1022 1923 1088 1951 fides
1112 1924 1168 1958 ipsa
1195 1924 1328 1959 quoddam
1352 1924 1440 1951 lumen
1468 1932 1545 1952 suum
1572 1925 1596 1951 in
1618 1924 1772 1959 Scripturis,
1787 1924 1814 1952 in

1020 1970 1180 2005 Prophetia,
1201 1971 1226 1997 in
1243 1971 1396 2006 Evangelio,
1419 1971 1444 1997 in
1466 1971 1619 2006 apostolicis
1643 1971 1811 1999 lectionibus.

1020 2016 1114 2044 Omnia
1129 2017 1199 2044 enim
1216 2018 1264 2044 ista
1277 2026 1336 2053 qua:
1351 2018 1427 2045 nobis
1439 2018 1472 2045 ad
1488 2023 1592 2052 tempus
1605 2018 1759 2050 recitantur,
1773 2018 1813 2045 lu-

1019 2069 1108 2090 cerna:
1122 2067 1185 2090 sunt
1205 2063 1229 2090 in
1250 2063 1363 2090 obscuro
1378 2064 1448 2096 loco,
1470 2068 1499 2090 ιιι
1518 2064 1666 2090 nutriantur
1677 2063 1710 2090 ad
1729 2063 1810 2091 diem.

1021 2109 1088 2136 Dicit
1097 2110 1232 2144 apostolus
1241 2110 1334 2137 Petrus
1345 2119 1350 2136 :
1363 2109 1491 2137 llnbemus
1501 2110 1629 2136 certiorem
1638 2110 1812 2144 propheticum

1019 2162 1174 2187 sermonem,
1190 2156 1229 2181 cui
1243 2156 1386 2190 benefacitis
1405 2156 1559 2183 intendentcs
1573 2161 1691 2190 tanquam
1704 2156 1812 2183 lucerna:

1019 2200 1046 2227 in
1062 2201 1167 2227 obscuro
1182 2201 1236 2228 loco
1248 2221 1256 2234 ,
1271 2202 1348 2228 donec
1363 2202 1415 2228 dies
1430 2201 1548 2234 lucescat,
1566 2206 1589 2228 et
1603 2201 1692 2237 lucifer
1714 2202 1811 2228 oriatur

1019 2246 1044 2272 in
1058 2246 1174 2273 cordibus
1188 2247 1273 2273 vestris
1289 2249 1298 2282 (
1312 2247 1331 2273 ll
1349 2246 1420 2273 Petr.
1434 2255 1453 2279 ι,
1465 2247 1521 2282 19).

1053 2292 1080 2318 2.
1097 2291 1247 2319 Perversum
1262 2298 1298 2319 est
1315 2293 1415 2319 credere
1430 2293 1496 2319 nolle
1510 2293 1559 2320 nisi
1572 2293 1639 2328 quod
1654 2293 1746 2323 videas.
1763 2293 1809 2320 Vi-

1018 2338 1087 2365 detis
1106 2346 1185 2373 crgo,
1200 2338 1310 2371 fratres,
1328 2344 1456 2373 quantum
1472 2340 1525 2366 sint
1540 2340 1655 2375 perversi
1671 2344 1697 2367 et
1711 2347 1808 2374 prope-

1017 2384 1102 2410 rando
1116 2384 1214 2417 vitiosi,
1229 2384 1273 2418 qui
1295 2388 1419 2419 utiquam
1440 2385 1572 2411 immaturi
1588 2390 1732 2419 conceptus
1746 2389 1809 2413 ante

1017 2435 1105 2457 ortum
1126 2434 1249 2465 qtuerunt
1268 2431 1405 2463 abortum;
1421 2432 1465 2466 qui
1479 2431 1555 2458 nobis
1569 2431 1670 2465 dicunt,
1681 2431 1748 2465 Quid
1765 2440 1808 2460 me

1014 2476 1092 2510 jubes
1113 2476 1222 2503 credere
1245 2476 1313 2511 quod
1336 2484 1388 2504 non
1411 2477 1505 2504 video?
1522 2477 1629 2504 Videam
1650 2478 1763 2513 aliquid,
1779 2484 1808 2506 ιιι

1015 2521 1133 2548 credam.
1148 2521 1230 2549 .Iubcs
1243 2522 1363 2554 credere,
1375 2522 1438 2550 dum
1454 2531 1507 2549 non
1521 2523 1623 2550 videam
1637 2532 1642 2550 :
1655 2531 1703 2558 ego
1718 2524 1807 2551 videre

1015 2568 1086 2600 volo,
1108 2573 1135 2595 et
1156 2567 1269 2595 videndo
1294 2570 1414 2603 credere,
1431 2577 1484 2596 non
1499 2570 1639 2597 audiendo.
1655 2571 1728 2597 Dicat
1744 2579 1806 2605 pro-

1016 2614 1115 2649 pheta:
1134 2615 1193 2642 Nisi
1215 2616 1388 2649 credideritis,
1412 2625 1462 2643 non
1488 2617 1641 2652 intelligetis.
1655 2618 1807 2646 Ascendere

1014 2726 1029 2747 ι
1046 2693 1054 2700 ‘
1067 2692 1213 2723 Recognitus
1233 2697 1272 2717 est
1286 2693 1315 2717 ad
1336 2692 1396 2717 duos
1418 2691 1449 2717 cl.
1474 2692 1502 2716 ad
1525 2699 1562 2724 gr.
1581 2700 1626 2717 rm.
1640 2697 1689 2718 Λιιι.
1703 2697 1739 2718 Er.
1754 2698 1804 2720 Par.

1029 2729 1068 2747 ov.

1029 2729 1081 2784 olli)
1093 2756 1163 2778 Forte
1170 2771 1177 2782 ,
1195 2758 1248 2778 Pco.

1045 2785 1081 2819 (ᾳ)
1094 2785 1164 2813 Alias,
1177 2785 1207 2808 32
1219 2792 1249 2809 ex
1263 2785 1368 2809 ltomiliis
1380 2785 1417 2809 .‘IO.

1045 2816 1080 2846 (t2)
1093 2819 1156 2840 tntcr
1168 2820 1281 2841 tim-tatus
1299 2821 1380 2841 contra
1400 2817 1495 2841 ,ιι-ιίιιι‹ιδ
1514 2822 1658 2842 rcccnsctur
1672 2818 1696 2842 in
1709 2817 1805 2842 l'cssidii

1016 2846 1126 2877 lnilicnlo,
1138 2853 1191 2878 cap.
1204 2847 1226 2871 ὅ.
