4006 6432
443 326 545 382 ῦ99

443 444 546 507 vis,
576 449 630 496 et
655 438 850 510 gradus
876 434 1224 492 Oblivisceris.
1253 431 1444 502 Utique
1472 443 1742 501 perverse.
1765 427 1810 484 Ο
1837 426 2021 488 homo.

444 535 490 589 si
517 533 627 604 jam
655 531 747 587 tibi
770 543 980 601 possem
1001 526 1282 584 ostendere
1302 523 1443 596 quod
1465 523 1695 590 videres,
1723 535 1826 575 non
1855 519 2026 574 horta-

445 639 533 680 rer
559 633 614 679 ut
638 623 903 678 crederes.

514 711 738 769 CAPUT
760 712 954 766 ll.—5.
974 709 1056 764 Ex
1080 709 1323 764 creaturis
1349 723 1461 776 qua:
1485 707 1731 770 videntur,
1754 704 2025 770 assurgat?

445 806 565 858 dum
593 803 662 857 ad
689 801 973 858 Creatorem
1009 803 1094 873 qui
1138 818 1238 854 non
1285 799 1495 852 videtur.
1552 796 1694 868 Ergo
1750 795 1876 864 fides
1931 801 2022 858 est,

442 895 582 950 sicut
608 893 733 948 alibi
755 892 1031 948 deﬁnitum
1061 901 1162 954 est,
1186 891 1498 960 sperantiuut
1523 887 1820 953 substantia,
1852 884 2025 938 convi-

443 985 543 1040 ctio
569 1000 739 1040 rerum
763 999 876 1054 qua:
899 999 1001 1038 non
1025 982 1257 1037 videmur
1280 981 1298 1054 (
1321 979 1474 1035 Hebr.
1499 995 1577 1043 x1,
1608 979 1632 1031 1
1655 976 1697 1048 ).
1729 976 1782 1032 Si
1813 990 1916 1030 non
1945 974 2026 1028 vi-

443 1075 657 1142 dentur,
685 1075 952 1146 quomodo
975 1075 1362 1130 convincuntur
1387 1073 1508 1143 quia
1534 1072 1688 1127 sunt?
1719 1068 1867 1126 Unde
1885 1068 2026 1122 enim

441 1174 566 1222 sunt
595 1165 695 1221 ista
732 1181 852 1237 quae
878 1164 1049 1233 vides,
1076 1165 1177 1220 nisi
1203 1179 1267 1220 ex
1300 1164 1390 1218 illo
1412 1163 1553 1234 quod
1574 1177 1678 1218 non
1705 1159 1890 1216 vides?
1914 1158 2028 1215 Uti-

443 1272 548 1327 que
573 1257 724 1313 vides
748 1257 966 1329 aliquid,
998 1265 1056 1313 ut
1079 1257 1267 1313 credas
1289 1255 1506 1326 aliquid,
1534 1263 1588 1311 et
1615 1271 1678 1310 ex
1705 1269 1770 1310 eo
1791 1251 1930 1324 quod
1952 1251 2027 1306 vi-

441 1348 559 1413 des,
591 1348 779 1406 credas
803 1348 946 1420 quod
976 1362 1084 1404 non
1111 1348 1281 1404 vides.
1313 1348 1390 1404 Ne
1417 1350 1492 1403 sis
1517 1348 1752 1418 ingratus
1777 1345 1826 1400 ei
1856 1344 1947 1416 qui
1975 1351 2028 1399 te

442 1437 570 1494 fecit
591 1438 795 1508 videre,
817 1439 958 1494 unde
983 1439 1156 1510 possis
1181 1438 1400 1494 credere
1437 1437 1580 1508 quod
1611 1435 1845 1492 nondum
1874 1443 2026 1506 potes

444 1526 646 1584 videre.
674 1528 830 1584 Dedit
856 1529 950 1583 tibi
973 1529 1113 1585 Deus
1137 1529 1320 1584 oculos
1346 1528 1398 1582 in
1420 1541 1664 1598 corpore,
1690 1527 1948 1580 rationem
1971 1525 2028 1580 in

445 1618 638 1686 corde;
667 1619 841 1675 excita
869 1620 1128 1675 rationem
1151 1611 1519 1689 cordis,°erige
1545 1618 1850 1673 interiorem
1876 1616 2028 1671 habi-

446 1717 672 1764 tatorem
703 1710 1014 1766 interiorum
1049 1710 1324 1766 oculorum
1355 1718 1587 1778 tuorum,
1615 1717 1849 1765 assumat
1881 1707 2030 1763 feuea

447 1806 587 1854 stras
614 1809 758 1866 Suas,
789 1799 1034 1870 inspiciat
1061 1809 1357 1854 creaturam
1385 1799 1499 1854 Dei.
1526 1799 1622 1854 Est
1659 1798 1802 1854 enim
1841 1798 2029 1868 aliquis

447 1887 590 1944 intus
613 1889 704 1960 qui
731 1903 827 1959 per
847 1890 1029 1946 oculos
1056 1889 1252 1945 videat.
1278 1889 1412 1945 Nam
1435 1889 1646 1961 quando
1665 1889 1950 1960 aliquando
1975 1889 2029 1943 in

445 1995 535 2036 me
577 1981 778 2051 cogitas
807 1981 883 2051 (a)
914 1995 1102 2036 averso
1146 1981 1368 2037 interius
1415 1981 1732 2048 habitatore,
1762 1997 1880 2051 quae
1909 1988 2030 2035 sunt

447 2080 572 2127 ante
614 2074 799 2128 oculos
844 2082 962 2128 tuos
1002 2089 1109 2128 non
1148 2074 1313 2130 vides.
1345 2074 1619 2130 Fenestrae
1647 2075 1790 2130 enim
1836 2074 2031 2129 frustra

447 2171 650 2231 patent,
679 2163 890 2233 quando
917 2165 1006 2234 qui
1040 2178 1136 2234 per
1168 2179 1259 2220 eas
1303 2165 1528 2220 attendit
1564 2165 1758 2220 absens
1791 2174 1891 2220 est.
1913 2163 2030 2220 Non

445 2267 575 2323 ergo
595 2254 732 2308 oculi
758 2253 961 2322 vident,
985 2254 1078 2310 sed
1109 2254 1323 2325 quidam
1351 2270 1446 2324 per
1473 2255 1657 2311 oculos
1683 2255 1862 2309 videt:
1888 2255 2033 2325 erige

447 2343 617 2408 illum,
641 2346 811 2401 excita
839 2347 1005 2401 illum.
1032 2347 1146 2402 Non
1173 2347 1314 2403 enim
1342 2347 1659 2419 denegatum
1681 2356 1763 2403 est
1793 2348 1886 2404 tibi
1911 2365 1924 2403 :
1947 2362 2034 2402 ra-

450 2437 647 2492 tionale
671 2438 868 2492 animal
896 2448 947 2494 te
974 2438 1114 2494 Deus
1155 2439 1298 2503 fecit,
1327 2439 1617 2508 praeposuit
1647 2448 1699 2494 te
1726 2437 2024 2508 pecoribus,

451 2527 517 2582 ad
546 2528 832 2597 imaginem
855 2543 1004 2584 suam
1029 2538 1079 2584 te
1104 2527 1368 2584 formavit.
1394 2529 1601 2585 Siccine
1617 2531 1696 2584 uti
1723 2529 1827 2584 illis
1847 2527 2031 2596 debes,

451 2625 512 2673 ut
549 2633 745 2688 pecus;
775 2626 976 2673 tantum
1025 2626 1083 2673 ut
1122 2618 1305 2674 videas
1342 2619 1468 2689 quid
1505 2619 1670 2674 addas
1703 2619 1897 2687 ventri,
1927 2634 2033 2673 non

452 2701 656 2757 menti?
681 2702 838 2772 Erige
865 2717 994 2773 ergo
1023 2702 1338 2757 rationalem
1367 2710 1660 2773 aspectum,
1692 2711 1842 2758 utere
1868 2702 2036 2757 oculis

453 2801 511 2847 ut
536 2794 717 2857 homo,
746 2790 962 2847 intende
989 2792 1183 2848 caelum
1212 2800 1266 2848 et
1297 2801 1513 2859 terram,
1547 2802 1860 2849 ornamenta
1888 2793 2033 2860 coeli,

452 2883 833 2939 fecunditatem
863 2893 1039 2948 terras,
1067 2883 1275 2940 volatus
1312 2884 1506 2952 avium,
1540 2893 1749 2940 natatus
1787 2885 2033 2956 piscium,

453 2975 560 3028 vim
587 2975 877 3040 seminum,
905 2975 1147 3030 ordinem
1179 2983 1479 3045 temporum
1507 2993 1520 3030 :
1544 2975 1760 3032 intende
1798 2980 1956 3042 facta,
1985 2983 2040 3031 et

455 3079 636 3134 quaere
678 3065 960 3131 factorem;
987 3066 1166 3136 aspice
1194 3081 1314 3137 qua:
1353 3065 1520 3133 vides,
1562 3075 1618 3122 et
1657 3081 1838 3137 quaere
1880 3081 2037 3138 quem

457 3174 564 3213 non
609 3157 779 3214 vides.
821 3157 994 3214 Crede
1037 3159 1089 3213 in
1134 3173 1256 3214 eum
1297 3175 1455 3230 quem
1487 3173 1593 3213 non
1621 3160 1788 3226 vides,
1822 3167 2040 3229 prepter

456 3249 556 3303 ista
576 3263 696 3319 quae
721 3248 888 3304 vides.
912 3248 982 3304 Et
1002 3265 1070 3304 ue
1098 3263 1345 3305 sermone
1375 3265 1496 3306 meo
1523 3259 1575 3306 te
1593 3251 1928 3307 exhortatum
1954 3267 2040 3322 pu-

454 3349 556 3406 tes,
582 3341 894 3409 Apostolum
930 3340 1054 3396 audi
1089 3340 1375 3408 dicentem,
1405 3341 1686 3397 lnvisibilia
1716 3344 1845 3398 enim
1867 3342 1982 3410 Dei,
2008 3361 2042 3399 a

455 3441 688 3486 creatura
729 3431 940 3502 mundi,
977 3447 1066 3504 per
1102 3448 1159 3486 ea
1199 3449 1312 3503 qua:
1338 3435 1473 3505 facta
1499 3443 1634 3498 sunt,
1667 3436 2043 3504 conspiciuntur

461 3525 634 3597 (Rom.
659 3543 696 3589 ι,
721 3525 840 3597 20).

528 3618 756 3674 CAPUT
797 3617 1013 3675 ιιι-4.
1047 3617 1300 3674 Miracula
1327 3619 1532 3676 insolita
1559 3621 1677 3692 fecit
1705 3622 1954 3687 Christus,
1987 3631 2043 3677 ut

458 3718 503 3762 et
548 3709 600 3762 in
646 3710 950 3780 quotidianis
991 3725 1104 3782 qua:
1145 3711 1422 3779 viluerant,
1465 3723 1820 3784 agnosceretur
1858 3718 2039 3788 factor.

461 3801 821 3870 Postponebas
846 3802 966 3867 ista,
990 3815 1090 3856 nec
1115 3803 1421 3858 attendebas
1447 3813 1504 3858 ut
1526 3803 1706 3870 homo,
1729 3807 1822 3861 sed
1851 3816 1906 3861 ut
1931 3798 2045 3862 anié

461 3893 564 3945 mal
601 3891 925 3947 irrationale.
956 3892 1213 3947 Clamavit
1241 3893 1311 3948 ad
1345 3903 1396 3950 te
1440 3898 1718 3965 propheta,
1755 3906 1809 3951 et
1849 3896 2044 3952 frustra

460 3982 709 4034 clamavit
738 4001 750 4036 :
785 3981 958 4036 Nolite
985 3999 1090 4038 esse
1117 3984 1243 4037 sicut
1273 4003 1426 4058 equus
1452 3996 1496 4039 et
1524 3989 1710 4054 mulus,
1738 3990 1918 4060 quibus
1945 4005 2045 4043 non

463 4085 533 4126 est
575 4075 852 4128 intellectus
883 4076 902 4145 (
937 4071 1076 4129 Psal.
1109 4092 1260 4143 χχχι,
1295 4077 1328 4132 9
1358 4078 1396 4147 ).
1433 4078 1660 4151 \‘idebas
1687 4094 1815 4149 ergo
1844 4081 1964 4144 ista,
1993 4089 2048 4135 et

466 4165 837 4234 postponebas.
868 4165 1183 4233 Quotidiana
1225 4169 1473 4222 miracula
1507 4169 1600 4222 Dei
1634 4185 1738 4225 non
1771 4171 2042 4240 facilitate,

465 4255 556 4308 sed
587 4255 898 4310 assiduitate
929 4256 1207 4311 viluerant.
1238 4258 1371 4325 Quid
1400 4259 1542 4314 enim
1570 4259 1837 4315 difficilius
1863 4263 2044 4332 cogni-

466 4347 629 4410 tione,
658 4363 815 4418 quam
848 4357 903 4402 ut
934 4359 1182 4403 nascatur
1215 4351 1394 4417 homo,
1425 4352 1700 4407 moriendo
1728 4353 1965 4409 discedat
1995 4355 2044 4409 in

467 4445 669 4493 secreta
713 4438 802 4508 qui
846 4447 980 4507 erat,
1023 4441 1290 4495 nascendo
1331 4443 1584 4512 procedat
1628 4444 1680 4498 in
1721 4445 1924 4514 publica
1959 4448 2047 4517 qui

467 4547 573 4585 non
618 4533 769 4586 erat?
795 4531 933 4598 Quid
977 4541 1083 4587 tam
1130 4533 1391 4601 mirabile,
1421 4535 1544 4604 quid
1573 4544 1678 4590 tam
1706 4536 1923 4594 difficile
1954 4553 2049 4593 co-

465 4622 653 4690 gnitu?
708 4623 818 4678 Deo
869 4631 1045 4678 autem
1104 4624 1254 4679 facile
1311 4625 1468 4679 factu.
1521 4624 1710 4682 Mirare
1761 4627 1859 4682 ista
1893 4670 1908 4695 ,
1963 4644 2050 4683 ex-

466 4713 767 4782 pergiscere
795 4730 808 4766 :
840 4712 1050 4768 insolita
1097 4715 1230 4768 nosti
1273 4710 1476 4782 r'nirari,
1508 4717 1708 4786 majora
1740 4728 1860 4772 sunt
1889 4735 2048 4788 quam

468 4821 586 4875 qum
630 4805 809 4861 videre
855 4808 1210 4861 consuevisti?
1236 4807 1404 4861 Mirati
1435 4817 1556 4862 sunt
1586 4807 1828 4865 homines
1867 4811 2049 4864 Domi—

471 4914 595 4951 num
624 4897 788 4952 Deum
818 4905 1056 4953 nostrum
1082 4898 1260 4952 .lesum
1289 4900 1555 4954 Christum
1595 4901 1661 4956 de
1698 4904 1930 4973 quinque
1957 4919 2048 4973 pa-

471 4991 624 5045 nibus
655 4991 926 5060 saginasse
955 5000 1028 5046 tot
1057 4992 1217 5046 millia
1246 4991 1459 5062 (Matth.
1486 5009 1598 5061 xw,
1628 4995 1839 5066 17%|);
1864 5005 1919 5051 et
1945 5012 2049 5051 non

473 5083 735 5136 mirantur
772 5097 866 5153 per
906 5098 1070 5152 pauca
1111 5098 1272 5153 grana
1316 5084 1522 5155 impleri
1565 5087 1830 5155 segetibus
1861 5097 2048 5143 terras.

470 5173 601 5239 Quae
636 5187 770 5242 aqua
812 5182 926 5227 erat
953 5174 1130 5226 vinum
1165 5173 1382 5241 factum,
1424 5175 1670 5230 viderunt
1710 5176 1972 5244 homines,
2001 5186 2055 5233 et

473 5264 862 5331 obstupuerunt
893 5262 1068 5335 (Joan.
1102 5279 1160 5327 ιι,
1189 5264 1398 5335 9,11)‘:
1425 5265 1548 5335 quid
1580 5265 1720 5320 aliud
1755 5267 1811 5320 fit
1839 5266 1904 5320 de
1935 5268 2054 5336 plu—

475 5354 558 5405 via
583 5369 678 5422 per
701 5355 932 5410 radicem
957 5356 1118 5411 vitis?
1147 5355 1260 5425 Ipse
1289 5356 1374 5410 illa
1405 5358 1547 5425 fecit,
1577 5358 1688 5428 ipse
1717 5358 1813 5412 ista
1843 5377 1856 5413 :
1887 5359 1973 5413 illa
2002 5367 2059 5414 ut

481 5446 713 5516 pascaris
733 5488 747 5513 ,
785 5448 882 5502 ista
913 5459 970 5503 ut
999 5449 1230 5503 mireris.
1255 5449 1358 5504 Sed
1391 5458 1611 5520 utraque
1640 5451 1880 5503 miranda
1909 5460 2054 5516 sunt,

478 5539 598 5609 quia
626 5555 787 5609 opera
815 5541 906 5595 Dei
934 5552 1078 5597 sunt.
1106 5542 1256 5597 Videt
1284 5545 1443 5598 homo
1471 5543 1679 5598 insolita
1709 5551 1764 5598 et
1792 5544 2014 5598 miratur
2040 5561 2055 5599 :

544 5693 616 5756 (a)
636 5700 798 5763 vorte,
817 5693 1012 5763 aliunde
1048 5694 1259 5763 cogitas;
1298 5697 1408 5761 vel,
1431 5698 1482 5752 in
1526 5705 1589 5761 te,
1629 5711 1732 5760 pro,
1751 5697 1800 5751 in
1826 5711 1935 5763 me;
1959 5698 2058 5762 vel,

484 5754 676 5807 (mundo
697 5754 940 5820 aliquanto
961 5754 1133 5808 intente
1156 5754 1350 5823 cogitas.

1675 308 1734 364 S.
1777 299 2135 364 AUGUSTlNl
2165 301 2467 359 EPISCOPI

3613 304 3717 358 700

2136 423 2275 479 unde
2302 432 2382 479 est
2407 425 2521 494 ipse
2552 428 2709 480 homo
2732 425 2821 496 qui
2848 424 3102 482 miratur?
3129 427 3214 483 ubi
3246 429 3394 484 erat?
3421 429 3561 486 unde
3593 447 3716 500 pro-

2131 517 2332 572 cessit?
2358 516 2500 572 unde
2543 521 2711 572 forma
2757 519 3028 589 corporis?
3065 518 3204 575 unde
3239 521 3598 576 membrorum
3629 523 3716 577 dis

2131 608 2380 663 stinctio?
2408 607 2550 665 unde
2575 607 2787 664 habitus
2815 610 2914 664 iste
2942 610 3250 679 speciosus?
3272 610 3339 666 de
3368 612 3562 682 quibus
3603 613 3715 682 pri-

2132 700 2393 757 mordiis?
2418 701 2485 757 de
2507 718 2666 773 quam
2693 702 3216 772 comtemptibilibus.
3245 704 3309 758 Et
3338 705 3560 758 miratur
3587 705 3714 768 alia,

2130 805 2251 846 cum
2281 792 2350 847 sit
2378 791 2492 864 ipse
2517 794 2742 848 mirator
2765 809 3013 864 magnum
3041 795 3372 850 miraculum.
3401 793 3556 852 Unde
3586 810 3718 866 ergo

2131 882 2230 938 ista
2272 899 2390 954 quae
2417 883 2584 953 vides,
2610 885 2711 939 nisi
2745 901 2808 939 ex
2840 885 2930 939 illo
2962 900 3121 955 quem
3157 900 3262 940 non
3288 886 3475 942 vides?
3501 885 3628 952 Sed,
3659 895 3721 942 ut

2131 973 2311 1030 dicere
2357 991 2646 1046 coeperam,
2687 976 2810 1046 quia
2848 976 2943 1031 tibi
2987 977 3087 1031 ista
3117 977 3400 1046 vilueraut,
3428 979 3574 1034 venit
3599 979 3718 1048 ipse

2130 1064 2196 1119 ad
2227 1064 2467 1121 facienda
2498 1067 2708 1120 insolita
2728 1105 2743 1131 ,
2785 1075 2843 1121 ut
2868 1075 2922 1121 et
2951 1066 3004 1120 in
3035 1066 3164 1136 ipsis
3188 1067 3358 1122 solitis
3395 1083 3718 1138 agnosceres

2130 1157 2385 1213 artificem
2408 1167 2576 1212 tuum.
2594 1157 2752 1212 Venit
2776 1157 2867 1212 ille
2892 1157 2977 1212 cui
2998 1156 3194 1212 dictum
3217 1166 3316 1224 est,
3347 1157 3544 1213 Innova
3567 1159 3719 1229 signa

2131 1245 2318 1316 (Eccli.
2352 1263 2535 1314 xxxvi,
2567 1246 2662 1319 6):
2689 1247 2997 1303 cuidietum
3027 1258 3131 1315 est,
3165 1246 3390 1318 Miriﬁca
3428 1250 3721 1304 misericor-

2131 1337 2241 1391 dias
2266 1347 2376 1392 tuas
2409 1336 2578 1411 (Psat.
2610 1354 2720 1406 xw,
2743 1337 2819 1409 7).
2843 1337 3188 1408 Largicbatur
3210 1340 3351 1394 enim
3378 1355 3498 1405 eas;
3524 1340 3722 1411 largie—

2129 1427 2305 1491 batur,
2335 1438 2389 1484 et
2415 1445 2572 1485 nemo
2600 1429 2911 1486 mirabatur.
2934 1430 3094 1486 Venit
3118 1447 3244 1502 ergo
3271 1446 3464 1502 parvus
3493 1433 3559 1487 ad
3587 1448 3717 1502 par-

2129 1535 2259 1589 vos,
2301 1521 2445 1577 venit
2491 1521 2730 1578 medicus
2776 1522 2841 1577 ad
2884 1532 3133 1594 aegrotos,
3165 1525 3255 1595 qui
3295 1534 3504 1596 poterat
3531 1525 3721 1581 venire

2131 1625 2252 1666 cum
2277 1611 2456 1676 vellet,
2485 1612 2662 1668 redire
2688 1627 2809 1666 cum
2839 1613 3016 1680 vellet,
3045 1612 3223 1669 facere
3250 1613 3504 1684 quidquid
3528 1615 3716 1679 vellet,

2127 1702 2368 1772 judicare
2388 1712 2444 1759 ut
2461 1704 2640 1760 vellet.
2666 1705 2731 1760 Et
2751 1704 2852 1761 hoc
2870 1705 3011 1776 quod
3035 1707 3213 1772 vellet,
3239 1707 3352 1776 ipsa
3377 1707 3579 1776 justitia
3605 1717 3721 1772 est;

2130 1805 2185 1849 et
2215 1795 2354 1865 quod
2385 1795 2476 1850 ille
2501 1797 2643 1861 vult,
2673 1797 2910 1867 inquam,
2940 1798 3052 1867 ipsa
3078 1797 3281 1867 justitia
3306 1807 3405 1854 est.
3432 1798 3547 1855 Non
3574 1800 3723 1873 enim

2133 1884 2373 1955 iniquum
2416 1894 2500 1942 est
2537 1886 2680 1958 quod
2727 1887 2815 1943 ille
2856 1888 2987 1955 vult,
3024 1895 3116 1942 aut
3141 1903 3350 1958 aequum
3391 1897 3568 1958 potest
3601 1903 3727 1944 esse

2132 1978 2275 2048 quod
2307 1993 2412 2034 non
2436 1979 2571 2035 vult.
2597 1979 2757 2034 Venit
2793 1979 3051 2036 suscitare
3074 1989 3340 2034 mortuum
3357 2021 3372 2047 ,
3402 1980 3724 2036 mirantibus

2133 2069 2359 2125 reddere
2386 2071 2491 2126 luci
2520 2070 2824 2139 hominem,
2855 2072 2943 2143 qui
2973 2078 3088 2126 erat
3112 2071 3164 2126 in
3195 2073 3342 2140 luce,
3371 2075 3460 2142 qui
3487 2072 3728 2142 quotidie

2134 2161 2222 2230 qui
2254 2176 2358 2216 non
2385 2167 2562 2228 erant,
2590 2160 2839 2232 producit
2863 2160 2931 2216 ad
2960 2161 3152 2217 lucem.

2203 2249 2429 2307 CAPUT
2457 2251 2544 2307 IV.
2569 2283 2643 2293 —
2669 2253 2726 2309 5.
2745 2252 3052 2306 Miracutum
3080 2252 3354 2307 natiuitatis
3373 2269 3436 2307 ea:
3458 2253 3652 2324 virgine
3671 2255 3728 2308 in

2137 2341 2336 2399 Christo
2370 2343 2664 2399 exhibitum.
2723 2343 2874 2399 Fecit
2913 2344 3013 2399 ista
3037 2385 3053 2410 ,
3103 2353 3157 2400 et
3195 2351 3532 2414 contemptus
3573 2354 3656 2399 est
3695 2360 3727 2400 a

2135 2435 2351 2502 multis,
2389 2436 2507 2506 plus
2534 2435 2928 2491 attendentibus
2955 2451 3059 2490 non
3087 2451 3246 2506 quam
3284 2450 3472 2506 magna
3504 2436 3727 2503 faceret,

2137 2524 2232 2580 sed
2262 2540 2419 2595 quam
2446 2540 2640 2595 parvus
2669 2543 2681 2579 :
2710 2533 2962 2596 tanquam
3001 2525 3300 2582 dicentibus
3338 2526 3476 2598 apud
3505 2541 3588 2594 se,
3623 2527 3730 2582 ista

2138 2616 2315 2671 divina
2337 2626 2480 2683 sunt,
2508 2617 2601 2673 sed
2628 2618 2727 2673 iste
2752 2617 2914 2674 homo
2933 2627 3034 2674 est.
3067 2619 3181 2673 Duo
3199 2633 3330 2691 ergo
3344 2620 3515 2686 vides,
3546 2620 3730 2674 divina

2139 2715 2194 2762 et
2218 2707 2508 2763 hominem.
2539 2707 2593 2763 Si
2619 2706 2798 2762 divina
2824 2721 2930 2762 non
2967 2717 3190 2777 possunt
3219 2707 3335 2763 ﬁeri
3356 2751 3372 2777 ,
3403 2709 3508 2764 nisi
3533 2723 3563 2763 a
3594 2709 3730 2776 Deo,

2138 2798 2262 2854 vide
2307 2813 2375 2854 ne
2416 2798 2470 2852 in
2510 2797 2725 2854 homine
2767 2798 2930 2854 lateat
2955 2799 3117 2854 Deus.
3170 2799 3434 2866 Attende,
3485 2799 3731 2870 inquam,

2085 2911 2094 2915 η
2139 2904 2258 2960 qum
2289 2888 2468 2954 vides,
2515 2888 2674 2944 crede
2712 2903 2829 2959 quae
2859 2904 2965 2944 non
3002 2889 3172 2944 vides.
3221 2890 3334 2946 Non
3381 2901 3432 2946 te
3470 2891 3732 2958 deseruit,

2142 2979 2233 3049 qui
2271 2980 2477 3034 vocavit
2505 2989 2565 3033 ut
2590 2979 2782 3035 credas
2815 2997 2828 3033 :
2859 2980 3102 3049 quamvis
3130 2980 3343 3050 juberet
3368 2990 3422 3037 te
3447 2982 3575 3037 illud
3603 2997 3734 3038 cre-

2141 3069 2271 3124 dere
2297 3109 2312 3134 ,
2338 3067 2480 3138 quod
2510 3084 2614 3124 non
2654 3078 2807 3140 potes
2834 3069 3049 3137 videre;
3091 3086 3196 3124 non
3243 3081 3420 3127 tamen
3449 3082 3501 3127 te
3528 3072 3738 3128 dimisit

2144 3159 2274 3214 tihil
2304 3159 2575 3216 videntem
2602 3202 2616 3226 ,
2647 3160 2790 3216 unde
2819 3161 2990 3231 possis
3009 3161 3230 3216 credere
3255 3162 3394 3232 quod
3426 3179 3527 3217 non
3557 3163 3732 3219 vides.

2145 3251 2386 3306 Parvane
2426 3252 2610 3320 signa,
2659 3266 2892 3321 parvane
2932 3250 3126 3306 indicia
3164 3263 3286 3307 sunt
3311 3237 3576 3308 Creatoris
3615 3254 3739 3324 ipsa

2143 3345 2420 3400 creatura?
2464 3343 2620 3399 Venit
2663 3345 2858 3411 etiam,
2905 3343 3030 3400 fecit
3071 3345 3343 3400 miracula.
3375 3345 3490 3400 Non
3519 3355 3739 3415 poteras

2143 3435 2327 3490 videre
2379 3436 2546 3490 Deum
2577 3477 2592 3500 ,
2646 3445 2858 3505 poteras
2897 3435 3167 3490 hominem
3201 3453 3214 3490 :
3249 3436 3386 3491 Deus
3436 3435 3607 3491 factus
3650 3447 3740 3492 est

2145 3526 2335 3593 homo,
2368 3534 2428 3582 ut
2465 3525 2516 3580 in
2550 3540 2656 3580 uno
2696 3525 2791 3579 tibi
2822 3535 2965 3582 esset
3000 3537 3054 3581 et
3080 3525 3221 3596 quod
3248 3526 3453 3582 videres
3475 3568 3489 3591 ,
3511 3537 3571 3582 et
3591 3528 3738 3597 quod

2145 3617 2416 3672 crederes.
2464 3614 2531 3669 In
2573 3616 2824 3686 principio
2865 3625 2970 3671 erat
3004 3615 3251 3682 Verbum,
3299 3626 3347 3671 et
3384 3616 3599 3671 Verbum
3628 3629 3740 3673 erat

2146 3707 2284 3779 apud
2311 3707 2469 3761 Deum
2492 3749 2507 3774 ,
2538 3717 2584 3761 et
2605 3707 2743 3762 Deus
2768 3717 2874 3762 erat
2910 3707 3125 3762 Verbum
3151 3708 3329 3782 (Joan.
3362 3725 3400 3772 ι,
3427 3710 3502 3780 1).
3541 3711 3738 3779 Audis,

2148 3812 2201 3856 et
2222 3799 2456 3854 nondum
2485 3799 2651 3856 vides.
2685 3800 2824 3855 Ecce
2847 3800 3024 3866 venit,
3069 3816 3198 3856 ecce
3218 3801 3456 3856 nascitur
3479 3844 3494 3867 ,
3521 3817 3647 3858 ecce
3669 3802 3741 3859 de

2150 3889 2343 3945 femina
2378 3890 2636 3960 procedit,
2666 3892 2758 3961 qui
2785 3891 2910 3946 fecit
2936 3891 3231 3946 masculum
3259 3902 3312 3947 et
3333 3891 3607 3948 feminam.
3635 3894 3739 3960 Qui

2149 3981 2273 4036 fecit
2300 3981 2594 4036 masculum
2611 3989 2665 4036 et
2692 3979 2965 4048 feminam,
2995 3997 3100 4036 non
3118 3981 3288 4037 factus
3313 3991 3394 4038 est
3413 3998 3512 4052 per
3527 3999 3742 4039 mascu-

2150 4073 2258 4126 lum
2287 4081 2341 4127 et
2374 4070 2647 4126 feminam.
2697 4070 3114 4142 Coutempturus
3147 4073 3290 4128 enim
3329 4089 3449 4128 eras
3484 4073 3622 4128 forte
3646 4073 3739 4144 qui

2153 4175 2464 4222 nasceretur
2488 4208 2502 4232 ,
2557 4180 2666 4221 non
2713 4166 3011 4222 contemnis
3059 4167 3328 4236 quomodo
3381 4174 3739 4222 nasceretur:

2151 4259 2274 4328 quia
2319 4273 2534 4328 semper
2581 4265 2695 4314 erat
2738 4267 3020 4328 antequam
3062 4265 3392 4314 nasceretur.
3445 4258 3621 4324 Ecce,
3654 4259 3740 4312 in-

2153 4365 2334 4420 quam,
2367 4350 2658 4419 assumpsit
2685 4363 2912 4419 corpus;
2940 4347 3155 4402 indutus
3179 4358 3262 4404 est
3285 4363 3476 4413 carne,
3511 4363 3738 4417 proces-

2153 4441 2222 4496 sit
2246 4457 2309 4495 ex
2353 4449 2524 4495 utero.
2571 4440 2760 4495 Jamne
2791 4440 2936 4496 vides
2968 4441 3026 4494 ‘?
3064 4441 3207 4511 jam,
3260 4441 3509 4511 inquam,
3551 4440 3743 4496 vides?

2153 4546 2366 4586 carnem
2396 4532 2663 4601 interrogo
2693 4531 2792 4605 (a),
2818 4531 2912 4586 sed
2941 4546 3154 4587 carnem
3183 4532 3407 4586 ostendo
3428 4550 3440 4583 :
3462 4531 3614 4587 vides
3639 4533 3744 4585 ali-

2153 4623 2279 4693 quid
2298 4664 2312 4690 ,
2357 4632 2410 4678 ct
2442 4637 2544 4678 non
2574 4623 2722 4679 vides
2749 4623 2964 4692 aliquid.
3015 4623 3153 4678 Ecce
3178 4623 3230 4677 in
3259 4624 3374 4692 ipso
3402 4632 3552 4693 partu
3571 4664 3584 4688 ,
3615 4638 3746 4680 ecce

2150 4715 2260 4786 jam
2289 4716 2394 4770 duo
2418 4724 2577 4780 sunt,
2619 4724 2671 4770 et
2708 4717 2848 4787 quod
2875 4717 3055 4772 videas
3078 4758 3092 4783 ,
3133 4726 3188 4772 et
3213 4717 3352 4788 quod
3391 4733 3498 4772 non
3526 4718 3742 4784 videas;

2155 4806 2249 4862 sed
2278 4816 2333 4861 ut
2354 4822 2448 4877 per
2475 4808 2646 4878 ipsum
2667 4807 2808 4878 quod
2835 4808 2981 4864 vides
3006 4852 3018 4874 ,
3055 4808 3242 4864 credas
3270 4809 3411 4879 quod
3437 4825 3543 4863 non
3573 4809 3742 4863 vides.

2156 4898 2511 4957 Contemnere
2536 4916 2799 4970 cmperas,
2829 4902 2946 4971 quia
2969 4901 3118 4958 vides
3138 4903 3226 4972 qui
3259 4911 3415 4955 natus
3435 4911 3519 4955 est
3543 4920 3556 4955 :
3583 4900 3745 4954 crede

2160 4992 2302 5062 quod
2344 5009 2448 5046 non
2482 4992 2628 5047 vides
2655 5036 2669 5060 ,
2703 4993 2823 5063 quia
2855 4993 2921 5048 de
2962 4993 3171 5063 virgine
3211 5002 3386 5047 natus.
3445 4991 3746 5059 Quantulus

2160 5093 2273 5149 est,
2318 5083 2520 5154 inquit,
2565 5083 2655 5154 qui
2685 5093 2840 5138 natus
2867 5084 2985 5138 est?
3023 5083 3129 5139 Sed
3158 5093 3385 5153 quantus
3410 5091 3524 5148 est,
3562 5081 3650 5151 qui
3682 5080 3749 5134 de

2160 5175 2367 5245 virgine
2416 5184 2570 5228 natus
2609 5174 2728 5228 est?
2787 5175 2854 5228 Et
2884 5173 2972 5228 ille
3000 5173 3090 5243 qui
3121 5173 3188 5229 de
3224 5173 3428 5244 virgine
3456 5183 3617 5227 natus
3644 5180 3745 5234 est,

2161 5266 2476 5320 miraculum
2515 5265 2806 5336 temporale
2850 5265 2944 5321 tibi
2984 5265 3164 5320 attulit
3196 5284 3208 5320 :
3241 5280 3347 5318 non
3373 5273 3456 5319 est
3493 5270 3649 5317 natus
3685 5263 3754 5316 de

2167 5369 2334 5430 patre,
2362 5359 2566 5413 scilicet
2585 5358 2651 5412 de
2667 5367 2816 5429 patre
2844 5357 3085 5423 homine,
3106 5365 3159 5413 et
3187 5367 3340 5411 natus
3365 5365 3448 5410 est
3467 5355 3536 5409 dc
3561 5369 3730 5409 carne

2165 5451 2268 5508 Sed
2309 5467 2414 5506 non
2462 5451 2556 5507 tibi
2607 5451 2848 5506 videatur
2885 5450 3255 5522 impossibile,
3307 5449 3429 5519 quia
3472 5456 3633 5503 natus
3673 5458 3762 5501 est

2233 5636 2249 5668 ¹
2278 5642 2408 5690 t.ov.,
2425 5634 2552 5696 jam,
2575 5647 2682 5696 pro.
2698 5634 2882 5697 janme.
3013 5696 3018 5697 ί
3200 5695 3208 5697 _
3478 5640 3488 5654 ‘

2229 5697 2302 5760 (a)
2327 5705 2402 5801 (te.
2426 5693 2618 5748 'uened.
2647 5693 2723 5749 hic
2763 5697 2925 5749 ferunt
2967 5696 3027 5747 ad
3059 5695 3363 5759 marginem:
3391 5699 3541 5743 Locus
3563 5693 3731 5741 ηκοιώ

2168 5775 2270 5814 sus.
2334 5769 2385 5808 .l.
