4098 6310
373 282 472 338 τθι

370 413 465 471 per
495 396 663 453 solam
693 399 914 447 matrem
941 429 955 454 ,
995 386 1084 457 qui
1129 386 1253 440 fecit
1283 376 1533 432 homnem
1599 382 1721 432 ante
1744 379 1950 445 patrem

368 502 420 549 et
453 496 699 544 matrem.

445 597 672 657 CAPUT
703 596 766 652 V.
780 624 850 635 —
870 592 923 648 6.
943 591 996 646 Μ
1002 590 1193 645 iracqu
1212 585 1484 644 nativitatis
1499 582 1684 640 Christi
1699 595 1952 636 movemur

371 694 440 748 ad
481 689 786 746 credendum
814 686 977 740 Deum
1026 681 1262 738 Verbum.
1315 678 1508 736 Attulit
1541 690 1670 747 ergo
1699 673 1792 731 tibi
1813 681 1954 729 tem-

375 782 560 854 porale
587 779 923 842 miraculum,
951 783 1008 830 ut
1027 782 1083 828 tu
1107 789 1228 828 eum
1248 784 1455 842 quaeras
1478 777 1532 854 ﬁt
1558 766 1768 822 mireris
1797 773 1954 818 mter-

381 784 560 854 porale
587 784 923 842 miraculum,
951 784 1008 830 ut
1027 784 1083 828 tu
1107 789 1228 828 eum
1248 784 1455 842 quaeras
1513 784 1532 824 t
1558 784 1768 822 mireris
1797 784 1954 818 atter-

381 887 526 928 num.
557 869 766 925 Etenim
800 868 912 936 ipse
943 864 1032 934 qui
1063 875 1311 932 tanquam
1349 784 1578 929 Spongus
1606 854 1865 927 processit
1888 851 1955 906 de

403 962 620 1017 halamo
650 974 748 1015 suo
777 957 946 1030 (Psat.
977 970 1102 1010 xvm
1124 995 1138 1020 ,
1167 953 1242 1025 6),
1276 951 1342 1007 de
1372 961 1522 1005 utero
1564 946 1766 1003 scilicet
1789 941 1954 1012 virgi-

374 1057 506 1120 nali,
539 1054 630 1110 ubi
656 1060 856 1107 sancta:
881 1048 1078 1118 nuptize
1106 1047 1256 1102 factm
1282 1053 1426 1109 sunt,
1458 1039 1688 1096 Verbum
1711 1047 1766 1092 et
1793 1049 1951 1099 caro;

374 1145 589 1209 attulit,
625 1143 840 1212 inquam
860 1181 874 1206 ,
908 1137 1222 1194 miraculum
1253 1131 1544 1204 temporale
1575 1149 1587 1185 :
1617 1128 1711 1186 sed
1739 1128 1851 1197 ipse
1875 1134 1957 1180 cst

375 1245 644 1300 aeternus,
695 1231 810 1301 ipse
847 1237 931 1285 est
956 1229 1099 1284 Patri
1137 1235 1467 1289 coaeternus,
1505 1223 1620 1292 ipse
1654 1229 1738 1275 est
1773 1217 1861 1288 qui
1903 1216 1956 1270 in

377 1327 626 1398 principio
650 1333 758 1380 erat
796 1321 1011 1376 Verbum
1035 1362 1050 1386 ,
1077 1328 1123 1374 et
1168 1317 1379 1371 Verbum
1407 1323 1512 1368 erat
1534 1311 1671 1383 apud
1697 1310 1880 1374 Deum,
1909 1317 1956 1362 et

377 1419 518 1474 Deus
561 1425 666 1471 erat
705 1413 944 1468 Verbum.
991 1411 1138 1467 Fecit
1170 1409 1262 1464 tibi
1304 1407 1443 1462 unde
1467 1403 1734 1461 sanareris
1757 1443 1773 1467 ,
1805 1409 1863 1456 ut
1883 1402 1958 1454 vi-

377 1512 504 1565 dere
535 1522 721 1579 posses
754 1503 895 1576 quod
930 1518 1035 1558 non
1072 1501 1311 1557 videbas.
1359 1497 1511 1564 Quod
1562 1493 1860 1551 contemnis
1903 1492 1956 1546 in

377 1600 593 1656 Christo
617 1640 632 1667 ,
661 1597 896 1653 nondum
924 1605 1008 1651 est
1035 1591 1411 1661 contemplatio
1436 1587 1604 1643 sanati
1627 1626 1640 1650 ,
1670 1585 1763 1640 sed
1786 1582 1956 1638 medi-

376 1701 679 1748 camentum
715 1687 922 1759 aegroti.
965 1685 1084 1742 Noli
1132 1684 1385 1740 festinare
1418 1679 1487 1737 ad
1516 1679 1770 1736 visionem
1799 1691 1958 1732 sano-

375 1799 520 1840 rum.
549 1781 738 1853 Angeli
761 1779 960 1846 vident,
992 1777 1173 1848 Angeli
1189 1773 1439 1846 gaudent,
1464 1770 1652 1841 Angeli
1675 1775 1960 1840 pascuntur

380 1885 433 1929 et
461 1874 650 1928 vivunt
680 1891 694 1926 :
721 1885 824 1926 nec
848 1868 1030 1925 deﬁcit
1058 1867 1198 1923 unde
1227 1872 1542 1936 pascuntur,
1581 1875 1681 1916 nec
1707 1858 1960 1914 minuitur

381 1980 506 2021 esca
537 1965 794 2035 ipsorum.
823 1961 878 2016 In
903 1959 1218 2016 sublimibus
1249 1956 1481 2022 thronis,
1509 1955 1565 2010 in
1589 1951 1827 2024 partibus
1851 1965 1960 2006 ete-

382 2057 554 2112 lorum
580 2097 596 2122 ,
633 2055 686 2110 in
724 2055 807 2108 his
842 2067 960 2123 qua:
994 2065 1153 2122 supra
1191 2049 1358 2105 caelos
1400 2054 1552 2113 sunt,
1593 2044 1803 2100 videtur
1831 2042 1963 2096 Ver-

380 2148 508 2202 bum
537 2146 606 2201 ab
631 2144 864 2215 Angelis,
885 2151 940 2198 et
961 2141 1221 2212 gaudetur
1252 2158 1267 2194 :
1295 2148 1350 2195 et
1371 2137 1734 2200 manducatur,
1765 2140 1820 2190 et
1845 2147 1964 2204 per-

381 2247 582 2294 manet.
625 2236 730 2292 Scd
757 2244 814 2290 ut
838 2249 1028 2305 lienem
1055 2232 1380 2303 Angelorum
1405 2227 1750 2284 manducaret
1777 2225 1959 2292 homo,

381 2329 638 2384 Dominus
664 2326 988 2396 Angelorum
1029 2322 1199 2379 factus
1233 2331 1315 2378 est
1352 2321 1533 2375 homo.
1561 2319 1685 2373 Iltcc
1710 2325 1792 2372 est
1819 2315 1964 2372 salus

383 2428 567 2475 nostra
601 2435 612 2470 :
647 2416 910 2472 medicina
940 2413 1292 2479 inﬁrmorum,
1324 2413 1471 2467 cibus
1493 2424 1764 2466 sanorum.

454 2517 507 2568 7.
543 2511 920 2583 Explicandum
955 2509 1204 2580 quomodo
1248 2507 1410 2561 Filius
1441 2505 1592 2576 faciat
1629 2519 1742 2574 qua:
1781 2502 1964 2558 viderit

386 2606 598 2662 Patrem
625 2606 908 2676 facientem.
937 2601 1004 2656 Et
1034 2600 1349 2670 loquebatdr
1377 2595 1704 2662 hominibus,
1737 2603 1794 2649 et
1821 2593 1969 2647 dice-

382 2699 475 2756 bat
502 2695 642 2767 quod
671 2694 894 2750 audistis
927 2711 940 2746 :
974 2691 1095 2746 Non
1115 2700 1273 2762 potest
1295 2689 1462 2743 Filius
1491 2705 1523 2741 a
1548 2704 1600 2742 se
1622 2691 1789 2758 facere
1817 2687 1966 2756 quid-

384 2807 554 2862 qumn,
589 2789 687 2843 nisi
715 2787 848 2851 quod
867 2785 1042 2840 viderit
1069 2783 1277 2838 Patrem
1315 2782 1599 2853 facientem.
1633 2779 1841 2843 Jamne,
1871 2792 1971 2848 pn-

384 2891 583 2945 tamus,
607 2887 689 2935 est
711 2877 902 2948 aliquis
925 2877 1012 2946 qui
1034 2873 1328 2946 intelligat?
1357 2873 1567 2935 Jamne,
1593 2879 1854 2938 putamus,
1885 2875 1970 2922 est

387 2975 580 3044 aliquis
609 2973 660 3027 in
695 2986 799 3042 quo
822 2970 1030 3041 prolicit
1063 2968 1338 3039 collyrium
1365 2964 1540 3020 carnis
1565 2963 1631 3018 ad
1659 2961 1969 3018 intuendum

388 3077 675 3136 utcumque
716 3062 1055 3135 Splendorem
1094 3059 1426 3117 divinitatis?
1470 3057 1706 3112 Locutus
1733 3063 1850 3118 est,
1892 3053 1970 3107 lo-

389 3175 616 3229 quamur
639 3166 693 3213 et
737 3170 875 3212 nos:
919 3156 1010 3210 ille
1036 3195 1051 3219 ,
1093 3154 1216 3224 quia
1255 3151 1523 3215 Verbum;
1570 3163 1702 3215 nos,
1744 3145 1866 3217 quia
1904 3145 1972 3200 de

394 3251 586 3306 Verbo.
633 3249 808 3316 Quare
844 3254 1021 3302 autem
1052 3260 1150 3300 nos
1189 3251 1473 3313 utcumque
1499 3240 1568 3296 de
1607 3237 1814 3294 Verbo?
1840 3236 1972 3304 Quia

394 3342 461 3396 ad
491 3339 892 3396 similitudinem
925 3336 1086 3392 Verbi
1113 3349 1211 3405 per
1240 3333 1500 3389 Verbum.
1550 3329 1818 3398 Quantum
1845 3341 1974 3396 ergo

392 3433 652 3502 capimus,
675 3438 932 3502 quantum
958 3427 1097 3482 illius
1127 3424 1516 3482 ineﬁ'abilitatis
1544 3423 1830 3492 participes
1855 3433 1976 3475 esse

395 3537 676 3594 possumus
687 3521 1013 3590 ,,loquamur
1035 3528 1088 3574 et
1111 3531 1229 3583 nos,
1257 3530 1357 3571 nec
1376 3513 1770 3570 contradicatur
1800 3509 1975 3564 nobis.

396 3613 673 3668 Praecessit
700 3612 842 3667 enim
884 3609 1014 3664 fides
1051 3616 1270 3671 nostra,
1323 3615 1382 3660 ut
1423 3604 1700 3667 dicamus,
1749 3601 1975 3665 Credidi,

396 3714 599 3776 propter
643 3702 777 3774 quod
825 3702 1019 3754 locutus
1061 3714 1174 3752 sum
1218 3696 1390 3766 (Psal.
1419 3711 1556 3759 ειν,
1602 3694 1717 3764 10).
1767 3693 1981 3763 Loquor

398 3808 526 3861 ergo
550 3793 691 3862 quod
714 3790 876 3845 credo
907 3807 919 3842 :
952 3797 1141 3842 utrum
1157 3787 1319 3841 etiam
1347 3794 1634 3853 utcumque
1654 3782 1809 3837 video
1833 3824 1849 3849 ,
1892 3781 1982 3837 ille

399 3886 573 3955 magis
610 3883 787 3945 videt;
823 3882 924 3934 hoc
953 3878 1134 3933 videre
1169 3891 1266 3932 vos
1294 3891 1398 3931 non
1433 3875 1673 3946 potestis.
1727 3873 1832 3929 Sed
1861 3887 1983 3928 cum

399 3976 612 4038 dixero,
643 3972 731 4041 qui
764 3968 906 4024 videt
931 3969 1071 4038 quod
1101 3967 1242 4035 (lico,
1271 3967 1385 4021 sive
1410 3965 1592 4020 credat
1611 3974 1664 4018 et
1693 3980 1775 4019 mc
1805 3963 1984 4017 videre

400 4065 544 4137 quod
583 4063 723 4128 dixi,
752 4063 865 4118 sive
885 4076 990 4115 non
1011 4060 1215 4125 credat,
1243 4058 1366 4128 quid
1393 4057 1456 4111 ad
1485 4073 1569 4110 me
1597 4055 1768 4110 illud?
1797 4054 1983 4110 Since-

402 4157 534 4212 riter
565 4153 774 4219 videat,
803 4161 858 4208 et
885 4152 952 4207 de
977 4167 1062 4205 me
1083 4150 1225 4220 quod
1256 4149 1366 4202 vult
1391 4147 1594 4203 credat.

474 4267 700 4323 CAPUT
732 4265 821 4320 Vl.
848 4297 918 4305 ——
943 4266 996 4321 8.
1028 4265 1327 4318 Arianorum
1357 4279 1496 4317 error
1515 4263 1566 4315 in
1596 4261 1751 4315 verbis
1772 4259 1987 4313 domini-

406 4362 574 4415 cis.—
592 4358 714 4412 Non
740 4367 898 4428 potest
926 4357 1090 4411 Filius
1115 4373 1145 4408 a
1171 4372 1222 4410 se
1247 4356 1412 4424 facere
1438 4354 1727 4425 quidquam,
1747 4353 1844 4406 nisi
1856 4351 1989 4420 quod

407 4451 586 4506 viderit
616 4448 824 4502 Patrem
853 4449 1135 4520 facientem.
1171 4448 1265 4501 Hic
1286 4448 1604 4501 Arianorum
1628 4460 1781 4499 error
1801 4459 1990 4499 exsur-

407 4545 484 4613 git
517 4561 529 4597 :
559 4543 652 4598 sed
691 4543 960 4614 exsurgit,
989 4550 1046 4595 ut
1074 4541 1254 4604 cadat;
1300 4541 1420 4610 quia
1451 4554 1552 4592 non
1585 4537 1910 4602 humilialur,
1934 4545 1992 4590 ut

410 4646 610 4704 surgat.
644 4633 779 4700 Quid
811 4643 894 4689 est
918 4632 1060 4703 quod
1090 4642 1139 4686 te
1175 4633 1374 4684 movit?
1405 4630 1592 4684 Filium
1625 4629 1884 4682 minorem
1913 4628 1990 4683 vis

410 4729 611 4781 dicrre.
665 4725 868 4780 Audisti
911 4726 1088 4787 enim,
1139 4723 1258 4777 Non
1297 4731 1452 4792 potest
1491 4721 1660 4775 Filius
1684 4739 1714 4774 a
1743 4738 1795 4775 se
1829 4722 1994 4790 facere

413 4819 720 4890 quidquam,
753 4818 850 4872 nisi
892 4817 1025 4889 quod
1057 4816 1234 4869 viderit
1262 4813 1468 4868 Patrem
1496 4814 1779 4886 facientem.
1825 4814 1993 4867 Mino-

415 4929 528 4966 rem
559 4913 637 4966 vis
672 4927 734 4967 ex
767 4911 869 4966 hoc
900 4909 1088 4964 Filium
1118 4908 1222 4962 diei
1254 4927 1265 4962 :
1299 4909 1417 4961 novi
1448 4905 1547 4962 hoc
1567 4947 1582 4972 ,
1627 4907 1780 4970 novi,
1812 4905 1914 4959 hoc
1945 4914 1996 4959 te

415 5008 627 5062 movit:
661 5006 819 5061 crede
866 5005 1124 5059 minorem
1175 5017 1282 5056 non
1329 5015 1484 5067 esse,
1538 5001 1717 5054 videre
1761 4999 1996 5053 nondum

417 5107 588 5167 potes,
617 5096 774 5152 crede
796 5137 808 5160 ,
841 5095 943 5150 hoc
968 5102 1050 5149 est
1075 5092 1216 5163 quod
1248 5093 1403 5162 paulo
1433 5101 1556 5147 anle
1582 5091 1845 5146 dicebam.
1891 5089 1996 5145 Sed

423 5189 725 5259 quomodo,
771 5187 1018 5257 inquies,
1070 5194 1252 5240 contra
1291 5185 1450 5239 verba
1500 5184 1664 5254 ipsius
1701 5183 1999 5238 crediturus

421 5282 579 5336 sum?
622 5281 740 5351 Ipse
767 5280 896 5334 dicit
920 5321 935 5343 ,
974 5277 1098 5331 Non
1135 5285 1294 5347 potest
1335 5275 1502 5329 Filius
1527 5293 1558 5328 a
1581 5291 1633 5329 se
1660 5277 1826 5345 facere
1849 5273 1999 5344 quid-

415 5390 568 5442 quam
588 5415 603 5439 ,
646 5373 748 5426 nisi
772 5370 907 5442 quod
935 5370 1109 5424 viderit
1147 5367 1350 5422 Patrem
1380 5367 1661 5437 facientem.
1695 5365 1923 5421 Attende
1947 5375 2002 5422 et

417 5461 557 5532 quod
602 5461 840 5532 sequitur
867 5478 880 5514 :
913 5459 1253 5528 Quazcumque
1287 5457 1419 5512 enim
1465 5457 1585 5527 facit
1624 5455 1794 5520 Pater,
1827 5455 2002 5510 eadem

420 5561 466 5607 et
505 5551 670 5606 Filius
710 5552 874 5621 facit:
905 5567 1008 5606 non
1053 5550 1224 5615 dixit,
1258 5549 1424 5603 Talia.
1455 5547 1734 5603 Paululum
1764 5546 2004 5602 attendat

425 5643 668 5698 Charitas
694 5651 890 5710 vestra,
923 5657 990 5696 ne
1018 5639 1409 5710 vobismetipsis
1453 5638 1733 5708 strepitum
1781 5637 2000 5710 faciatis.

426 5736 735 5808 Tranquillo
756 5735 916 5792 corde
943 5748 1079 5805 opus
1106 5741 1216 5800 cst,
1244 5732 1324 5804 pia
1353 5741 1405 5789 ct
1427 5731 1616 5788 devota
1645 5730 1747 5788 ﬁde
1767 5771 1780 5797 ,
1829 5729 1971 5785 inlen
2000 5760 2004 5764 η

1750 250 1979 308 51311110
2019 249 2250 306 CXXVI.

3533 254 3635 308 70?.

2061 368 2204 423 tionc
2230 365 2513 438 religiosa:
2547 381 2650 420 non
2697 363 2749 419 in
2787 379 2872 419 me
2915 363 3216 429 vasculum,
3255 361 3352 417 sed
3393 363 3444 417 in
3487 362 3636 418 illum

2058 458 2314 514 attendite
2343 458 2431 528 qni
2467 473 2654 526 panem
2691 457 2840 528 ponit
2867 457 2919 510 in
2948 455 3179 509 vasculo.
3209 453 3482 509 Attendite
3501 469 3631 524 ergo

2061 550 2352 620 paululum.
2392 549 2447 602 ln
2481 549 2560 602 his
2599 547 2740 602 enim
2779 562 2897 617 qua:
2927 561 3087 617 supra
3115 543 3344 600 diximus
3364 543 3639 599 hortantes

2058 641 2125 695 ad
2155 641 2333 702 ﬁdem,
2360 650 2414 692 ut
2436 638 2642 693 animus
2669 637 2902 693 imbutus
2928 636 3032 690 ﬁde
3049 637 3117 690 sit
3137 635 3435 690 intellectus
3449 649 3635 704 capax,

1995 768 2003 776 -
2059 747 2122 786 ea
2149 748 2265 802 quae
2293 731 2431 786 dicta
2463 737 2588 786 sunt
2612 769 2625 793 ,
2660 729 2844 784 festiva
2869 770 2881 793 ,
2907 728 3024 781 laeta
3047 769 3060 794 ,
3091 726 3262 781 facilia
3282 768 3297 792 ,
3325 735 3637 790 sonuerunt,

2061 821 2485 878 exhilaravernnt
2532 827 2737 875 mentes
2777 827 3022 883 vestras,
3063 816 3231 872 secuti
3272 816 3440 882 estis,
3483 814 3642 869 intel-

2060 913 2263 968 lexistis
2293 928 2410 982 qua:
2437 911 2566 966 dixi.
2599 910 2729 978 Quae
2755 923 2883 964 vero
2909 908 3144 962 dicturus
3175 921 3291 962 sum
3313 946 3327 972 ,
3359 919 3516 975 spero
3546 903 3642 956 ali-

2061 1019 2193 1074 quos
2233 1005 2636 1058 intellecturos:
2673 1015 2863 1056 vereor
2907 1008 3082 1054 tamen
3124 1014 3229 1052 non
3269 1011 3458 1052 omnes
3488 995 3647 1050 intel-

2061 1094 2312 1150 lecturos.
2366 1094 2432 1149 Et
2457 1094 2579 1164 quia
2605 1094 2744 1148 Deus
2770 1090 2923 1146 nobis
2951 1089 3224 1160 proposuit
3244 1104 3338 1159 per
3358 1087 3643 1143 lectionem

2061 1186 2333 1258 Evangelii
2365 1185 2503 1239 unde
2548 1184 2818 1250 dicamus,
2861 1193 2960 1236 nec
2997 1182 3164 1236 vitare
3195 1193 3474 1250 possumus
3502 1174 3644 1248 quod

2062 1276 2337 1346 proposuit
2376 1274 2652 1344 Magister;
2695 1273 2831 1327 forte
2879 1284 3068 1326 vereor
3109 1284 3176 1324 ne
3205 1270 3294 1339 qui
3334 1283 3438 1324 non
3483 1266 3644 1321 intel—

2063 1371 2320 1434 lexerint,
2367 1369 2454 1436 qui
2487 1366 2732 1422 fortassis
2762 1365 2940 1435 plures
2969 1369 3159 1428 erunt,
3199 1369 3382 1430 putent
3414 1373 3501 1414 me
3530 1357 3644 1413 fru-

2061 1472 2172 1516 stra
2218 1461 2317 1515 sibi
2350 1460 2582 1514 locutum
2617 1475 2629 1511 :
2657 1455 2751 1512 scd
2777 1464 2959 1510 tamen
2991 1461 3216 1524 propter
3251 1466 3344 1507 eos
3366 1450 3458 1521 qui
3487 1449 3644 1504 intel-

2063 1553 2292 1608 lexerint
2329 1567 2435 1606 non
2486 1550 2684 1604 frustra
2727 1548 2934 1618 loquor.
2977 1545 3212 1602 Lmtetur
3243 1543 3334 1613 qui
3381 1539 3643 1610 intelligit,

2063 1643 2327 1714 patienter
2365 1642 2498 1696 ferat
2522 1639 2612 1711 qni
2640 1653 2745 1694 non
2781 1636 3025 1707 intelligit
3057 1653 3068 1689 :
3102 1633 3242 1706 quod
3274 1647 3380 1688 non
3403 1630 3646 1700 intelligit

2063 1736 2230 1800 ferat,
2262 1743 2316 1788 et
2341 1741 2400 1787 ut
2425 1732 2686 1802 intelligat
2711 1729 2921 1785 dill‘erat
2947 1729 2986 1780 ι.

2133 1825 2357 1882 CAPUT
2387 1825 2495 1880 VII.
2524 1853 2596 1864 —
2620 1823 2673 1878 9.
2703 1821 2909 1894 Refellit
2933 1819 3167 1874 Arianos.
3210 1813 3477 1870 Carnalem
3511 1812 3648 1882 ipso-

2063 1935 2178 1972 rum
2203 1933 2405 1972 sensum
2433 1915 2674 1986 exlilodit.
2727 1913 2854 1980 Qua:
2889 1912 3006 1984 fecit
3037 1909 3193 1964 Pater
3219 1907 3418 1963 nonnisi
3442 1921 3530 1976 per
3557 1902 3648 1957 Fi-

2065 2011 2188 2066 lium
2213 2009 2348 2082 fecit.
2379 2007 2498 2063 Non
2520 2021 2649 2077 ergo
2668 2004 2763 2072 ait,
2789 2004 3148 2072 Quaecumque
3164 2001 3321 2056 Pater
3347 1997 3492 2062 facit,
3520 1993 3648 2049 talia

2066 2102 2230 2157 Filius
2252 2100 2412 2155 facit:
2440 2107 2689 2168 tanquam
2721 2097 2822 2151 alia
2853 2094 3010 2149 faciat
3033 2093 3223 2157 Pater,
3254 2100 3307 2146 et
3330 2088 3430 2144 alia
3460 2085 3647 2141 Filius.

2064 2191 2357 2247 Videbatur
2387 2189 2529 2245 enim
2560 2197 2810 2257 tanquam
2839 2185 2947 2240 hoc
2987 2183 3216 2249 dixisse,
3257 2194 3377 2236 cum
3407 2171 3651 2248 superius

2067 2283 2298 2345 diceret,
2327 2281 2449 2335 Non
2476 2280 2598 2352 facit
2624 2296 2656 2333 a
2675 2295 2729 2334 se
2751 2277 2917 2332 Filius
2940 2275 3217 2347 quidquam
3238 2314 3254 2340 ,
3296 2271 3394 2326 nisi
3423 2267 3559 2340 quod
3579 2268 3653 2320 vi-

2068 2374 2194 2428 derit
2227 2371 2434 2425 Patrem
2468 2371 2760 2440 facientem.
2794 2367 3013 2422 Intende
3044 2382 3056 2418 :
3085 2378 3258 2434 neque
3297 2361 3368 2416 ibi
3394 2360 3500 2424 ait,
3539 2355 3652 2412 Nisi

2067 2465 2207 2536 quod
2231 2463 2458 2519 audierit
2491 2462 3026 2531 Patrem-iubentem;
3051 2457 3178 2523 sed,
3215 2454 3433 2521 Viderit,
3462 2452 3649 2522 inquit,

2073 2556 2281 2610 Patrem
2305 2555 2590 2626 facientem.
2635 2552 2690 2608 Si
2717 2565 2844 2621 ergo
2871 2548 3140 2605 carnalem
3165 2544 3492 2600 intellectum
3513 2582 3528 2607 ,
3568 2539 3654 2594 vel

2072 2649 2252 2719 potius
2271 2663 2486 2703 sensum
2526 2647 2916 2714 interrogemus
2942 2682 2958 2708 ,
2983 2640 3134 2712 quasi
3165 2639 3298 2692 duos
3318 2636 3420 2692 sibi
3455 2646 3653 2704 propo-

2071 2741 2178 2794 suit
2218 2739 2450 2795 artiﬁces
2475 2779 2490 2802 ,
2537 2738 2748 2791 Patrem
2773 2742 2826 2790 et
2853 2732 3078 2797 Filium;
3124 2731 3333 2784 Patrem
3373 2725 3654 2781 facientem

2075 2832 2219 2886 nullo
2246 2831 2359 2885 viso
2379 2870 2395 2896 ,
2443 2829 2638 2883 Filium
2675 2826 2954 2880 facientem
2982 2837 3013 2876 a
3041 2822 3200 2876 Patre
3237 2818 3376 2873 viso.
3413 2811 3655 2871 Carnalis

2073 2924 2247 2978 adhuc
2283 2930 2529 2992 aspectus
2561 2929 2663 2976 est.
2715 2917 3093 2974 Verumtamen
3133 2923 3192 2966 ut
3229 2926 3292 2966 ea
3343 2923 3464 2980 qua:
3493 2919 3655 2974 supe-

2074 3016 2214 3071 riora
2237 3021 2360 3067 sunt
2380 3012 2764 3085 intelligamus,
2799 3009 2900 3063 ista
2930 3004 3214 3060 humiliora
3239 3008 3294 3057 et
3317 2999 3522 3068 abjecta
3549 3008 3654 3049 non

2076 3108 2427 3164 declinemus.
2447 3104 2626 3159 Primo
2646 3103 2724 3157 sic
2745 3100 2898 3155 nobis
2923 3107 3046 3152 ante
3067 3095 3250 3152 oculos
3275 3089 3658 3147 constituamus

2076 3197 2272 3267 aliquid
2294 3238 2309 3261 ,
2342 3204 2589 3266 putemus
2615 3207 2733 3247 esse
2757 3191 2894 3246 duos
2923 3189 3100 3243 fabros
3120 3227 3134 3251 ,
3165 3192 3368 3256 patrem
3394 3190 3448 3237 et
3469 3179 3656 3232 ﬁlium.

2077 3290 2228 3348 Fecit
2271 3297 2420 3359 pater
2445 3300 2656 3350 arcam,
2701 3298 2860 3354 quam
2906 3281 3042 3335 ﬁlius
3085 3277 3261 3332 faccre
3286 3290 3390 3330 non
3428 3278 3658 3343 poterat,

2080 3380 2182 3436 nisi
2221 3388 2426 3449 patrem
2465 3374 2671 3430 videret
2700 3372 2977 3427 facientem
3001 3386 3016 3422 :
3045 3365 3269 3422 attendit
3293 3377 3472 3418 arcam
3499 3374 3659 3431 quam

2080 3471 2206 3527 fecit
2230 3477 2400 3540 pater,
2428 3477 2482 3522 et
2509 3467 2634 3522 fecit
2655 3479 2834 3520 arcam
2858 3462 3015 3516 aliam
3048 3459 3227 3523 talem,
3256 3471 3362 3510 non
3393 3453 3658 3509 eamdem.

2080 3532 2278 3618 Diﬁ'cro
2306 3532 2570 3628 paululum
2601 3553 2761 3610 verba
2791 3567 2909 3621 qua:
2935 3556 3248 3618 sequuntur,
3280 3553 3334 3600 et
3353 3543 3462 3614 jam
3493 3543 3659 3596 inter-
3686 3532 3689 3533 ⁷

2082 3667 2214 3723 rogo
2241 3650 2493 3704 Arianum
2527 3663 2541 3700 :
2570 3645 2778 3701 Siccine
2802 3640 3072 3710 intelligis,
3091 3635 3358 3709 quomodo
3376 3630 3664 3704 proposui?

2084 3742 2236 3800 Fecit
2261 3741 2420 3795 Pater
2440 3736 2638 3808 aliquid
2659 3778 2674 3802 ,
2715 3732 2856 3805 quod
2892 3747 3012 3787 cum
3041 3729 3244 3784 videret
3266 3727 3430 3781 Filius
3450 3725 3666 3779 Patrem

2086 3835 2388 3896 facientem,
2410 3829 2531 3885 fecit
2554 3839 2607 3883 et
2623 3828 2736 3897 ipse
2750 3825 2852 3880 talc
2868 3821 3102 3893 aliquid?
3133 3820 3242 3874 lloc
3254 3817 3394 3873 enim
3420 3813 3667 3869 videntur

2087 3939 2281 3981 sonare
2300 3921 2462 3978 verba
2485 3963 2500 3986 ,
2547 3919 2740 3990 quibus
2761 3923 3034 3986 permotus
3059 3911 3161 3966 es?
3190 3909 3372 3978 Neque
3401 3905 3541 3960 enim
3567 3903 3663 3969 ait,

2087 4017 2201 4071 Non
2227 4022 2401 4084 potest
2437 4027 2466 4066 a
2495 4027 2552 4066 se
2597 4009 2770 4064 facere
2803 4006 2968 4060 Filius
3009 4001 3296 4073 quidquam
3320 4039 3335 4064 ,
3387 3997 3488 4052 nisi
3523 3992 3664 4065 quod

2089 4107 2314 4162 audierit
2353 4106 2562 4158 Patrem
2599 4100 2872 4170 jubentcm
2906 4116 2917 4148 :
2948 4095 3038 4149 sed
3069 4095 3178 4157 ait,
3218 4091 3338 4144 Non
3381 4097 3540 4159 potest
3565 4101 3668 4139 ase

2092 4201 2256 4269 facere
2300 4195 2465 4269 Filius
2503 4193 2805 4262 quidquam,
2850 4187 2945 4241 nisi
2982 4183 3114 4255 quod
3143 4183 3316 4236 viderit
3348 4179 3552 4235 Patrem
3583 4181 3666 4248 fa-

2093 4267 2320 4343 cientem.
2354 4267 2490 4340 Ecce
2519 4284 2660 4338 sisic
2687 4280 2935 4358 intelligis
2955 4319 2969 4344 ,
2997 4277 3117 4332 fecit
3143 4276 3300 4330 Pater
3320 4316 3334 4339 ,
3359 4281 3412 4328 et
3439 4269 3668 4326 attendit

2094 4380 2263 4436 Filius
2283 4420 2297 4443 ,
2325 4387 2384 4433 ut
2412 4377 2615 4432 videret
2637 4385 2690 4429 et
2717 4375 2828 4442 ipse
2848 4371 2989 4442 quod
3018 4370 3246 4434 faceret;
3276 4366 3471 4421 faceret
3493 4373 3672 4418 autem

2095 4470 2235 4528 aliud
2284 4468 2496 4538 aliquod
2543 4467 2676 4531 tale,
2719 4465 2874 4534 quale
2919 4461 3120 4516 fecerat
3148 4460 3322 4514 Pater.
3375 4457 3486 4510 Iloc
3532 4453 3673 4524 quod

2096 4564 2222 4621 fecit
2247 4564 2404 4618 Pater
2426 4602 2441 4626 ,
2475 4575 2570 4630 per
2605 4573 2760 4628 quem
2807 4555 2973 4610 fecit?
3013 4553 3069 4609 Si
3099 4568 3203 4606 non
3241 4566 3336 4620 per
3365 4547 3554 4601 Filium
3575 4586 3589 4609 ,
3629 4544 3674 4598 si

2098 4673 2204 4714 non
2231 4671 2325 4726 per
2352 4652 2624 4714 Verbum;
2670 4645 2937 4704 incurristi
2978 4644 3030 4699 in
3071 4639 3454 4710 blasphemiam
3499 4636 3675 4689 Evan-

2097 4720 2246 4818 gelii:
2291 4743 2474 4800 Omnia
2505 4741 2645 4796 enim
2672 4755 2760 4807 per
2794 4738 2960 4807 ipsum
2997 4734 3132 4802 facta
3157 4739 3272 4785 sunt
3316 4725 3491 4797 (Joan.
3523 4739 3568 4787 ι,
3597 4720 3673 4794 5).

2102 4813 2242 4908 131⁸80
2280 4836 2391 4904 jam
2430 4831 2570 4902 quod
2612 4829 2810 4884 fecerat
2836 4827 2992 4881 Pater
3014 4864 3029 4889 ,
3061 4837 3155 4891 per
3185 4818 3415 4874 Verbum
3439 4813 3677 4870 fecerat:

2101 4929 2146 4984 si
2178 4904 2270 4998 per
2305 4924 2536 4979 Verbum
2566 4919 2765 4976 fecerat
2789 4959 2804 4984 ,
2833 4931 2928 4986 per
2959 4913 3149 4968 Filium
3182 4910 3397 4962 fecerat.
3444 4904 3573 4973 Quis
3598 4913 3678 4957 est

2103 4993 2239 5072 alius
2263 5016 2352 5086 qui
2375 5011 2620 5079 attendit,
2651 5019 2706 5064 ut
2734 5007 2892 5063 faciat
2927 5003 3067 5059 aliud
3094 4998 3290 5070 aliquid
3321 4995 3460 5067 quod
3492 4993 3681 5048 viderit

2104 5085 2315 5166 Patrem
2341 5103 2657 5160 facientem?
2697 5100 2810 5156 Non
2839 5096 3024 5153 soletis
3051 5093 3230 5148 dicere
3257 5089 3390 5145 duos
3421 5086 3557 5141 ﬁlios
3583 5085 3682 5138 ha-

2104 5200 2234 5256 bere
2261 5197 2473 5252 Patrem
2507 5213 2519 5247 :
2550 5207 2686 5248 unus
2723 5199 2804 5245 est
2843 5188 3040 5244 Unicus
3077 5183 3144 5239 de
3181 5182 3271 5236 illo
3312 5179 3540 5250 genitus.
3585 5176 3686 5230 Per

2105 5286 2528 5347 misericordiam
2565 5299 2692 5339 vero
2720 5296 2869 5337 suam
2891 5321 2905 5348 ,
2950 5277 3097 5332 solus
3135 5273 3202 5328 ad
3236 5270 3563 5328 divinitatem
3585 5309 3599 5334 ,
3632 5276 3686 5322 et

2109 5398 2214 5438 non
2244 5380 2389 5436 solus
2410 5377 2477 5433 ad
2509 5374 2898 5431 hacreditatcm.
2937 5365 3256 5426 Colncredes
3283 5362 3453 5419 Unico
3479 5375 3576 5414 suo
3605 5358 3685 5412 fe-

2109 5475 2181 5528 cit
2217 5471 2412 5527 Pater:
2443 5485 2548 5524 non
2589 5481 2722 5538 quos
2761 5465 2827 5519 de
2871 5477 2963 5517 sua
3003 5456 3296 5516 substantia
3335 5453 3469 5509 sicut
3513 5451 3685 5521 ipsum

2110 5561 2322 5634 genuit,
2349 5559 2441 5615 sed
2479 5573 2613 5630 quos
2633 5557 2698 5612 de
2724 5554 2919 5610 familia
2942 5567 3036 5607 sua
3073 5565 3165 5621 per
3191 5547 3362 5618 ipsum
3394 5539 3688 5612 adoptavit.

2177 5676 2189 5705 '
2217 5673 2354 5730 Editi,
2379 5671 2582 5724 disserat
2610 5683 2627 5720 :
2652 5669 2882 5718 mendose
2908 5680 3011 5728 pro,
3036 5664 3228 5729 diﬂ‘erat
3242 5675 3260 5725 ,°
3283 5658 3520 5726 quomodo
3545 5658 3694 5708 nabe-

2115 5745 2191 5787 tur
2218 5735 2264 5784 in
2289 5742 2439 5784 't'ract.
2476 5735 2527 5782 18
2550 5747 2696 5797 super
2720 5740 2875 5793 toan.,
2901 5743 2947 5779 ιι.
2978 5730 3023 5780 1.
