4006 6440
457 326 563 382 705

457 440 515 496 In
543 436 881 509 adoptionem
914 430 1111 504 quippe
1149 428 1375 484 ﬁliorum
1409 423 1583 481 vocati
1630 436 1815 479 sumus
1838 462 1852 487 ,
1900 420 2038 476 sicut

458 538 644 588 sancta
669 529 941 596 Scriptura
968 530 1191 578 testatur
1221 520 1434 593 (Ephes.
1464 535 1503 586 ι,
1533 516 1611 589 5).

528 620 754 681 CAPUT
781 618 913 675 Vill.
935 647 1008 658 —-
1026 615 1113 671 10.
1138 613 1259 668 Νοη
1285 602 1388 667 alia
1418 609 1593 676 Pater,
1610 608 1713 664 alia
1742 606 1929 673 Filius,
1952 606 2043 661 sed

458 715 634 771 eadem
660 726 814 782 opera
842 706 1063 762 Trinitas
1091 705 1231 776 facit.
1253 701 1390 769 Quid
1416 715 1546 771 ergo
1569 699 1738 755 dicis?
1766 698 1883 769 Ipse
1913 695 2042 754 Uni-

458 820 555 862 cus
584 802 820 873 loquitur
850 815 865 852 :
898 798 1013 867 ipse
1039 795 1205 851 Filius
1233 792 1535 864 unigenitus
1560 790 1615 845 in
1642 787 1928 860 Evangelio
1958 787 2042 841 lo-

458 899 640 968 quitur
671 913 684 947 :
718 895 892 965 ipsum
915 889 1151 947 Verbum
1175 885 1331 956 nobis
1357 885 1519 940 verba
1559 883 1683 938 fecit
1700 924 1715 947 ,
1747 882 1917 951 ipsum
1942 894 2042 934 au-

459 988 688 1045 divimus
713 984 976 1040 dicentem
998 1020 1013 1044 ,
1046 979 1169 1033 Non
1194 985 1353 1047 potest
1378 975 1544 1030 Filius
1571 991 1605 1029 a
1631 989 1684 1029 se
1707 972 1872 1042 facere
1895 970 2046 1041 quid-

457 1096 610 1151 quam
635 1120 651 1146 ,
697 1077 796 1131 nisi
821 1075 956 1145 quod
994 1072 1172 1127 uiderit
1199 1069 1407 1124 Patrem
1436 1068 1721 1140 facientem.
1758 1064 1876 1120 Jam
1921 1062 2044 1118 fecit

461 1172 619 1229 Pater
645 1176 702 1222 ut
728 1166 902 1220 videat
926 1163 1065 1235 quod
1098 1161 1254 1216 faciat
1277 1158 1445 1214 Filius
1478 1174 1490 1210 :
1522 1164 1576 1212 et
1600 1164 1775 1210 tamen
1807 1153 1936 1207 nihil
1962 1152 2042 1206 fa-

459 1260 533 1315 cit
562 1259 719 1313 Pater
747 1255 846 1310 nisi
892 1269 986 1324 per
1014 1251 1226 1306 Filium.
1255 1247 1412 1304 Certe
1457 1245 1684 1302 turbaris
1706 1286 1724 1312 ,
1755 1242 2003 1298 haeretice
2025 1281 2042 1308 ,

460 1360 606 1406 certe
636 1347 865 1403 turbaris
897 1361 911 1398 :
946 1342 1040 1398 sed
1085 1349 1337 1410 tanquam
1368 1337 1642 1393 hellebore
1668 1342 1887 1404 accepto
1931 1341 2043 1387 tur-

462 1441 605 1497 baris
629 1480 645 1506 ,
679 1447 735 1492 ut
777 1435 1013 1493 saneris‘.‘
1046 1432 1162 1488 Jam
1206 1440 1258 1485 te
1296 1444 1402 1484 non
1448 1427 1656 1482 invenis
1677 1466 1693 1491 ,
1723 1424 2044 1480 sententiam

465 1544 609 1590 tuam
634 1538 689 1588 et
713 1529 978 1586 carnalem
1005 1525 1249 1594 intuitum
1277 1531 1424 1576 tuum
1449 1561 1464 1587 ,
1496 1526 1751 1590 quantum
1778 1515 2043 1581 arbitror,

464 1626 627 1682 etiam
673 1623 788 1692 ipse
838 1617 1182 1676 condemnas.
1225 1613 1445 1681 Repone
1485 1610 1668 1666 oculos
1706 1607 1884 1663 carnis
1929 1612 2047 1675 post

464 1723 521 1771 te
545 1756 560 1782 ,
591 1713 739 1783 erige
766 1711 809 1765 si
828 1696 1049 1779 aliquid
1078 1706 1242 1761 habes
1270 1704 1324 1759 in
1363 1702 1525 1759 corde
1549 1742 1564 1768 ,
1594 1700 1773 1755 divina
1804 1699 2042 1782 intuere.

464 1805 633 1862 Audis
655 1801 867 1874 quidem
890 1800 1118 1855 humana
1136 1797 1297 1852 verba
1320 1811 1415 1866 per
1438 1793 1732 1861 hominem,
1760 1807 1854 1862 per
1876 1792 2050 1845 Evan-

465 1895 731 1967 gelistam,
760 1905 856 1961 per
886 1887 1226 1958 Evangelium
1265 1883 1417 1940 audis
1447 1883 1674 1939 humana
1700 1881 1879 1946 verba,
1913 1881 2050 1936 sicut

465 1987 629 2043 homo
659 2003 675 2040 :
709 1983 802 2040 sed
830 1982 898 2037 de
926 1981 1098 2037 Verbo
1126 1979 1218 2035 Dei
1255 1977 1406 2033 audis
1428 2018 1444 2043 ,
1474 1983 1537 2030 ut
1563 1976 1795 2031 humana
1824 1973 2006 2028 audias
2029 2014 2045 2040 ,

466 2079 645 2135 divina
688 2088 998 2147 cognoscas.
1024 2070 1327 2142 ,Exagitavit
1367 2068 1747 2147 magister,ut
1774 2066 2046 2130 erudiret;

466 2165 1137 2238 semitiavitqumstionem,
1169 2170 1229 2217 ut
1264 2168 1508 2233 moveret
1528 2158 1895 2214 intentionem.
1928 2156 2049 2211 Non

468 2269 627 2333 potest
656 2258 818 2312 Filius
844 2275 877 2310 a
903 2273 956 2310 se
1000 2256 1164 2327 facere
1204 2253 1477 2323 quidquam
1500 2293 1516 2320 ,
1560 2250 1659 2304 nisi
1698 2249 1833 2321 quod
1858 2248 2051 2329 uiderit

469 2352 680 2409 Patrem
708 2350 991 2420 facientem.
1008 2345 1352 2416 Consequens
1373 2351 1489 2399 erat
1503 2340 1643 2412 quod
1666 2340 1885 2403 diceret,
1904 2338 2053 2407 Qua!-

467 2456 696 2511 cumque
724 2440 865 2494 enim
894 2439 1049 2493 Pater
1085 2436 1246 2500 facit,
1279 2434 1401 2489 talia
1429 2432 1554 2489 facit
1578 2431 1764 2486 Filius.
1793 2430 1909 2486 Non
1949 2429 2052 2485 hoc

467 2536 542 2590 ait
572 2553 584 2588 :
617 2533 711 2589 sed
738 2574 751 2596 ,
787 2532 1123 2601 Quacumque
1165 2526 1322 2581 Pater
1346 2527 1505 2597 facit,
1534 2525 1641 2579 hare
1666 2523 1841 2577 eadem
1881 2530 1930 2576 et
1952 2519 2050 2576 Fi-

470 2627 570 2681 lius
596 2626 735 2696 facit.
762 2622 878 2678 Non
905 2623 1005 2676 alia
1030 2621 1187 2676 Pater
1212 2617 1373 2684 facit,
1405 2616 1507 2672 alia
1531 2616 1695 2672 Filius
1724 2615 1850 2670 facit
1882 2632 1896 2668 :
1928 2614 2051 2685 quia

468 2704 646 2772 omnia
683 2731 802 2786 quae
846 2714 1002 2768 Pater
1047 2711 1209 2779 facit,
1239 2725 1333 2781 per
1357 2709 1548 2763 Filium
1595 2707 1737 2763 facit.
1765 2707 2054 2763 Suscitavit

468 2807 726 2862 Lazarum
758 2803 921 2858 Filius
953 2801 1130 2875 (Joan.
1162 2799 1239 2871 XI)
1267 2841 1281 2864 ,
1315 2797 1570 2869 numquid
1596 2797 1752 2852 Pater
1779 2811 1902 2852 eum
1946 2811 2052 2851 non

468 2895 782 2951 suscitavit?
810 2893 1128 2948 llluminavit
1171 2890 1336 2945 Filius
1369 2904 1569 2945 (δείξουσι
1600 2887 1712 2958 (Id.
1742 2886 1862 2960 1x),
1894 2902 2053 2941 num-

468 2987 596 3058 quid
625 2988 782 3042 Pater
805 3000 911 3039 non
940 2982 1296 3038 illuminavit?
1326 2981 1488 3062 Pater
1513 2994 1606 3049 per
1634 2979 1824 3034 Filium
1852 2979 1906 3032 in
1930 2977 2055 3047 Spi-

469 3081 577 3135 ritu
605 3085 809 3133 sancto.
840 3076 1074 3130 Trinitas
1100 3080 1184 3129 est
1215 3090 1228 3126 :
1261 3071 1354 3127 sed
1381 3085 1482 3125 una
1508 3071 1747 3140 operatio
1766 3111 1781 3135 ,
1807 3082 1910 3123 una
1942 3084 2056 3143 ma-

465 3170 634 3245 iestas
656 3209 672 3237 ,
706 3181 808 3223 una
832 3164 1101 3219 aeternitas
1120 3202 1134 3226 ,
1166 3176 1271 3215 una
1296 3160 1634 3216 coaeternitas
1653 3200 1667 3226 ,
1695 3166 1751 3213 et
1777 3174 1936 3229 opera
1961 3173 2054 3214 ea-

469 3265 591 3319 dem
620 3259 914 3316 Trinitatis.
945 3253 1060 3310 Non
1088 3252 1223 3308 alios
1249 3250 1493 3307 homines
1518 3256 1665 3304 creat
1690 3248 1847 3303 Pater
1865 3291 1880 3315 ,
1921 3248 2054 3303 alios

472 3356 675 3418 Filius,
728 3352 860 3407 alios
912 3348 1142 3419 Spiritus
1194 3355 1410 3400 sanctus
1443 3359 1458 3397 :
1491 3355 1656 3398 unum
1706 3340 2055 3412 eumdemqne

472 3433 740 3501 hominem
771 3451 823 3497 et
847 3442 1006 3496 Pater
1027 3446 1081 3493 et
1113 3437 1275 3491 Filius
1299 3444 1352 3490 et
1373 3433 1601 3505 Spiritus
1626 3441 1839 3488 sanctus
1864 3440 2049 3500 creat;

471 3540 525 3593 et
571 3539 726 3593 l‘ater
770 3543 825 3590 et
868 3532 1036 3588 Filius
1083 3539 1137 3585 et
1182 3528 1411 3599 Spiritus
1462 3534 1676 3582 sanctus
1723 3540 1859 3581 unus
1914 3525 2053 3595 Deus

473 3630 683 3688 creat.“
768 3646 771 3649 ·
892 3634 897 3641 ’
1018 3700 1027 3703 ⁷
1538 3706 1543 3710 ι

539 3723 765 3780 CAPUT
795 3722 886 3776 IX.
908 3754 980 3765 —
1002 3722 1083 3775 ll.
1109 3718 1332 3773 Trinitas
1353 3722 1681 3788 personarum
1711 3722 1756 3770 et
1780 3713 1948 3769 unitas
1973 3712 2053 3766 di-‘

470 3817 707 3871 ciuitatis.
735 3813 975 3870 Attendis
1004 3810 1360 3882 pluralitatem
1390 3816 1741 3878 personarum
1766 3846 1781 3872 ,
1813 3805 1906 3860 sed
1936 3804 2055 3859 uni-

471 3916 631 3961 tatem
672 3903 962 3959 divinitatis
991 3913 1237 3972 agnosce.
1267 3898 1489 3966 Propter
1524 3895 1880 3977 pluralitatem
1908 3894 2051 3949 enim

470 4012 812 4069 personarum
843 3995 1041 4050 dictum
1082 4001 1163 4047 est
1186 4033 1201 4058 ,
1235 3988 1508 4047 Faciamus
1537 3988 1788 4042 hominem
1823 3986 1892 4041 ad
1917 3988 2052 4041 ima-

469 4090 635 4158 ginem
659 4097 704 4140 ct
739 4085 1113 4141 similitudinem
1139 4091 1381 4134 nostram.
1423 4078 1541 4133 Non
1569 4078 1679 4159 ait',
1710 4076 1923 4131 Faciam
1954 4078 2054 4132 ho-

471 4182 689 4246 minem,
718 4190 771 4233 et
808 4178 1021 4233 attende
1048 4192 1166 4231 cum
1199 4173 1354 4239 facio,
1387 4179 1445 4226 ut
1470 4170 1644 4242 possis
1666 4179 1722 4226 et
1749 4177 1804 4224 tu
1826 4170 2051 4225 alterum

473 4272 677 4326 facere.
726 4268 1032 4331 Faciamus,
1081 4264 1288 4333 inquit;
1336 4261 1691 4333 pluralitatem
1740 4259 1946 4314 audio:
1985 4260 2054 4314 ad

471 4362 741 4433 imaginem
763 4369 1024 4422 nostram;
1056 4357 1179 4410 item
1211 4353 1562 4424 pluralitatem
1590 4350 1767 4406 audio.
1799 4350 1895 4407 Ubi
1925 4366 2054 4421 ergo

406 4437 412 4449 ’
472 4452 809 4523 singularitas
857 4446 1195 4507 divinitatis?
1246 4445 1383 4514 Lege
1428 4441 1704 4513 sequentia
1755 4459 1768 4495 :
1821 4440 1893 4495 Et
1936 4443 2055 4511 fecit

474 4544 609 4599 Dens
654 4543 902 4595 hominem
945 4536 1094 4607 (Gen.
1125 4553 1139 4589 I
1165 4578 1178 4601 ,
1210 4535 1319 4615 26,
1349 4534 1464 4605 27).
1509 4532 1746 4598 Dicitur,
1782 4531 2054 4586 Faciamus

473 4636 719 4690 hominem
742 4653 763 4700 ;
793 4642 846 4689 et
873 4648 974 4687 non
1003 4630 1193 4686 dicitur
1215 4670 1230 4696 ,
1262 4628 1524 4683 Fecerunt
1552 4625 1622 4681 dii
1650 4626 1940 4682 hominem.
1971 4625 2055 4679 ln-

470 4729 722 4798 tclligitur
753 4726 926 4780 unitas
970 4723 1022 4777 in
1069 4736 1133 4777 eo
1162 4719 1303 4790 quod
1343 4718 1542 4775 dictum
1578 4726 1661 4772 est
1684 4758 1699 4783 ,
1732 4714 1875 4770 Fecit
1914 4715 2053 4770 Deus

471 4814 735 4875 hominem.

542 4911 628 4966 12.
672 4910 860 4964 Sensus
885 4906 1141 4959 verborum
1170 4901 1354 4959 Christi
1377 4901 1579 4955 imbutis
1606 4908 1722 4954 ante
1747 4906 1881 4953 recta
1910 4898 2010 4967 ﬁde
2034 4940 2048 4964 ,

474 4997 860 5073 perquirendus.
895 4996 992 5052 Ubi
1015 5003 1099 5050 est
1121 5010 1248 5060 ergo
1273 4992 1496 5047 intentio
1525 4990 1611 5045 illa
1630 4990 1894 5046 carnalis?
1914 4989 2054 5044 Con-

472 5091 717 5145 lundatur
739 5130 754 5156 ,
799 5087 1157 5143 abscondatur
1179 5127 1192 5148 ,
1243 5084 1532 5154 perimatur
1565 5099 1579 5137 :
1611 5082 1857 5151 loquatur
1899 5082 2053 5137 nobis

475 5182 704 5236 Verbum
731 5179 843 5234 Dei.
876 5178 990 5234 Jam
1025 5178 1112 5247 [.ii,
1142 5177 1250 5246 jam
1281 5174 1577 5238 credentes,
1605 5174 1715 5243 jam
1742 5174 1926 5229 imbuti
1951 5174 2052 5229 fide

469 5282 524 5327 ct
561 5279 869 5342 comparato
907 5269 1083 5339 aliquo
1111 5266 1301 5322 merito
1340 5264 1702 5336 intelligentiae
1725 5307 1742 5333 ,
1770 5274 2050 5320 converta-

472 5379 591 5418 mus
618 5377 713 5417 nos
742 5362 806 5417 ad
854 5361 1024 5432 ipsum
1058 5360 1287 5415 Verbum
1312 5400 1328 5425 ,
1359 5357 1424 5412 ad
1471 5357 1668 5413 fontem
1714 5358 1927 5412 luminis
1951 5398 1965 5423 ,
1998 5367 2052 5413 et

472 5456 711 5508 dicamus
735 5452 891 5506 simul
920 5468 934 5504 :
970 5452 1192 5505 Domine
1215 5492 1228 5517 ,
1261 5449 1445 5505 eadem
1476 5447 1601 5503 fecit
1625 5447 1782 5502 Pater
1808 5463 1923 5518 qu:e
1955 5458 2007 5502 tu
2031 5465 2046 5514 ;

472 5546 593 5617 quia
635 5544 883 5615 quidquid
917 5545 1040 5598 facit
1082 5543 1274 5607 Pater,
1323 5557 1418 5612 per
1444 5550 1495 5596 te
1539 5540 1679 5595 facit.
1710 5538 1788 5595 Te
1821 5540 2048 5596 Verbum

472 5638 771 5691 audivimus
800 5636 850 5689 in
884 5635 1141 5704 principio
1169 5652 1182 5688 :
1214 5649 1319 5689 non
1348 5632 1571 5687 vidimus
1595 5672 1610 5696 ,
1641 5630 1733 5686 sed
1759 5630 2046 5686 credimus.

475 5728 550 5784 lbi
592 5736 975 5798 Consequentur
1001 5723 1292 5778 audivimus
1317 5765 1330 5791 ,
1363 5722 1482 5793 quia
1509 5721 1681 5777 omnia
1714 5736 1807 5793 per
1832 5729 1882 5777 te
1914 5720 2047 5778 facta

1669 309 1726 367 S.
1767 304 2128 364 AUGUSTINI
2169 307 2469 369 EPISCOPI

3624 325 3733 385 τοι

2146 433 2287 480 sunt.
2313 426 2501 484 Omnia
2527 445 2654 503 ergo
2679 446 2796 503 quae
2816 433 2940 491 facit
2963 435 3139 507 Pater,
3157 453 3254 510 per
3280 449 3332 496 te
3352 438 3497 497 fuit.
3526 442 3728 499 Eadem

2026 526 2033 533 '
2068 552 2076 565 ο
2145 534 2274 589 ergo
2302 519 2432 576 facis
2459 536 2577 593 qua:
2605 525 2779 582 Pater.
2813 527 2949 597 Quid
2975 539 3057 585 est
3078 546 3244 601 quare
3265 531 3446 588 dicere
3472 534 3729 603 voluisti,

2144 607 2272 664 'Non
2309 607 2486 681 potest
2503 607 2673 671 Filius
2699 634 2732 671 a
2758 634 2813 673 se
2847 623 3013 691 facere
3035 622 3309 692 quidquam
3331 625 3357 677 ἲ
3384 624 3549 681 Video
3587 641 3731 682 enim

2148 702 2498 770 aequalitatem
2525 706 2804 776 quamdam
2832 710 2925 764 tibi
2950 727 3072 767 cum
3099 712 3273 780 Patre,
3299 715 3351 769 in
3378 730 3444 769 eo
3466 715 3610 785 quod
3633 731 3730 772 au-

2149 790 2239 846 dio
2260 833 2275 858 ,
2307 793 2643 867 Quaecumque
2672 796 2825 853 Pater
2847 801 3002 871 facit,
3034 803 3142 856 [nec
3170 803 3342 858 eadem
3375 804 3542 860 Filius
3566 805 3732 875 facit:

2148 895 2381 952 agnosco
2402 888 2779 956 aequalitatem,
2811 889 2897 946 hic
2921 890 3177 963 intelligo,
3210 894 3298 950 hic
3320 896 3475 966 capio
3503 905 3562 950 ut
3601 911 3732 967 pos-

2149 985 2267 1027 sum
2298 989 2312 1027 :
2344 974 2456 1047 Ego
2480 986 2526 1031 et
2555 975 2713 1033 Pater
2736 996 2894 1034 unum
2918 998 3091 1038 sumus
3117 984 3294 1054 (Joan.
3340 1000 3375 1040 ι
3399 1027 3415 1053 ,
3449 987 3563 1057 50).
3594 987 3735 1055 Quid

2149 1072 2250 1127 est,
2266 1065 2409 1136 quod
2431 1080 2535 1122 non
2560 1077 2710 1139 potes
2731 1070 2901 1128 facere
2921 1074 3227 1145 quidquam,
3252 1077 3352 1131 nisi
3375 1077 3519 1148 quod
3536 1078 3735 1135 videris

2151 1154 2361 1213 Patrem
2379 1156 2693 1215 facientem?
2712 1162 2848 1231 Quid
2869 1172 2950 1219 est
2972 1164 3107 1221 hoc?

2219 1246 2446 1305 CAPUT
2468 1250 2535 1307 X.
2551 1281 2621 1293 —
2638 1253 2725 1308 15.
2744 1253 3025 1325 Difficultas
3048 1257 3360 1329 intelligendi
3391 1260 3565 1315 isthtec
3583 1260 3738 1315 verba

2151 1354 2213 1393 ea:
2250 1355 2309 1394 eo
2331 1341 2466 1411 quod
2493 1358 2595 1397 non
2618 1344 2933 1416 intelligatur
2969 1348 3134 1402 uidere
3177 1344 3536 1419 ipsius‘Verbi.
3567 1350 3739 1407 Forte

2150 1432 2293 1487 dicat
2314 1433 2467 1502 mihi,
2490 1435 2598 1490 imo
2621 1435 2763 1492 dicat
2791 1439 2943 1494 nobis
2972 1440 3219 1495 omnibus
3242 1459 3255 1493 :
3286 1441 3400 1496 Hoc
3422 1442 3565 1496 enim
3588 1443 3735 1512 quod

2150 1522 2280 1589 dixi,
2316 1523 2437 1580 Non
2462 1536 2622 1597 potest
2652 1527 2825 1584 Filius
2850 1532 3014 1603 facere
3036 1533 3332 1604 quidquam,
3359 1533 3459 1587 nisi
3485 1535 3620 1604 quod
3658 1537 3739 1589 vi-

2152 1612 2282 1668 derit
2304 1612 2514 1670 Patrem
2539 1619 2803 1688 facientem
2823 1637 2842 1675 :
2868 1620 3052 1678 videre
3075 1637 3254 1679 meum
3280 1624 3545 1694 quomodo
3577 1625 3737 1680 intel-

2153 1703 2309 1773 ligis?
2331 1704 2513 1762 videre
2534 1721 2711 1763 meum
2736 1710 2862 1781 quid
2886 1712 3004 1766 est?
3027 1712 3311 1781 Sequestra
3336 1715 3605 1784 paululum
3627 1715 3743 1773 for-

2152 1807 2293 1848 mam
2317 1795 2457 1850 servi
2482 1836 2498 1863 ,
2531 1800 2688 1866 quam
2717 1808 2935 1869 propter
2961 1811 3013 1857 te
3040 1804 3290 1873 suscepit.
3320 1804 3529 1860 Etenim
3557 1808 3607 1861 in
3644 1808 3740 1862 illa

2154 1884 2320 1940 forma
2350 1889 2488 1943 servi
2518 1889 2775 1946 Dominus
2808 1902 2991 1949 noster
3013 1896 3197 1950 oculos
3232 1906 3286 1951 et
3310 1911 3467 1952 aures
3505 1898 3743 1953 habebat

2154 1975 2207 2029 in
2238 1991 2398 2032 carne
2419 2020 2435 2045 ,
2465 1986 2521 2034 et
2554 1979 2643 2034 illa
2669 1974 2837 2036 forma
2860 1982 3087 2038 humana
3112 1986 3325 2054 qualem
3350 1995 3404 2042 et
3431 2003 3527 2041 nos
3548 1999 3739 2058 porta-

2154 2080 2272 2119 mus
2300 2067 2488 2123 eadem
2519 2068 2686 2140 figura
2727 2074 2966 2143 corporis
3004 2083 3152 2141 erat,
3184 2077 3369 2139 eadem
3416 2080 3743 2139 lineamenta

2154 2157 2537 2215 membrorum.
2565 2160 2704 2217 Caro
2727 2164 2811 2218 illa
2829 2174 3045 2221 venerat
3068 2183 3135 2223 ex
3151 2169 3352 2225 Adam:
3372 2172 3466 2227 sed
3497 2187 3600 2227 non
3620 2185 3745 2229 erat

2156 2248 2245 2303 ille
2271 2249 2458 2305 Adam.
2488 2252 2629 2324 Ergo
2649 2254 2905 2311 Dominus
2932 2258 3207 2314 ambulans
3226 2261 3338 2316 sive
3364 2261 3416 2316 in
3445 2270 3604 2327 terra,
3623 2263 3745 2319 sive

2156 2337 2395 2408 imitari,
2428 2342 2564 2397 sicut
2607 2344 2656 2398 ei
2702 2345 2919 2415 placuit,
2951 2349 3087 2403 sicut
3112 2349 3296 2416 voluit,
3328 2351 3449 2422 quia
3478 2353 3744 2423 quidquid

2156 2432 2341 2498 voluit,
2374 2435 2581 2504 potuit;
2613 2436 2844 2509 inspexit
2868 2441 3007 2510 quod
3037 2442 3201 2498 voluit
3229 2462 3244 2498 :
3270 2444 3399 2515 jeeit
3424 2448 3624 2512 oculos,
3660 2449 3746 2503 vi-

2156 2523 2231 2578 dit
2256 2540 2271 2589 ;
2303 2527 2494 2583 avertit
2517 2530 2723 2597 oculos,
2746 2539 2800 2586 et
2824 2547 2931 2587 non
2960 2533 3125 2601 vidit;
3157 2551 3185 2588 a
3218 2544 3366 2608 tergo
3392 2548 3506 2593 erat
3529 2540 3616 2609 qui
3641 2556 3747 2596 sc-

2156 2614 2436 2684 qnebatur,
2454 2627 2577 2674 ante
2591 2629 2708 2675 erat
2730 2622 2817 2691 qui
2840 2623 3135 2691 videretur;
3153 2627 3320 2682 oculis
3343 2630 3580 2698 corporis
3596 2632 3748 2701 quod

2156 2714 2279 2759 ante
2305 2717 2438 2774 erat,
2470 2709 2701 2765 videbat.
2736 2712 3073 2771 Divinitatem
3094 2732 3221 2773 vero
3247 2718 3376 2773 nihil
3406 2720 3619 2775 latebat.
3641 2722 3747 2777 Se-

2159 2811 2316 2865 pone,
2349 2814 2566 2871 sepone,
2599 2803 2833 2874 inquam,
2864 2807 3129 2876 paululum
3169 2810 3391 2866 formam
3419 2814 3596 2869 servi:
3623 2814 3748 2869 for-

2158 2903 2297 2943 mam
2326 2890 2417 2945 Dei
2443 2892 2563 2947 vide
2584 2934 2601 2960 ,
2632 2895 2683 2948 in
2710 2911 2812 2966 qua
2839 2907 2956 2953 erat
2974 2894 3259 2971 antequam
3288 2904 3514 2962 mundus
3543 2905 3703 2960 fieret
3729 2923 3748 2974 ;

2158 2977 2210 3031 in
2237 2994 2337 3049 qua
2366 2991 2481 3037 erat
2503 2986 2724 3055 aequalis
2752 2987 2894 3043 Patri
2929 3007 2942 3043 :
2975 3005 3069 3060 per
3092 3006 3213 3047 eum
3243 2994 3343 3049 hoc
3370 2996 3550 3065 accipe
3575 3005 3629 3051 et
3658 2998 3752 3051 in-

2160 3070 2337 3141 tellige
2356 3073 2481 3143 quid
2509 3075 2603 3130 tibi
2643 3078 2754 3145 ait,
2789 3078 2893 3144 Qui
2914 3096 3030 3134 cum
3054 3083 3105 3136 in
3132 3087 3295 3153 forma
3322 3083 3417 3139 Dei
3438 3096 3601 3153 esset,
3633 3105 3751 3143 non

2156 3163 2389 3229 rapinam
2414 3165 2685 3221 arbitratus
2706 3178 2908 3225 estesse
2927 3173 3136 3240 aequalis
3164 3172 3271 3227 Deo
3295 3175 3550 3246 (Philipp.
3574 3192 3631 3241 ιι,
3655 3178 3746 3250 6).

2161 3250 2233 3306 lbi
2259 3268 2380 3308 eum
2408 3255 2548 3323 vide,
2571 3258 2614 3312 si
2638 3266 2818 3328 potes;
2842 3270 2899 3315 ut
2924 3264 3095 3332 possis
3116 3264 3295 3321 videre
3316 3266 3441 3337 quid
3464 3268 3535 3322 sit
3553 3268 3750 3325 videre

2157 3342 2342 3410 ipsius.
2368 3343 2435 3399 In
2461 3348 2708 3421 principio
2732 3360 2839 3404 erat
2873 3350 3104 3407 Vatum.
3131 3354 3409 3422 Quomodo
3433 3356 3576 3412 videt
3607 3358 3751 3414 Ver-

2161 3433 2318 3491 bum?
2344 3436 2584 3496 Habetne
2608 3441 2794 3497 oculus
2819 3442 3071 3512 Verbum,
3095 3460 3163 3501 au
3186 3448 3238 3502 in
3268 3448 3359 3504 illo
3378 3463 3437 3505 se
3462 3450 3752 3509 inveniunt

2157 3527 2300 3582 oculi
2322 3530 2489 3585 nostri
2512 3571 2529 3597 ,
2563 3542 2616 3587 et
2641 3532 2782 3589 oculi
2806 3547 2913 3590 non
2932 3537 3174 3593 carnales
3197 3578 3212 3606 ,
3244 3538 3338 3594 sed
3365 3539 3501 3594 oeuli
3527 3541 3751 3610 piorum

2156 3619 2431 3675 cordium?
2451 3621 2597 3677 Beati
2616 3625 2759 3679 enim
2787 3627 2975 3681 mundo
2999 3628 3166 3695 corde,
3194 3630 3430 3700 quoniam
3454 3632 3551 3703 ipsi
3572 3630 3752 3688 Deum

2158 3711 2393 3768 videbunt
2424 3712 2634 3786 (Matth.
2659 3732 2748 3782 ill,
2775 3715 2855 3788 8).
2970 3734 2973 3739 '
3602 3730 3605 3733 ’

2232 3803 2317 3857 14.
2360 3801 2431 3856 In
2458 3802 2656 3858 Christo
2681 3810 2848 3876 forma
2873 3809 3003 3863 serui
3026 3812 3317 3866 mortalibus
3342 3813 3704 3870 ostendebatur
3730 3859 3746 3881 ,

2159 3897 2325 3964 forma
2348 3893 2444 3948 Dei
2469 3895 2623 3950 beatis
2663 3900 2973 3953 servabatur.
3001 3899 3209 3969 Aspicis
3247 3900 3516 3957 Christum
3562 3904 3752 3960 homi-

2159 4002 2280 4040 nem
2319 3994 2374 4041 et
2418 3987 2583 4043 Deum
2618 4006 2631 4042 :
2663 3990 2898 4045 ostendit
2943 3991 3035 4045 tibi
3078 3992 3346 4048 hominem
3369 4036 3385 4058 ,
3418 4004 3597 4050 servat
3646 3998 3752 4052 tibi

2159 4077 2347 4131 Deum.
2378 4077 2447 4131 Et
2472 4077 2592 4133 vide
2618 4079 2742 4149 quia
2766 4080 2931 4134 Deum
2955 4081 3049 4136 tibi
3076 4092 3272 4151 servat,
3306 4085 3396 4154 qui
3424 4098 3483 4139 se
3513 4085 3607 4141 tibi
3640 4086 3750 4142 ho-

2160 4168 2355 4224 minem
2381 4170 2633 4225 Ostendit.
2664 4172 2765 4239 Qui
2787 4173 2949 4245 diligit
2977 4191 3056 4229 me
3076 4216 3092 4240 ,
3124 4176 3292 4246 inquit
3315 4219 3331 4244 ,
3362 4179 3607 4233 orandam
3631 4196 3751 4235 mea

2157 4261 2371 4315 custodit
2398 4276 2417 4314 :
2443 4263 2530 4331 qui
2557 4263 2721 4333 diligit
2745 4280 2826 4318 me
2846 4305 2860 4329 ,
2891 4266 3127 4337 diligetur
3150 4284 3183 4321 a
3211 4266 3370 4323 Patre
3396 4286 3506 4324 meo
3530 4313 3543 4335 ,
3577 4282 3629 4325 et
3654 4290 3751 4342 ego

2158 4350 2368 4422 diligam
2409 4369 2541 4405 eum.
2571 4354 2637 4408 Et
2667 4363 2912 4424 tanquam
2953 4355 3221 4414 diceretur
3244 4402 3259 4426 ,
3290 4359 3425 4428 Quid
3451 4362 3501 4417 ei
3542 4362 3705 4419 dabis
3728 4408 3746 4433 ,

2158 4458 2314 4511 quem
2342 4442 2548 4513 diligis?
2582 4444 2645 4497 Et
2665 4446 2946 4513 ostendam,
2968 4448 3157 4518 inquit,
3184 4467 3263 4505 me
3283 4452 3448 4521 ipsum
3474 4453 3573 4507 illi.
3603 4456 3749 4522 Quid

2158 4545 2238 4588 cst
2269 4534 2389 4600 hoc,
2414 4536 2644 4590 fratres?
2672 4536 2840 4605 Quem
2861 4539 2972 4607 jam
2998 4539 3264 4608 videbant,
3288 4543 3402 4612 ipse
3430 4558 3488 4599 se
3517 4546 3627 4600 illis
3650 4547 3751 4603 de-

2160 4634 2576 4681 monstraturum
2620 4629 2977 4697 promittebat.
3018 4630 3263 4699 Quibus?
3293 4636 3336 4688 A
3364 4636 3556 4704 quibus
3585 4638 3748 4696 vide-

2157 4714 2332 4782 batur,
2354 4731 2419 4770 au
2446 4733 2476 4771 a
2502 4718 2692 4788 quibus
2716 4727 2898 4774 etnon
2922 4721 3228 4778 videbatur?
3248 4724 3335 4779 Sic
3364 4725 3589 4796 loquens
3612 4744 3752 4800 apo-

2156 4805 2293 4860 stolo
2320 4807 2533 4875 quidam
2573 4807 2685 4873 ait,
2717 4811 2973 4877 qua‘renti
3012 4811 3190 4867 videre
3217 4812 3425 4869 Patrem
3449 4858 3465 4883 ,
3499 4825 3555 4870 ut
3583 4817 3750 4873 suffi-

2156 4905 2302 4951 ceret
2326 4896 2375 4951 ei
2400 4938 2416 4961 ,
2448 4907 2503 4951 et
2528 4896 2721 4953 dicenti
2747 4938 2764 4965 ,
2803 4898 3021 4954 Ostende
3048 4900 3188 4955 nobis
3214 4901 3418 4957 Patrem
3440 4947 3455 4968 ,
3487 4916 3533 4959 et
3555 4909 3751 4979 suﬁcit

2157 4988 2316 5042 nobis.
2354 4988 2421 5043 Et
2448 4989 2532 5043 ille
2558 4998 2707 5043 stans
2731 5001 2857 5045 ante
2886 4993 3069 5048 oculos
3091 4993 3250 5057 servi,
3282 4994 3335 5048 in
3377 4994 3547 5049 forma
3574 5000 3752 5064 servi,

2156 5095 2376 5136 servans
2402 5083 2569 5136 oculis
2612 5081 2840 5138 deificali
2883 5085 3107 5137 formam
3134 5085 3225 5139 Dei
3252 5125 3269 5150 ,
3299 5086 3373 5140 ait
3414 5086 3488 5141 illi
3523 5105 3536 5141 :
3571 5087 3753 5144 Tanto

2157 5183 2376 5243 tempore
2403 5174 2653 5228 vobiscum
2680 5190 2815 5237 sum,
2845 5183 2894 5228 et
2921 5191 3022 5229 non
3049 5178 3347 5246 cognovistis
3376 5194 3455 5232 me
3474 5178 3501 5231 1’
3532 5179 3635 5244 Qui
3668 5196 3755 5235 nu

2157 5266 2286 5319 videt
2308 5305 2323 5329 ,
2357 5264 2485 5319 videt
2509 5275 2557 5319 et
2583 5263 2790 5319 Patrem
2813 5263 2989 5335 (Joan.
3022 5282 3112 5320 xw
3134 5307 3148 5328 .
3177 5266 3241 5322 21
3270 5308 3286 5335 ,
3317 5270 3352 5324 8
3374 5310 3390 5336 ,
3421 5269 3495 5339 9).
3524 5270 3754 5328 Patrem

2155 5356 2352 5425 quxeris
2377 5354 2577 5422 videre,
2608 5371 2695 5411 me
2720 5355 2841 5412 vide
2873 5376 2889 5412 :
2920 5356 3067 5412 vides
3095 5373 3202 5425 me,
3231 5367 3286 5414 ct
3309 5376 3414 5415 non
3448 5361 3598 5416 vides
3633 5378 3755 5419 me.

2161 5445 2320 5501 Vides
2344 5445 2484 5516 quod
2511 5461 2608 5516 pro
2635 5456 2686 5502 te
2726 5448 3028 5517 assumpsi,
3060 5464 3164 5502 non
3207 5449 3357 5505 vides
3380 5451 3522 5519 quod
3563 5467 3670 5521 pro
3701 5464 3760 5509 te

2158 5538 2385 5593 servavi.
2414 5537 2551 5592 Audi
2577 5536 2845 5603 mandata,
2876 5553 3040 5609 purga
3067 5541 3270 5595 oculos.
3298 5542 3431 5610 Quia
3461 5544 3547 5612 qui
3575 5543 3758 5614 diligit

2157 5646 2254 5695 me,
2277 5630 2517 5684 mandata
2538 5645 2649 5683 mea
2664 5629 2900 5697 custodit,
2918 5640 2964 5684 et
2979 5647 3070 5701 ego
3084 5630 3294 5703 diligam
3307 5650 3443 5687 eunt.
3463 5633 3758 5704 Tanquam

2158 5722 2479 5777 custodienti
2500 5720 2744 5777 mandata
2764 5737 2899 5791 mea,
2924 5733 2975 5777 ct
3005 5733 3249 5795 tanquam
3279 5734 3463 5780 sanato
3487 5740 3583 5791 per
3600 5741 3761 5781 matr
