4098 6310
352 301 460 356 .705

355 416 474 470 data
497 425 637 478 mea,
663 407 935 463 Ostendam
961 421 1036 457 me
1056 403 1218 473 ipsum
1239 401 1334 455 illi.

432 499 657 559 CAPUT
684 497 775 553 XI.
795 496 972 550 -15.
1014 493 1190 547 Videre
1223 489 1369 544 Verbi
1395 503 1495 542 non
1524 484 1663 541 aliud
1686 499 1718 537 a
1749 481 1928 536 Verbo.

356 593 588 650 Charitas
617 603 826 658 capaces
851 585 1012 640 reddit
1043 583 1108 636 ad
1137 579 1378 650 capienda
1404 577 1590 630 divina.
1622 575 1811 630 Sensus
1837 570 1933 625 loci

359 683 622 756 propositi.
657 681 709 736 Si
741 693 867 750 ergo
885 720 901 746 ,
925 678 1114 730 fratres
1135 716 1148 740 ,
1172 672 1350 727 videre
1378 685 1481 724 non
1509 679 1786 737 possumus
1808 663 1932 733 quid

356 779 426 832 sit
454 775 631 829 videre
661 770 836 836 Verbi,
863 783 968 838 quo
990 764 1157 820 imus?
1177 778 1334 833 quam
1361 761 1617 814 visionem
1643 757 1776 810 forte
1799 770 1933 824 prae-

356 881 582 938 propere
609 860 909 933 exigimus?
938 858 1064 929 quid
1095 856 1249 912 nobis
1288 852 1497 908 ostendi
1523 851 1765 906 volumus
1790 845 1932 918 quod

354 937 535 1015 videre
562 972 668 1013 non
694 952 1014 1024 possumus?
1044 949 1167 1004 Ideo
1205 947 1306 1002 ista
1333 945 1472 1000 dicta
1494 951 1616 996 sunt
1642 956 1758 1011 qua:
1788 937 1930 993 desi-

353 1051 604 1105 deramus
629 1044 810 1100 videre
835 1085 849 1110 ,
884 1058 988 1096 non
1015 1039 1153 1109 quod
1178 1038 1288 1107 jam
1316 1034 1577 1106 possimus
1599 1045 1811 1100 capere.
1841 1027 1930 1083 Vi-

355 1142 483 1196 dere
507 1138 650 1205 enim
681 1133 837 1189 Verbi
866 1133 910 1186 si
939 1131 1118 1184 videas
1141 1170 1156 1195 ,
1190 1127 1324 1182 forte
1349 1126 1400 1178 in
1430 1139 1494 1180 eo
1519 1121 1661 1192 quod
1682 1120 1830 1175 vides
1850 1119 1931 1172 vi-

355 1235 482 1288 dere
509 1229 666 1285 Verbi
692 1271 707 1292 ,
740 1227 912 1296 ipsum
942 1222 1176 1278 Verbum
1207 1217 1445 1280 videbis;
1476 1224 1534 1268 ut
1556 1229 1660 1268 non
1687 1209 1828 1265 aliud
1865 1210 1934 1264 sit

357 1325 586 1381 Verbum
613 1364 629 1389 ,
659 1319 802 1374 aliud
830 1318 1008 1372 videre
1039 1312 1194 1368 Verbi
1219 1353 1234 1378 ,
1261 1326 1329 1366 ne
1357 1308 1429 1364 ibi
1452 1308 1521 1363 sit
1544 1303 1741 1375 aliquid
1769 1319 1931 1376 coaug

354 1423 680 1487 gmenlatum
709 1411 785 1480 (a)
814 1418 866 1466 et
886 1407 1190 1477 copulatum
1220 1413 1275 1460 et
1301 1402 1490 1472 duplex
1521 1409 1576 1455 et
1593 1398 1932 1468 compagina-

357 1517 489 1560 tum.
514 1502 751 1571 Simplex
791 1499 932 1554 enim
959 1495 1155 1565 aliquid
1183 1501 1264 1549 est
1294 1490 1547 1546 ineffabili
1575 1487 1930 1558 simplicitate.

351 1597 473 1650 Non
498 1590 944 1664 quemadmodum
986 1587 1168 1652 homo,
1191 1584 1335 1639 aliud
1363 1589 1445 1637 est
1473 1581 1654 1647 homo,
1683 1578 1825 1634 aliud
1854 1577 1948 1631 vi-,

354 1688 483 1742 dere
504 1683 752 1740 hominis.
780 1680 912 1736 Nam
937 1677 1219 1749 aliquando
1235 1673 1587 1744 exstinguitur
1607 1670 1750 1742 quod
1771 1677 1853 1724 est
1870 1669 1936 1722 vi-

353 1780 485 1834 dere
512 1765 761 1849 hominis,
793 1783 846 1828 et
869 1779 1050 1826 manet
1074 1769 1256 1824 homo.
1285 1767 1396 1822 Hoc
1420 1770 1500 1821 est
1523 1763 1664 1834 quod
1692 1761 1935 1817 dicebam

315 1861 318 1864 ’
355 1868 618 1924 dicturum
648 1879 734 1919 me
759 1861 979 1932 aliquid,
1010 1858 1150 1931 quod
1181 1873 1286 1912 non
1315 1851 1532 1926 poSsent
1559 1867 1746 1908 omnes
1776 1851 1933 1905 intel-

355 1961 520 2029 [igere
548 1973 561 2008 :
596 1956 755 2012 etiam
783 1954 1036 2008 Dominus
1061 1949 1239 2012 faciat,
1269 1955 1328 2002 ut
1353 1945 1515 2016 aliqui
1553 1941 1930 1998 intellexerint.

355 2052 570 2108 Fratres
598 2047 702 2103 mei
724 2086 740 2113 ,
777 2044 846 2100 ad
889 2045 990 2098 hoc
1031 2030 1374 2102 exhortatur,
1407 2047 1464 2092 ut
1502 2035 1778 2090 videamus
1802 2075 1816 2100 ,
1853 2033 1933 2086 vi-

355 2143 484 2199 dere
515 2140 676 2196 Verbi
703 2139 838 2194 ultra
860 2129 1001 2190 vires
1026 2140 1232 2188 nostras
1261 2145 1409 2196 esse;
1435 2128 1557 2199 quia
1587 2141 1763 2196 parva:
1789 2132 1931 2192 sunt,

355 2235 675 2295 nutriantur,
693 2227 1055 2299 perﬁciantur.
1074 2221 1250 2280 Unde?
1271 2219 1548 2275 Mandatis.
1567 2217 1766 2286 Quibus
1787 2231 1936 2272 man-

357 2323 528 2382 datis?
552 2315 653 2388 Qui
676 2319 839 2390 diligit
859 2335 955 2383 me,
981 2315 1221 2370 mandata
1246 2329 1358 2367 mea
1381 2304 1614 2365 custodit;
1638 2308 1767 2376 Quae
1789 2321 1936 2361 man-

358 2415 517 2471 data?
537 2414 654 2469 iam
679 2412 820 2468 enim
845 2422 1090 2466 crescere
1117 2407 1379 2470 volumus,
1407 2402 1517 2472 jam
1543 2400 1801 2464 roborari,
1824 2401 1935 2469 jam

358 2505 579 2579 perﬁci,
609 2512 666 2558 ut
693 2502 967 2557 videamus
990 2497 1171 2553 videre
1191 2494 1368 2550 Verbi.
1394 2493 1486 2547 Dic
1508 2491 1614 2562 jam
1634 2531 1649 2557 ,
1676 2489 1899 2544 Domine
1919 2529 1933 2553 ,

360 2615 477 2669 quae
507 2594 793 2652 mandata?
824 2590 1126 2648 Mandatum
1149 2602 1331 2642 novum
1369 2585 1434 2637 do
1460 2583 1593 2637 vobis
1616 2623 1631 2648 ,
1662 2591 1715 2634 ut
1744 2597 1828 2635 vos
1854 2580 1937 2632 in-

361 2689 517 2743 vicem
541 2685 764 2756 diligatis
793 2682 968 2754 (Joan.
997 2695 1116 2745 xm,
1133 2676 1242 2746 54).
1264 2675 1409 2744 lianc
1427 2689 1574 2743 ergo,
1593 2671 1803 2736 fratres,
1822 2669 1941 2724 cha-

363 2782 576 2836 ritatem
599 2779 665 2834 de
685 2779 924 2833 ubertate
945 2773 1103 2828 fontis
1124 2769 1447 2834 bauriamus,
1472 2767 1627 2821 istam
1647 2763 1936 2833 capiamus,

364 2875 418 2928 in
439 2887 501 2928 ea
528 2851 840 2926 nutriamur.
864 2865 1009 2937 Cape
1032 2877 1130 2934 per
1149 2860 1289 2931 quod
1317 2860 1391 2914 sis
1415 2872 1600 2927 capax.
1629 2854 1869 2910 Charitas
1893 2861 1943 2906 te

364 2965 543 3034 gignat
569 3001 583 3025 ,
613 2959 842 3015 Charitas
869 2955 1104 3021 nutriat,
1136 2952 1366 3008 charitas
1410 2948 1684 3020 perﬁciat,
1715 2945 1943 3000 charitas

365 3055 621 3116 roboret;
655 3059 712 3105 ut
738 3048 919 3104 videas
941 3045 1122 3101 videre
1152 3042 1331 3108 Verbi,
1361 3056 1467 3095 non
1497 3037 1640 3093 aliud
1668 3051 1787 3092 esse
1807 3035 1942 3116 Ver-

367 3146 492 3202 bum
518 3186 531 3209 ,
563 3113 618 3197 et
644 3139 786 3196 aliud
825 3138 1007 3194 videre
1037 3135 1238 3206 ipsius;
1270 3133 1364 3188 sed
1396 3133 1566 3202 ipsum
1593 3129 1733 3200 quod
1759 3135 1842 3183 est
1857 3113 1944 3180 'vi-

368 3238 496 3292 dere
519 3234 703 3300 Verbi,
730 3233 831 3286 hoc
859 3245 978 3286 esse
998 3225 1234 3283 Verbum
1258 3243 1271 3278 :
1297 3233 1350 3279 et
1375 3224 1481 3278 cito
1504 3220 1640 3276 forte
1659 3219 1943 3288 intelliges,

369 3328 492 3398 quia
521 3324 649 3380 illud
674 3322 814 3394 quod
839 3321 1038 3376 dictum
1065 3327 1147 3373 est
1169 3359 1184 3384 ,
1217 3315 1337 3370 Non
1362 3323 1520 3385 potest
1543 3312 1592 3366 F
1594 3313 1711 3366 ilius
1738 3328 1769 3363 a
1798 3327 1850 3364 se
1871 3313 1948 3380 fa-

372 3434 482 3472 cere
503 3415 794 3488 quidquam,
817 3412 912 3466 nisi
938 3409 1072 3480 quod
1091 3407 1267 3462 viderit
1296 3403 1502 3460 Patrem
1528 3404 1821 3474 facientem;
1847 3401 1950 3455 tale

372 3517 455 3562 est
477 3547 492 3572 ,
521 3521 583 3560 ac
604 3505 649 3559 si
684 3504 916 3567 diceret,
947 3501 1063 3554 Non
1085 3505 1227 3553 esset
1252 3495 1432 3560 Filius,
1468 3495 1566 3548 nisi
1594 3493 1660 3547 de
1685 3492 1838 3546 Patre
1860 3507 1952 3545 na-

373 3605 632 3652 sceretur.
651 3593 908 3660 Sufﬁciat,
928 3591 1139 3654 fratres;
1160 3588 1278 3642 novi
1301 3587 1351 3640 id
1370 3601 1453 3640 me
1473 3584 1688 3648 dixisse,
1710 3580 1850 3651 quod
1871 3596 1954 3635 co-

374 3691 596 3760 gitatum
612 3686 748 3741 forte
764 3685 1028 3756 aperiatur
1043 3681 1241 3746 multis,
1258 3695 1398 3748 saepe
1415 3678 1589 3732 verbis
1604 3676 1801 3731 dictum
1819 3674 1954 3728 forte

375 3782 691 3838 obscuretur
714 3776 788 3848 (b)

842 3883 1071 3940 SERMO
1107 3879 1339 3938 CXXVII
1359 3885 1377 3902 ⁶
1409 3879 1498 3950 (ο).

382 4006 460 4060 De
505 4004 664 4058 verbis
692 3999 953 4072 Evangelii
977 3998 1193 4053 Joannis
1215 4037 1231 4064 ,
1263 3997 1430 4050 Amen
1455 4034 1471 4060 ,
1504 4007 1657 4048 amen
1700 3986 1820 4046 dico
1860 4005 1957 4046 vo-

455 4095 536 4149 bis
561 4136 574 4158 ,
606 4093 729 4163 quia
762 4091 938 4146 veniet
965 4091 1092 4144 hora
1118 4129 1133 4156 ,
1174 4096 1229 4142 et
1257 4101 1397 4141 nunc
1426 4094 1546 4150 est,
1582 4083 1794 4154 quando
1818 4097 1961 4136 mor-

456 4185 530 4239 tui
573 4182 789 4237 audient
814 4194 997 4234 vocem
1026 4175 1271 4232 Filii'Dei
1297 4217 1312 4242 ,
1345 4185 1397 4230 et
1434 4175 1524 4244 qui
1549 4173 1847 4237 audierint,
1879 4173 1962 4226 vi-

460 4284 607 4338 vent,
641 4283 734 4326 etc.
763 4270 803 4326 C
817 4285 965 4342 ap.v,
1015 4270 1051 4340 Ῡ
1075 4307 1090 4323 .
1115 4268 1288 4347 24-29
1310 4287 1322 4321 :
1347 4282 1538 4320 necnon
1563 4265 1624 4318 de
1646 4264 1801 4318 verbis
1823 4262 1962 4332 Apo-

461 4368 574 4420 stoli
600 4407 614 4432 ,
645 4363 797 4432 Quod
821 4363 1004 4419 oculus
1030 4376 1134 4416 non
1177 4359 1343 4427 vidit,
1373 4367 1491 4424 etc.,
1518 4356 1536 4409 l
1565 4356 1707 4422 Cor.,
1737 4370 1852 4424 cap.
1884 4368 1920 4407 ιι
1946 4395 1961 4420 ,

475 4458 734 4551 Μω).
1504 4459 1508 4463 ·

463 4571 689 4627 CAPUT
747 4567 1027 4625 PRIMUM.
1072 4596 1142 4606 —
1181 4566 1232 4619 1.
1291 4563 1420 4634 Spes
1463 4561 1862 4616 Christianorum
1909 4558 1971 4612 de

394 4666 456 4718 iis
497 4673 570 4718 est
615 4678 727 4732 qua:
753 4678 854 4716 non
899 4646 1144 4714 videntur.
1193 4657 1321 4727 Apta
1367 4639 1661 4708 similitudo.
1711 4651 1845 4722 Spes
1878 4665 1973 4704 no-

396 4766 534 4820 stra,
584 4754 806 4817 fratres,
852 4767 957 4806 non
995 4749 1060 4804 de
1087 4750 1187 4803 isto
1225 4756 1500 4816 tempore,
1549 4758 1721 4813 neque
1767 4742 1834 4797 de
1873 4741 1974 4795 hoc

399 4846 596 4902 mundo
621 4854 701 4901 est
721 4885 735 4910 ,
764 4858 934 4914 neque
961 4842 1012 4894 in
1038 4855 1099 4895 ea
1127 4838 1373 4894 felicitate
1399 4852 1500 4907 qua
1522 4842 1855 4891 excaecantur
1881 4833 1976 4886 ho-

399 4939 570 4992 mines
595 4937 684 5007 qui
713 4934 1095 4990 obliviscuntnr
1121 4931 1309 4984 Deum.
1338 4926 1450 4981 Hoc
1477 4941 1635 4980 nosse
1662 4925 1903 4994 primitus
1923 4935 1977 4977 et

400 5026 690 5081 christiano
728 5022 888 5079 corde
913 5031 1092 5076 tenere
1131 5019 1419 5082 debemus,
1447 5009 1553 5070 non
1595 5014 1662 5069 ad
1703 5013 1980 5084 przescntis

401 5116 657 5187 temporis
701 5115 840 5170 bona
885 5124 983 5166 nos
1026 5107 1192 5163 factos
1233 5120 1352 5162 esse
1393 5105 1736 5171 christianos;
1776 5102 1872 5159 sed
1913 5101 1981 5158 ad

467 5251 484 5272 ν
509 5251 772 5312 Castigatus
808 5245 867 5296 ad
903 5251 1006 5312 tres
1025 5242 1108 5292 bu.
1131 5247 1185 5292 et
1213 5246 1416 5304 quatuor
1435 5237 1497 5290 cl.
1521 5238 1582 5289 ad
1602 5252 1648 5290 a.
1673 5239 1751 5290 cb.
1775 5237 1810 5288 f.
1833 5237 1893 5289 fs.
1929 5252 1981 5302 g.

403 5313 464 5362 ιτ.
483 5326 550 5360 ιιι.
576 5305 660 5372 ριιῖ
673 5323 747 5372 pr.
774 5322 865 5357 rm.
889 5305 969 5356 vd.

491 5374 544 5436 α)
575 5371 732 5436 “me,
761 5371 1159 5436 CW‘wP:

495 5427 544 5483 bi
567 5427 736 5482 Confer
758 5427 917 5481 traétt.
940 5430 1000 5479 18
1025 5436 1076 5479 et
1096 5427 1158 5477 20
1180 5439 1230 5474 ιιι
1251 5433 1496 5475 Joannem.

494 5487 543 5554 c)
568 5493 705 5554 Alias,
732 5495 795 5543 de
818 5492 987 5542 verbis
1002 5488 1184 5554 Domini
1208 5487 1284 5554 ζμ.

473 5546 553 5620 (Α)
574 5546 785 5606 Meminit
806 5554 1044 5620 Possidius
1066 5553 1116 5620 in
1144 5548 1342 5620 mdiculi.
1367 5547 1528 5620 capite
1549 5546 1582 5596 9
1602 5562 1671 5620 ε-ει
1685 5552 1752 5594 De
1781 5557 1843 5594 eo
1865 5547 1990 5608 quod

420 5609 704 5728 ιιιίἱεῖἶυῖιῖιῖ
717 5624 811 5677 est,
838 5616 968 5678 quod
992 5612 1158 5668 oculus
1176 5625 1270 5666 non
1297 5610 1435 5671 vidit,
1453 5616 1548 5662 etc.
1564 5625 1587 5657 ι
1616 5609 1781 5660 Florus
1796 5621 1992 5674 quoque

420 5697 460 5728 ω
483 5698 508 5728 ιι
555 5697 595 5728 ιιι
707 5694 757 5728 (ΙΓ
769 5715 777 5726 1
803 5693 853 5728 ιι.

416 5687 532 5732 citat
555 5687 610 5730 ad
637 5688 650 5728 l
673 5687 777 5728 Cur.
803 5693 853 5729 ιι.

1755 281 1986 339 SERMO
2023 281 2275 338 CXXVII.

2320 361 2322 364 .
3353 343 3364 358 ,
3509 297 3613 352 706

2043 395 2221 447 nescio
2249 394 2370 463 quid
2395 395 2554 460 aliud,
2586 396 2724 464 quod
2758 397 2896 452 Deus
2918 398 3026 468 jam
3053 400 3341 470 promittit,
3369 413 3422 457 et
3448 403 3610 458 homo

2039 483 2272 538 nondum
2303 486 2460 553 capit.
2507 487 2578 540 De
2607 486 2706 542 hoc
2746 490 2884 543 enim
2920 491 3057 544 bono
3086 491 3281 546 dictum
3311 502 3391 546 est
3414 535 3428 557 ,
3463 495 3611 561 Quod

2039 577 2215 628 oculus
2240 592 2338 628 non
2367 576 2522 640 vidit,
2555 594 2642 630 nec
2669 580 2805 632 auris
2832 581 3051 644 audivit,
3083 598 3170 635 nec
3193 583 3246 635 in
3269 600 3356 635 cor
3397 585 3611 640 hominis

2039 666 2444 742 ascendit,‘qua:
2485 668 2784 736 pra'paravit
2827 668 2960 723 Deus
3004 670 3320 740 diligentibus
3360 689 3431 725 se.
3472 674 3611 744 Ergo

2037 755 2159 824 quia
2187 755 2288 810 hoc
2311 757 2507 812 bonum
2539 766 2640 811 tam
2682 774 2925 827 magnum
2947 800 2961 823 ,
2994 770 3098 813 tam
3129 763 3436 829 praeclarum
3456 805 3471 829 ,
3504 775 3608 818 tam

2038 847 2331 914 inctTabile,
2359 865 2462 903 non
2495 850 2688 904 invenit
2717 849 2980 906 hominem
3010 867 3369 922 perceptorem
3390 897 3405 922 ,
3444 859 3612 912 tenuit

2038 941 2203 996 Deum
2235 942 2627 1010 promissorem.
2674 943 2822 998 Nunc
2850 946 2989 999 enim
3025 946 3165 1016 quod
3203 946 3254 1002 ei
3293 950 3608 1018 promissum

2037 1042 2148 1100 est,
2183 1033 2341 1088 homo
2369 1049 2539 1088 cmcus
2563 1035 2723 1090 corde
2755 1036 2769 1065 ί
2800 1052 2903 1089 nou
2943 1039 3195 1108 percipit:
3229 1055 3326 1095 nec
3352 1043 3398 1096 ei
3438 1054 3611 1113 potest

2037 1124 2243 1178 ostendi
2273 1125 2323 1178 in
2355 1126 2630 1194 praesenti,
2672 1126 2794 1195 quid
2821 1126 2934 1196 ip‘se
2959 1128 3040 1181 cui
3073 1130 3393 1197 promittitur
3420 1133 3489 1187 sit
3523 1133 3610 1189 fu-

2039 1220 2208 1267 turus.
2245 1213 2376 1281 Quia
2404 1223 2455 1268 et
2483 1214 2654 1268 infans
2696 1225 2848 1269 natus
2882 1217 3134 1287 sipossct
3160 1221 3318 1275 verba
3349 1222 3612 1293 loquentis

2040 1305 2350 1375 intelligere,
2380 1322 2498 1361 cum
2528 1308 2640 1378 ipse
2669 1309 2806 1378 loqui
2835 1326 2940 1363 non
2973 1321 3170 1380 posset,
3198 1329 3294 1368 nec
3317 1316 3606 1381 ambulare,

2038 1411 2137 1451 nec
2161 1397 2356 1466 aliquid
2383 1412 2538 1467 agere
2558 1441 2572 1464 ,
2605 1398 2698 1453 sed
2726 1401 2861 1453 sicut
2889 1416 3009 1454 eum
3040 1402 3279 1457 videmus
3307 1404 3568 1471 inﬁrmum
3594 1449 3608 1470 ,

2037 1486 2298 1556 iacentem
2320 1528 2333 1554 ,
2363 1489 2594 1559 indigum
2639 1491 2750 1558 Opis
2778 1491 2986 1557 alienat,
3019 1495 3383 1550 tantummodo
3415 1497 3610 1550 intelli-
3660 1494 3674 1519 "

2037 1593 2162 1648 gere
2193 1590 2368 1649 posset
2410 1595 2531 1635 eum
2562 1582 2650 1650 qui
2679 1582 2777 1636 sibi
2824 1582 3141 1652 loqueretur,
3186 1594 3240 1639 et
3284 1585 3481 1641 diceret
3525 1589 3608 1651 ei,

2041 1669 2178 1752 Ecce
2198 1671 2336 1755 sicut
2358 1671 2504 1755 vides
2528 1688 2613 1726 me
2638 1673 3018 1740 ambulantem,
3046 1685 3372 1742 operantem,
3398 1677 3615 1746 loquen-

2042 1769 2176 1828 tem,
2208 1772 2324 1831 post
2352 1778 2544 1832 paucos
2570 1778 2738 1818 annos
2768 1763 2884 1818 talis
2900 1765 3013 1818 ‘eris
3037 1781 3049 1816 ε
3083 1766 3361 1820 attendens
3390 1781 3448 1820 se
3474 1777 3524 1820 et
3551 1767 3614 1820 il-

2041 1851 2167 1919 lum,
2183 1855 2420 1923 quamvis
2437 1853 2577 1924 quod
2592 1855 3000 1923 promitteretur,
3021 1855 3220 1911 videret
3239 1873 3252 1921 ;
3273 1865 3446 1911 tamen
3465 1873 3612 1911 suam

2038 1943 2380 1997 considerans
2406 1943 2762 1997 inﬁrmitatem
2782 1983 2798 2009 ,
2826 1957 2930 1997 non
2956 1946 3231 2012 crederet,
3267 1955 3321 2000 et
3347 1947 3550 2000 videret
3592 1949 3614 1978 ⁸

2042 2041 2214 2086 tamen
2241 2031 2379 2101 quod
2412 2033 2833 2102 promittebatur.
2865 2032 3026 2088 Nobis
3050 2044 3225 2090 autem
3258 2044 3503 2106 tanquam
3532 2037 3616 2092 in-

2041 2121 2267 2176 fantibus
2294 2123 2347 2176 in
2383 2122 2480 2178 hac
2505 2138 2664 2179 carne
2689 2132 2847 2194 atque
2871 2124 3176 2180 inﬁrmitate
3196 2119 3494 2194 jacentibus
3514 2170 3526 2193 ,
3560 2137 3614 2183 et

2038 2227 2287 2283 magnum
2326 2219 2408 2268 est
2449 2213 2590 2283 quod
2630 2213 2986 2283 promittitur,
3029 2225 3082 2269 et
3125 2231 3230 2270 non
3268 2216 3516 2272 videtur:
3561 2227 3615 2273 et

2039 2303 2257 2374 erigitur
2295 2303 2426 2358 fides
2455 2318 2558 2374 qua
2597 2303 2863 2359 credimus
2900 2305 3041 2374 quod
3085 2319 3190 2360 non
3239 2307 3510 2373 videmus,
3561 2317 3621 2363 ut

2039 2408 2339 2448 mereamur
2363 2393 2543 2448 videre
2571 2393 2712 2463 quod
2752 2394 3037 2450 credimus.
3065 2395 3394 2467 Quicumque
3435 2398 3621 2453 irridet

2041 2482 2179 2537 hanc
2205 2483 2360 2538 ﬁdem
2391 2484 2431 2550 ³,
2466 2492 2522 2537 ιιι
2547 2484 2666 2538 ideo
2689 2494 2838 2554 putet
2864 2500 2968 2538 non
2996 2485 3096 2540 sibi
3123 2501 3242 2542 esse
3269 2487 3613 2555 credendum,

2041 2574 2161 2643 quia
2193 2589 2296 2627 non
2326 2573 2501 2639 videt;
2532 2574 2740 2642 quando
2783 2575 2989 2629 venerit
3013 2575 3153 2644 quod
3191 2591 3297 2631 non
3323 2576 3613 2646 credebat,

2043 2665 2344 2730 erubescit;
2376 2662 2628 2720 confusus
2665 2677 2941 2736 separatur
2963 2707 2978 2732 ,
3009 2675 3284 2736 separatus
3317 2668 3616 2723 damnatur.

2044 2755 2143 2821 Qui
2171 2765 2346 2810 autem
2367 2755 2668 2821 crediderit,
2699 2766 3005 2826 segregatur
3024 2756 3090 2810 ad
3114 2739 3405 2824 dexteram,
3431 2768 3481 2813 et
3507 2755 3619 2812 sta;

2046 2846 2121 2900 bit
2168 2861 2287 2900 cum
2319 2861 2505 2916 magna
2553 2845 2742 2900 ﬁducia
2786 2854 2840 2901 et
2884 2847 3061 2901 lmtitia
3106 2848 3242 2901 inter
3273 2847 3390 2903 illos
3432 2849 3622 2919 quibus

2047 2937 2270 3002 dicetur,
2311 2936 2502 3001 Venite,
2535 2936 2775 2990 benedicti
2808 2934 2977 2990 Patris
2998 2938 3093 2990 mei
3111 2979 3123 3000 ,
3149 2939 3388 3008 percipite
3415 2955 3624 3007 regnum

2047 3029 2183 3100 quod
2209 3028 2343 3082 vobis
2385 3038 2619 3098 paratum
2662 3037 2732 3081 est
2777 3028 2838 3082 ab
2881 3028 3074 3098 origine
3110 3029 3304 3082 mundi.
3353 3029 3626 3084 Conclusit

2049 3130 2226 3175 autem
2255 3121 2504 3174 Dominus
2524 3118 2553 3186 ,’
2579 3135 2698 3174 cum
2724 3119 2838 3174 haec
2871 3121 3027 3174 verba
3055 3119 3279 3184 diceret,
3309 3119 3386 3173 sic
3420 3137 3432 3173 :
3475 3118 3628 3172 Ibunt

2051 3212 2131 3266 isti
2156 3213 2206 3266 in
2231 3211 2590 3266 ambustionem
2614 3218 2866 3276 wlernam,
2890 3210 3019 3279 justi
3045 3221 3212 3263 autem
3235 3210 3286 3262 in
3308 3211 3457 3263 vitam
3482 3220 3628 3264 arter-

2053 3322 2170 3358 nam
2201 3303 2409 3374 (Matth.
2441 3319 2578 3371 xxv,
2607 3304 2695 3370 54,
2725 3301 2837 3372 46).
2868 3301 2991 3356 llaec
3016 3309 3096 3356 est
3123 3301 3225 3354 vita
3252 3309 3479 3366 (eterna,
3510 3314 3628 3370 quae

2055 3395 2207 3450 nobis
2232 3395 2576 3463 promittitur.

2124 3484 2179 3538 2.
2220 3482 2334 3536 Vita
2360 3492 2546 3536 artemo
2570 3480 2708 3534 nobis
2731 3479 2978 3549 promissa
3001 3488 3241 3548 quantum
3266 3479 3503 3542 amanda.
3530 3479 3630 3545 Qui

2056 3583 2236 3629 amant
2260 3573 2504 3626 homines
2529 3572 2705 3624 vivere
2735 3570 2787 3623 in
2815 3568 2914 3624 hac
2944 3577 3100 3633 terra,
3135 3569 3394 3638 promissa
3419 3577 3500 3624 est
3529 3570 3635 3627 illis

2057 3665 2193 3727 vita;
2230 3673 2284 3718 et
2312 3663 2432 3732 quia
2457 3660 2677 3715 multum
2711 3659 2896 3713 timent
2926 3659 3095 3725 mori,
3128 3659 3383 3728 promissa
3413 3667 3493 3713 est
3533 3660 3635 3712 illis

2061 3765 2278 3810 aeterna.
2300 3753 2434 3821 Quid
2453 3752 2638 3806 amas?
2664 3750 2872 3806 Vivere.
2895 3749 3007 3804 lluc
3028 3748 3265 3803 habebis.
3289 3749 3423 3815 Quid
3447 3749 3636 3803 times?

2060 3845 2210 3899 Mori.
2242 3843 2357 3897 Non
2397 3841 2628 3911 patieris.
2658 3839 2771 3895 Hoc
2796 3838 3039 3893 sufﬁcere
3072 3839 3242 3893 visum
3268 3848 3351 3893 est
3392 3838 3638 3891 humanm

2065 3934 2377 3998 inﬁrmitati,
2403 3942 2460 3988 ut
2488 3933 2773 3998 diceretur,
2806 3929 3033 3985 Habebis
3056 3931 3212 3983 vitam
3239 3939 3510 3983 aeternam.
3535 3927 3639 3982 Ca-

2066 4028 2142 4096 pit
2179 4025 2280 4080 hoc
2307 4039 2459 4080 mens
2495 4024 2750 4089 humana,
2778 4031 3061 4090 utcumque
3101 4037 3164 4075 ex
3209 4019 3310 4076 hoc
3336 4019 3475 4090 quod
3508 4021 3637 4089 agit,

2066 4115 2207 4186 quod
2244 4115 2480 4169 futurum
2523 4122 2604 4168 est
2639 4114 2797 4182 capit.
2842 4111 2946 4167 Sed
2977 4119 3227 4180 quantum
3270 4111 3410 4181 capit
3445 4121 3510 4165 ex
3541 4111 3639 4165 hoc

2068 4223 2232 4279 parvo
2259 4208 2398 4278 quod
2433 4205 2735 4278 agit]?'Quia
2762 4205 2917 4270 vivit,
2949 4213 3002 4260 et
3026 4206 3161 4258 mori
3187 4220 3290 4260 non
3319 4206 3460 4269 vult;
3501 4216 3641 4258 amat

2071 4299 2230 4353 vitam
2261 4309 2512 4353 mternam
2535 4338 2549 4362 ,
2579 4298 2689 4352 vult
2715 4311 2927 4366 semper
2951 4295 3129 4350 vivere
3149 4338 3163 4361 ,
3194 4311 3458 4365 nunquam
3484 4296 3640 4350 mori.

2071 4389 2176 4446 Sed
2203 4403 2257 4445 et
2296 4390 2370 4443 illi
2395 4389 2483 4458 qui
2511 4387 2892 4458 torquebuntur
2922 4385 2943 4417 ⁸
2973 4386 3026 4439 in
3051 4386 3222 4455 pinnis
3243 4428 3258 4453 ,
3290 4386 3427 4441 velle
3452 4386 3646 4440 habent

2074 4481 2238 4546 mori,
2271 4489 2326 4536 et
2353 4495 2456 4534 non
2489 4486 2724 4549 possunt.
2756 4477 2869 4533 Non
2903 4492 3030 4548 ergo
3058 4493 3304 4548 magnum
3331 4487 3412 4532 est
3449 4477 3534 4530 diu
3567 4477 3646 4528 vi-

2074 4588 2198 4627 vere
2217 4613 2232 4638 ,
2264 4581 2354 4626 aut
2381 4585 2590 4640 semper
2615 4571 2790 4624 vivere
2815 4587 2826 4621 :
2856 4567 2950 4623 sed
2975 4584 3228 4640 magnum
3268 4578 3348 4624 est
3386 4567 3538 4622 beate
3569 4568 3647 4620 vi-

2077 4677 2220 4718 vere.
2622 4649 2640 4654 ”

2149 4753 2372 4810 CAPUT
2401 4752 2464 4808 ll.
2486 4783 2557 4793 —
2581 4755 2832 4809 Amemus
2861 4753 3017 4807 vitam
3049 4762 3300 4807 aeternam
3325 4792 3340 4816 ,
3387 4760 3441 4805 et
3479 4765 3543 4806 ex
3587 4767 3653 4805 eo

2082 4846 2384 4900 noverimus
2414 4854 2665 4914 quantum
2711 4859 2806 4913 pro
2834 4844 2937 4897 vita
2978 4852 3174 4898 aeterna
3206 4843 3441 4896 laborare
3487 4840 3653 4895 debe-

2081 4953 2230 5006 tuus,
2265 4952 2382 4990 cum
2413 4935 2652 4992 videmus
2679 4933 2921 4989 homines
2944 4943 3205 4987 amatores
3232 4931 3506 5002 prmsentis
3533 4933 3656 4985 vitae

2086 5027 2391 5098 temporalis
2433 5036 2600 5097 atque
2630 5027 2906 5093 ﬁniendae,
2936 5027 3012 5080 sic
3039 5040 3135 5095 pro
3173 5025 3260 5078 illa
3303 5023 3567 5090 laborare,
3601 5034 3658 5078 ut

2086 5121 2297 5193 quando
2323 5121 2526 5176 venerit
2569 5129 2739 5174 metus
2776 5119 2961 5174 mortis
2984 5158 2997 5180 ,
3028 5115 3278 5187 quidquid
3320 5125 3538 5185 possunt
3578 5115 3658 5169 fa-

2089 5215 2250 5280 ciant,
2275 5228 2379 5267 non
2400 5221 2458 5267 ut
2477 5211 2736 5277 auferant,
2759 5211 2853 5265 sed
2878 5218 2934 5264 ut
2953 5209 3197 5263 differant
3217 5216 3464 5262 mortem.
3487 5206 3661 5275 Quan~

2093 5315 2201 5359 tum
2230 5303 2391 5359 homo
2421 5303 2645 5371 laborat,
2673 5300 2882 5373 quando
2912 5313 3055 5354 mors
3085 5299 3358 5365 imminet,
3388 5297 3656 5370 fugiendo,

2157 5428 2173 5457 ι
2202 5432 2280 5472 Ms.
2306 5422 2408 5485 pb.,
2591 5419 2789 5485 angusto
2811 5413 2972 5485 corde.

2158 5489 2178 5519 '
2202 5470 2322 5534 bovi
2339 5490 2384 5533 et
2399 5470 2447 5531 'si
2481 5470 2676 5530 videret:
2704 5477 2877 5533 Abest,
2903 5473 2971 5532 si,
3016 5472 3078 5521 ah
3101 5479 3198 5520 Am.
3238 5477 3312 5520 Er.
3354 5479 3406 5522 et
3441 5483 3469 5520 a
3507 5470 3668 5520 n‘ultis

2095 5547 2444 5607 manuscriptis.

2161 5592 2404 5669 iugis}
2431 5604 2717 5665 Quicumque
2733 5595 2952 5669 inﬁrmus
2969 5603 3035 5646 est
3057 5595 3108 5647 in
3124 5594 3215 5646 huc
3231 5592 3348 5658 ﬁde.

2164 5671 2184 5704 ’δ
2204 5666 2370 5720 Plures
2390 5676 2516 5726 3155.,
2541 5666 2830 5725 torquentur.
