4006 6444
485 363 589 418 707

487 475 738 541 latendo,
767 468 1017 545 quidquid
1049 467 1207 522 habet
1231 463 1425 528 dando,
1450 471 1506 518 et
1533 476 1592 517 se
1621 461 1951 527 redimendo,
1984 461 2063 514 la-

490 564 750 628 borando,
783 561 1047 617 cruciatus
1069 555 1442 622 molestiasque
1467 551 1798 615 sustinendo,
1826 550 2064 605 medicos

489 655 809 717 adhibendo,
850 660 905 706 et
944 647 1197 720 quidquid
1242 645 1386 700 aliud
1417 644 1576 698 homo
1622 643 1828 714 potest?
1877 641 2064 696 Videte

491 748 609 816 quia
641 743 965 810 consumptis
991 739 1259 794 laboribus
1283 745 1332 791 et
1365 734 1696 790 facultatibus
1726 733 1859 799 suis,
1883 741 1940 785 ut
1963 731 2060 784 ali-

485 845 740 908 quantum
773 836 944 898 vivat,
976 839 1148 900 potest
1185 829 1391 884 facere:
1427 835 1484 882 ut
1511 841 1722 895 semper
1749 823 1926 888 vivat,
1958 836 2061 876 non

487 938 680 1001 potest.
710 927 768 982 Si
793 940 920 995 ergo
948 923 1129 978 labore
1155 931 1323 988 tanto,
1357 929 1502 975 tanto
1526 929 1738 981 conatu,
1768 916 1930 970 tantis
1960 915 2062 968 im-

486 1021 725 1090 pendiis,
773 1026 913 1072 tanta
944 1014 1190 1070 instantia
1211 1056 1226 1080 ,
1255 1021 1400 1066 tanta
1437 1010 1703 1081 vigilantia
1723 1050 1739 1075 ,
1765 1016 1906 1062 tanta
1936 1020 2061 1061 cura

485 1111 692 1180 agitur,
724 1116 782 1162 ut
820 1107 1146 1174 aliquantum
1178 1103 1292 1173 plus
1316 1102 1522 1156 vivatur
1548 1117 1564 1166 ;
1605 1097 1871 1169 quomodo
1898 1112 2055 1166 agen-

481 1201 609 1254 dum
639 1207 753 1263 est,
787 1208 839 1251 ut
879 1210 1092 1264 semper
1118 1192 1364 1246 vivatur?
1398 1191 1464 1246 Et
1489 1191 1532 1246 si
1555 1189 1839 1260 prudentes
1874 1188 2064 1242 dicun-

483 1301 588 1355 tur,
621 1291 710 1361 qui
745 1289 991 1344 omnibus
1021 1286 1192 1341 modis
1217 1293 1410 1354 agunt,
1440 1293 1498 1338 ut
1525 1282 1772 1338 ditl‘erant
1798 1289 2019 1335 mortem
2044 1321 2059 1346 ,

484 1393 541 1440 et
570 1385 747 1438 vivant
771 1395 968 1452 paucos
993 1379 1130 1445 dies,
1160 1392 1228 1432 ne
1253 1375 1479 1447 perdant
1505 1388 1705 1444 paucos
1729 1374 1873 1438 dies,
1905 1386 2061 1441 quam

484 1475 629 1529 stulti
658 1482 800 1538 sunt,
827 1471 915 1542 qui
942 1471 1018 1525 sic
1044 1469 1244 1533 vivunt,
1277 1476 1334 1521 ut
1358 1466 1580 1536 perdant
1606 1474 1863 1520 aeternum
1885 1463 2064 1518 diem?

555 1569 610 1622 5.
656 1566 791 1633 Quid
818 1562 882 1619 sit
908 1573 1095 1618 azterua
1121 1562 1253 1625 vita,
1283 1570 1330 1614 et
1364 1559 1540 1628 quanti
1563 1558 1792 1611 emenda.
1837 1555 2065 1610 Pretium

483 1661 599 1713 vita:
635 1668 853 1712 aeternae.
905 1655 1018 1708 Vita
1045 1663 1234 1708 wterna
1273 1651 1431 1704 verbis
1465 1650 1680 1703 hominis
1725 1665 1824 1702 uon
1858 1648 2062 1702 dicitur.

485 1750 599 1805 Hoc
639 1749 809 1804 solum
839 1760 965 1816 ergo
999 1744 1151 1800 nobis
1191 1742 1422 1813 promitti
1464 1750 1668 1810 poteSt,
1693 1748 1751 1794 ut
1795 1738 2066 1794 dulcescat

486 1841 640 1896 nobis
670 1851 954 1908 utcumque
999 1851 1190 1891 munus
1228 1835 1358 1901 Dei,
1388 1848 1456 1889 ex
1495 1833 1598 1887 hoc
1623 1831 1762 1902 quod
1811 1831 2065 1887 habemus

485 1930 683 1985 modo:
716 1929 837 1999 quia
874 1927 941 1982 de
968 1939 1186 1980 munere
1221 1924 1385 1994 ipsius
1410 1921 1670 1978 habemus
1702 1931 1758 1976 ut
1783 1921 2024 1976 vivamus
2047 1961 2062 1987 ,

485 2022 696 2077 utsalvi
723 2021 910 2074 simus.
938 2019 1202 2074 Ponamus
1229 2027 1355 2087 ergo
1374 2014 1529 2071 nobis
1554 2022 1676 2070 ante
1701 2014 1884 2069 oculos
1904 2013 2064 2068 talem

484 2113 646 2166 vitam
671 2154 686 2178 ,
715 2125 834 2165 cum
865 2108 1189 2179 promittitur
1228 2116 1425 2162 aeterna
1446 2148 1462 2174 ,
1494 2115 1552 2162 ut
1593 2120 1960 2161 removeamus
1998 2104 2067 2160 ab

485 2203 574 2257 illa
599 2200 852 2272 quidquid
883 2200 968 2254 hic
996 2199 1275 2253 molestum
1301 2197 1549 2268 patimur.
1577 2196 1806 2251 Facilius
1829 2197 1968 2250 enim
1995 2197 2069 2249 in-

487 2293 730 2347 venimus
759 2289 882 2360 quid
915 2289 984 2344 ibi
1009 2305 1114 2343 non
1141 2290 1238 2354 sit,
1271 2302 1427 2358 quam
1455 2287 1580 2358 quid
1607 2287 1676 2342 ibi
1701 2287 1790 2342 sit.
1818 2287 1956 2342 Ecce
1982 2286 2067 2340 hic

487 2387 734 2449 vivimus,
765 2385 1002 2439 vivemus
1029 2391 1084 2438 et
1106 2383 1198 2436 ibi.
1227 2381 1370 2437 Salvi
1399 2395 1580 2435 sumus
1607 2380 1820 2450 quando
1849 2379 1935 2434 hic
1960 2395 2064 2433 nun

486 2485 826 2547 :egrotamus,
852 2488 1022 2543 neque
1044 2471 1242 2542 aliquid
1266 2471 1410 2526 dolet
1435 2472 1487 2526 in
1512 2485 1734 2540 corpore
1760 2489 1772 2524 :
1803 2470 1934 2525 salvi
1964 2471 2067 2523 eri-

486 2581 606 2621 mus
626 2574 680 2620 et
706 2563 796 2619 ibi.
818 2563 884 2618 Et
902 2562 1112 2634 quando
1136 2561 1288 2616 nobis
1303 2561 1438 2616 bene
1453 2569 1534 2616 est
1556 2561 1607 2615 in
1629 2559 1727 2615 hac
1745 2561 1870 2625 vita,
1895 2560 2067 2614 nullas

486 2673 672 2729 poenas
695 2657 927 2728 patimur
953 2672 964 2709 :
999 2654 1172 2710 nullas
1194 2654 1452 2724 patiemur
1477 2662 1530 2708 et
1552 2653 1642 2707 ibi.
1666 2652 1812 2707 Pone
1832 2667 1958 2724 ergo
1980 2651 2068 2706 hic

486 2749 756 2807 hominem
779 2752 1066 2812 viventem,
1090 2748 1314 2814 salvum,
1343 2746 1516 2800 nullas
1541 2759 1727 2815 pmnas
1747 2745 2062 2816 patientem:

485 2843 530 2899 si
556 2843 604 2898 ei
631 2841 853 2897 donaret
873 2840 1146 2910 quisquam
1179 2847 1235 2892 ut
1255 2853 1467 2908 semper
1492 2839 1569 2892 sic
1597 2847 1757 2903 esset,
1781 2846 1833 2892 et
1854 2836 1954 2891 hoc
1976 2837 2068 2890 bo-

488 2949 614 2987 num
659 2947 764 2986 non
808 2931 1144 2996 desineret‘,
1189 2939 1444 3000 quantum
1481 2928 1775 3000 gauderet?
1813 2938 2064 2999 quantum

486 3021 879 3079 extolleretur?
916 3019 1182 3090 quomodo
1226 3035 1286 3075 se
1324 3035 1431 3074 non
1471 3027 1687 3089 caperet
1733 3019 1911 3073 laetitia
1952 3019 2067 3075 siue

407 3095 410 3099 ’
489 3129 644 3184 ptena
669 3153 688 3179 ,-
715 3112 830 3167 sine
859 3113 1128 3177 cruciatu,
1167 3111 1282 3165 sine
1326 3111 1428 3165 [ine
1452 3109 1619 3164 vitaz?
1661 3109 1715 3165 Si
1748 3110 1850 3165 hoc
1895 3111 2064 3164 solum

487 3207 640 3262 nobis
661 3206 992 3276 promitteret
1015 3205 1172 3270 Deus,
1196 3203 1336 3273 quod
1359 3202 1486 3268 dixi,
1513 3201 1654 3273 quod
1677 3202 1855 3267 modo,
1877 3203 2066 3272 quibus

489 3299 633 3369 potui
659 3338 674 3365 ,
705 3297 881 3352 verbis
909 3296 1162 3364 descripsi
1194 3303 1248 3350 et
1291 3294 1698 3360 commendavi;
1739 3295 1919 3366 quanti
1952 3303 2069 3349 erat

488 3387 795 3448 emendum,
827 3386 874 3441 si
902 3385 1089 3441 venale
1110 3394 1270 3450 esset,
1294 3393 1549 3456 quantum
1576 3383 1805 3440 dandum
1833 3395 1946 3440 erat
1968 3426 1982 3452 ,
2011 3394 2069 3441 ut

485 3479 798 3535 emeretur?

559 3569 783 3625 CAPUT
823 3565 1294 3623 lll.—Sulliceret
1331 3564 1582 3636 quidquid
1613 3564 1870 3632 haberes,
1907 3566 2066 3621 etiam

488 3661 534 3715 si
566 3669 730 3716 totum
758 3658 1010 3713 mundum
1042 3657 1360 3728 possideres.
1407 3657 1474 3712 Et
1510 3664 1686 3712 tamen
1717 3658 1902 3713 venale
1944 3666 2064 3714 est:

487 3768 608 3809 eme
638 3752 681 3808 si
715 3752 810 3806 vis.
840 3750 948 3806 Nec
976 3751 1197 3804 multum
1232 3757 1494 3803 exmstues
1522 3747 1589 3802 de
1628 3763 1685 3803 re
1717 3763 1904 3819 magna
1944 3765 2069 3819 pro-

489 3856 608 3918 pter
644 3846 798 3918 pretii
842 3843 1278 3914 magnitudinem.
1325 3841 1550 3897 Tantum
1593 3842 1763 3907 valet,
1810 3853 2065 3913 quantum

489 3938 674 3992 habes.
709 3936 789 3991 Ad
816 3935 1015 4005 aliquid
1043 3950 1170 4006 ergo
1194 3950 1440 4005 magnum
1467 3941 1519 3988 et
1545 3933 1833 4003 pretiosum
1853 3948 2067 4004 compa-

489 4027 714 4082 randum
743 4042 956 4096 parares
985 4041 1193 4094 aurum,
1223 4027 1304 4082 vel
1333 4035 1629 4096 argentum,
1660 4025 1741 4080 vel
1765 4028 2064 4096 pecuniam,

490 4117 572 4172 vel
598 4115 802 4171 fructus
845 4117 1050 4185 aliquos
1094 4131 1344 4186 pecorum
1383 4126 1473 4170 aut
1502 4115 1728 4186 frugum,
1774 4118 1862 4187 qui
1894 4119 1944 4172 in
1981 4128 2066 4174 tua

489 4207 827 4276 possessione
866 4215 1240 4271 nascerentur,
1275 4216 1332 4260 ut
1363 4221 1568 4262 emeres
1611 4209 1788 4262 nescio
1818 4209 1940 4279 quid
1969 4209 2068 4266 hoc

491 4311 738 4366 magnum
765 4304 820 4350 et
840 4296 1172 4366 prteclarum,
1196 4311 1301 4366 quo
1328 4295 1535 4352 viveres
1562 4297 1614 4351 in
1639 4297 1736 4353 hac
1761 4307 1895 4354 terra
1920 4299 2061 4355 felix.

491 4385 557 4440 Et
597 4387 695 4440 hoc
728 4401 867 4450 eme,
897 4385 939 4439 si
977 4384 1077 4440 vis.
1109 4385 1224 4440 Noli
1254 4401 1493 4457 quzcrere
1533 4388 1655 4458 quid
1701 4389 1924 4453 habeas,
1973 4392 2066 4448 sed

491 4478 664 4548 qualis
707 4479 799 4532 sis.
829 4477 933 4532 Res
962 4478 1056 4532 ista
1088 4486 1141 4532 te
1168 4478 1326 4534 valet.
1355 4478 1582 4534 Tantum
1611 4481 1781 4547 valet,
1811 4491 2064 4552 quantum

490 4585 549 4625 es
576 4579 650 4625 tu.
693 4569 768 4625 Te
799 4569 866 4623 da
886 4612 901 4638 ,
929 4577 983 4624 et
1025 4569 1244 4625 habebis
1273 4570 1435 4625 illam.
1465 4569 1600 4639 Quid
1646 4573 1912 4629 turbaris?
1939 4575 2065 4646 quid

491 4661 792 4717 exaestuas?
821 4660 1085 4732 Numquid
1122 4663 1438 4732 quaesiturus
1465 4679 1524 4718 es
1550 4672 1628 4729 te,
1659 4674 1750 4719 aut
1792 4675 2066 4736 empturus

490 4767 550 4806 es
573 4753 656 4807 te?
675 4753 812 4807 Ecce
836 4760 890 4808 tu
917 4753 1004 4822 qui
1026 4767 1106 4818 cs,
1135 4753 1304 4822 qualis
1330 4769 1405 4817 es,
1428 4753 1493 4808 da
1521 4764 1571 4809 te
1600 4755 1674 4810 illi
1702 4757 1798 4823 rei,
1825 4767 1877 4813 et
1905 4757 2066 4813 habe-

487 4842 570 4897 bis
596 4842 758 4896 illam.
789 4841 892 4897 Sed
924 4842 1093 4896 malus
1121 4857 1275 4908 sum,
1320 4843 1525 4914 inquies
1549 4887 1563 4909 ,
1597 4856 1649 4900 et
1691 4847 1823 4902 forte
1851 4865 1934 4902 me
1960 4865 2062 4904 non

486 4935 696 5004 accipit.
728 4933 907 4989 Dando
947 4944 995 4990 te
1026 4934 1130 4999 illi,
1175 4935 1343 4990 bonus
1367 4937 1492 4992 eris.
1525 4937 1594 4994 Ut
1620 4938 1743 4995 huic
1772 4939 1892 4996 ﬁdei
1935 4957 2062 5012 pro-

488 5025 832 5095 missionique
861 5036 910 5080 te
947 5025 1041 5081 des
1060 5067 1074 5093 ,
1104 5025 1203 5080 hoc
1225 5034 1307 5081 est
1326 5027 1520 5083 bonum
1561 5045 1697 5085 esse.
1723 5030 1856 5086 Cum
1885 5042 2062 5089 autem

488 5115 657 5171 bonus
685 5115 867 5183 fueris,
890 5117 1116 5187 pretium
1149 5116 1313 5186 ipsius
1333 5117 1408 5173 rei
1430 5118 1536 5173 eris
1560 5161 1573 5186 ,
1603 5131 1657 5176 et
1684 5121 1923 5190 habebis,
1956 5139 2062 5180 non

485 5203 626 5273 quod
651 5203 760 5258 dixi
789 5204 958 5260 solum
978 5246 993 5270 ,
1025 5205 1279 5275 salutem,
1311 5206 1724 5266 incolumitatem
1744 5252 1758 5276 ,
1785 5213 1943 5267 vitam
1966 5256 1980 5279 ,
2011 5223 2065 5270 et

487 5295 602 5348 sine
630 5295 735 5353 line
760 5295 955 5362 vitam;
988 5311 1091 5352 non
1122 5296 1223 5352 hoc
1263 5298 1436 5354 solum
1465 5299 1683 5357 habebis
1702 5343 1718 5368 ,
1745 5303 1919 5360 adhuc
1959 5306 2062 5362 alia

486 5385 637 5440 tollo.
667 5385 782 5441 Non
831 5387 901 5442 ibi
931 5388 1033 5443 erit
1074 5388 1258 5444 lassari
1296 5398 1350 5445 et
1399 5390 1668 5448 dormire:
1715 5408 1821 5450 non
1862 5395 1933 5452 ibi
1963 5398 2065 5453 erit

487 5475 690 5530 esurire
713 5486 769 5532 et
807 5479 995 5534 sitire:
1041 5495 1146 5534 non
1174 5480 1242 5535 ibi
1265 5481 1366 5538 erit
1389 5497 1631 5540 crescere
1659 5493 1713 5540 et
1751 5501 2059 5556 senescere;

487 5565 607 5634 quia
631 5580 729 5621 nec
754 5569 895 5622 nasci
918 5570 1037 5634 erit,
1062 5570 1150 5626 ubi
1173 5572 1358 5643 integri
1380 5575 1585 5630 numeri
1612 5587 1842 5632 manent.
1867 5578 2063 5635 Nume-

489 5669 581 5708 rus
607 5655 698 5724 qui
725 5666 825 5722 est,
854 5656 968 5727 ipse
996 5669 1109 5726 est;
1139 5675 1236 5717 nec
1264 5677 1396 5734 opus
1427 5672 1508 5722 est
1532 5673 1590 5721 ut
1614 5678 1868 5739 augeatur
1889 5710 1904 5736 ,
1939 5670 2060 5740 quia

551 5760 570 5790 ³
585 5768 762 5813 omnes
782 5767 908 5823 Mss,
932 5760 1109 5826 ﬁniret.

1723 349 1780 405 S.
1822 345 2182 405 AUGUS‘i’lNI
2224 348 2519 407 EPISCOl‘l

3650 367 3754 425 708

2175 476 2279 515 non
2309 463 2377 517 ibi
2408 463 2463 517 ﬁt
2495 473 2550 517 ut
2578 465 2866 522 minuatur.
2898 469 3034 526 Ecce
3058 479 3254 542 quanta
3278 473 3370 528 tuli
3392 514 3408 541 ,
3437 483 3493 531 et
3517 477 3757 535 nondum

2171 553 2277 608 dixi
2308 555 2432 624 quid
2465 555 2535 610 ibi
2561 558 2678 612 erit.
2709 560 2842 614 Ecce
2861 561 2970 631 jam
3005 563 3111 617 vita
3140 571 3240 630 est,
3266 565 3378 635 jam
3418 567 3758 627 incolumitas

2171 655 2271 710 est,
2297 647 2405 714 jam
2448 649 2588 702 nulla
2619 666 2769 719 poena
2788 693 2801 717 ,
2828 653 2969 708 nulla
2994 652 3159 710 l‘ames
3183 698 3199 723 ,
3231 658 3372 712 nulla
3395 657 3512 714 sitis
3532 702 3546 727 ,
3577 662 3753 716 nullus

2169 735 2436 805 defectus,
2470 741 2599 795 nihil
2631 742 2857 810 horum;
2888 755 2940 800 et
2980 756 3154 802 tamen
3192 751 3425 805 nondum
3467 753 3578 808 dixi
3622 770 3755 825 quoa

2170 831 2346 884 oculus
2374 848 2472 885 non
2498 833 2652 898 vidit,
2681 852 2770 888 nec
2794 839 2930 890 auris
2960 840 3149 893 audivit
3170 881 3185 906 ,
3213 858 3304 896 nec
3340 844 3392 896 in
3421 860 3508 897 cor
3536 844 3756 901 hominis

2169 922 2413 977 ascendit.
2439 923 2492 979 Si
2519 925 2660 978 enim
2687 925 2826 994 dixi,
2858 927 3044 984 falsum
3071 938 3154 986 est
3177 931 3317 1002 quod
3343 934 3600 1004 scriptum
3629 946 3713 990 est
3739 979 3755 1004 ,

2172 1010 2321 1077 Quod
2360 1014 2535 1068 oculus
2563 1033 2662 1070 non
2701 1017 2856 1082 vidit,
2889 1035 2978 1072 nec
3018 1022 3159 1074 auris
3196 1023 3419 1091 audivit,
3453 1042 3544 1078 nec
3590 1027 3642 1078 in
3671 1043 3760 1080 cor

2169 1103 2384 1157 hominis
2411 1107 2653 1160 ascendit.
2683 1107 2834 1165 Unde
2860 1112 3001 1166 enim
3025 1113 3335 1169 ascenderet
3356 1115 3408 1170 in
3431 1132 3524 1171 cor
3549 1133 3757 1184 meum,

2171 1201 2228 1246 ut
2253 1193 2486 1249 dicerem
2513 1198 2648 1268 quod
2685 1199 2736 1251 in
2779 1217 2865 1254 cor
2893 1202 3109 1256 hominis
3138 1220 3239 1258 non
3267 1208 3534 1262 ascendit?
3570 1209 3758 1263 Credi-

2169 1291 2256 1338 tur
2277 1326 2291 1352 ,
2316 1295 2369 1339 et
2391 1302 2493 1340 non
2517 1287 2729 1343 videtur
2754 1307 2765 1341 :
2802 1307 2904 1345 non
2930 1292 3101 1347 solum
3128 1309 3235 1348 non
3261 1295 3468 1351 videtur
3486 1339 3500 1363 ,
3531 1297 3626 1351 sed
3657 1315 3759 1354 nec

2169 1373 2380 1430 dicitur.
2407 1376 2682 1444 Quomodo
2707 1395 2832 1449 ergo
2852 1382 3088 1438 creditur
3105 1425 3120 1450 ,
3155 1385 3197 1438 si
3223 1400 3327 1439 non
3352 1385 3586 1441 dicitur?
3624 1387 3757 1456 Quis

2167 1467 2339 1522 credit
2360 1468 2500 1538 quod
2528 1484 2632 1524 non
2655 1471 2843 1525 audit?
2868 1471 2923 1528 Si
2945 1481 3122 1528 autem
3144 1474 3292 1528 audit
3315 1484 3372 1530 ut
3389 1477 3593 1541 credat,
3622 1478 3758 1533 dici-

2170 1565 2288 1611 tur:
2317 1558 2360 1612 si
2386 1557 2597 1626 dicitur,
2625 1561 2886 1630 cogitatur
2910 1581 2922 1617 :
2950 1563 2994 1618 si
3019 1564 3284 1636 cogitatur
3307 1575 3362 1621 et
3383 1565 3597 1635 dicitur,
3622 1578 3678 1623 et
3702 1570 3755 1624 in

2169 1649 2385 1705 auribus
2409 1650 2681 1708 hominum
2727 1655 2907 1709 intrat.
2953 1655 3020 1711 Et
3044 1658 3164 1728 quia
3193 1674 3298 1714 non
3337 1659 3604 1716 diceretur
3651 1661 3756 1716 nisi

2168 1740 2492 1809 cogitaretur
2509 1782 2524 1807 ,
2550 1750 2603 1797 et
2629 1744 2680 1798 in
2705 1759 2797 1799 cor
2820 1745 3048 1802 hominis
3069 1749 3332 1804 ascendit.
3359 1749 3476 1805 Jam
3505 1766 3631 1807 ecce
3655 1753 3756 1806 ista

2169 1833 2395 1901 qumstio
2443 1843 2602 1889 tanta:
2644 1837 2722 1891 rei
2761 1841 3044 1892 conturbat
3087 1854 3205 1907 nos,
3245 1849 3304 1894 ut
3341 1856 3446 1895 non
3488 1843 3758 1912 possimus

2169 1923 2346 1978 verbis
2361 1925 2625 1994 explicare
2649 1927 3017 1997 quaestionem.
3049 1929 3179 1996 Quis
3205 1931 3432 2000 explicat
3457 1933 3615 1986 rem?

2239 2012 2464 2071 CAPUT
2502 2016 2589 2071 IV.
2615 2018 2761 2073 —4.
2793 2017 2961 2072 Filius
3003 2035 3198 2090 semper
3245 2023 3439 2091 genitus
3489 2039 3520 2074 a
3576 2021 3753 2077 Patre.

2169 2107 2521 2163 Attendamus
2549 2108 2724 2180 itaque
2762 2111 3143 2182 Evangelium,
3175 2113 3335 2168 modo
3380 2114 3634 2168 Dominus
3677 2115 3760 2168 lo-

2169 2199 2463 2266 quebatur,
2493 2207 2546 2254 et
2572 2199 2825 2256 faciamus
2854 2203 2992 2272 quod
3030 2203 3143 2273 ipse
3171 2203 3303 2258 dixit
3331 2222 3344 2258 :
3378 2204 3476 2272 Qui
3517 2205 3675 2258 credit
3704 2206 3759 2258 in

2169 2303 2264 2351 me,
2299 2286 2500 2358 inquit,
2529 2292 2795 2344 transitum
2825 2293 2947 2361 facit
2974 2309 3006 2345 a
3033 2303 3191 2347 morte
3215 2295 3266 2348 in
3296 2295 3448 2362 vitam
3471 2338 3485 2360 ,
3515 2306 3561 2348 et
3587 2297 3636 2349 in
3659 2298 3727 2366 ju
3747 2327 3760 2338 -

2170 2377 2357 2432 dicium
2382 2395 2482 2434 non
2509 2381 2658 2434 venit.
2689 2381 2848 2436 Amen
2875 2383 2987 2437 dico
3015 2382 3172 2450 vobis,
3201 2385 3319 2454 quia
3343 2387 3500 2440 veniet
3531 2387 3680 2452 hora,
3712 2397 3760 2440 et

2171 2484 2304 2522 nunc
2332 2480 2422 2535 est,
2450 2471 2650 2540 quando
2676 2474 2856 2526 mortui
2879 2474 3083 2528 audient
3108 2490 3274 2529 vocem
3301 2475 3426 2530 Filii
3453 2475 3574 2542 Dei;
3601 2488 3645 2531 et
3667 2481 3759 2548 qui

2169 2561 2454 2628 audierint,
2493 2564 2673 2618 vivent.
2708 2563 2852 2620 Sicut
2879 2567 3013 2620 enim
3040 2565 3196 2621 Pater
3223 2569 3380 2622 habet
3408 2571 3558 2624 vitam
3595 2573 3644 2625 iu
3674 2589 3761 2626 sc-

2171 2656 2411 2724 metipso,
2443 2657 2515 2710 sic
2543 2657 2679 2710 dedit
2711 2657 2844 2711 Filio
2873 2658 3052 2713 habere
3080 2660 3232 2713 vitam
3257 2661 3307 2714 in
3337 2663 3618 2731 semetipso.
3649 2663 3760 2720 Ge-

2172 2745 2406 2800 nerando
2450 2745 2631 2801 dedit:
2667 2747 2785 2817 quia
2837 2750 3048 2819 genuit,
3093 2749 3257 2806 dedit.
3304 2750 3466 2806 Filius
3499 2755 3638 2808 enim
3689 2755 3761 2812 de

2171 2837 2326 2893 Patre
2367 2847 2478 2904 est,
2520 2839 2674 2893 Pater
2713 2856 2816 2895 non
2859 2851 2939 2896 est
2981 2841 3046 2897 de
3079 2842 3256 2898 Filio:
3293 2843 3386 2898 sed
3432 2845 3588 2900 Pater
3633 2846 3760 2902 Filii

2169 2928 2326 2983 Pater
2352 2937 2460 2991 est,
2511 2937 2564 2984 et
2592 2929 2758 2986 Filius
2799 2931 2974 2986 Patris
3012 2941 3094 2990 est
3140 2933 3324 2990 Filius.
3373 2934 3756 2992 Verumtamen

2169 3016 2336 3073 Filius
2360 3018 2426 3073 de
2453 3019 2607 3074 Patre
2635 3021 2874 3091 genitus,
2906 3037 3011 3076 non
3034 3021 3192 3077 Pater
3221 3023 3287 3077 de
3312 3023 3448 3078 Filio
3477 3041 3489 3076 :
3524 3034 3576 3079 et
3604 3039 3758 3082 sem-

2170 3123 2264 3177 per
2299 3108 2494 3171 Filius;
2542 3124 2754 3180 seraper
2800 3126 2928 3182 ergo
2971 3113 3201 3182 genitus.
3247 3112 3376 3180 Quis
3430 3113 3529 3170 hoc
3577 3120 3759 3185 capiat

2170 3214 2382 3268 semper
2399 3201 2676 3270 genitum?
2699 3200 2884 3258 Omnis
2912 3205 3051 3258 enim
3079 3203 3262 3272 homo,
3291 3221 3410 3261 cum
3437 3207 3581 3261 audit
3606 3211 3762 3277 geni-

2173 3298 2303 3357 tum,
2331 3295 2563 3346 occurrit
2588 3292 2661 3347 illi
2685 3310 2698 3346 :
2729 3309 2856 3364 ergo
2883 3304 2995 3349 erat
3022 3303 3252 3366 tempus,
3280 3298 3490 3368 quando
3518 3314 3620 3354 non
3639 3312 3761 3356 erat

2169 3379 2269 3435 iste
2293 3381 2380 3450 qui
2405 3383 2612 3451 genitus
2632 3392 2731 3438 est.
2763 3384 2899 3451 Quid
2926 3402 3053 3457 ergo
3073 3387 3343 3443 dicimus?
3369 3389 3480 3444 Non
3503 3392 3579 3445 sic
3603 3407 3615 3442 τ
3646 3409 3756 3447 non

2168 3479 2284 3526 erat
2307 3480 2514 3542 tempus
2555 3482 2678 3529 ante
2701 3475 2892 3530 Filium
2918 3517 2932 3542 ,
2959 3477 3080 3546 quia
3113 3478 3283 3532 omnia
3307 3497 3396 3550 per
3431 3482 3596 3550 ipsum
3617 3484 3760 3551 facta

2169 3573 2285 3618 sunt
2313 3564 2490 3634 (Joan.
2523 3581 2573 3630 ι,
2599 3565 2674 3638 '5).
2704 3565 2761 3622 Si
2799 3568 2974 3622 omnia
3003 3585 3100 3639 per
3127 3571 3300 3640 ipsum
3331 3571 3464 3627 facta
3501 3585 3655 3636 sunt;
3701 3586 3760 3630 et

2171 3663 2407 3725 tempora
2441 3670 2533 3725 per
2557 3656 2728 3726 ipsum
2752 3655 2884 3712 facta
2911 3668 3071 3724 sunt;
3100 3662 3366 3729 quomodo
3388 3673 3604 3732 possent
3632 3682 3758 3720 esse

2169 3751 2407 3815 tempora
2445 3754 2568 3800 ante
2604 3738 2794 3802 Filium
2814 3789 2829 3815 ,
2859 3763 2954 3818 per
2977 3764 3133 3818 quem
3161 3749 3296 3806 facta
3323 3763 3440 3806 sunt
3475 3758 3756 3821 tempora?

2170 3835 2320 3892 Tolle
2338 3850 2465 3907 ergo
2491 3837 2669 3891 omnia
2696 3847 2966 3907 tempora;
3000 3853 3210 3909 semper
3233 3857 3350 3896 cum
3382 3843 3535 3898 Patre
3561 3844 3753 3900 Filius.

2169 3924 2226 3981 Si
2249 3940 2464 3997 semper
2487 3940 2608 3981 cum
2639 3927 2796 3983 Patre
2822 3927 3006 3996 Filius,
3038 3937 3092 3984 et
3117 3939 3290 3986 tamen
3324 3931 3508 3996 Filius,
3537 3949 3757 4004 semper

2167 4018 2379 4089 genitus
2403 4035 2415 4070 :
2448 4018 2492 4072 si
2516 4033 2727 4089 semper
2745 4021 2974 4091 genitus,
3000 4037 3212 4094 semper
3231 4040 3350 4079 cum
3375 4027 3612 4095 genitore
3638 4038 3756 4084 erat

2167 4111 2259 4182 qui
2283 4111 2490 4180 genitus
2514 4119 2615 4166 est.

2240 4203 2293 4256 5.
2323 4201 2588 4255 Generatio
2608 4203 2908 4272 sempiterna
2933 4201 3054 4257 Filii
3073 4203 3168 4260 Dei
3185 4207 3428 4275 explicari
3449 4224 3549 4261 non
3569 4218 3749 4278 potest.

2169 4293 2446 4362 Nunquam
2477 4295 2577 4348 hoc
2606 4293 2744 4357 vidi,
2778 4295 2983 4363 inquies
3015 4305 3067 4349 tu
3087 4336 3101 4360 ,
3130 4296 3358 4366 aliquem
3382 4309 3750 4368 generantem,

2169 4394 2224 4440 et
2245 4400 2456 4454 semper
2474 4399 2593 4438 cum
2625 4384 2717 4438 illo
2740 4400 2897 4455 quem
2919 4388 3193 4456 generavit
3219 4407 3231 4441 :
3257 4389 3347 4444 sed
3373 4392 3643 4458 praecessit
3663 4392 3753 4448 ille

2169 4478 2259 4548 qui
2288 4478 2580 4548 generavit,
2607 4485 2661 4532 et
2686 4487 2897 4532 secutus
2923 4487 3006 4534 est
3029 4487 3267 4550 tempore
3297 4481 3386 4537 ille
3406 4483 3495 4552 qui
3522 4499 3750 4553 genera-

2169 4575 2254 4622 tus
2282 4576 2383 4622 est.
2414 4567 2554 4622 Bene
2585 4567 2717 4623 dicis
2738 4609 2753 4633 ,
2781 4567 3058 4638 Nunquam
3085 4569 3188 4625 hoc
3228 4571 3332 4626 vidi
3357 4590 3369 4625 :
3403 4574 3522 4642 quia
3555 4573 3656 4629 hoc
3681 4575 3746 4629 ad

2169 4657 2294 4712 illud
2319 4657 2577 4725 pertinet,
2605 4657 2739 4726 quod
2762 4651 2937 4712 oculus
2965 4676 3064 4714 non
3086 4661 3228 4714 vidit.
3256 4662 3460 4730 Quaeris
3481 4664 3752 4733 quomodo

2168 4747 2408 4802 dicatur?
2433 4746 2546 4802 Non
2576 4755 2749 4816 potest
2789 4748 2892 4802 dici
2917 4767 2930 4802 :
2963 4749 3083 4818 quia
3113 4767 3202 4804 nec
3231 4754 3368 4806 auris
3395 4755 3620 4817 audivit,
3662 4771 3754 4808 nec

2167 4839 2219 4893 in
2263 4855 2350 4892 cor
2387 4839 2602 4893 hominis
2646 4839 2889 4894 ascendit.
2931 4839 3211 4906 Credatur,
3253 4851 3307 4897 et
3341 4843 3566 4898 colatur.
3615 4843 3749 4898 Cum

2167 4928 2420 4995 creditur,
2452 4929 2676 4993 colitur;
2703 4944 2826 4984 cum
2852 4930 3043 4985 colitur
3061 4972 3076 4997 ,
3101 4931 3359 4987 crescitur
3388 4934 3441 4998 ¹;
3476 4949 3598 4988 cum
3624 4951 3749 4991 cre-

2167 5020 2350 5087 scitur,
2379 5020 2600 5089 capitur.
2639 5019 2828 5074 Adhuc
2853 5023 2996 5074 enim
3037 5011 3090 5074 in
3127 5021 3224 5075 ista
3251 5036 3444 5090 carne;
3489 5025 3748 5094 quamdiu

2166 5112 2565 5183 peregrinamur
2589 5125 2618 5165 a
2646 5111 2891 5176 Domino,
2916 5111 2982 5166 ad
3007 5113 3237 5181 Angelos
3263 5121 3494 5179 sanctos,
3520 5115 3608 5184 qui
3635 5115 3754 5172 hanc

2167 5203 2364 5267 vident,
2389 5202 2618 5258 infantes
2636 5216 2840 5264 sumus.
2868 5202 3097 5258 Iactandi
3121 5203 3245 5269 tide,
3271 5205 3521 5273 pascendi
3547 5209 3750 5276 specie.

2166 5293 2256 5350 Sic
2276 5295 2416 5349 enim
2444 5294 2572 5348 dicit
2596 5293 2882 5362 Apostolus
2905 5311 2917 5346 :
2954 5293 3210 5361 Quamdiu
3236 5311 3412 5349 sumus
3437 5296 3490 5349 in
3514 5312 3749 5368 corpore,

2169 5387 2542 5458 peregrinamur
2578 5401 2610 5438 a
2635 5383 2873 5438 Domino.
2918 5383 3018 5439 Per
3043 5385 3195 5454 ﬁdem
3230 5386 3364 5440 enim
3390 5386 3713 5440 ambulamus
3736 5429 3752 5453 ,

2167 5494 2268 5532 non
2297 5493 2384 5548 per
2403 5477 2614 5546 speciem
2659 5475 2699 5546 (Ι
2729 5473 2846 5529 Cor.
2876 5490 2910 5530 γ
2933 5514 2949 5542 ,
2981 5475 3014 5530 6
3037 5484 3085 5531 et
3111 5474 3191 5548 7).
3214 5475 3432 5530 Venturi
3464 5489 3652 5532 sumus
3683 5477 3753 5533 ad

2230 5659 2247 5690 ι
2273 5664 2322 5728 tu
2345 5655 2504 5728 editis,
2528 5655 2622 5705 hoc
2644 5660 2696 5726 et
2717 5655 2937 5728 proximo
2959 5653 3080 5728 loco,
3104 5653 3346 5728 credula,
3361 5655 3753 5728 meracam,

2167 5719 2293 5782 quod
2308 5713 2512 5788 verbum
2527 5713 2800 5778 reperimus
2815 5717 2863 5765 in
2886 5713 3099 5766 melioris
3120 5722 3248 5767 nota:
3265 5713 3392 5779 Ias;
3410 5715 3460 5765 in
3476 5714 3589 5768 aiis
3611 5713 3754 5780 vero,

2167 5786 2351 5832 crearit.
