4098 6310
364 357 471 414 709

363 469 621 540 Speciem,
666 479 783 535 quas
827 461 978 517 nobis
1012 459 1089 514 sic
1133 454 1455 527 promittitur
1482 450 1852 522 pet-Joannem
1895 449 1945 503 in

368 561 603 631 Epistula
631 558 747 628 ejus
771 574 783 610 :
817 552 1158 615 Dilectissimi,
1191 550 1285 619 ﬁlii
1316 546 1406 601 Dei
1432 562 1622 611 sumus,
1648 554 1695 599 et
1724 544 1948 597 nondum

365 651 601 723 apparuit
647 648 768 719 quid
810 647 1012 701 erimus.
1056 642 1181 697 Filii
1225 641 1321 694 Dei
1345 656 1516 695 sumus
1550 638 1651 701 iam
1698 652 1791 706 per
1829 652 1950 706 gra-

367 745 493 798 tiam
514 784 529 806 ,
563 757 655 810 per
687 740 843 795 ﬁdem
867 778 881 803 ,
927 752 1024 807 per
1050 742 1437 791 sacramentum
1458 773 1473 798 ,
1500 746 1599 792 per
1635 730 1947 799 sanguinem

364 832 595 896 Christi,
625 846 718 901 per
764 829 1183 897 redemptionem
1212 824 1502 881 Salvatoris
1524 840 1541 869 ε
1586 821 1709 875 Filii
1735 821 1829 874 Dei
1866 836 1950 873 su-

358 944 477 980 mus
498 967 511 989 ,
543 934 590 978 et
626 923 847 977 nondum
872 920 1138 991 apparuit,
1168 917 1288 989 quid
1323 917 1536 970 erimus-
1590 912 1790 968 Scimus
1831 912 1950 979 quia

364 1032 483 1071 cum
506 1014 835 1085 apparuerit,
867 1012 911 1064 ei
941 1011 1127 1065 similes
1155 1009 1377 1070 erimus;
1405 1002 1641 1075 quoniam
1676 1000 1949 1056 videbimus

366 1124 480 1161 eum
507 1105 655 1160 sicuti
683 1112 753 1158 est
778 1101 821 1175 (Ι
846 1102 1003 1155 Joan.
1030 1116 1116 1165 ιιι,
1146 1099 1226 1167 2).
1650 1170 1655 1177 .

437 1196 663 1253 CAI’UT
690 1196 754 1250 V.
790 1224 854 1234 —
873 1193 927 1249 6.
958 1192 1097 1246 Deus
1123 1192 1259 1244 cibus
1298 1189 1479 1243 utentis
1508 1186 1683 1240 beatte.
1715 1183 1855 1238 Ecce
1881 1181 1948 1237 ad

365 1290 493 1359 quid
524 1289 786 1343 nutrimur
799 1285 1133 1356 capiendum,
1161 1298 1284 1339 ecce
1304 1282 1368 1336 ad
1393 1280 1521 1350 quid
1550 1278 1811 1333 nutrimur
1832 1292 1949 1346 per-

367 1379 698 1450 cipiendum,
725 1376 1109 1432 comedendum
1136 1393 1148 1427 :
1179 1383 1235 1427 ut
1264 1383 1437 1427 tamen
1476 1370 1615 1441 quod
1655 1368 1951 1423 comeditur

371 1485 476 1524 non
506 1470 794 1531 minuatur,
838 1475 893 1521 et
915 1466 1003 1535 qui
1035 1464 1266 1520 comedit
1302 1471 1591 1532 vegetetur.
1634 1460 1766 1515 Nam
1792 1459 1950 1514 modo

366 1564 523 1618 cibus
549 1568 757 1631 vegetat
780 1558 1144 1621 comedendo;
1173 1556 1266 1611 sed
1291 1554 1545 1609 minuitur
1563 1553 1713 1608 cibus
1742 1552 1830 1622 qui
1861 1565 1953 1606 co—

369 1655 599 1710 meditur
628 1672 640 1707 :
667 1651 878 1723 quando
917 1660 1095 1706 autem
1132 1648 1451 1719 caeperimus
1480 1645 1762 1701 comedere
1797 1643 1951 1713 justi-

368 1746 521 1808 tiam,
553 1740 834 1797 comedere
850 1739 1184 1811 sapientiam,
1214 1736 1657 1793 comedereillum
1676 1734 1950 1788 immortao

336 1884 341 1889 .
368 1836 479 1890 lem
502 1835 710 1898 cibum;
734 1842 788 1887 et
810 1846 907 1887 nos
926 1841 1252 1902 vegetamur,
1278 1839 1330 1884 et
1356 1829 1505 1883 cibus
1526 1828 1617 1882 ille
1634 1842 1737 1881 non
1759 1824 1953 1879 minui-

372 1936 478 1979 tur.
505 1924 560 1979 Si
589 1925 729 1978 enim
762 1923 906 1977 novit
938 1922 1123 1977 oculus
1144 1921 1285 1990 pasci
1334 1920 1472 1985 luce,
1514 1932 1613 1973 nec
1653 1925 1831 1970 tamen
1854 1915 1953 1967 mi-

370 2018 671 2072 nuitlueem
701 2033 714 2070 :
747 2029 852 2069 non
878 2014 1020 2070 enim
1045 2014 1219 2067 minor
1256 2012 1359 2067 erit
1381 2012 1503 2081 ιΙιιιῑ,
1535 2010 1656 2079 quia
1686 2008 1895 2063 videtur
1922 2022 1952 2061 a

371 2110 646 2179 pluribus;
697 2108 926 2178 plurium
955 2108 1139 2162 oculos
1172 2106 1364 2176 pascit,
1403 2114 1453 2160 et
1495 2112 1670 2159 tamen
1700 2110 1843 2157 tanta
1873 2106 1955 2154 est

364 2209 567 2273 quanta
611 2209 759 2265 erat;
815 2208 869 2254 et
923 2198 996 2252 illi
1039 2206 1363 2267 pascuntur,
1395 2202 1449 2249 et
1495 2194 1582 2247 illa
1613 2207 1718 2247 non
1759 2189 1953 2245 minui-

377 2302 464 2347 tur
493 2309 507 2347 :
537 2292 581 2346 si
611 2290 752 2346 Deus
768 2289 916 2345 dedit
940 2288 1181 2353 hocluci,
1206 2302 1363 2357 quam
1391 2285 1513 2341 fecit
1539 2284 1605 2339 ad
1631 2283 1816 2339 oculos
1839 2296 1955 2336 car-

370 2383 486 2446 nis;
518 2380 645 2451 quid
692 2388 775 2441 est
804 2380 918 2451 ipse
971 2380 1060 2433 lux
1092 2378 1109 2409 ¹
1134 2376 1200 2430 ad
1242 2376 1428 2430 oculos
1478 2374 1687 2429 cordis?
1728 2373 1783 2427 Si
1825 2386 1955 2440 ergo

372 2473 681 2528 laudaretur
710 2471 803 2526 tibi
830 2470 1021 2540 aliquis
1035 2468 1183 2524 cibus
1206 2482 1447 2535 magnus,
1477 2481 1635 2535 quem
1668 2476 1955 2533 pransurus

373 2576 545 2627 esses,
604 2574 820 2631 parares
873 2568 1160 2615 ventrem:
1194 2556 1435 2611 laudatur
1483 2555 1576 2610 tibi
1630 2555 1789 2620 Deus,
1827 2568 1953 2622 para

374 2664 631 2709 mentem.

446 2746 499 2798 7.
555 2742 867 2800 Resurrectio
914 2741 1100 2797 animis
1141 2756 1229 2811 per
1284 2740 1456 2809 ﬁdem.
1501 2738 1642 2794 Ecce
1682 2736 1806 2808 quid
1861 2737 1953 2791 tibi

374 2836 505 2891 dicit
533 2835 787 2891 Dominus
833 2842 992 2888 tuus:
1035 2832 1209 2886 Veniet
1226 2831 1370 2897 hora,
1410 2830 1599 2900 inquit,
1624 2836 1668 2882 et
1690 2844 1822 2881 nunc
1857 2836 1950 2881 est.

387 2924 561 2980 Veniet
606 2924 751 2990 hora,
793 2932 839 2977 et
877 2923 990 2992 ipsa
1037 2922 1168 2977 hora
1215 2935 1350 2973 nunc
1383 2929 1477 2985 est,
1526 2915 1955 2991 quando:quid?

377 3016 581 3087 quando
606 3015 789 3069 mortui
808 3014 1012 3068 audient
1033 3027 1201 3066 vocem
1219 3010 1345 3065 Filii
1372 3010 1489 3073 Dei;
1506 3020 1551 3064 et
1576 3010 1660 3080 qui
1682 3010 1951 3073 audierint,

379 3107 558 3161 vivent.
591 3104 690 3172 Qui
717 3118 844 3173 ergo
872 3117 977 3157 non
999 3101 1282 3168 audierint,
1315 3114 1422 3155 non
1450 3099 1646 3153 vivent.
1676 3098 1809 3166 Quid
1840 3107 1954 3163 est,

379 3197 468 3267 qui
493 3196 741 3249 audierint
760 3195 784 3247 ?
799 3194 899 3261 Qui
928 3192 1246 3248 obedierint.
1271 3190 1407 3257 Quid
1434 3196 1535 3256 est,
1563 3188 1649 3259 qui
1667 3187 1915 3241 audierint
1934 3188 1959 3240 Ρ

380 3286 481 3353 Qui
507 3283 828 3339 crediderint
855 3290 908 3338 et
935 3279 1441 3350 obtemperaverint,
1464 3279 1564 3347 ipsi
1592 3278 1789 3333 vivent.
1820 3278 1959 3346 Ergo

381 3388 663 3447 antequam
691 3374 976 3430 crederent
1024 3380 1077 3427 et
1104 3371 1402 3435 obedirent,
1444 3370 1638 3424 mortui
1663 3368 1913 3439 jacebant
1942 3385 1955 3421 :

380 3478 435 3522 et
460 3466 820 3533 ambulabant,
843 3472 897 3519 et
924 3462 1115 3518 mortui
1144 3471 1315 3517 erant.
1361 3460 1498 3529 Quid
1528 3460 1793 3526 valebant,
1837 3460 1958 3528 quia

381 3558 725 3614 ambulabant
749 3556 984 3612 mortui?
1010 3555 1077 3609 Et
1098 3564 1273 3609 tamen
1300 3552 1343 3607 si
1372 3553 1493 3623 quis
1522 3552 1661 3607 inter
1684 3552 1803 3606 illos
1848 3566 1961 3605 mo-

382 3659 591 3704 reretur
613 3664 856 3720 corpore,
910 3654 1204 3710 currerent,
1249 3646 1548 3714 sepulcrum
1578 3650 1847 3714 pararent,
1876 3643 1959 3697 in-

383 3740 679 3805 volverent,
706 3746 999 3809 portarent.
1025 3736 1314 3806 sepelirent
1338 3734 1530 3789 mortui
1560 3742 1827 3787 mortuum
1858 3750 1869 3785 ι
1894 3734 1963 3788 de

380 3830 577 3899 quibus
619 3831 819 3885 dictum
871 3839 972 3891 εει,
1007 3827 1133 3882 Sine
1185 3835 1404 3880 mortuos
1449 3826 1693 3896 sepeliant
1740 3834 1961 3878 mortuos

383 3938 503 3976 tuos
534 3920 749 3991 (Matth.
779 3935 892 3983 vm,
922 3918 1038 3990 22).
1086 3918 1244 3973 Tales
1280 3917 1473 3972 mortui
1523 3918 1601 3972 sic
1643 3916 1963 3971 suscitantur

381 4012 549 4066 verbo
575 4011 687 4077 Dei,
711 4020 766 4065 ut
786 4011 963 4064 vivant
989 4010 1041 4064 in
1084 4009 1207 4065 ﬁde.
1238 4010 1338 4077 Qui
1388 4009 1590 4063 mortui
1619 4017 1771 4063 erant
1796 4009 1847 4063 in
1879 4010 1962 4062 in-

383 4103 663 4168 ﬁdelitate,
693 4102 857 4157 verbo
881 4101 1195 4158 excitantur.
1226 4101 1301 4156 De
1328 4101 1441 4170 ipsa
1471 4100 1599 4154 hora
1621 4100 1753 4155 dixit
1779 4101 1961 4155 Domi-

385 4209 506 4261 nus,
547 4194 716 4247 Veniet
737 4194 883 4259 hora,
909 4202 951 4247 et
973 4209 1105 4246 nunc
1133 4200 1224 4246 est.
1262 4192 1431 4247 Verbo
1454 4191 1595 4246 enim
1626 4206 1724 4246 suo
1743 4193 1964 4247 suscita-

388 4285 478 4339 bat
512 4293 748 4338 mortuos
797 4284 1169 4338 inﬁdelcszde
1214 4282 1405 4353 quibus
1472 4282 1600 4337 dicit
1654 4282 1961 4352 Apostolus.

390 4376 573 4446 Surge,
601 4376 686 4445 qui
714 4375 931 4442 dormis,
963 4383 1011 4428 et
1029 4391 1241 4445 exsurge
1269 4391 1301 4427 a
1327 4376 1556 4441 mortuis,
1585 4384 1633 4429 et
1660 4376 1965 4429 illuminavit

390 4475 438 4519 te
456 4466 683 4521 Christus
710 4465 997 4536 (Ephes.v,
1031 4466 1139 4534 I4).
1183 4465 1307 4519 Haec
1350 4465 1669 4520 resurrectio
1709 4466 1965 4520 mentium

390 4567 493 4625 est,
522 4557 635 4611 haec
662 4557 979 4612 resurrectio
1000 4556 1265 4611 interioris
1288 4555 1516 4611 hominis
1539 4564 1640 4625 est,
1660 4556 1775 4612 haec
1790 4571 1967 4611 resur-

390 4648 558 4705 rectio
586 4647 776 4701 anima:
803 4654 903 4701 est.

462 4737 686 4794 CAPUT
714 4735 801 4791 VI.
823 4767 894 4777 —
914 4736 966 4792 8.
1022 4735 1339 4790 Resurrectia
1377 4735 1601 4805 corporis
1638 4736 1753 4790 aliis
1797 4736 1849 4788 in
1875 4736 1966 4789 bo—

395 4847 534 4896 num,
562 4830 677 4884 aliis
708 4830 763 4882 in
778 4828 985 4882 malum.
1017 4828 1123 4883 Sed
1149 4844 1254 4882 non
1302 4829 1397 4882 ista
1424 4827 1535 4883 sola
1567 4835 1669 4895 est,
1722 4837 1885 4882 restat
1916 4837 1969 4881 et

399 4922 655 4990 corporis.
683 4918 784 4987 Qui
811 4918 1040 4989 resurgit
1061 4918 1111 4972 in
1140 4920 1336 4984 anima,
1359 4919 1502 4973 bono
1531 4933 1628 4973 suo
1654 4918 1885 4987 resurgit
1914 4918 1964 4970 in

398 5026 637 5082 corpore.
667 5011 785 5065 Non
813 5011 957 5066 enim
996 5025 1182 5066 omnes
1223 5019 1507 5082 resurgunt
1532 5011 1583 5064 in
1605 5011 1779 5065 anima
1808 5027 1819 5063 :
1850 5025 1966 5063 om-

398 5118 493 5159 nes
512 5101 867 5157 resurrecturi
898 5108 1023 5156 sunt
1059 5101 1111 5154 in
1133 5115 1377 5170 corpore.
1412 5099 1466 5153 In
1491 5101 1687 5165 anima,
1729 5100 1964 5169 inquam,

394 5209 503 5250 non
545 5206 733 5249 omnes
767 5202 1050 5264 resurgunt
1081 5190 1211 5247 :sed
1246 5191 1335 5261 qui
1358 5190 1582 5245 credunt
1619 5198 1673 5245 et
1697 5190 1971 5256 obediunt;

397 5286 518 5356 quia
538 5287 625 5357 qui
643 5286 916 5353 audierint,
939 5286 1122 5340 vivent.
1149 5283 1297 5340 Sicut
1330 5291 1505 5338 autem
1550 5283 1623 5337 ait
1664 5282 1969 5352 Apostolus,

402 5376 523 5431 Non
567 5378 793 5432 omnium
826 5385 898 5430 est
934 5376 1060 5446 fides
1109 5375 1175 5449 (II
1206 5374 1379 5430 Thess.
1407 5390 1482 5441 ιιι,
1509 5373 1590 5444 2).
1632 5373 1689 5429 Si
1717 5388 1844 5444 ergo
1869 5388 1971 5429 non

398 5470 639 5524 omnium
666 5476 750 5523 est
778 5469 928 5534 ﬁdes,
979 5482 1087 5524 non
1115 5481 1304 5523 omnes
1354 5473 1634 5536 resurgunt
1684 5464 1737 5519 in
1777 5464 1972 5519 anima.

399 5558 532 5614 Cum
562 5559 769 5615 venerit
792 5557 921 5612 hora
952 5557 1358 5613 resurrectionis
1384 5556 1647 5627 corporis,
1680 5568 1868 5609 omnes
1886 5569 1975 5608 re-

404 5660 622 5721 surgent
652 5668 665 5704 :
697 5649 819 5703 boni
847 5650 970 5713 sint,
998 5649 1126 5705 mali
1159 5649 1293 5715 sint;
1325 5664 1511 5706 onmes
1549 5656 1847 5719 resurgent.
1874 5646 1976 5703 Sed

470 5760 484 5790 ι
514 5757 735 5822 Plerique
759 5766 885 5821 uss,
906 5758 1011 5822 ipsa
1031 5756 1135 5810 lux.

1698 336 1926 395 SEBMO
1964 337 2221 394 CXXVII.

3523 346 3629 403 7I0

2054 452 2141 520 qui
2170 450 2314 520 prius
2335 453 2562 523 resurgit
2582 452 2632 508 in
2661 454 2858 521 anima,
2885 455 3026 511 bono
3047 468 3146 511 suo
3170 455 3399 527 resurgit
3422 460 3473 512 in
3499 474 3626 514 cor-

2056 556 2182 608 pore
2217 558 2229 594 :
2260 542 2348 609 qui
2376 556 2479 597 non
2504 544 2648 612 prius
2678 545 2905 615 resurgit
2949 546 3004 600 in
3032 547 3226 611 anima,
3254 547 3397 602 malo
3420 564 3519 604 suo
3542 566 3630 605 re-

2054 635 2224 705 surgit
2252 635 2303 689 in
2329 649 2571 705 corpore.
2599 636 2698 704 Qui
2721 639 2953 710 resurgit
2990 638 3045 693 in
3076 639 3272 703 anima,
3321 642 3550 711 resurgit
3577 643 3628 696 in

2053 740 2280 795 corpore
2326 728 2393 780 ad
2436 728 2642 783 vitam:
2672 730 2761 799 qui
2810 744 2914 783 non
2958 731 3189 800 resurgit
3228 731 3280 784 in
3310 730 3508 793 anima,
3554 746 3633 787 re-

2053 819 2219 886 surgit
2272 818 2326 871 in
2376 833 2599 888 corpore
2642 820 2708 874 ad
2736 835 2967 889 pinnam.
3020 821 3153 889 Quia
3201 836 3328 892 ergo
3374 823 3632 878 Dominus

2054 908 2441 963 commendavit
2470 910 2624 965 nobis
2649 912 3095 967 resurrectionem
3127 913 3280 967 istam
3307 914 3627 980 animarum,

2053 997 2119 1051 ad
2148 1013 2304 1067 quam
2331 1014 2518 1055 omnes
2545 1000 2799 1056 debemus
2827 1000 3097 1066 festinare,
3148 1002 3199 1055 in
3240 1017 3342 1070 qua
3387 1002 3633 1059 laborare

2054 1096 2109 1141 ut
2127 1087 2386 1153 vivamus,
2415 1099 2469 1144 et
2488 1090 2713 1146 vivendo
2742 1106 2908 1162 usque
2937 1094 2987 1146 in
3017 1092 3174 1147 tinem
3203 1108 3629 1163 perseveremus;

2052 1181 2284 1235 restabat
2312 1190 2371 1236 ut
2396 1184 2793 1239 commendaret
2820 1184 2971 1239 nobis
2996 1186 3154 1239 etiam
3183 1187 3629 1241 resurrectionem

2054 1288 2365 1343 corporum,
2395 1290 2514 1343 qua:
2544 1276 2714 1330 futura
2747 1285 2827 1331 εει
2856 1276 2908 1329 in
2939 1277 3043 1331 line
3066 1276 3269 1331 saeculi.
3302 1276 3407 1332 Sed
3451 1278 3631 1334 audite

2054 1366 2320 1436 quomodo
2350 1376 2401 1421 et
2436 1368 2601 1437 ipsam
2628 1368 3038 1423 commendavit.

2124 1456 2178 1511 9.
2214 1456 2587 1511 lncarnalionis
2610 1457 2733 1511 Filii
2777 1457 2872 1511 Dei
2900 1474 3051 1512 causa
3072 1466 3116 1511 et
3146 1459 3293 1512 ratio.
3340 1458 3508 1513 Filius
3536 1459 3633 1514 Dei

2053 1548 2107 1600 in
2144 1549 2304 1617 seipse
2331 1549 2450 1601 vita.
2506 1548 2767 1615 Quomodo
2810 1559 3040 1603 mortuus
3084 1551 3165 1603 sit.
3206 1549 3340 1604 Cum
3382 1551 3623 1613 dixisset,

2056 1643 2211 1695 Amen
2233 1643 2343 1695 dico
2364 1643 2519 1706 vobis,
2559 1643 2676 1712 quia
2702 1642 2861 1697 veniet
2886 1642 3031 1709 hora,
3056 1651 3102 1695 et
3130 1658 3264 1696 nunc
3306 1652 3396 1704 est,
3426 1643 3631 1711 quando

2055 1734 2258 1797 mortui,
2292 1733 2341 1787 id
2362 1742 2463 1795 est,
2498 1733 2755 1797 ihlidelcs,
2794 1734 2997 1786 audient
3043 1749 3211 1787 vocem
3251 1732 3379 1786 Filii
3410 1733 3523 1797 Dei,
3580 1734 3631 1788 id

2055 1832 2156 1886 est,
2214 1824 2582 1893 Evangelium;
2622 1833 2666 1878 et
2706 1826 2791 1893 qui
2837 1825 3109 1889 audierint,
3158 1824 3208 1878 id
3241 1832 3340 1889 est,
3387 1826 3477 1895 qui
3501 1826 3631 1879 obe-

2055 1913 2268 1976 dierint,
2298 1916 2477 1979 vivent,
2508 1915 2559 1969 id
2579 1924 2679 1981 est,
2707 1915 3156 1983 justificahuntur,
3185 1925 3238 1969 et
3260 1915 3500 1971 inﬁdeles
3523 1917 3633 1985 jam

2057 2020 2162 2059 non
2182 2014 2337 2059 erunt
2368 2020 2386 2058 :
2410 2021 2529 2059 cum
2558 2020 2682 2073 ergo
2704 2007 2805 2059 hoc
2831 2005 3074 2073 dixisset,
3106 2007 3355 2077 quoniam
3392 2006 3634 2061 viditdo-

2056 2094 2255 2149 cendos
2282 2110 2379 2149 nos
2404 2111 2527 2151 esse
2554 2096 2692 2150 etde
2729 2097 3122 2152 resurrectione
3172 2098 3367 2161 carnis,
3410 2113 3515 2152 non
3557 2098 3635 2153 sic

2058 2183 2453 2253 relinquendos,
2483 2193 2695 2239 secutus
2720 2193 2802 2240 est
2828 2193 2881 2240 et
2904 2186 2997 2252 ait,
3031 2184 3176 2241 Sicut
3210 2188 3341 2240 enim
3365 2187 3509 2240 habet
3532 2187 3638 2240 Pa-

2059 2283 2135 2329 ter
2162 2276 2315 2329 vitam
2342 2276 2394 2329 in
2411 2266 2694 2347 semetipso,
2727 2277 2800 2330 sic
2837 2276 2973 2329 dedit
3021 2275 3158 2330 Filio
3198 2278 3379 2332 habere
3411 2278 3561 2331 vitam
3582 2279 3635 2332 in

2058 2367 2340 2436 semetipso.
2363 2366 2475 2421 Hoc
2501 2367 2569 2421 ad
2595 2367 2926 2422 suscitandas
2952 2377 3181 2435 mentes,
3213 2368 3314 2423 hoc
3360 2369 3426 2423 ad
3466 2371 3639 2424 viviti-

2059 2458 2256 2513 caudas
2283 2468 2508 2514 mentes.
2534 2459 2736 2514 Deinde
2772 2459 2984 2530 adjecit,
3014 2459 3080 2513 Et
3112 2470 3403 2530 potestatem
3431 2463 3566 2515 dedit
3595 2466 3641 2517 ei

2059 2560 2106 2605 et
2122 2550 2376 2622 judicium
2400 2552 2583 2619 facere,
2616 2552 2853 2622 quoniam
2886 2552 3023 2621 ﬁlius
3065 2554 3280 2607 hominis
3307 2562 3394 2607 est.
3427 2553 3527 2607 Iste
3556 2554 3642 2607 Fi-

2058 2641 2162 2697 lius
2192 2641 2308 2705 Dei,
2355 2641 2494 2697 illius
2535 2642 2764 2697 hominis
2805 2652 2906 2698 est.
2962 2643 3175 2698 Etenim
3206 2644 3250 2698 si
3308 2644 3474 2697 Filius
3523 2642 3638 2707 Dei,

2060 2733 2229 2788 Filius
2258 2733 2352 2788 Dei
2374 2744 2630 2801 maneret,
2654 2744 2708 2791 et
2732 2735 2874 2790 filius
2919 2735 3149 2791 hominis
3173 2750 3277 2789 non
3302 2735 3468 2801 ﬁeret,
3506 2734 3641 2791 ﬁlios

2062 2823 2337 2877 hominum
2388 2840 2493 2879 non
2524 2825 2791 2879 liberaret.
2815 2826 2932 2895 Ipse
2964 2827 3054 2896 qui
3105 2824 3301 2880 fecerat
3347 2825 3640 2891 hominem,

2062 2914 2230 2967 lactus
2256 2922 2337 2969 εει
2358 2914 2498 2983 quod
2519 2914 2667 2983 fecit,
2690 2930 2757 2970 ne
2787 2917 2985 2985 periret
3013 2915 3154 2985 quod
3180 2915 3322 2969 fecit.
3348 2915 3435 2972 Sic
3460 2928 3641 2972 autem

2063 3005 2233 3061 factus
2262 3014 2346 3061 est
2388 3006 2567 3070 homo,
2603 3015 2659 3060 ut
2692 3016 2932 3061 maneret
2956 3006 3120 3062 Filius
3166 3007 3285 3061 Dei.
3342 3007 3529 3063 Factus
3560 3017 3645 3063 est

2064 3097 2204 3152 enim
2235 3097 2394 3151 homo
2420 3097 2755 3166 suscipiendo
2781 3098 2920 3168 quod
2942 3112 3047 3152 non
3075 3106 3210 3165 erat,
3239 3113 3344 3153 non
3372 3098 3646 3169 perdenda

2062 3189 2205 3260 quod
2232 3197 2346 3244 erat
2381 3204 2640 3244 :manens
2669 3189 2827 3253 Deus,
2861 3189 3030 3244 factus
3079 3198 3161 3244 est
3198 3190 3377 3245 homo.
3429 3190 3647 3258 Accepit

2066 3292 2138 3348 te,
2172 3298 2276 3337 non
2296 3293 2641 3353 consumptus
2668 3291 2751 3337 est
2776 3283 2828 3337 in
2855 3290 2928 3337 te.
2952 3282 3097 3337 Talis
3123 3297 3249 3354 ergo
3273 3282 3339 3337 ad
3367 3298 3463 3337 nos
3478 3284 3643 3349 venit,

2064 3376 2232 3432 Filius
2260 3375 2352 3430 Dei
2378 3375 2514 3429 Iilius
2542 3374 2793 3439 hominis,
2825 3374 3024 3429 faciens
3050 3384 3103 3429 et
3121 3374 3312 3441 factus,
3339 3382 3549 3430 creator
3589 3384 3645 3428 et

2068 3474 2309 3529 creatus;
2333 3474 2543 3521 creator
2568 3466 2771 3531 matris,
2820 3474 3030 3521 creatus
3059 3481 3125 3521 ex
3170 3475 3341 3521 matre
3374 3482 3387 3519 :
3416 3467 3535 3521 talis
3578 3466 3645 3519 ad

2066 3573 2165 3612 nos
2192 3558 2357 3612 venit.
2384 3557 2687 3612 Secundum
2715 3557 2765 3611 id
2789 3557 2929 3627 quod
2953 3557 3119 3611 Filius
3144 3557 3237 3612 Dei
3278 3564 3378 3622 est,
3401 3558 3494 3625 ait,
3550 3557 3648 3611 Ve-

2066 3650 2167 3703 niet
2197 3649 2341 3714 hora,
2386 3658 2429 3702 et
2461 3665 2592 3701 nunc
2621 3657 2713 3712 est,
2766 3648 2968 3718 quando
3012 3647 3199 3700 mortui
3226 3648 3435 3701 audient
3479 3664 3647 3701 vocem

2068 3740 2195 3794 Filii
2218 3740 2331 3794 Dei.
2360 3740 2475 3794 Non
2511 3739 2662 3804 dixit,
2708 3738 2826 3793 Filii
2878 3737 3108 3791 hominis
3138 3754 3149 3789 :
3182 3739 3459 3792 veritatem
3502 3740 3646 3793 enim

2067 3831 2494 3897 commendabat,
2524 3832 2575 3884 in
2598 3845 2701 3900 qua
2729 3829 2946 3898 teqtlalis
2972 3838 3055 3883 cst
3078 3828 3240 3881 Patri.
3272 3828 3339 3882 Et
3359 3829 3445 3898 qui
3470 3830 3649 3883 audie-

2068 3925 2188 3989 rint,
2215 3925 2395 3978 vivent.
2422 3922 2566 3977 Sicut
2590 3922 2723 3975 enim
2748 3919 2902 3974 Pater
2930 3919 3075 3973 habet
3095 3920 3245 3973 vitam
3272 3919 3325 3973 in
3358 3921 3644 3989 semetipso,

2069 4015 2141 4069 sic
2167 4014 2301 4068 dedit
2332 4012 2467 4067 Filio
2494 4014 2643 4073 vitam
2670 4012 2851 4065 habere
2874 4011 2926 4064 in
2954 4011 3217 4079 semetipso
3252 4026 3270 4064 :
3294 4026 3399 4064 non
3436 4012 3649 4081 partici-

2070 4107 2264 4177 pando,
2288 4106 2383 4161 sed
2409 4107 2462 4159 in
2490 4105 2774 4174 semetipso.
2799 4102 2907 4158 Nos
2947 4102 3087 4158 enim
3138 4116 3241 4156 non
3276 4101 3533 4157 habemus
3570 4102 3649 4157 vi-

2073 4209 2177 4254 tam
2206 4199 2258 4253 in
2291 4196 2444 4252 nobis
2466 4195 2615 4265 ipsis,
2643 4193 2735 4249 sed
2776 4193 2830 4247 in
2861 4193 2972 4247 Deo
3001 4200 3203 4246 nostro.
3229 4192 3321 4247 Ille
3347 4202 3522 4247 autem
3551 4193 3649 4247 [’a-

2072 4298 2152 4344 ter
2172 4288 2331 4342 vitam
2360 4287 2411 4340 in
2433 4285 2719 4353 semetipso
2741 4282 2899 4337 habet
2926 4300 2938 4335 :
2964 4290 3017 4336 et
3044 4282 3202 4337 talem
3230 4282 3412 4352 genuit
3433 4281 3647 4349 Filium,

2072 4379 2162 4449 qui
2190 4378 2409 4433 haberet
2434 4376 2597 4430 vitam
2625 4376 2676 4429 in
2706 4374 3029 4442 semetipso;
3058 4388 3163 4428 non
3191 4373 3341 4429 lieret
3360 4374 3481 4429 vita:
3523 4390 3642 4443 par-

2073 4470 2257 4538 ticeps,
2282 4467 2377 4521 sed
2400 4467 2511 4535 ipse
2548 4466 2654 4519 vita
2696 4473 2857 4532 esset,
2896 4464 3045 4535 cujus
3080 4479 3178 4520 nos
3203 4466 3324 4520 vita:
3368 4466 3645 4535 participes

2072 4572 2314 4614 essemus
2348 4575 2360 4611 :
2394 4557 2551 4627 plane
2590 4566 2646 4610 ut
2673 4555 2892 4610 haberet
2933 4556 3094 4610 vitam
3148 4557 3200 4611 in
3247 4558 3554 4626 semetipso,
3597 4565 3650 4611 et

2074 4660 2214 4706 esset
2236 4651 2349 4720 ipse
2376 4650 2501 4703 vita.
2539 4647 2608 4703 Ut
2645 4658 2820 4701 autem
2852 4648 3001 4703 ﬁeret
3029 4647 3166 4703 [ilius
3211 4647 3462 4711 hominis,
3495 4663 3523 4699 a
3551 4662 3650 4701 no-

2075 4744 2157 4797 bis
2184 4741 2405 4810 aceepit.
2436 4739 2602 4793 Filius
2634 4738 2723 4792 Dei
2757 4738 2807 4791 in
2829 4738 3146 4808 semetipso;
3177 4737 3315 4792 illius
3347 4737 3578 4791 hominis
3596 4746 3654 4790 ut

2075 4842 2236 4895 esset,
2265 4848 2294 4885 a
2323 4830 2475 4885 nobis
2514 4830 2734 4899 accepit.
2766 4829 2841 4884 De
2885 4844 2981 4885 suo
3017 4829 3182 4883 Filius
3203 4828 3316 4893 Dei,
3375 4828 3442 4882 de
3471 4838 3654 4881 nostra

2079 4925 2213 4978 [illus
2265 4923 2512 4976 hominis.
2563 4920 2713 4988 Quod
2750 4920 2926 4974 minus
2970 4928 3071 4986 εει,
3122 4934 3153 4972 a
3197 4917 3352 4972 nobis
3402 4918 3651 4985 accepit:
3704 4948 3707 4951 -

2076 5014 2215 5083 quod
2241 5013 2356 5082 plus
2399 5021 2501 5077 est,
2552 5010 2704 5065 nobis
2750 5009 2915 5065 dedit.
2954 5009 3085 5064 Nam
3112 5017 3165 5063 et
3182 5017 3419 5064 mortuus
3465 5016 3547 5068 est
3588 5023 3655 5063 ex

2076 5104 2167 5159 illo
2192 5101 2334 5178 quod
2362 5102 2502 5156 titius
2532 5101 2762 5156 hominis
2793 5109 2894 5166 est,
2914 5115 3020 5155 non
3042 5098 3332 5154 secundum
3353 5098 3478 5154 illud
3506 5099 3647 5169 quod

2077 5196 2242 5252 Filius
2268 5195 2384 5251 Dei.
2410 5195 2641 5250 Mortuus
2671 5202 2754 5250 est
2778 5202 2955 5249 tamen
2982 5193 3151 5248 Filius
3179 5192 3274 5247 Dei
3300 5211 3311 5247 :
3339 5193 3430 5247 sed
3460 5208 3653 5249 secun—

2079 5288 2204 5344 dum
2226 5303 2440 5342 carnem
2484 5294 2743 5349 mortuus,
2788 5300 2896 5339 non
2926 5283 3226 5339 secundum
3264 5282 3494 5339 Verbum
3517 5284 3656 5354 quod

2081 5393 2206 5433 caro
2232 5377 2427 5433 factum
2472 5386 2572 5444 est,
2614 5384 2668 5431 et
2705 5375 2962 5430 habitavit
2989 5374 3043 5428 in
3077 5372 3231 5428 nobis
3262 5372 3441 5443 (Joan.
3475 5390 3511 5441 ι,
3543 5373 3653 5445 is).

2082 5469 2222 5539 Ergo
2244 5467 2386 5537 quod
2437 5475 2519 5523 est
2563 5475 2821 5531 mortuus,
2871 5465 2937 5519 de
3004 5473 3191 5520 nostro
3249 5471 3488 5519 mortuus
3528 5474 3655 5520 est:

2081 5562 2222 5632 quod
2246 5560 2487 5623 vivimus,
2517 5559 2584 5615 de
2602 5560 2773 5629 ipsius
2805 5558 3048 5613 vivimus.
3081 5558 3190 5614 Nec
3219 5558 3307 5612 ille
3336 5557 3504 5628 potuit
3523 5557 3657 5611 mori

2082 5654 2149 5710 de
2200 5668 2329 5717 suo,
2370 5666 2469 5706 nec
2526 5666 2623 5704 nos
2656 5650 2835 5704 vivere
2882 5648 2951 5705 de
2977 5658 3180 5705 nostro.
3223 5649 3333 5704 Hoc
3380 5662 3508 5718 ergo
3540 5656 3660 5700 tan-

2098 5762 2245 5799 mam
2309 5746 2467 5810 Deus,
2501 5751 2747 5812 tanquam
2782 5742 3156 5814 munigenitus.
3182 5751 3430 5812 tanquam
3485 5755 3654 5811 gene-
