4098 6310
529 299 631 358 7H

527 414 641 473 anti
701 413 942 486 aequalis,
989 408 1380 468 commendavit
1421 406 1577 464 nobis
1613 406 1871 465 Dominus
1925 407 2099 476 Jesus,

527 506 670 578 quod
707 506 753 561 si
793 504 1114 560 audierimus
1138 503 1396 558 vivemus.

595 595 820 651 CAPUT
843 594 1040 649 Vl|.--—
1063 593 1150 648 10.
1205 591 1434 647 Christus
1474 591 1632 659 iudex
1670 590 1913 662 informa
1951 589 2097 644 servi.

523 686 629 742 Sed
651 695 700 737 et
727 692 1036 753 potestatem,
1079 683 1268 751 inquit,
1301 681 1436 735 dedit
1484 681 1529 735 ei
1565 690 1610 736 et
1619 681 1872 750 judicium
1909 681 2093 749 facere,

522 775 759 847 quoniam
785 775 924 844 [ilius
947 773 1162 828 hominis
1181 783 1273 828 est.
1304 774 1441 842 Ergo
1464 772 1531 826 ad
1553 771 1806 841 judicium
1826 770 1912 824 illa
1930 769 2096 845 forma

519 875 740 921 ventura
767 875 870 921 est.
898 864 1090 920 Forma
1128 863 1358 918 hominis
1380 872 1599 918 ventura
1625 861 1784 918 estad
1803 859 2092 930 judicium:

519 958 638 1013 ideo
659 958 754 1021 ait,
784 955 1092 1010 Poiestatem
1141 955 1279 1008 dedit
1316 956 1362 1007 ei
1387 964 1432 1008 et
1455 954 1590 1024 judit
1608 955 1709 1006 ium
1742 956 1925 1022 facere,
1969 966 2093 1018 quo-

519 1049 657 1101 niam
684 1047 823 1116 ﬁlius
850 1046 1065 1099 hominis
1085 1053 1178 1098 est.
1201 1044 1370 1098 Judex
1398 1043 1484 1098 hic
1511 1046 1612 1097 erit
1638 1041 1802 1095 Filius
1829 1040 2088 1105 hominis;

517 1140 684 1194 forma
701 1137 784 1192 illa
797 1135 1144 1204 hicjudicabit
1156 1150 1272 1204 qua:
1285 1133 1516 1202 judicata
1531 1143 1630 1187 est.
1651 1131 1858 1195 Audite,
1872 1139 1925 1185 et
1937 1130 2093 1184 intel-

515 1229 660 1300 ligite
679 1247 691 1283 :
701 1228 810 1298 jam
829 1228 926 1281 hoc
941 1225 1192 1294 propheta
1204 1224 1424 1287 dixerat,
1442 1221 1687 1276 Videbunt
1703 1221 1754 1273 in
1769 1235 1913 1288 quem
1925 1235 2092 1289 pupu-

514 1328 692 1390 gerunt
705 1315 889 1387 (Zach.
919 1331 1015 1380 xu,
1039 1312 1298 1379 10;.loan.
1317 1329 1425 1378 xtx,
1445 1312 1556 1381 57).
1576 1311 1747 1380 Ipsam
1761 1309 1980 1364 formam
2006 1309 2088 1364 vi-

510 1406 732 1471 debunt,
761 1419 918 1475 quam
953 1405 1131 1458 lancea
1180 1409 1575 1472 percusserunt.
1628 1399 1842 1455 Sedebit
1883 1399 2084 1469 judex,

419 1547 424 1552 .
512 1498 603 1567 qui
631 1497 774 1552 stetit
795 1496 894 1551 sub
916 1495 1113 1565 judice.
1149 1492 1430 1548 Damnabit
1455 1505 1613 1546 veros
1639 1505 1780 1556 reos,
1808 1490 1896 1560 qui
1919 1489 2086 1544 factus

514 1596 602 1643 est
623 1588 787 1642 falsus
816 1603 958 1641 reus.
991 1587 1105 1656 Ipse
1136 1585 1330 1650 veniet,
1365 1582 1531 1637 forma
1561 1582 1646 1636 illa
1673 1580 2004 1652 veniet..Hoc
2031 1587 2086 1634 et

511 1678 564 1732 in
597 1658 886 1748 Evangelia
931 1675 1095 1730 habes
1125 1692 1138 1727 :
1168 1689 1287 1728 eum
1337 1681 1461 1727 ante
1493 1672 1675 1726 oculos
1709 1670 2081 1738 discipulorum

510 1785 726 1823 suorum
752 1769 853 1824 iret
875 1769 924 1821 in
951 1768 1166 1830 caelum,
1208 1765 1416 1818 stabant
1442 1764 1514 1818 illi
1545 1773 1598 1818 et
1642 1761 2002 1826 atlendebant,
2031 1769 2084 1815 et

507 1858 690 1913 sonuit
716 1871 817 1910 vox
856 1856 1113 1925 angelica,
1182 1853 1288 1906 Viri
1328 1851 1549 1918 Galila’i,
1589 1850 1708 1922 quid
1757 1851 1934 1904 statis?
1975 1861 2078 1904 etc.

512 1946 611 2000 llic
637 1946 784 2001 Jesus
829 1947 901 1999 sic
951 1946 1126 2009 veniet,
1149 1943 1396 2014 quomodo
1443 1958 1557 1996 eum
1603 1940 1777 2014 videtis
1806 1949 1999 1994 euntem
2027 1940 2081 2014 in

505 2039 685 2090 calum
712 2036 844 2107 (Act.
877 2051 916 2102 ι,
942 2037 1048 2105 ii).
1068 2034 1202 2101 Quid
1224 2043 1327 2100 est,
1356 2033 1427 2087 sic
1451 2032 1609 2085 veniet
1635 2031 1659 2084 ἱ)
1687 2030 1743 2084 In
1771 2031 1880 2100 ipsa
1912 2029 2080 2084 forma

506 2128 698 2192 veniet,
730 2125 1030 2180 Potestatem
1059 2125 1191 2178 enim
1216 2124 1352 2179 dedit
1377 2125 1434 2177 ei
1438 2123 1695 2194 judicium
1737 2123 1922 2191 facere,
1951 2138 2078 2190 quo-

505 2218 642 2270 niam
669 2216 806 2283 ﬁlius
834 2216 1047 2269 hominis
1067 2223 1157 2269 est.
1192 2213 1373 2269 Videte
1400 2222 1578 2268 autem
1605 2226 1707 2281 qua
1733 2213 1937 2266 ratione
1976 2211 2078 2266 hoc

503 2307 798 2376 Oportebat,
829 2314 882 2360 et
910 2306 1012 2360 hoc
1036 2313 1240 2360 rectum
1260 2313 1396 2371 erat,
1423 2311 1482 2358 ut
1520 2302 1790 2372 judicandi
1836 2302 2079 2358 viderent

495 2397 755 2468 judiemn.
782 2395 1057 2450 Judicandi
1083 2396 1225 2450 enim
1251 2403 1404 2450 erant
1434 2402 1488 2449 et
1516 2393 1640 2448 boni
1672 2401 1726 2448 et
1759 2393 1903 2446 mali.
1934 2390 2079 2444 Beati

499 2497 679 2544 autem
718 2489 904 2542 mundo
958 2488 1126 2553 corde,
1174 2488 1411 2557 quoniam
1455 2486 1556 2556 ipsi
1635 2485 1793 2538 Deum
1845 2484 2078 2538 videbunt

501 2578 713 2650 (Matth.
746 2595 802 2646 v,
834 2578 911 2650 8).
957 2578 1208 2633 Restabat
1231 2587 1286 2633 ut
1329 2577 1597 2648 injudicio
1640 2576 1807 2631 forma
1833 2577 1972 2632 servi
2022 2583 2078 2631 et

500 2669 654 2725 bonis
681 2677 737 2723 et
777 2669 930 2724 malis
972 2668 1360 2737 ostenderetur,
1412 2667 1580 2744 forma
1621 2667 1716 2722 Dei
1761 2665 1890 2722 solis
1922 2665 2076 2721 bonis

499 2766 818 2812 servaretur.
1146 2816 1149 2819 .

570 2849 655 2902 11.
678 2847 842 2902 Deum
877 2848 1062 2914 videre,
1095 2864 1287 2902 summa
1313 2849 1545 2920 felicitas.
1575 2846 1712 2914 Quid
1745 2846 1884 2920 enim
1915 2860 2072 2901 acce-

497 2940 636 3008 pturi
685 2950 808 2994 sunt
852 2939 1011 2994 boni?
1040 2939 1178 2994 Ecce
1229 2940 1341 3010 jam
1381 2939 1522 3003 dico,
1555 2938 1695 3008 quod
1745 2938 1901 3007 paulo
1946 2945 2071 2992 ante

503 3044 608 3084 non
635 3029 780 3093 dixi;
805 3039 1054 3102 et_tamen
1083 3029 1310 3084 dicendo
1331 3044 1436 3082 non
1454 3028 1591 3083 dico.
1624 3028 1740 3082 Dixi
1773 3028 1913 3084 enim
1948 3028 2072 3098 quia

493 3123 696 3178 erimus
721 3122 829 3176 illic
853 3122 1002 3187 salvi,
1025 3123 1222 3176 erimus
1240 3123 1552 3186 incolumes,
1579 3121 1780 3175 erimus
1805 3121 2066 3188 viventes,

494 3214 692 3268 erimus
721 3196 835 3268 sine
873 3213 1062 3282 poenis,
1103 3213 1301 3266 erimus
1331 3212 1444 3266 sine
1473 3212 1608 3266 fame
1645 3218 1700 3266 et
1726 3211 1831 3276 siti,
1873 3211 2068 3267 erimus

492 3305 611 3359 sine
637 3302 866 3370 delectu,
894 3304 1090 3358 erimus
1117 3303 1232 3358 sine
1273 3303 1501 3357 orbitate
1544 3303 1819 3357 oculorum
1858 3312 2068 3360 nostro-

495 3408 634 3446 rum.
659 3391 849 3447 Totum
884 3393 985 3448 hoc
1013 3393 1119 3447 dixi
1151 3401 1243 3448 :et
1279 3393 1405 3462 quid
1447 3392 1756 3449 habebimus
1789 3393 1925 3463 plus,
1960 3383 2065 3449 non

472 3481 620 3554 dixi.

561 3570 784 3628 CAPUT
816 3571 946 3627 VIII.
974 3603 1044 3612 —
1064 3572 1371 3628 Videbimus
1397 3574 1583 3628 Deum.
1609 3573 1720 3629 Hoc
1744 3583 1917 3629 autem
1946 3585 2064 3629 tan-

494 3671 604 3716 tum
631 3663 749 3730 erit,
779 3673 832 3718 et
860 3672 1000 3718 tanta
1028 3679 1114 3719 res
1143 3665 1244 3719 erit
1268 3705 1283 3730 ,
1326 3675 1383 3719 ut
1429 3669 1482 3718 in
1525 3665 1642 3734 ejus
1670 3668 2064 3736 comparatione

494 3752 623 3806 nihil
653 3754 721 3808 sit
749 3762 937 3808 totum.
965 3755 1078 3808 Dixi
1100 3754 1238 3823 quod
1272 3755 1506 3809 viventes
1523 3756 1740 3820 erimus,
1771 3755 1913 3825 quod
1934 3757 2064 3812 salvi

491 3854 547 3900 et
575 3845 886 3911 incolumes,
917 3847 1055 3915 quod
1106 3845 1298 3900 fainem
1335 3847 1580 3917 sitimque
1623 3863 1728 3902 non
1781 3849 2060 3917 patiemur,

487 3937 631 4006 quod
655 3937 706 3990 in
729 3937 1092 3992 lassitudinem
1109 3953 1215 3992 non
1240 3938 1510 4005 cademus,
1540 3939 1680 4009 quod
1711 3955 1929 3995 somnus
1956 3956 2061 3996 non

487 4041 586 4081 nos
611 4037 834 4095 premet.
870 4025 1059 4081 Totum
1087 4026 1188 4080 hoc
1213 4028 1336 4096 quid
1364 4038 1446 4083 est
1467 4029 1531 4083 ad
1559 4031 1698 4083 illam
1735 4030 2058 4098 felicitatem,

487 4130 589 4184 qua
617 4115 782 4168 Deum
827 4114 1162 4170 videbimus?
1191 4115 1325 4182 Quia
1360 4132 1486 4187 ergo
1527 4118 1665 4171 Deus
1690 4118 1802 4187 ipse
1847 4127 1907 4172 ut
1956 4127 2058 4188 est,

486 4203 647 4258 modo
665 4203 869 4258 ostendi
915 4219 1018 4258 non
1055 4213 1247 4274 potest,
1309 4221 1467 4276 quem
1512 4215 1689 4262 tamen
1730 4208 2056 4274 videbimus;

487 4295 608 4348 ideo
636 4295 770 4364 quod
798 4277 972 4348 oculus
1013 4313 1113 4349 non
1141 4296 1282 4361 vidit,
1318 4313 1406 4351 nec
1435 4298 1573 4351 auris
1599 4299 1806 4364 audivit,
1858 4301 1958 4356 hoc
1983 4301 2060 4356 vi-

476 4385 687 4451 debunt
713 4386 867 4462 boni,
891 4375 992 4441 hOc
1017 4386 1267 4442 videbunt
1287 4388 1377 4458 pii,
1415 4389 1515 4445 hoc
1557 4389 1809 4446 videbunt
1850 4393 2060 4448 miseri-

483 4477 692 4544 cordes,
720 4477 823 4532 hoc
840 4477 1091 4548 videbunt
1116 4479 1320 4547 ﬁdeles,
1353 4479 1452 4535 hoc
1473 4481 1727 4537 videbunt
1750 4483 1841 4553 qui
1886 4483 2056 4540 habe-

484 4565 618 4620 bunt
642 4565 833 4620 bonam
875 4559 1074 4622 sortem
1119 4569 1171 4622 in
1198 4572 1585 4627 resurrectione
1629 4574 1888 4643 corporis,
1935 4575 2058 4645 quia

485 4655 786 4712 habuerunt
861 4658 1052 4712 bonam
1120 4658 1473 4716 obedientiam
1547 4663 1600 4717 in
1669 4666 2058 4720 resurrectione

484 4747 684 4802 cordis.

554 4839 642 4894 η.
672 4839 861 4894 Forma
889 4841 1014 4894 servi
1039 4841 1099 4894 ab
1122 4844 1346 4898 omnibus
1391 4844 1652 4910 videbitur,
1697 4849 1863 4914 forma
1908 4846 2004 4900 Dci
2026 4866 2058 4901 a

481 4930 602 4984 solis
623 4931 738 5000 piis.
788 4930 929 5000 Ergo
952 4939 1006 4986 et
1048 4932 1218 4987 malus
1270 4933 1435 4988 Deum
1463 4935 1674 4988 visurus
1699 4936 1818 4990 est?
1861 4936 1925 4990 de
1951 4952 2056 5007 quo

480 5020 610 5075 dicit
641 5021 820 5088 Isaias,
847 5019 1081 5075 Tollatur
1106 5023 1312 5093 impius,
1336 5041 1398 5078 ne
1435 5025 1599 5078 uideat
1634 5026 1911 5080 claritatem
1960 5027 2055 5082 Dei

482 5109 635 5178 (lsai.
649 5127 799 5175 xxvt,
819 5111 905 5179 10,
925 5128 1021 5166 sec.
1038 5112 1220 5184 LXX).
1241 5112 1382 5183 Ergo
1402 5123 1457 5168 et
1481 5113 1624 5184 impii
1646 5123 1700 5170 et
1721 5117 1790 5185 pii
1805 5116 2058 5172 videbunt

482 5200 708 5255 formam
729 5201 871 5255 illam
903 5220 916 5255 :
948 5211 1138 5257 etcum
1161 5203 1318 5258 fuerit
1339 5203 1477 5258 dicta
1508 5207 1786 5274 sententia,
1824 5208 2052 5262 Tollatur

481 5292 686 5360 impius,
716 5308 780 5346 ne
806 5293 969 5347 videat
989 5293 1266 5348 claritatem
1291 5295 1418 5360 Dei;
1443 5305 1608 5352 restat
1647 5307 1703 5353 ut
1745 5299 1884 5354 circa
1939 5301 2055 5370 pios

481 5389 536 5436 et
567 5380 736 5435 bonos
757 5383 1041 5453 impleatur
1055 5385 1193 5454 quod
1224 5386 1478 5441 Dominus
1504 5388 1614 5457 ipse
1639 5390 1902 5458 promisit,
1931 5406 2054 5447 cum

486 5471 572 5525 hic
601 5472 654 5525 in
685 5487 845 5529 carne
866 5484 1030 5542 esset,
1071 5485 1126 5530 et
1154 5475 1422 5532 videretur
1448 5493 1555 5532 non
1587 5479 1760 5533 solum
1813 5493 1843 5534 a
1875 5480 2048 5550 bonis,

483 5561 576 5615 sed
607 5566 764 5642 etiam
795 5579 826 5619 a
855 5567 1026 5620 malis.
1059 5565 1398 5637 Loquebatur
1421 5569 1559 5625 inter
1587 5569 1755 5625 bonos
1779 5579 1833 5626 et
1861 5572 2049 5641 malos,

484 5661 538 5707 et
565 5657 879 5727 conspicuus
928 5658 1192 5729 omnibus,
1223 5659 1364 5719 Deus
1392 5661 1652 5732 occultus,
1677 5662 1837 5720 homo
1879 5665 2050 5719 mani-

1755 290 1813 348 S.
1831 313 1833 315 ί
1854 289 2217 348 AUGUSTINI
2255 293 2558 357 EPISCOPI

3682 327 3781 385 Ἰιὶ

2215 407 2410 507 testas;
2441 415 2581 471 Deus
2607 433 2798 490 regens
2834 423 3098 496 homines,
3145 430 3309 489 homo
3343 449 3606 507 apparens
3644 444 3783 506 inter

2207 499 2450 606 homines
2481 508 2834 579 :loquebatur
2875 531 3004 588 ergo
3041 520 3182 576 inter
3219 524 3341 581 illos
3359 499 3394 593 ί
3416 499 3489 585 'et
3530 499 3778 606 dicebat,

2183 594 2308 660 .Qui
2533 617 2632 667 me,
2675 608 2912 698 mandata
2939 626 3052 664 mea
3095 616 3348 682 custodit;
3401 630 3450 674 et
3475 623 3564 691 qui
3617 594 3780 698 diligi;

2204 697 2302 748 me,
2338 685 2581 778 diligetur
2620 708 2652 744 a
2706 691 2864 749 Patre
2901 714 3030 766 meo,
3073 713 3120 754 et
3170 719 3262 774 ego
3303 685 3512 778 diligant
3551 728 3684 769 eum.
3710 685 3777 773 itit

2200 774 2351 873 quasi
2379 775 2643 834 diceretur
2668 781 2766 850 illi,
2816 784 2884 840 Et
2919 787 3044 857 quid
3071 791 3120 845 ei
3167 791 3357 848 dabis?
3397 774 3466 851 'Et
3493 804 3774 873 ostendam,

2200 862 2419 958 inquit,‘
2446 883 2526 921 me
2569 870 2735 939 ipsum
2781 874 2860 928 illi
2909 876 3087 946 (Joan.
3121 884 3374 958 x1v,2£)?
3401 887 3623 956 Quando
3675 862 3776 952 hoc

2197 951 2362 1045 dixit?
2387 954 2610 1020 Quando
2649 962 2717 1016 ab
2739 962 3042 1024 horninibus
3083 951 3382 1030 videbatur.
3412 951 3646 1045 Quando
3675 951 3774 1042 hoc

2196 1042 2368 1139 dixit?
2398 1048 2625 1139 Quando
2653 1055 2792 1111 etab
2817 1059 2896 1114 eis
2926 1062 3218 1130 videbatur,
3240 1082 3272 1122 a
3300 1042 3494 1139 quibus
3515 1091 3620 1130 non
3649 1077 3770 1133 dili-

2195 1135 2434 1223 gebatur.
2467 1135 2743 1207 Quomodo
2769 1163 2898 1218 ergo
2925 1165 2984 1206 se
3009 1135 3332 1214 ostensurus
3350 1170 3467 1216 erat
3494 1164 3768 1223 dilectori-

2191 1221 2291 1280 bus
2315 1229 2444 1294 suis,
2470 1232 2570 1286 nisi
2594 1236 2714 1304 quia
2741 1239 2898 1294 talem
2923 1243 3134 1310 qualem
3154 1261 3258 1302 non
3281 1250 3530 1308 videbant
3546 1221 3768 1314 dilecto-

2193 1329 2280 1370 res
2299 1318 2425 1371 sui?
2453 1320 2596 1392 Ergo
2621 1325 2743 1394 quia
2793 1329 2958 1384 forma
2983 1332 3078 1389 Dei
3100 1340 3430 1408 servabatur,
3465 1344 3633 1403 forma
3673 1350 3768 1406 ho-

2189 1407 2350 1498 minis
2369 1413 2746 1472 ostendebatur
2772 1437 2785 1472 :
2810 1435 2908 1490 per
2928 1423 3154 1482 formam
3197 1407 3430 1489 hominis
3463 1435 3766 1498 hominibus

2189 1495 2434 1590 loquens,
2479 1507 2798 1575 conspicuus
2831 1523 2886 1568 et
2930 1515 3176 1584 visibilis,
3224 1531 3280 1583 et
3321 1524 3474 1582 bonis
3517 1537 3573 1585 et
3611 1495 3765 1590 malis

2187 1589 2434 1682 omnibus
2453 1597 2768 1654 ostendebat
2790 1616 2870 1668 se,
2903 1603 3246 1666 dilectoribus
3281 1616 3392 1670 suis
3411 1622 3657 1677 servabat
3681 1589 3760 1682 se.

2257 1677 2480 1770 CAPUT
2519 1683 2608 1739 IX.
2639 1717 2710 1728 —
2737 1690 2823 1746 i3.
2852 1693 2978 1748 Post
3014 1704 3422 1760 resurrectionem
3449 1710 3551 1764 vita
3577 1677 3763 1770 wtertia

2185 1765 2448 1860 incisione
2475 1771 2589 1829 Dei.
2615 1777 2838 1845 Quando
2863 1798 2920 1838 se
2947 1786 3408 1852 demonstraturus
3434 1811 3514 1854 est
3539 1802 3761 1860 dilecto-

2183 1856 2330 1912 ribus
2372 1863 2672 1922 suis?Post
2720 1877 3163 1958 resurrectionem
3213 1888 3488 1955 corporis,
3541 1895 3752 1961 quando

2185 1949 2398 2006 tolletur
2422 1954 2633 2025 impius,
2662 1975 2729 2015 ne
2751 1951 2929 2019 videat
2953 1967 3246 2026 claritatem
3271 1949 3382 2030 Dei.
3412 1949 3755 2051 Tunc-enim,

2181 2054 2296 2093 cum
2318 2048 2642 2113 apparuerit,
2669 2051 2858 2108 similes
2889 2056 2936 2108 ei
2969 2057 3152 2114 erintus
3174 2076 3194 2124 ;
3222 2067 3458 2131 quoniam
3486 2048 3754 2130 videbimus

2180 2147 2294 2223 eum
2340 2137 2483 2190 sicuti
2526 2149 2598 2193 est
2627 2141 2670 2209 (Ι
2722 2143 2877 2198 Joan.
2923 2164 2979 2202 tn
3004 2191 3017 2214 ,
3045 2150 3122 2223 2).
3147 2153 3263 2219 Ipsa
3289 2164 3372 2212 est
3403 2161 3504 2215 vita
3535 2173 3752 2222 aeterna.

2179 2221 2310 2315 Nam
2345 2234 2509 2281 totum
2557 2232 2808 2304 quidquid
2855 2221 3160 2298 dicebamus
3181 2286 3195 2310 ,
3229 2247 3360 2303 nihil
3389 2261 3468 2306 est
3513 2254 3578 2309 ad
3610 2221 3754 2315 illam

2179 2313 2366 2419 vitanm’.‘
2387 2315 2782 2419 Qttiavivimus,
2805 2328 2931 2396 quid
2951 2332 3067 2386 est?
3091 2333 3222 2401 Quia
3246 2339 3376 2396 salvi
3396 2356 3599 2414 sumus,
3625 2313 3754 2419 quid

2178 2404 2300 2457 est?
2327 2405 2460 2473 Quia
2484 2409 2780 2470 videbimus
2828 2417 2996 2474 Deum
3027 2439 3039 2474 :
3072 2439 3320 2495 magnum
3343 2431 3381 2480 ¹.
3411 2431 3526 2500 Ipsa
3546 2404 3754 2495 estvita

2178 2502 2376 2551 aeterna
2408 2517 2421 2552 :
2451 2500 2566 2570 ipse
2589 2501 2690 2558 hoc
2710 2505 2861 2572 dixit,
2892 2509 3018 2566 Haec
3046 2524 3118 2568 est
3146 2528 3313 2572 autem
3332 2522 3430 2575 vita
3450 2534 3637 2580 (Blch
3654 2567 3669 2594 ,
3699 2540 3753 2584 ut

2177 2598 2476 2654 cognoscant
2503 2599 2550 2645 te
2568 2609 2724 2647 unum
2749 2611 2919 2651 verum
2942 2601 3121 2670 Deum,
3149 2615 3196 2659 et
3212 2625 3357 2676 quem
3377 2613 3555 2670 misisti
3575 2615 3754 2674 Jesum

2177 2675 2430 2732 Christum
2456 2678 2632 2752 (Joan.
2658 2701 2789 2754 xvn,
2819 2689 2894 2760 5).
2917 2690 3044 2748 Haec
3067 2703 3152 2750 est
3190 2675 3298 2752 vita
3327 2710 3548 2767 aeterna,
3581 2718 3638 2760 ut
3661 2723 3752 2763 co-

2175 2779 2447 2835 gnoscant,
2479 2773 2709 2840 videant,
2752 2780 2990 2849 capiant,
3017 2786 3195 2840 norint
3221 2790 3363 2856 quod
3389 2794 3746 2864 crediderant,

2175 2860 2466 2931 percipiant
2493 2867 2634 2934 quod
2662 2869 2896 2926 nondum
2925 2887 3117 2943 capere
3142 2889 3402 2952 poterant.
3427 2885 3542 2941 Jam
3571 2860 3750 2948 videat

2173 2962 2325 3024 mens
2363 2952 2504 3021 quod
2555 2957 2736 3013 oculus
2773 2974 2879 3015 non
2921 2963 3155 3032 viderat,
3184 2985 3284 3028 nec
3307 2977 3449 3030 auris
3485 2980 3746 3050 audierat,
3798 3043 3803 3048 ,

2171 3052 2273 3114 nec
2306 3039 2356 3092 in
2393 3055 2486 3096 eor
2532 3042 2761 3102 hominis
2806 3053 3119 3111 ascenderat
3147 3077 3160 3114 :
3185 3059 3287 3116 hoc
3320 3063 3424 3120 illis
3448 3065 3653 3124 dicetur
3693 3039 3746 3126 id

2173 3127 2317 3232 line,
2359 3129 2530 3232 venite
2546 3174 2562 3200 ,
2593 3135 2833 3194 benedicti
2879 3141 3055 3200 Patris
3103 3151 3232 3215 mei,
3259 3155 3500 3225 percipite
3539 3171 3748 3232 regnum

2169 3221 2307 3320 quod
2323 3221 2459 3320 nobis
2486 3236 2720 3320 paratum
2743 3239 2816 3284 est
2839 3233 2900 3286 ab
2938 3234 3084 3290 initio
3109 3242 3303 3296 mundi.
3335 3221 3491 3300 Ibunt
3515 3221 3642 3320 ρι’έο
3666 3252 3745 3308 illi

2169 3309 2294 3364 mali
2317 3311 2369 3364 in
2395 3313 2750 3371 ambustionem
2773 3329 3031 3379 (sternam.
3057 3325 3197 3383 Justi
3222 3342 3390 3388 autem
3417 3339 3560 3406 quo?
3575 3309 3652 3394 Ῑη
3674 3342 3748 3396 vi-

2169 3408 2272 3453 tam
2316 3410 2556 3494 (sternam
2611 3407 2822 3478 (Matth.
2875 3429 3004 3482 xxv,
3062 3418 3153 3485 34,
3179 3421 3293 3494 46).
3327 3424 3484 3492 Quid
3529 3438 3612 3485 est
3636 3433 3746 3488 vita

2167 3491 2404 3544 aeterna?
2431 3491 2558 3548 Htec
2598 3507 2670 3552 est
2710 3499 2812 3553 vita
2851 3512 3041 3559 (eterna
3061 3549 3074 3572 ,
3101 3518 3158 3562 ut
3177 3491 3480 3582 cognoscant
3508 3526 3556 3572 te
3579 3522 3744 3576 solum

2167 3593 2336 3634 verum
2358 3579 2542 3650 Deum,
2571 3593 2618 3640 et
2643 3603 2788 3656 quem
2815 3592 2996 3648 misisti
3014 3595 3193 3652 Iesum
3214 3579 3488 3661 Christum.

2237 3669 2463 3728 CAPUT
2501 3674 2568 3729 X.
2599 3706 2672 3718 -—
2700 3680 2787 3734 H.
2832 3681 3152 3742 Resurrectio
3193 3693 3360 3748 carnis
3399 3696 3592 3764 futura.
3637 3701 3744 3758 Lo-

2167 3773 2339 3829 quens
2362 3777 2490 3834 ergo
2519 3765 2586 3822 de
2609 3766 2782 3824 futura
2822 3779 3211 3836 resurrectione
3255 3788 3494 3853 corporis
3516 3831 3530 3855 ,
3557 3798 3612 3846 et
3635 3807 3743 3849 non

2165 3863 2266 3905 nos
2288 3849 2584 3921 dimittens,
2613 3858 2688 3912 ait
2714 3877 2728 3913 :
2756 3859 3059 3919 Potestatem
3084 3869 3220 3923 dedit
3247 3874 3292 3925 ei
3315 3849 3364 3927 et
3369 3849 3623 3945 judicium
3650 3883 3737 3951 fa-

2166 3953 2295 4006 cere,
2352 3944 2590 4011 quoniam
2625 3948 2764 4016 ﬁlius
2811 3951 3027 4008 hominis
3073 3967 3162 4011 est.
3209 3944 3385 4018 Nolite
3424 3967 3600 4022 mirari
3623 3944 3738 4040 hoc,

2163 4030 2281 4098 quia
2307 4033 2462 4088 veniet
2485 4035 2626 4090 hora.
2653 4037 2725 4094 lbi
2756 4055 2858 4096 non
2885 4043 3102 4112 addidit,
3132 4058 3178 4102 et
3199 4067 3330 4105 nunc
3349 4065 3423 4109 est
3448 4073 3470 4111 :
3493 4060 3613 4128 quia
3639 4030 3740 4118 ista

2166 4119 2294 4174 hora
2330 4131 2512 4190 postea
2550 4127 2674 4194 erit,
2708 4130 2828 4198 quia
2875 4132 2974 4188 ista
3001 4134 3130 4191 hora
3172 4139 3226 4193 in
3256 4141 3360 4198 line
3400 4119 3577 4202 saeculi
3615 4151 3738 4219 erit,

2165 4212 2285 4280 quia
2317 4213 2416 4268 ista
2439 4215 2566 4271 hora
2595 4221 2881 4278 novissima
2913 4226 3050 4293 erit,
3078 4229 3129 4282 in
3157 4233 3437 4290 novissima
3469 4239 3590 4294 tuba
3614 4212 3736 4298 erit;

2167 4301 2341 4358 Nolite
2364 4307 2556 4375 mirari,
2585 4311 2707 4379 quia
2732 4311 2834 4368 hoc
2861 4313 2991 4382 dixi,
3015 4316 3168 4372 Dedit
3195 4323 3239 4375 ei
3263 4334 3552 4392 potestatem
3577 4341 3626 4384 et
3643 4333 3740 4403 ju-

2165 4394 2350 4449 dicium
2374 4399 2556 4466 facere,
2585 4403 2820 4470 quoniam
2861 4407 2998 4472 ﬁlius
3043 4409 3259 4467 hominis
3301 4424 3392 4470 est.
3424 4416 3601 4474 Nolite
3628 4394 3728 4477 mi-

2163 4485 2286 4537 rari.
2316 4485 2437 4541 Ideo
2457 4487 2597 4553 dixi,
2628 4492 2749 4560 quia
2789 4493 3057 4553 hominem
3089 4501 3156 4555 ab
3185 4502 3486 4563 hominibus
3527 4521 3740 4581 oportet

2160 4573 2406 4644 judicari.
2434 4578 2638 4644 Quibus
2663 4581 2965 4642 hominibus
3003 4589 3342 4659 judicandis?
3366 4598 3511 4665 Quos
3537 4573 3739 4661 invenit

2161 4665 2346 4722 vivos?
2366 4667 2480 4722 Non
2509 4671 2701 4726 solum.
2743 4673 2847 4730 Sed
2888 4679 3050 4746 quid?
3083 4680 3249 4738 Veniet
3285 4687 3430 4754 hora,
3458 4695 3660 4759 quando
3685 4695 3738 4750 ht

2162 4757 2249 4825 qui
2267 4767 2383 4811 sunt
2429 4759 2482 4812 in
2541 4767 2893 4818 monumentis.
2949 4766 3228 4833 Quomodo
3271 4757 3534 4844 expressit
3577 4796 3737 4839 carne

2161 4849 2437 4902 mortuos?
2463 4851 2548 4919 qui
2572 4863 2688 4905 sunt
2715 4854 2768 4907 in
2793 4860 3122 4914 monumentis
3140 4903 3154 4926 ,
3179 4877 3406 4932 quorum
3427 4867 3608 4936 jacent
3645 4886 3736 4927 se-

2162 4937 2304 5004 pulta
2334 4938 2588 4994 cadavera
2609 4983 2624 5006 ,
2655 4958 2880 5013 quorum
2917 4945 3109 5004 favilla:
3151 4936 3485 5025 tectas/sunt,
3509 4975 3735 5030 quorum

2161 5042 2282 5083 ossa
2308 5028 2544 5100 dispersa
2571 5044 2729 5102 sunt,
2760 5051 2984 5106 quorum
3012 5056 3137 5097 caro
3158 5044 3267 5114 jam
3295 5063 3402 5104 non
3428 5028 3548 5122 est,
3577 5063 3631 5109 et
3655 5064 3737 5110 ta-

2161 5132 2282 5174 men
2309 5117 2419 5176 Deo
2446 5120 2649 5194 integra
2688 5133 2789 5180 est.
2829 5126 3004 5185 Veniet
3029 5131 3189 5202 hora,
3219 5138 3422 5206 quando
3461 5117 3630 5201 omnes
3650 5147 3742 5218 qui

2227 5313 2635 5394 P09199999
2655 5322 3070 5394 tenuis‘momenti
3105 5328 3452 5393 discrepantias
3482 5336 3740 5391 admittunt

2158 5373 2295 5423 Editi.
2320 5381 2390 5424 Er.
2416 5379 2562 5487 Lugd.
2588 5387 2706 5429 Ven.
2732 5385 2802 5454 sic
2825 5373 3738 5460 legunlifh’at—n.

2162 5435 2346 5488 bamus.
2369 5436 2468 5488 mhi
2523 5445 2593 5488 est
2626 5443 2693 5488 ad
2727 5443 2865 5488 illam
2885 5447 3030 5488 υἰιιιηι
3066 5463 3161 5488 mm
3195 5465 3392 5488 θηηηηιρ
3428 5456 3621 5488 nmmo...
3658 5461 3738 5488 ,ωε

2162 5471 2346 5505 vnn-ys,
2370 5471 2490 5488 mm.
2523 5471 2601 5510 υσσ.
2626 5471 2698 5512 ωε
2728 5471 2865 5514 ιιιιᾳιι
2885 5471 3030 5500 vuum
3066 5471 3161 5514 qua
3195 5471 3392 5504 mutnus
3427 5471 3622 5519 quaem
3656 5473 3736 5523 qus

2158 5495 2632 5580 ξρέξιῌειξπέιίδλέζυξιξ
2643 5505 2914 5580 uidebimus
3108 5525 3350 5580 magmate.
3375 5524 3433 5580 At
3453 5525 3592 5570 Lov.:
3619 5529 3740 5571 h'am

2158 5559 2559 5648 iiiﬂTﬂEffﬁ‘lEE
2577 5559 3360 5648 ‘iiff’i‘itﬁ‘sz.!§W§tetii’il?iu
3544 5559 3649 5648 at;
3658 5559 3737 5633 ’τῖε

2159 5629 2319 5711 ventu:
2357 5623 2552 5682 quidem
2588 5623 2671 5688 qui
2692 5625 2812 5681 salvi
2847 5623 3027 5685 sumus.
3058 5631 3180 5695 quid
3215 5623 3736 5702 ἐὲξίὴιλῖἀῄιῖιίἷδὶηἶίιδ

2159 5691 2296 5730 eum.
2332 5689 2571 5741 Maqnum.
2639 5693 2694 5734 Μ.

2523 5443 3030 5523 ad:
3066 5463 3161 5514 qua
3195 5443 3739 5523 υιιτιπηὲἧᾶἱᾶἔηῖἷιῖιὶ
3831 5453 3848 5457 “
