4098 6310
336 260 448 319 713

336 387 459 437 sunt
482 376 536 432 in
558 374 894 433 monumentis
913 373 1115 429 audient
1142 388 1308 429 vocem
1336 371 1465 443 ejus,
1490 379 1535 425 et
1561 368 1791 443 prodicnt
1812 384 1926 422 om-

338 485 449 524 nes.
479 466 615 523 Boni
638 464 777 533 sint,
800 465 926 521 mali
953 464 1095 532 sint,
1129 462 1347 519 audient
1387 476 1571 516 vocem
1594 500 1610 528 ,
1633 470 1688 517 et
1727 459 1925 514 exierit.

340 560 675 628 Butnpentur
693 556 870 612 omnia
892 554 1095 610 vincula
1123 552 1412 609 inferorum
1438 569 1450 606 :
1471 566 1629 606 omne
1644 547 1783 620 quod
1804 563 1927 617 per-

342 650 423 714 iit,
438 650 552 704 imo
566 649 775 720 perisse
798 657 1035 718 putatur,
1063 643 1387 701 restituetur.
1406 643 1459 699 Si
1486 641 1626 697 enim
1650 640 1787 695 Deus
1804 637 1928 693 fecit

339 740 610 794 hominem
628 739 716 809 qui
746 753 850 793 non
866 746 1003 800 erat,
1024 752 1130 789 non
1158 743 1332 806 potest
1353 748 1600 804 reparare
1621 729 1761 801 quod
1777 726 1928 783 erat?

410 828 638 886 CAPUT
672 827 767 884 XI.
814 858 888 869 —
922 827 1008 882 15.
1053 825 1373 880 Mortuorum
1418 820 1674 877 suscitatio
1719 835 1751 871 a
1793 814 1924 883 Deo,

339 939 443 975 non
471 921 636 973 minus
662 914 911 972 credibilis
933 932 1082 987 quam
1109 915 1312 969 creatio.
1341 914 1473 969 Puto
1501 899 1770 983 quia'cum
1792 906 1925 961 dici-

339 1024 444 1077 tur,
476 1013 615 1066 Deus
639 1020 879 1066 mortuos
918 1009 1274 1063 suscitaturus
1316 1015 1417 1070 est,
1442 1019 1547 1058 non
1571 1016 1658 1058 res
1692 997 1926 1055 incredi-

341 1104 463 1158 bilis
500 1100 693 1157 dicitur
723 1118 735 1153 :
766 1100 887 1170 quia
925 1097 993 1154 de
1036 1099 1168 1165 Deo,
1206 1113 1310 1152 non
1351 1095 1418 1151 de
1453 1094 1669 1149 homine
1712 1089 1924 1145 dicitur.

340 1196 526 1266 Magna
554 1208 641 1249 res
658 1202 744 1247 est
767 1206 886 1262 quae
909 1191 1018 1255 fiet,
1042 1200 1096 1245 et
1117 1187 1442 1245 incredibilis
1468 1202 1553 1240 res
1579 1192 1791 1253 estqua:
1812 1179 1924 1235 fiet.

339 1289 447 1345 Sed
474 1304 577 1344 non
604 1287 674 1341 sit
701 1283 1047 1348 incredibilis,
1074 1282 1197 1353 quia
1243 1279 1365 1335 vide
1388 1278 1477 1350 qui
1506 1276 1648 1331 facit.
1683 1275 1775 1329 Ille
1799 1272 1929 1328 dici-

341 1391 426 1435 tur
454 1378 596 1450 quod
643 1376 921 1433 suscitabit
951 1384 1002 1430 te
1026 1415 1043 1441 ,
1072 1374 1161 1445 qui
1195 1372 1396 1429 creavit
1441 1381 1511 1427 te.
1552 1368 1666 1425 Non
1707 1381 1847 1432 eras,
1875 1374 1930 1420 et

338 1488 435 1536 es;
462 1484 511 1527 et
543 1472 733 1537 factus,
776 1484 880 1523 non
908 1467 1054 1523 eris?
1093 1465 1279 1531 Absit,
1306 1478 1375 1519 ne
1399 1460 1605 1517 eredas.
1639 1456 1929 1515 Mirabilius

338 1561 539 1633 aliquid
586 1560 707 1617 fecit
756 1560 921 1626 Deus,
951 1557 1165 1629 quando
1220 1555 1346 1611 fecit
1396 1552 1537 1625 quod
1561 1568 1668 1607 non
1696 1555 1932 1606 eratzet

339 1662 523 1725 tamen
545 1652 667 1707 fecit
692 1650 831 1722 quod
864 1665 969 1704 non
1001 1656 1149 1715 erat;
1172 1656 1228 1702 et
1252 1660 1358 1700 non
1388 1642 1625 1700 creditur
1656 1646 1932 1712 reparatu-

339 1736 433 1800 rus
453 1744 593 1815 quod
619 1752 751 1807 erat,
772 1742 841 1798 ab
869 1741 947 1796 eis
976 1740 1107 1811 ipsis
1130 1753 1264 1810 quos
1286 1736 1410 1793 fecit
1441 1733 1584 1806 quod
1611 1750 1715 1789 non
1745 1730 1930 1788 erant?

340 1838 453 1893 11οο
490 1846 574 1892 est
619 1834 760 1906 quod
800 1833 1141 1903 rependimus
1178 1831 1307 1896 Deo,
1337 1828 1425 1899 qui
1470 1843 1575 1883 non
1602 1838 1845 1890 eramus,
1878 1830 1933 1878 et

340 1930 465 1985 facti
487 1929 708 1985 sumus?
739 1928 850 1983 Hoc
878 1927 955 1981 illi
987 1924 1349 1996 rependimus,
1383 1931 1440 1977 ut
1463 1936 1584 1976 eum
1612 1917 1957 1975 resuscitare.

340 2024 484 2095 quod
533 2022 658 2078 fecit
706 2038 811 2076 non
861 2035 1018 2091 posse
1061 2017 1374 2073 credamus?
1415 2014 1539 2069 Haec
1591 2020 1676 2068 est
1727 2024 1932 2066 merces

341 2135 500 2188 quam
532 2117 609 2171 illi
644 2115 822 2172 reddit
864 2124 1106 2169 creatura
1158 2113 1291 2168 sua?
1315 2110 1439 2166 ideo
1460 2108 1654 2173 tefeci,
1683 2106 1813 2163 dicit
1842 2104 1934 2161 tibi

344 2212 519 2276 Deus,
541 2224 575 2265 ο
605 2208 764 2262 homo
786 2249 799 2273 ,
830 2216 1111 2276 antequam
1144 2219 1293 2260 esses
1316 2244 1331 2271 ,
1361 2211 1419 2258 ut
1441 2216 1545 2256 non
1577 2199 1708 2254 mihi
1744 2197 1934 2254 credas

344 2306 576 2358 futurum
601 2310 650 2357 te
671 2316 790 2355 esse
820 2298 960 2370 quod
987 2313 1125 2363 eras,
1160 2296 1251 2368 qui
1279 2293 1493 2366 potuisti
1519 2307 1638 2348 esse
1658 2290 1800 2362 quod
1826 2304 1933 2345 non

342 2395 628 2451 eras?Sed
669 2408 829 2457 ecce,
861 2392 1065 2462 inquit,
1100 2392 1153 2445 in
1194 2390 1439 2461 sepulcro
1468 2387 1609 2458 quod
1645 2386 1797 2441 video
1817 2428 1832 2453 ,
1858 2385 1937 2441 fa-

342 2488 469 2542 villa
515 2494 598 2542 est
618 2528 634 2553 ,
662 2485 795 2540 cinis
828 2493 943 2548 est,
972 2499 1094 2538 ossa
1130 2492 1252 2537 sunt
1284 2500 1297 2536 :
1326 2480 1501 2537 ethoc
1541 2482 1668 2536 item
1716 2478 1938 2548 accipiet

343 2580 529 2644 vitam,
551 2586 747 2641 cutem,
776 2574 986 2646 pulpas,
1008 2589 1224 2643 carnem
1247 2615 1263 2638 ,
1292 2579 1346 2628 et
1376 2571 1658 2642 resurget?
1687 2568 1836 2640 quid,
1859 2568 1937 2623 fa-

347 2670 473 2725 villa
517 2668 616 2723 ista
636 2709 654 2735 ,
685 2682 805 2722 ossa
843 2668 942 2721 ista
967 2707 984 2732 ,
1016 2682 1135 2735 qua:
1167 2663 1323 2718 video
1366 2662 1417 2717 in
1444 2661 1728 2732 sepulcro?
1761 2660 1855 2715 Vel
1884 2661 1938 2716 in

348 2763 597 2833 sepulcro
631 2760 780 2815 vides
815 2758 1086 2823 favillam,
1118 2755 1266 2811 vides
1288 2769 1409 2809 ossa
1436 2772 1449 2807 :
1472 2753 1525 2807 in
1566 2760 1717 2807 utero
1756 2751 1939 2805 matris

349 2866 456 2911 tua:
488 2854 618 2909 nihil
661 2862 797 2908 erat.
839 2852 950 2907 lloc
977 2850 1125 2905 vides
1148 2890 1164 2915 ,
1197 2849 1284 2903 vel
1318 2847 1490 2903 favilla
1516 2854 1673 2911 sunt,
1702 2844 1791 2899 vel
1816 2859 1938 2899 ossa

348 2955 475 3001 sunt
502 2964 515 2998 :
548 2953 603 2999 tu
642 2954 921 3013 antequam
965 2955 1147 3006 esses,
1178 2954 1280 2995 nec
1322 2938 1497 2993 favilla
1529 2946 1663 3003 erat,
1689 2952 1791 2992 nec
1818 2950 1939 2990 ossa

351 3045 541 3103 erant;
572 3046 627 3090 et
654 3045 827 3090 tamen
854 3033 1026 3088 factus
1054 3046 1134 3100 es,
1152 3047 1275 3088 cum
1296 3029 1515 3085 omnino
1540 3044 1644 3083 non
1674 3042 1821 3084 esses
1850 3045 1863 3082 :
1887 3033 1943 3082 et

353 3147 459 3186 non
489 3129 663 3185 credis
709 3128 831 3198 quia
860 3141 981 3182 ossa
1024 3126 1123 3180 ista
1166 3126 1404 3195 (quoquo
1433 3121 1592 3177 modo
1619 3128 1779 3185 sunt,
1807 3134 1941 3190 qua-

353 3224 653 3295 liacumque
679 3230 823 3287 sunt,
852 3228 975 3275 sunt
998 3219 1196 3287 tamen)
1239 3214 1501 3286 recipient
1524 3213 1749 3268 formam
1779 3228 1942 3284 quam

356 3315 641 3380 habebant,
671 3327 792 3367 cum
821 3321 872 3365 tu
898 3309 1168 3378 acceperis
1194 3307 1335 3378 quod
1367 3323 1473 3361 non
1503 3304 1778 3361 habebas?
1803 3304 1937 3359 Cre-

356 3409 426 3466 de
456 3427 470 3463 :
503 3409 624 3479 quia
656 3407 698 3462 si
734 3404 1026 3461 credideris
1054 3403 1188 3467 hoc,
1223 3409 1350 3456 tunc
1386 3398 1729 3454 suscitabitur
1768 3398 1945 3451 anima

360 3508 470 3555 tua.
497 3500 565 3554 Et
592 3498 634 3552 si
667 3496 1012 3555 suscitabitur
1051 3494 1230 3546 anima
1271 3500 1357 3547 tua
1385 3504 1563 3552 nunc;
1598 3488 1767 3542 Veniet
1785 3488 1943 3553 hora,

361 3603 407 3645 et
429 3606 558 3644 nunc
574 3598 651 3643 est
675 3590 725 3642 ‘:
758 3595 883 3641 tunc
903 3585 1041 3639 bono
1073 3593 1162 3637 tuo
1183 3590 1422 3650 resurget
1452 3594 1579 3634 caro
1610 3576 1949 3646 tua,quando

363 3682 541 3739 veniet
563 3681 693 3736 hora
713 3720 728 3745 ,
760 3686 818 3733 ut
843 3692 1030 3731 omnes
1054 3674 1144 3744 qui
1171 3683 1295 3728 sunt
1323 3672 1375 3726 in
1426 3668 1784 3724 monumentis
1805 3708 1822 3733 ,
1851 3683 1951 3723 au-

363 3776 514 3837 diant
541 3788 726 3829 vocem
748 3772 883 3840 ejns,
916 3780 970 3824 et
995 3766 1273 3837 prodeant.
1308 3763 1426 3818 Non
1473 3762 1615 3817 enim
1650 3761 1775 3831 quia
1799 3760 1952 3815 audis

366 3880 420 3925 et
446 3866 630 3938 prodis
654 3904 668 3929 ,
696 3865 807 3932 jam
847 3860 1079 3930 gaudere
1118 3856 1283 3911 debes
1312 3872 1325 3909 :
1350 3854 1472 3908 audi
1509 3852 1651 3923 quod
1692 3851 1950 3921 sequitur,

367 3958 473 4028 Qui
504 3958 637 4012 bona
680 3962 923 4026 egerunt,
947 3952 1001 4004 in
1031 3949 1442 4004 resurrectionem
1473 3945 1624 4008 vitici;
1660 3943 1747 4013 qui
1786 3952 1953 3998 autem

367 4050 507 4105 inata
536 4054 776 4119 egerunt,
817 4044 870 4098 in
901 4039 1313 4097 resurrectionem
1338 4036 1544 4109 judicii.
1581 4035 1835 4092 Conversi
1886 4035 1956 4091 ad

371 4140 675 4202 Dominum.
707 4144 812 4193 etc.
840 4133 941 4207 (b).

814 4243 1046 4302 δεξιΜο
1080 4240 1339 4299 cxxvnt
1376 4245 1396 4266 ·
1432 4239 1532 4312 (α).

377 4365 455 4421 De
481 4363 638 4419 verbis
666 4356 928 4432 Evangelii
951 4355 1169 4411 Joannis
1189 4396 1204 4421 ,
1230 4354 1286 4409 Si
1314 4368 1412 4425 ego
1450 4350 1809 4407 testimonium
1832 4366 1959 4422 per-

450 4456 610 4512 hibeo
629 4453 697 4509 de
725 4467 812 4507 me
839 4493 853 4518 ,
886 4458 1007 4515 etc.,
1030 4464 1144 4519 cap.
1172 4462 1206 4499 v
1226 4487 1242 4511 ,
1282 4446 1318 4513 ἃ
1342 4484 1356 4499 .
1398 4444 1602 4510 51-35;
1626 4444 1784 4514 deque
1805 4442 1963 4496 verbis

449 4545 696 4619 Apostoli,
727 4542 928 4614 Spiritu
952 4538 1247 4602 ambulate,
1278 4546 1333 4592 et
1354 4534 1809 4605 concupiscentias
1847 4547 1965 4587 car-

450 4640 533 4695 nis
552 4654 621 4694 ne
650 4634 996 4708 perfeceritis.
1024 4630 1161 4687 Caro
1181 4629 1325 4684 enim
1347 4628 1691 4698 concupiscit,
1719 4636 1834 4694 etc.,
1860 4625 1965 4680 Ga-

454 4732 546 4787 lat.
577 4748 693 4801 cap.
723 4744 777 4795 ν,
812 4728 848 4798 Ῡ
873 4766 887 4781 .
919 4725 1085 4781 14-17
1109 4723 1211 4793 (b).

452 4845 678 4904 CAPUT
718 4840 999 4900 PRIMUM.
1026 4869 1099 4880 —
1130 4840 1179 4893 1.
1206 4834 1567 4891 Testimonium
1588 4832 1795 4897 Christi,
1818 4833 1969 4887 etiam

380 4940 448 4994 de
487 4955 544 4994 se
583 4938 695 5007 ipso
724 4950 875 5006 quam
912 4947 1081 4985 verum
1126 4916 1210 4983 sit.
1255 4926 1570 4982 Audivimus
1608 4924 1767 4979 verba
1801 4924 1970 4979 sancti

386 5027 659 5099 Evangelii
690 5043 704 5078 :
730 5035 785 5081 et
826 5023 929 5079 hoc
965 5026 1141 5091 potest
1178 5017 1412 5087 aliquem
1448 5028 1793 5084 permovere,
1829 5012 1971 5083 quod

383 5121 462 5175 ait
482 5117 740 5174 Dominus
768 5114 943 5179 Jesus,
974 5110 1035 5167 Si
1057 5125 1148 5181 ego
1170 5105 1515 5187 testimonium
1525 5103 1758 5175 perhibeo
1781 5104 1843 5158 de
1870 5120 1968 5171 me,

451 5250 571 5300 ssic
611 5248 781 5312 gurges
815 5252 925 5294 uss.
970 5241 1089 5291 mni
1128 5246 1312 5312 autem,
1347 5237 1791 5288 animatua:twtc
1824 5234 1977 5287 venit

390 5315 518 5378 (aut,
542 5307 686 5378 venit)
700 5307 841 5378 hora,
865 5312 911 5378 et
930 5315 1056 5378 nunc

453 5356 845 5435 :vtvzis'tiéatusad
868 5356 972 5419 tres
993 5367 1075 5414 bn.
1094 5363 1153 5412 ad
1175 5368 1380 5426 quatuor
1398 5359 1460 5411 cl.
1485 5359 1546 5409 ad
1568 5370 1613 5407 a.
1632 5358 1712 5409 οὶ).
1729 5356 1764 5407 f.
1783 5356 1844 5408 fs.
1862 5372 1912 5422 ε.
1931 5358 1977 5408 ιι·

388 5447 690 5558 ωὶιῗῖλῖἶῗὲ,
702 5432 782 5558 hi;
803 5490 972 5558 Verbis
992 5485 1173 5558 nomini
1191 5485 1270 5535 45.

554 5542 878 5621 inuentionis
899 5550 968 5621 ad
993 5557 1121 5621 nom:
1144 5562 1214 5621 ,νη
1234 5552 1369 5621 vocat
1397 5557 1675 5621 sermonem
1697 5542 1759 5621 «μ
1779 5542 1843 5621 de
1864 5549 1981 5621 ver:

392 5604 769 5679 bis—Evangelii;
796 5620 848 5665 et
869 5619 1038 5676 postea
1057 5611 1118 5661 ad
1139 5604 1284 5659 Galat.
1318 5623 1366 5671 ν,
1392 5620 1668 5659 sermonem
1687 5606 1751 5656 de
1776 5604 1982 5670 Apostoli

397 5681 572 5732 Verbis
592 5674 819 5732 appellat.

397 5689 572 5732 vernis
592 5689 819 5740 appeuat.

603 5762 829 5825 Sauc'r.
864 5760 1140 5821 Avonam.
1185 5755 1264 5820 V.

1721 252 1956 312 SERMO
1990 243 2272 306 CXXVIII.

3512 242 3618 302 7H

2040 360 2375 415 testimonium
2403 375 2566 419 meum
2592 375 2691 416 non
2727 367 2803 416 est
2827 374 3016 415 verum.
3042 355 3321 425 Quomodo
3356 370 3485 428 ergo
3510 371 3617 412 non

2031 460 2115 506 est
2140 465 2321 505 verum
2350 450 2709 507 testimonium
2735 450 3013 508 veritatis?
3056 449 3242 505 Nonne
3283 448 3397 519 ipse
3423 446 3618 518 estqui

2031 540 2165 594 dixit
2192 557 2204 591 :
2233 537 2340 611 Ego
2380 556 2492 593 sum
2519 541 2600 594 via
2621 582 2636 606 ,
2665 550 2712 594 et
2734 541 2937 608 veritas,
2961 550 3009 594 et
3026 540 3124 594 vita
3160 536 3334 610 (Joun.
3367 552 3490 604 xw,
3522 536 3620 608 6)?

2030 628 2129 686 Cui
2161 645 2287 700 ergo
2325 629 2649 685 credendum
2693 641 2807 697 eSt,
2841 631 2885 685 si
2911 630 3119 686 veritati
3142 644 3245 683 non
3274 635 3356 683 est
3390 626 3619 682 creden-

2031 722 2199 777 dum?
2226 721 2471 776 Profecto
2516 722 2657 778 enim
2697 738 2801 778 non
2835 724 2948 778 vult
2990 722 3209 778 credere
3254 721 3355 778 nisi
3382 720 3617 787 falsitati,

2030 812 2122 883 qui
2148 827 2253 868 non
2293 812 2438 881 eligit
2474 812 2698 869 credere
2736 814 2965 869 veritati.
3009 813 3216 869 Dictum
3256 820 3338 868 est
3365 826 3492 882 ergo
3518 810 3621 875 hoc

2030 902 2326 958 secundum
2371 901 2517 972 ipsos
2542 944 2556 969 ,
2586 903 2748 961 utsic
2788 904 3052 975 intelligas
3076 946 3091 972 ,
3120 912 3174 959 et
3203 919 3271 967 ex
3315 903 3398 959 his
3441 903 3625 959 verbis

2031 992 2175 1049 hunc
2213 1007 2427 1049 sensum
2465 994 2733 1065 concipias
2762 1013 2774 1049 :
2809 995 2872 1051 Si
2901 1012 2990 1068 ego
3016 996 3352 1051 testimonium
3389 995 3624 1066 perhibeo

2030 1083 2094 1137 dc
2116 1100 2215 1153 me,
2246 1084 2581 1138 testimonium
2610 1101 2776 1139 meum
2815 1102 2916 1140 non
2941 1095 3014 1141 est
3035 1102 3227 1151 verum,
3259 1085 3311 1141 id
3341 1093 3452 1153 est,
3481 1086 3624 1141 sicut

2029 1173 2245 1242 putatis.
2274 1173 2366 1229 ille
2394 1173 2537 1229 enim
2563 1183 2785 1229 noverat
2808 1190 2995 1231 verum
3028 1190 3149 1232 esse
3188 1176 3255 1231 de
3287 1190 3348 1231 se
3377 1176 3621 1230 testimo-

2029 1264 2176 1318 nium
2202 1279 2357 1319 suum
2387 1283 2400 1319 :
2432 1263 2526 1319 sed
2556 1265 2787 1335 'propter
2814 1264 3089 1332 infirmos,
3121 1272 3338 1336 propter
3369 1264 3621 1321 incredu-

2030 1355 2131 1421 los,
2162 1365 2382 1427 prepter
2409 1372 2513 1411 non
2537 1356 2891 1428 intelligentes
2910 1398 2924 1423 ,
2955 1358 3034 1412 sol
3061 1357 3306 1414 lucernas
3327 1357 3623 1428 quaerebat.

2032 1447 2317 1521 Fulgorem
2362 1449 2559 1521 quippe
2608 1450 2737 1519 solis
2781 1449 3040 1522 lippitudo
3092 1465 3277 1506 eorum
3324 1449 3466 1507 ferre
3516 1464 3623 1505 non

2031 1551 2259 1613 poterat.

2101 1633 2156 1688 2.
2186 1634 2287 1689 Cur
2308 1634 2575 1706 quatsitum
2600 1634 2937 1689 testimonium
2960 1633 3195 1689 Joannis.
3226 1632 3348 1689 Ideo
3369 1632 3625 1703 qumsitus

2032 1734 2116 1782 est
2142 1726 2405 1793 Joannes,
2430 1728 2518 1797 qui
2557 1726 2917 1782 testimonium
2951 1725 3257 1797 perhiberet
3293 1724 3533 1789 veritati;
3571 1731 3625 1778 et

2033 1816 2255 1870 audistis
2277 1815 2403 1887 quid
2430 1816 2543 1870 ait:
2584 1816 2682 1870 Vos
2724 1816 2927 1871 venistis
2965 1816 3033 1869 ad
3070 1814 3345 1869 Joannem.
3392 1812 3494 1867 Ille
3516 1813 3626 1866 erat

2033 1907 2238 1960 lucerna
2268 1908 2451 1960 ardens
2487 1915 2533 1960 et
2579 1906 2779 1973 lucens,
2804 1915 2851 1960 et
2891 1922 2978 1961 vos
3021 1905 3247 1960 voluistis
3284 1903 3536 1960 exsultare
3558 1903 3627 1956 ad

2036 1996 2212 2050 horam
2236 1998 2287 2051 in
2314 1996 2501 2051 lumine
2524 1997 2654 2068 ejus.
2684 1995 2929 2051 Lucerna
2972 1995 3069 2052 ista
3104 1995 3172 2051 ad
3203 1996 3414 2050 illorum
3442 1993 3627 2050 confu-

2035 2092 2237 2145 sionem
2278 2099 2460 2160 parata
2483 2099 2597 2155 est,
2629 2089 2751 2160 quia
2784 2088 2851 2144 de
2883 2088 2986 2144 hoc
3018 2088 3217 2144 dictum
3247 2097 3328 2143 est
3357 2096 3480 2142 ante
3504 2095 3627 2142 tan-

2036 2190 2146 2236 tum
2166 2192 2372 2251 tempus
2394 2182 2445 2236 in
2467 2181 2691 2236 Psalmis
2722 2198 2736 2235 :
2772 2179 2960 2235 Paravi
2989 2180 3248 2235 lucernam
3271 2180 3469 2235 Christo
3495 2195 3626 2234 meo.

2038 2274 2235 2346 thuid
2274 2276 2547 2331 lucernam
2584 2274 2718 2329 soli?
2756 2272 3000 2327 Inimicos
3042 2273 3151 2343 ejus
3193 2272 3403 2326 induant
3451 2274 3630 2342 confiu-

2037 2367 2215 2420 sione:
2269 2382 2420 2436 super
2460 2365 2627 2436 ipsum
2674 2373 2843 2418 autem
2886 2363 3085 2435 florebit
3125 2363 3461 2432 sanctiﬁcatio
3515 2378 3627 2416 mea

2042 2457 2210 2531 (Psal.
2234 2474 2414 2524 cxxxr,
2447 2455 2666 2529 17,18).
2715 2456 2951 2527 Denique
2973 2455 3097 2510 hinc
3118 2464 3240 2511 sunt
3266 2454 3475 2510 confusi
3496 2470 3633 2524 quo-

2039 2550 2160 2605 dam
2194 2550 2312 2603 loco
2342 2564 2435 2618 per
2462 2548 2633 2618 ipsum
2679 2547 2959 2613 Joannem,
2990 2546 3200 2616 quando
3237 2545 3489 2600 dixertmt
3523 2545 3631 2599 Do-

2042 2642 2188 2696 mino
2234 2638 2442 2695 Judaei:
2479 2636 2545 2693 In
2567 2654 2665 2707 qua
2709 2645 2953 2708 potestate
2997 2637 3094 2691 ista
3129 2634 3301 2707 facis?
3326 2634 3412 2689 dic
3454 2633 3629 2688 nobis.

2040 2730 2239 2801 Quibus
2262 2730 2541 2803 respondit
2565 2748 2577 2784 :
2602 2730 2761 2784 Dicite
2789 2730 2913 2784 mihi
2940 2738 2985 2784 et
3003 2745 3108 2797 vos,
3133 2728 3453 2799 Baptismum
3464 2725 3633 2781 Joan-

2043 2825 2120 2879 nis
2145 2824 2208 2879 de
2232 2825 2354 2879 (telo
2379 2832 2472 2890 est,
2501 2840 2567 2877 an
2599 2823 2999 2878 exhominibus?
3027 2822 3344 2888 Audierunt,
3368 2828 3423 2877 et
3448 2828 3633 2876 tacue-

2043 2927 2187 2971 runt.
2230 2915 2603 2986 Cogitaverunt
2641 2915 2783 2970 enim
2823 2913 2961 2984 apud
2984 2928 3043 2968 se
3071 2914 3207 2978 cito,
3237 2913 3299 2968 Si
3335 2914 3634 2979 dixerimus,

2042 3009 2118 3063 Ab
2148 3007 2430 3062 hominibus
2449 3048 2465 3075 ,
2494 3007 2737 3077 lapidabit
2762 3022 2853 3060 nos
2898 3005 3117 3077 populus
3145 3020 3164 3059 :
3189 3005 3311 3077 quia
3336 3005 3637 3075 Prophetam

2045 3100 2228 3155 habent
2252 3099 2528 3154 Joannem.
2570 3098 2632 3154 Si
2660 3098 2935 3152 dixerimus
2960 3139 2975 3163 ,
3007 3096 3085 3151 De
3108 3096 3233 3152 caelo
3256 3114 3275 3163 ;
3300 3096 3526 3152 dicturus
3565 3105 3638 3150 est

2046 3191 2186 3246 nobis
2205 3231 2220 3257 ,
2244 3190 2414 3257 Quare
2431 3205 2550 3261 ergo
2571 3206 2671 3242 non
2689 3188 2971 3242 credidistis
2990 3188 3034 3241 ei
3057 3187 3083 3241 7
3101 3186 3232 3256 Quia
3260 3186 3491 3243 Joannes
3512 3203 3638 3257 per-

2047 3281 2220 3337 hibuit
2259 3281 2473 3336 Christo
2524 3279 2906 3335 testimonium.
2952 3278 3230 3348 Augustali
3284 3279 3337 3332 in
3387 3277 3639 3333 cordibus

2048 3374 2159 3428 suis
2179 3370 2558 3442 qumstionibus
2584 3370 2694 3425 suis
2714 3412 2728 3436 ,
2756 3378 2811 3425 et
2860 3369 3128 3438 illaqueati
3154 3368 3355 3437 laqueis
3381 3367 3492 3424 suis
3511 3409 3525 3434 ,
3551 3383 3640 3424 re-

2049 3463 2396 3533 sponderunt,
2432 3460 2721 3514 Nescimus.
2766 3459 2896 3525 Qua:
2935 3459 3104 3528 potuit
3137 3458 3239 3512 alia
3270 3474 3373 3513 vox
3406 3473 3526 3514 esse
3555 3468 3639 3514 te-

2052 3554 2375 3619 nebrarum‘l
2413 3552 2634 3606 Rectum
2687 3558 2770 3605 est
2815 3548 3027 3619 quidem
3076 3548 3313 3614 homini,
3338 3558 3393 3603 ut
3426 3548 3641 3619 quando

2053 3644 2257 3710 nescit,
2288 3642 2461 3706 dicat,
2494 3641 2706 3696 Nescio.
2748 3639 2970 3707 Quando
3008 3649 3184 3693 autem
3232 3640 3361 3703 scit,
3393 3651 3447 3694 et
3489 3641 3638 3705 dicit,

2053 3732 2276 3798 Nescio;
2311 3732 2461 3787 testis
2488 3741 2571 3786 est
2608 3740 2792 3785 contra
2830 3744 2908 3784 se.
2942 3729 3132 3799 Utique
3178 3738 3438 3784 noverant
3460 3732 3641 3785 excel-

2055 3826 2271 3882 lentiam
2292 3823 2531 3886 Joannis,
2561 3831 2613 3877 et
2638 3821 2757 3892 quia
2776 3820 2840 3875 de
2859 3821 2996 3875 coelo
3017 3829 3131 3875 erat
3152 3820 3471 3890 baptismum
3490 3821 3605 3890 ejus
3621 3840 3639 3876 τ

2057 3917 2151 3974 sed
2178 3916 2430 3972 nolebant
2476 3915 2815 3985 acquiescere
2851 3913 2936 3967 cui
2983 3912 3344 3967 testimonium
3376 3913 3646 3983 perhibuit

2058 4008 2312 4063 Joannes.
2360 4006 2431 4061 At
2474 4005 2560 4060 ubi
2590 4004 2868 4069 dixerunt,
2900 4001 3169 4057 Nescimus
3212 4018 3230 4057 :
3266 4005 3542 4075 respondit
3568 4007 3646 4060 eis

2058 4098 2237 4165 Jesus,
2267 4096 2376 4151 Nec
2419 4113 2508 4168 ego
2548 4096 2714 4149 dicam
2754 4094 2890 4148 vobis
2909 4095 2960 4147 in
2981 4111 3081 4165 qua
3115 4104 3359 4165 potestate
3379 4097 3475 4150 ista
3512 4098 3647 4168 facio

2062 4189 2213 4263 (Luc.
2254 4205 2364 4256 xx,
2414 4188 2561 4257 28).
2603 4187 2671 4241 Et
2712 4185 2917 4242 confusi
2962 4197 3104 4250 sunt,
3134 4196 3188 4242 et
3228 4188 3501 4258 impletum
3543 4199 3645 4257 est,

2063 4279 2254 4334 Paravi
2292 4280 2549 4333 lucernam
2586 4276 2784 4332 Christo
2817 4290 2962 4342 meo;
2998 4277 3235 4333 inimicos
3280 4279 3390 4348 ejus
3440 4279 3651 4334 induam

2064 4371 2375 4441 confusione.
2408 4426 2409 4429 η
3378 4384 3428 4422 ,s

2136 4460 2362 4516 CAPUT
2402 4459 2466 4513 11.
2492 4489 2563 4499 -
2590 4458 2643 4514 5.
2685 4457 2751 4512 1η
2793 4457 3096 4530 martyribus
3136 4456 3366 4514 Christus
3407 4461 3504 4514 sibi
3546 4462 3654 4530 ipse

2070 4554 2292 4624 perhibet
2317 4552 2673 4605 testimonium.
2700 4551 2956 4622 Martyres
2985 4567 3162 4605 nonne
3184 4562 3348 4606 testes
3367 4564 3489 4607 sunt
3508 4552 3655 4607 Chri-

2070 4644 2159 4709 sti,
2188 4652 2240 4697 et
2261 4641 2619 4695 testimonium
2652 4641 2936 4710 perhibent
2959 4642 3204 4695 vernali?
3231 4641 3335 4697 Sed
3362 4643 3404 4695 si
3431 4643 3656 4713 diligen-

2074 4737 2176 4791 tius
2207 4734 2533 4804 cogitemus,
2572 4732 2784 4802 quando
2825 4732 2901 4786 illi
2950 4741 3209 4802 martyres
3260 4732 3539 4802 perhibent
3582 4746 3657 4791 te-

2074 4826 2379 4883 Stimonium
2412 4867 2426 4889 ,
2483 4824 2595 4894 ipse
2645 4824 2742 4879 sibi
2820 4824 3062 4894 perhibet
3108 4825 3489 4880 testimonium.
3540 4826 3660 4897 Ipse

2075 4922 2216 4978 enim
2272 4919 2474 4973 habitat
2542 4918 2596 4971 in
2662 4915 2983 4988 martyribus
3019 4956 3035 4981 ,
3091 4924 3149 4971 ut
3199 4916 3515 4986 perhibeant
3586 4930 3666 4977 te-

2077 5012 2385 5070 stimonium
2414 5000 2644 5065 veritati.
2689 5009 2824 5063 Audi
2891 5023 3053 5063 unum
3096 5024 3163 5064 ex
3206 5012 3549 5081 martyribus,
3588 5015 3665 5086 ip-

2078 5120 2197 5162 sum
2256 5104 2553 5173 apostolum
2604 5102 2826 5157 Paulum
2887 5118 2900 5153 :
2947 5099 3214 5171 Numquid
3264 5105 3666 5172 experimentum

2079 5194 2229 5249 vultis
2253 5194 2480 5263 accipere
2517 5192 2626 5263 eius
2646 5192 2732 5261 qui
2756 5191 2810 5245 in
2837 5206 2915 5244 me
2946 5187 3166 5261 loquitur
3190 5189 3418 5248 Christus
3449 5194 3516 5267 (11
3546 5194 3668 5251 Cor.

2081 5302 2197 5354 xm,
2226 5285 2326 5355 '5)?
2368 5285 2504 5339 Dum
2543 5283 2789 5355 perhibet
2824 5296 2953 5352 ergo
2992 5282 3352 5339 testimonium
3390 5285 3625 5345 Joannes
3652 5329 3669 5355 ,

2083 5381 2323 5438 Christus
2360 5378 2460 5435 sibi
2505 5377 2751 5448 perhibet
2790 5375 3150 5431 testimonium
3174 5418 3190 5443 ,
3241 5377 3331 5449 qui
3378 5378 3579 5436 habitat
3618 5383 3670 5437 in

2084 5475 2308 5530 Joanne.
2331 5472 2615 5527 Perhibeat
2637 5470 2997 5525 testimonium
3018 5470 3222 5535 Petrus,
3245 5470 3524 5541 perhibeat
3546 5474 3677 5529 Pau-

2089 5566 2192 5632 lus,
2224 5562 2538 5634 perhibeant
2558 5560 2735 5615 caeteri
2760 5559 3017 5629 Apostoli,
3042 5558 3319 5629 perhibent
3338 5561 3677 5631 Stephanus;

2091 5659 2205 5731 ipse
2232 5654 2333 5714 sibi
2362 5653 2609 5726 perhibet
2652 5652 3038 5715 testimonium,
3068 5650 3157 5719 qui
3196 5650 3401 5705 habitat
3426 5652 3476 5707 in
3507 5654 3679 5708 omni-

2928 5739 3417 5837 (Vingt-tros's.)
