4006 6446
459 337 565 392 715

456 451 580 506 bus.
597 448 713 519 Ipse
724 445 866 502 enim
882 443 997 498 sine
1013 440 1115 496 illis
1139 438 1278 494 Deus
1293 447 1396 503 est;
1415 434 1490 490 illi
1503 433 1615 489 sine
1632 431 1725 488 illo
1735 429 1862 503 quid
1882 429 2042 485 sunt?

527 545 584 596 4.
615 538 848 595 Charitas
875 551 938 590 ea:
963 533 1162 604 Spiritu
1200 538 1392 585 sancto.
1426 527 1508 583 De
1550 525 1666 596 ipso
1694 523 1893 580 dictum
1917 530 1997 577 est
2020 561 2039 588 ,

459 631 694 689 Ascendit
723 631 777 684 in
805 627 964 682 altum
989 667 1004 694 ,
1033 623 1300 693 captivavit
1333 619 1670 691 captivitatem
1689 614 1874 684 ,-dedit
1907 613 2043 667 dona

459 721 744 779 hominibus
775 718 944 794 (Psal.
979 732 1120 772 vau
1140 757 1155 782 ,
1188 713 1286 778 l9;
1316 711 1508 783 Ephes.
1540 724 1615 776 tv,
1654 707 1732 778 8).
1760 705 1896 774 Quid
1924 715 2038 771 est,

437 814 724 886 ~captiuavit
750 806 1121 882 captivitatem?
1151 805 1285 861 Vicit
1322 810 1567 858 mortem.
1597 797 1731 866 Quid
1770 809 1855 852 εει
1873 837 1890 862 ,
1916 813 2041 866 cap-

435 905 628 976 ‘timvit
666 899 1042 971 captivitatem?
1080 896 1305 951 Mortem
1345 890 1647 964 procuravit
1687 887 1959 976 diabolus,
1991 894 2043 940 et

459 995 574 1065 ipse
593 991 836 1047 diabolus
862 989 929 1043 de
957 996 1126 1042 morte
1164 983 1363 1041 Christi
1401 989 1484 1037 est
1507 980 1818 1050 Captivatus.
1849 975 2039 1030 Ascen-

459 1086 531 1140 dit
555 1086 608 1138 in
635 1084 812 1138 altum.
842 1079 978 1146 Quid
1003 1078 1163 1133 altius
1199 1075 1336 1132 cmlo
1365 1071 1647 1128 novimus?
1677 1068 1963 1124 Evidenter
1988 1074 2042 1121 et

458 1186 584 1230 ante
611 1173 797 1228 oculos
833 1169 1213 1240 discipulorum
1245 1180 1462 1222 suorum
1493 1160 1732 1218 ascendit
1759 1159 1812 1214 in
1847 1157 2040 1213 etelum

465 1268 598 1335 (Act.
627 1283 681 1330 ι,
705 1264 784 1334 9).
822 1263 933 1317 Hoc
960 1261 1158 1316 scimus
1176 1299 1193 1324 ,
1221 1257 1321 1312 hoc
1342 1254 1638 1318 credimus,
1666 1251 1769 1306 hoc
1794 1250 2037 1304 fatemur.

459 1357 614 1412 Dedit
641 1357 776 1410 dona
805 1351 1112 1408 hominibus.
1145 1349 1276 1418 Quae
1295 1346 1471 1403 dona?
1497 1343 1750 1415 Spiritum
1778 1349 2039 1396 sanctum.

459 1447 558 1517 Qui
591 1447 695 1502 tale
717 1445 809 1501 dat
836 1444 1033 1499 donum
1053 1483 1068 1509 ,
1097 1441 1268 1511 qualis
1297 1439 1411 1509 ipse
1437 1437 1556 1491 est?
1585 1435 1770 1504 Magna
1799 1440 1880 1487 est
1900 1430 2042 1485 enim

459 1536 825 1594 misericordia
867 1533 962 1588 Dei
992 1550 1005 1585 :
1036 1533 1233 1586 donum
1268 1528 1359 1584 dat
1399 1527 1604 1598 atquale
1632 1524 1767 1590 sibi;
1795 1523 1916 1593 quia
1943 1521 2041 1575 do-

459 1648 590 1687 num
637 1631 754 1701 ejus
801 1627 1034 1698 Spiritus
1089 1633 1305 1679 sanctus
1351 1629 1464 1685 est,
1501 1627 1558 1674 et
1589 1632 1726 1672 unus
1753 1616 1897 1670 Deus
1935 1621 2042 1669 tota

459 1725 691 1783 Trinitas
712 1764 730 1789 ,
773 1722 949 1787 Pater,
979 1727 1034 1774 et
1071 1717 1270 1780 Filius,
1303 1722 1356 1769 et
1376 1711 1602 1782 Spiritus
1636 1716 1872 1764 sanctus.
1907 1703 2043 1774 Quid

460 1813 615 1868 nobis
662 1811 911 1883 praestitit
948 1809 1177 1878 Spiritus
1225 1802 1476 1859 sanctus?
1520 1797 1837 1870 Apostolum
1873 1794 2040 1850 audi:

459 1904 691 1958 Charitas
733 1901 862 1966 Dei,
909 1899 1108 1970 inquit,
1149 1894 1339 1962 (ti/fusa
1379 1902 1448 1947 cst
1485 1892 1538 1945 in
1567 1888 1798 1944 cordibus
1837 1884 2041 1941 nostris.

459 1993 613 2050 Unde
648 1992 776 2057 tibi,
823 2006 856 2046 o
903 1987 1178 2051 mendice,
1224 1984 1457 2039 cliaritas
1498 1979 1592 2035 Dei
1636 1977 1825 2033 dill‘usa
1861 1984 1944 2031 est
1989 1975 2044 2029 in

459 2083 620 2140 corde
645 2081 769 2137 tuo?
790 2079 947 2148 Quid,
977 2077 1138 2132 autin
1169 2089 1275 2144 quo
1299 2072 1530 2128 cliaritas
1548 2068 1641 2124 Dei
1669 2067 1858 2123 dill‘usa
1883 2073 1965 2120 est
1989 2065 2044 2118 in

459 2175 621 2231 corde
649 2173 912 2229 humano?
939 2169 1193 2224 Habemus
1213 2209 1227 2232 ,
1260 2164 1463 2236 inquit,
1499 2164 1792 2216 thesaurum
1818 2159 1970 2212 istum
1990 2156 2045 2209 in

459 2269 591 2322 vasis
617 2267 868 2336 ﬁctilibus.
902 2263 1078 2332 Quare
1105 2262 1157 2314 in
1192 2259 1322 2313 vasis
1361 2252 1641 2326 ﬁctilibus?
1684 2251 1750 2307 Ut
1775 2249 2046 2305 eminentia

461 2361 661 2414 uirtutis
684 2359 748 2414 sit
774 2357 870 2412 Dei
901 2355 980 2425 (ll
1008 2353 1126 2410 Cor.
1156 2367 1231 2416 tv,
1258 2351 1346 2420 7).
1373 2347 1614 2416 Denique
1650 2359 1769 2399 cum
1793 2342 2042 2408 dixisset,

463 2453 694 2508 Charitas
723 2449 816 2504 Dei
843 2449 1031 2514 di/Iusa
1060 2455 1131 2500 est
1160 2444 1212 2497 in
1242 2441 1476 2496 cordibus
1497 2438 1716 2502 nostris;
1746 2450 1811 2490 ne
1841 2441 2048 2505 putaret

463 2545 688 2614 quisque
724 2557 754 2596 a
784 2556 842 2596 se
883 2540 983 2595 sibi
1013 2552 1131 2594 esse
1167 2534 1308 2606 quod
1357 2531 1528 2602 diligit
1557 2529 1754 2595 Deum,
1796 2526 2046 2582 continuo

461 2634 692 2696 addidit,
740 2648 828 2704 per
884 2629 1135 2699 Spiritum
1191 2634 1421 2680 sanctum
1454 2620 1540 2693 qui
1586 2620 1731 2674 datus
1786 2628 1858 2672 est
1907 2617 2047 2671 nobis

467 2725 641 2797 (llam.
665 2739 721 2790 γ,
751 2723 828 2792 5).
854 2721 925 2776 lit
953 2733 1082 2789 ergo
1105 2730 1254 2770 ames
1287 2715 1452 2768 Deum
1470 2753 1489 2778 ,
1510 2709 1710 2765 habitet
1734 2708 1784 2762 in
1814 2717 1864 2762 te
1885 2707 2044 2773 Deus,

465 2829 519 2873 et
547 2824 688 2871 amet
713 2830 771 2870 se
797 2815 864 2868 de
883 2823 965 2877 te;
998 2810 1050 2865 id
1078 2819 1180 2876 est,
1213 2807 1282 2861 ad
1305 2818 1541 2860 amorem
1562 2816 1714 2856 suum
1743 2807 1950 2856 moveat
1973 2808 2045 2865 te,

464 2908 718 2965 accendat
750 2918 799 2961 te
824 2947 839 2971 ,
872 2903 1130 2959 illuminet
1150 2909 1200 2955 te
1219 2941 1234 2968 ,
1257 2897 1451 2954 excitet
1473 2903 1543 2950 te.

536 2998 760 3055 CAPUT
809 2996 894 3050 lll.
918 3027 987 3034 —
1008 2994 1060 3049 5.
1088 2991 1246 3046 Laeta
1267 2990 1450 3042 anima:
1473 2995 1518 3040 et
1546 2983 1732 3038 carnis.
1773 2980 2048 3036 Subdcnda

463 3095 635 3148 anima
665 3090 798 3158 Deo,
836 3089 1018 3142 anima:
1056 3101 1193 3140 caro.
1225 3081 1389 3137 Lucta
1424 3086 1506 3133 est
1529 3076 1669 3131 enim
1708 3074 1761 3128 in
1799 3075 1900 3127 isto
1923 3086 2045 3126 cor-

462 3199 595 3256 pore
621 3201 634 3239 :
667 3180 916 3254 quamdiu
944 3178 1170 3233 vivimus
1191 3216 1205 3241 ,
1227 3185 1554 3244 pugnamus;
1576 3163 1827 3237 quamdiu
1853 3177 2050 3232 pugna-

467 3289 624 3342 mus,
657 3272 1018 3345 periclitamur
1054 3285 1066 3320 :
1099 3264 1191 3320 sed
1233 3264 1285 3318 in
1320 3261 1401 3315 his
1427 3257 1672 3313 omnibus
1697 3268 2007 3324 superamus
2031 3293 2046 3318 ,

464 3382 560 3438 per
585 3380 705 3421 eum
732 3363 819 3434 qui
850 3359 1034 3416 dilexit
1062 3371 1159 3412 nos
1193 3353 1315 3426 (Id.
1352 3367 1469 3414 vui,
1506 3349 1573 3404 ’57
1591 3348 1632 3420 ).
1676 3346 1910 3438 Pugnam
1931 3358 2049 3438 Ano-

465 3430 654 3522 stram,
675 3430 834 3510 modo
858 3466 979 3506 cum
1005 3445 1294 3518 Apostolus
1323 3443 1612 3512 legeretur,
1638 3436 1891 3491 audistis:
1919 3430 2046 3486 0m-

464 3552 576 3618 m's,
607 3548 808 3618 inquit,
839 3545 947 3599 Lex
973 3545 1027 3598 in
1068 3556 1170 3596 uno
1199 3552 1425 3592 sermone
1460 3531 1714 3603 impletur,
1745 3528 1799 3581 in
1828 3543 1885 3581 eo
1915 3524 2048 3618 quod

465 3613 575 3705 est,
604 3613 797 3708 Diliges
826 3633 1110 3706 proximum
1137 3639 1279 3683 tuum
1321 3625 1447 3679 sicut
1479 3630 1525 3675 te
1552 3623 1738 3691 ipsum.
1772 3616 1875 3671 ista
1916 3613 2051 3708 dile-

464 3731 572 3786 ctio
598 3729 666 3785 de
689 3707 891 3798 Spiritu
912 3731 1097 3780 sancto
1117 3728 1220 3776 est.
1249 3717 1440 3787 Diliges
1463 3712 1747 3783 proximum
1769 3719 1905 3762 tuum
1923 3707 2050 3762 sicut

465 3835 514 3879 te
538 3799 1041 3895 ipsum.Priuslvide
1061 3814 1105 3869 si
1130 3813 1238 3883 jam
1270 3807 1408 3864 nosti
1436 3805 1654 3875 diligere
1679 3811 1729 3857 te
1755 3801 1962 3895 ipsum;
1995 3807 2050 3852 et

467 3891 745 3968 committo
767 3910 860 3965 tibi
888 3906 1208 3979 proximum,
1231 3914 1390 3971 quem
1410 3897 1598 3967 diligas
1619 3895 1756 3948 sicut
1781 3901 1832 3946 te
1853 3891 2047 3961 ipsum.

467 4005 525 4059 Si
553 4014 730 4058 autem
757 3999 992 4055 nondum
1015 3994 1154 4051 nosti
1174 3992 1394 4060 diligere
1415 3997 1496 4054 te;
1531 3987 1692 4041 timeo
1719 3998 1784 4038 ne
1817 3982 2050 4050 decipias

470 4093 771 4165 proximum
801 4099 944 4144 tuum
973 4087 1109 4141 sicut
1134 4094 1204 4140 te.
1245 4081 1300 4137 Si
1329 4080 1470 4134 enim
1499 4090 1646 4130 amas
1686 4073 2047 4165 iniquitatem,

470 4161 576 4236 non
605 4180 780 4250 diligis
824 4188 895 4233 te.
937 4174 1179 4230 Psalmus
1209 4170 1360 4225 testis
1393 4176 1476 4222 est
1509 4184 1521 4220 :
1558 4165 1658 4232 Qui
1693 4171 1860 4256 autem
1887 4161 2051 4256 diligit

469 4270 784 4340 iniquitatem
803 4309 820 4334 ,
858 4266 964 4320 odit
983 4261 1205 4316 animam
1229 4274 1370 4312 suam
1397 4253 1570 4327 (Psal.
1594 4269 1626 4307 x
1649 4294 1663 4318 ,
1692 4250 1769 4324 6).
1798 4250 1853 4307 Si
1873 4250 2051 4305 auicm

469 4362 631 4418 odisti
664 4362 896 4416 animam
943 4366 1127 4421 tuam,
1168 4350 1294 4424 quid
1337 4349 1428 4403 tibi
1467 4345 1680 4419 prodest
1716 4344 1838 4415 quia
1877 4342 2052 4413 diligis

469 4471 685 4511 carnem
719 4452 902 4508 tuam?
930 4450 987 4505 Si
1015 4445 1172 4502 odisti
1196 4444 1425 4498 animam
1454 4447 1620 4505 tuam,
1650 4445 1703 4492 et
1729 4435 1908 4507 diligis
1927 4449 2049 4489 car-

472 4563 594 4603 nem
618 4556 782 4612 tuam,
808 4549 1188 4612 rcsurgetcaro
1210 4544 1330 4599 tua;
1351 4531 1444 4587 sed
1467 4539 1524 4584 ut
1546 4535 1858 4599 torqueatur
1875 4526 2050 4579 anima

471 4650 560 4695 tua
595 4640 632 4692 '.
668 4639 809 4707 Ergo
839 4636 984 4705 prius
1009 4633 1182 4685 anima
1211 4624 1476 4697 diligenda
1503 4631 1616 4689 est,
1645 4637 1763 4691 qua:
1788 4620 1898 4673 Deo
1923 4619 2052 4673 sub-

470 4729 643 4784 denda
670 4735 785 4792 est,
820 4735 875 4780 ut
908 4723 1149 4777 ordinem
1188 4732 1340 4772 suum
1373 4713 1599 4769 servitus
1637 4712 1732 4764 ista
1761 4709 2050 4775 custodiat,

471 4822 647 4875 anima
680 4820 788 4873 Deo
808 4859 824 4882 ,
851 4815 1040 4870 animm
1075 4827 1218 4865 caro.
1247 4807 1340 4862 Vis
1369 4804 1564 4860 serviat
1592 4816 1717 4857 caro
1748 4811 1832 4854 tua
1862 4799 2053 4853 anima:

475 4911 616 4966 tuae?
643 4911 751 4964 Deo
775 4907 971 4963 serviat
999 4903 1172 4957 anima
1203 4910 1310 4954 tua.
1345 4897 1512 4951 Debes
1532 4897 1666 4964 regi,
1694 4903 1749 4946 ut
1772 4891 1947 4963 possis
1968 4905 2055 4945 rc-

472 5013 617 5073 gere.
653 4999 785 5054 Nam
813 4999 950 5052 lucta
979 4995 1077 5048 ista
1105 5000 1209 5045 tam
1237 4987 1528 5058 periculosa
1559 4993 1662 5052 est,
1691 4993 1748 5037 ut
1768 4983 1810 5035 si
1840 4981 2056 5036 dimise-

473 5095 542 5147 rit
565 5099 760 5156 rector,
790 5087 942 5141 ruina
971 5092 1242 5154 sequatur.

544 5179 770 5236 CAPUT
791 5175 1003 5233 lV.—6.
1022 5169 1293 5245 Apostolus
1308 5168 1370 5222 de
1395 5183 1564 5238 pugna
1575 5165 1740 5219 carnis
1761 5171 1807 5216 et
1827 5163 2051 5233 spiritus.

475 5273 603 5337 Qua:
630 5268 812 5325 lucta?
841 5267 903 5323 Si
928 5275 1096 5320 autem
1124 5260 1362 5315 ntordetis
1382 5268 1425 5312 et
1455 5257 1710 5310 comeditis
1729 5255 1959 5319 invicem,
1987 5255 2060 5307 vi-

477 5361 590 5415 dete
632 5377 694 5414 ne
717 5359 778 5413 ab
806 5358 1015 5412 invicem
1048 5349 1430 5407 consumamini.
1463 5345 1590 5400 Dico
1633 5355 1830 5409 autem,
1860 5343 2057 5414 Spiritu

478 5452 750 5507 ambulate.
772 5447 1008 5520 Apostoli
1034 5445 1190 5500 verba
1212 5442 1352 5506 dico,
1377 5455 1495 5509 quia
1515 5437 1673 5491 modo
1695 5435 1911 5490 recitata
1933 5443 2056 5488 sunt

478 5544 547 5600 de
575 5541 812 5612 Epistula
845 5539 1011 5608 ipsius
1041 5554 1054 5590 :
1086 5534 1214 5589 Dico
1257 5539 1456 5596 autem,
1486 5528 1684 5598 Spiritu
1723 5524 1974 5579 ambulate
2012 5536 2057 5579 et

481 5633 911 5706 concupiscendos
939 5629 1106 5684 carnis
1127 5643 1188 5680 ne
1214 5620 1538 5696 perfeceritis.
1571 5617 1697 5672 Dico
1715 5627 1902 5683 autem,
1935 5617 2056 5687 Spi~

552 5747 569 5780 ³
595 5744 887 5797 mssatensis
907 5750 1050 5792 vetus
1069 5737 1246 5800 codex,
1263 5746 1373 5785 cum
1390 5731 1551 5785 anima
1565 5735 1665 5782 tua.

1658 317 1714 374 S.
1755 311 2120 372 AUGUS’UN]
2159 314 2478 375 EPISCOPL

3624 327 3729 387 716

2151 429 2253 484 ritu
2278 430 2546 500 ambulate,
2572 442 2619 486 et
2643 433 3070 506 concupiscentias
3086 437 3252 491 carnis
3279 454 3298 492 :
3321 453 3426 494 non
3456 438 3620 509 dixit,
3647 440 3729 499 Ne

2149 519 2459 590 habueritis;
2486 538 2655 594 neque
2677 524 2776 581 hoc
2803 526 2954 594 dixit,
2981 526 3059 583 Ne
3076 527 3336 596 feceritis;
3370 530 3486 600 sed,
3515 549 3579 587 ne
3603 544 3724 604 per-

2149 616 2386 686 feceritis.
2418 615 2556 684 Quid
2577 617 2646 672 sit
2670 627 2847 674 autem
2879 620 2980 676 hoc
2999 662 3014 686 ,
3037 621 3326 691 adiuvante
3356 621 3582 678 Domino
3601 667 3617 692 ,
3641 626 3727 681 di-

2146 720 2262 761 cam
2305 716 2362 760 ut
2389 717 2576 778 potero
2605 726 2618 761 :
2646 708 2883 766 adestote
2905 750 2921 776 ,
2969 720 3028 766 ut
3071 713 3375 784 intelligatis
3398 756 3414 782 ,
3447 715 3490 770 si
3524 715 3729 785 Spiritu

2146 795 2452 853 ambulatis.
2484 796 2615 852 Dico
2655 810 2821 853 autem
2841 840 2856 865 ,
2890 800 3087 873 Spiritu
3117 802 3390 870 ambulate,
3415 815 3464 859 et
3481 807 3728 877 concupi-

2145 888 2362 942 scentias
2399 891 2566 942 carnis
2592 907 2654 943 ne
2677 892 3002 961 perfeceritis.
3028 891 3295 963 Sequatur
3323 915 3337 950 :
3370 911 3436 950 ne
3461 894 3600 952 forte
3627 898 3730 952 ali-

2145 977 2292 1047 quid,
2312 987 2368 1032 ut
2389 977 2492 1034 hoc
2505 979 2644 1048 quod
2672 979 2756 1034 hic
2769 979 3050 1035 obscurum
3065 991 3166 1048 est,
3183 983 3232 1036 in
3247 983 3363 1054 ejus
3378 987 3731 1055 sequentibus

2145 1067 2319 1123 verbis
2335 1067 2535 1124 facilius
2548 1071 2708 1139 possit
2723 1070 2958 1141 intelligi.
2974 1070 3090 1126 Dixi
3103 1073 3380 1138 enim,nou
3391 1075 3581 1129 frustra
3597 1075 3634 1129 A
3645 1091 3734 1144 po-

2147 1159 2339 1212 stolum
2364 1160 2596 1215 noluisse
2619 1161 2817 1228 dicere,
2839 1160 3307 1232 Concupiscentias
3328 1164 3504 1218 carnis
3535 1180 3603 1220 ne
3636 1164 3737 1218 ha-

2147 1247 2294 1302 bueri
2303 1249 2388 1315 tis;
2401 1265 2571 1319 neque
2584 1249 2683 1305 hoc
2697 1250 2883 1306 saltem
2897 1251 3125 1306 voluisse
3139 1251 3738 1323 dicere,Concupiscen-

2146 1337 2246 1394 tias
2259 1340 2433 1394 carnis
2446 1356 2511 1396 ne
2532 1340 2790 1396 feceritis:
2807 1343 2901 1398 sed
2927 1342 3145 1408 dixisse,
3161 1343 3264 1399 Con
3271 1360 3329 1397 cu
3336 1345 3606 1414 piscentias
3617 1362 3736 1399 car-

2146 1429 2226 1483 nis
2239 1445 2300 1483 ne
2315 1431 2642 1500 perfeceritis.
2662 1430 2678 1484 1
2685 1446 2833 1502 psam
2852 1432 3004 1487 nobis
3026 1433 3220 1488 luctam
3241 1436 3531 1502 proposuit.
3551 1435 3608 1490 in
3627 1435 3732 1491 hoc

2145 1522 2330 1591 praelio
2359 1536 2655 1587 versamur,
2684 1523 2728 1577 si
2761 1522 2871 1578 Deo
2890 1523 3199 1581 militamus.
3232 1524 3368 1592 Quid
3388 1541 3516 1596 ergo
3545 1528 3731 1597 sequi-

2147 1612 2272 1666 tur?
2301 1611 2432 1666 Caro
2461 1614 2592 1667 enim
2617 1614 2925 1685 concupiscit
2957 1615 3197 1670 adversus
3224 1617 3492 1686 spiritum,
3520 1617 3733 1688 spiritus

2144 1713 2313 1756 autem
2356 1703 2594 1758 adversus
2623 1719 2846 1757 carnem.
2876 1703 3002 1759 Haec
3041 1706 3174 1759 enim
3208 1705 3416 1760 inuicem
3449 1707 3728 1761 adversan—

2148 1803 2231 1847 tur
2260 1794 2311 1859 ‘;
2343 1801 2398 1846 ut
2427 1810 2527 1847 non
2557 1810 2615 1847 ea
2643 1809 2755 1865 quc
2772 1794 2919 1849 vultis
2939 1837 2958 1862 ,
2981 1796 3203 1866 faciatis.
3230 1795 3340 1850 lloc
3365 1796 3408 1850 si
3432 1812 3536 1850 non
3565 1798 3732 1852 intel-

2146 1885 2368 1954 ligatur,
2428 1885 2874 1955 periculosissime
2921 1885 3151 1941 auditur.
3197 1887 3319 1942 Ideo
3357 1888 3616 1944 sollicitus
3662 1905 3734 1944 ne

2146 1977 2284 2031 male
2309 1976 2554 2030 homines
2575 1976 2916 2047 intelligendo
2937 1989 3176 2048 pereant,
3202 1981 3410 2049 suscepi
3432 1980 3546 2035 h:ec
3565 1982 3731 2036 verba

2146 2066 2385 2136 Apostoli
2412 2107 2429 2133 ,
2456 2065 2739 2136 adiuvante
2769 2067 2996 2122 Domino
3015 2110 3030 2134 ,
3061 2084 3326 2139 exponere
3355 2082 3544 2125 vestrae
3583 2071 3731 2127 Cha-

2147 2163 2310 2218 ritati.
2341 2163 2505 2218 Vacat
2541 2163 2724 2228 nobis,
2756 2165 3014 2218 matutina
3041 2165 3300 2234 cmpimus
3321 2205 3334 2228 ,
3359 2164 3490 2220 hora
3519 2167 3734 2235 prandii

2147 2273 2252 2312 non
2283 2268 2434 2327 urget
2468 2275 2483 2310 :
2509 2256 2576 2312 ad
2607 2257 2764 2312 istum
2793 2257 2956 2322 diem,
2985 2257 3035 2312 id
3062 2266 3144 2313 est
3170 2258 3469 2325 sabbatum,
3499 2261 3737 2315 maxime

2149 2350 2203 2404 lii
2230 2350 2465 2405 assolent
2492 2350 2808 2417 convenire,
2836 2349 2928 2420 qui
2949 2351 3189 2406 esuriunt
3215 2350 3434 2406 verbum
3464 2350 3582 2406 Dei.
3615 2353 3732 2406 Au-

2147 2439 2259 2495 dite
2283 2449 2336 2495 et
2360 2439 2650 2506 attendite;
2680 2439 2852 2496 dicam
2882 2449 3136 2510 quantum
3167 2450 3353 2510 potero
3371 2440 3677 2513 diligenter.

2218 2529 2447 2586 CAPUT
2493 2530 2559 2586 V.
2588 2562 2662 2572 —
2697 2533 2750 2586 7.
2793 2531 3064 2602 Apostolus
3103 2531 3234 2586 male
3265 2533 3564 2588 intellectus.
3605 2533 3707 2604 035

2148 2621 2282 2675 cium
2341 2623 2573 2691 pastoris,
2619 2622 2894 2691 explanare
2957 2622 3182 2696 difﬁciles
3225 2623 3361 2678 locos
3425 2623 3733 2695 Scriptura'.

2148 2712 2284 2780 Quid
2325 2723 2408 2768 est
2435 2713 2533 2769 huc
2572 2728 2702 2784 ergo
2725 2713 2865 2784 quod
2892 2713 3031 2780 dixi,
3067 2715 3367 2772 Periculose
3403 2717 3648 2785 auditur,
3688 2721 3737 2774 si

2151 2821 2254 2858 non
2295 2805 2658 2875 intelligatur?
2687 2805 2834 2860 Multi
2869 2807 3312 2877 concupiscentiis
3338 2810 3638 2864 carnalibus
3678 2821 3752 2867 et'

2148 2894 2540 2949 damnabilibus
2579 2895 2741 2962 victi,
2763 2897 3099 2952 committunt
3129 2913 3355 2967 qumque
3381 2901 3612 2954 facinora
3645 2912 3746 2956 at--

2149 3000 2251 3055 que
2276 2983 2469 3055 ﬂagitia
2500 3026 2518 3052 ,
2546 2995 2601 3041 et
2625 2986 2974 3042 immunditiis
3000 2995 3106 3042 tam
3137 2989 3380 3058 pessimis
3407 2992 3732 3057 volutantur,

2149 3092 2267 3145 quae
2293 3085 2449 3146 turpe
2472 3083 2555 3130 est
2590 3077 2748 3132 etiam
2774 3077 2980 3144 dicere;
3009 3087 3062 3132 et
3103 3078 3287 3133 dicunt
3315 3080 3413 3135 sibi
3440 3081 3538 3136 ista
3567 3084 3738 3138 verba

2152 3165 2411 3234 Apostoli.
2455 3165 2586 3220 Vide
2615 3167 2739 3236 quid
2772 3168 2907 3222 dixit
2941 3169 3226 3238 Apostolus
3249 3212 3265 3237 ,
3298 3169 3365 3224 Ut
3396 3188 3494 3226 non
3539 3189 3597 3228 ea
3621 3191 3742 3244 qua

2149 3254 2299 3310 vultis
2323 3297 2339 3322 ,
2381 3255 2474 3309 illa
2512 3257 2730 3327 faciatis.
2760 3255 2900 3312 Nolo
2924 3255 3098 3313 facere
3115 3299 3131 3324 ,
3159 3273 3353 3329 cogor,
3399 3263 3695 3332 compellor
3718 3306 3739 3330 ,

2151 3345 2354 3411 vincor,
2386 3344 2523 3400 facio
2543 3361 2661 3416 qua:
2683 3347 2832 3413 nolo,
2856 3348 2993 3402 sicut
3021 3348 3096 3402 ait
3122 3350 3411 3419 Apostolus
3431 3351 3604 3422 (Rom.
3635 3368 3736 3420 vn,

2153 3434 2245 3506 i9)
2269 3454 2282 3490 :
2313 3435 2445 3502 Quia
2474 3451 2593 3489 caro
2612 3437 2922 3507 concupiscit
2949 3437 3188 3492 adversus
3219 3440 3450 3509 spiritum
3472 3482 3487 3505 ,
3526 3443 3742 3512 spiritus

2152 3537 2320 3578 autem
2347 3525 2583 3580 adversus
2616 3541 2853 3593 carnem,
2881 3535 2934 3580 ut
2967 3543 3068 3582 non
3098 3545 3158 3582 ea
3185 3544 3297 3599 quae
3323 3531 3628 3598 uultis-,illa
3653 3535 3742 3603 fac

2151 3616 2317 3669 ciatis.
2347 3614 2548 3671 Videtis
2585 3632 2744 3686 quam
2773 3617 3066 3688 periculose
3092 3617 3324 3688 auditur,
3359 3621 3403 3675 si
3434 3637 3539 3676 non
3569 3624 3732 3679 intel-

2153 3706 2352 3776 ligitur.
2383 3705 2586 3761 Videtis
2625 3707 3070 3778 quemadmodum
3116 3711 3379 3780 pertineat
3404 3713 3472 3769 ad
3497 3714 3737 3770 ofﬁcium

2155 3799 2400 3868 pastoris,
2423 3807 2638 3868 opertos
2663 3797 2836 3853 fontes
2859 3799 3088 3870 aperire,
3119 3809 3174 3856 et
3201 3816 3390 3873 aquam
3415 3819 3630 3875 puram,
3654 3807 3740 3861 in-

2153 3889 2390 3955 noxiam,
2418 3889 2718 3945 sitientibus
2735 3889 2924 3944 ovibus
2951 3891 3272 3948 ministrare.

2227 3980 2280 4036 8.
2313 3978 2498 4051 Pugna
2524 3981 2735 4035 interior
2761 3981 2834 4035 sic
2851 3982 3072 4052 gerenda
3087 4024 3102 4047 ,
3127 3991 3179 4036 ut
3209 3985 3416 4054 spiritus
3441 4003 3542 4042 non
3567 3989 3744 4044 cinea-

2156 4081 2237 4124 tur
2263 4086 2296 4123 a
2333 4086 2502 4123 carne.
2533 4069 2651 4124 Noli
2689 4085 2817 4140 ergo
2838 4071 2980 4127 vinci
3001 4112 3016 4137 ,
3043 4073 3257 4142 quando
3290 4091 3512 4146 pugnas.
3549 4079 3742 4136 Videte
3799 4106 3808 4116 -

2155 4163 2310 4232 quale
2353 4162 2548 4217 bellum
2594 4163 2905 4232 proposuit,
2960 4166 3169 4234 qualem
3213 4181 3440 4237 pugnam
3467 4211 3483 4236 ,
3523 4172 3738 4240 qualem

2157 4253 2324 4307 rixam
2352 4292 2368 4318 ,
2399 4253 2572 4319 intus,
2605 4255 2742 4308 intra
2773 4263 2823 4310 te
2850 4255 3046 4324 ipsum.
3075 4256 3206 4312 Caro
3227 4261 3531 4331 concupiscit
3558 4263 3741 4318 adrer-

2155 4360 2240 4399 sus
2267 4345 2520 4412 spiritum.
2551 4346 2606 4400 Si
2639 4360 2744 4400 non
2787 4348 3114 4418 concupiscit
3140 4359 3195 4404 et
3222 4351 3440 4421 spiritus
3477 4353 3742 4411 adversus

2156 4451 2370 4490 carnem
2391 4477 2409 4501 ,
2441 4434 2524 4491 fac
2552 4436 2890 4492 adulterium.
2927 4437 2984 4493 Si
3023 4447 3200 4495 autem
3241 4441 3459 4512 spiritus
3481 4449 3731 4516 concupi-

2161 4528 2261 4583 scit
2285 4528 2542 4583 adversus
2556 4543 2794 4596 carnem,
2814 4529 3006 4584 luctam
3027 4531 3202 4600 video,
3221 4533 3412 4588 victum
3436 4551 3538 4589 non
3559 4537 3739 4605 video,

2157 4634 2329 4689 pugna
2356 4629 2457 4673 est.
2502 4619 2818 4690 Concupiscit
2856 4637 2976 4676 caro
3011 4623 3250 4678 adversus
3289 4626 3519 4694 spiritum
3547 4646 3566 4682 .'
3594 4629 3744 4685 dele-

2158 4719 2268 4765 ctat
2290 4709 2626 4764 adulterium.
2651 4711 2845 4766 Fateor
2858 4712 2978 4782 quia
3000 4711 3245 4768 delectat.
3265 4715 3369 4770 Sed
3384 4719 3592 4786 spiritus
3618 4736 3744 4775 conc

2159 4799 2370 4868 cupiscit
2414 4799 2655 4854 adversus
2698 4817 2900 4855 carnem
2933 4817 2952 4855 :
2979 4802 3208 4857 delectat
3234 4812 3288 4858 et
3315 4807 3550 4861 castitas.
3598 4810 3747 4879 Ergo

2161 4895 2337 4948 vincat
2381 4893 2598 4962 spiritus
2649 4908 2862 4948 carnem
2897 4905 3026 4949 :aut
3075 4905 3221 4951 certe
3269 4911 3375 4952 non
3417 4901 3662 4955 vincatur
3712 4918 3744 4956 a

2160 4999 2342 5038 carne.
2376 4983 2706 5038 Adulterium
2756 4986 3000 5040 tenebras
3047 4991 3270 5058 qumrit,
3313 4992 3526 5046 castitas
3568 4993 3746 5049 lucem

2161 5073 2449 5128 desiderat.
2495 5073 2774 5142 Quomodo
2801 5075 2880 5129 vis
2910 5076 3246 5133 innotescere
3266 5121 3282 5146 ,
3312 5081 3390 5134 sic
3419 5082 3539 5136 vive
3567 5100 3580 5134 :
3610 5100 3746 5153 quo-

2163 5165 2322 5223 modo
2343 5165 2421 5219 vis
2447 5164 2749 5219 hominibus
2772 5165 3128 5234 innotescere,
3159 5171 3316 5225 etiam
3341 5184 3534 5242 przetcr
3559 5179 3744 5234 oculos

2163 5257 2438 5311 hominum
2457 5257 2534 5310 sic
2551 5256 2687 5322 vive;
2707 5257 2957 5326 quoniam
2987 5260 3076 5330 qui
3104 5261 3228 5315 fecit
3255 5272 3325 5328 te,
3350 5273 3404 5319 et
3427 5265 3484 5318 in.
3507 5267 3752 5324 tenebris

2164 5349 2311 5404 videt
2329 5359 2397 5404 te.
2418 5349 2849 5417 Quarelaudatur
2869 5351 3082 5406 castitas
3109 5355 3312 5422 publice
3333 5356 3401 5410 ab
3419 5358 3754 5414 hominibus?

2165 5440 2340 5508 Quare
2371 5455 2473 5492 non
2503 5439 2718 5507 laudant
2745 5441 3056 5496 adulterium
3087 5459 3182 5498 nec
3203 5445 3461 5500 adulteri?
3491 5448 3591 5516 Qui
3619 5466 3757 5521 ergo

2166 5533 2357 5602 quaerit
2397 5532 2671 5586 veritatem
2698 5573 2712 5598 ,
2758 5534 2903 5588 venit
2956 5534 3021 5588 ad
3071 5535 3240 5591 lucem
3274 5537 3465 5609 (Joan.
3495 5556 3550 5594 ιιι
3572 5584 3586 5608 ,
3614 5541 3680 5596 21
3712 5546 3753 5613 ).

2232 5667 2247 5696 ι
2266 5670 2350 5735 (Er.
2376 5665 2536 5735 Lugd._
2560 5673 2677 5713 ven.
2710 5666 2898 5735 ferunt,
2931 5667 3036 5719 Itwc
3071 5669 3195 5722 enim
3227 5670 3322 5723 sibi
3353 5673 3556 5728 inmens
3578 5678 3758 5730 adrer-

2169 5733 2352 5778 stmtur.
2377 5727 2449 5776 sic
2473 5729 2617 5776 etiam
2641 5727 2852 5792 Vulgata.
2920 5737 2979 5781 tt.
3482 5753 3486 5758 λ
