  <div class='ocr_page' id='page_1' title='image "/cluster/home/n/w/nwhite01/storage/ocr_20150623/38/hvd.32044015706294/364.png"; bbox 0 0 4098 6310; ppageno 0'>
   <div class='ocr_carea' id='block_1_1' title="bbox 408 282 506 338">
    <p class='ocr_par' dir='ltr' id='par_1_1' title="bbox 408 282 506 338">
     <span class='ocr_line' id='line_1_1' title="bbox 408 282 506 338; baseline 0.02 -2"><span class='ocrx_word' id='word_1_1' title='bbox 408 282 506 338; x_wconf 83' lang='grc'><strong>717</strong></span> 
     </span>
    </p>
   </div>
   <div class='ocr_carea' id='block_1_2' title="bbox 476 399 1979 458">
    <p class='ocr_par' dir='ltr' id='par_1_2' title="bbox 476 399 1979 458">
     <span class='ocr_line' id='line_1_2' title="bbox 476 399 1979 458; baseline 0.003 -6"><span class='ocrx_word' id='word_1_2' title='bbox 476 399 700 453; x_wconf 76' lang='lat' dir='ltr'><strong>CAPUT</strong></span> <span class='ocrx_word' id='word_1_3' title='bbox 737 399 817 454; x_wconf 83' lang='lat' dir='ltr'><strong>\&#39;l.</strong></span> <span class='ocrx_word' id='word_1_4' title='bbox 847 402 1039 456; x_wconf 87' lang='lat' dir='ltr'><strong>-Sed</strong></span> <span class='ocrx_word' id='word_1_5' title='bbox 1067 399 1295 456; x_wconf 81' lang='lat' dir='ltr'><strong>delectat</strong></span> <span class='ocrx_word' id='word_1_6' title='bbox 1329 401 1669 458; x_wconf 87' lang='lat' dir='ltr'><strong>adulterium.</strong></span> <span class='ocrx_word' id='word_1_7' title='bbox 1701 403 1979 458; x_wconf 87' lang='lat' dir='ltr'><strong>Contradi-</strong></span> 
     </span>
    </p>
   </div>
   <div class='ocr_carea' id='block_1_3' title="bbox 402 492 1981 564">
    <p class='ocr_par' dir='ltr' id='par_1_3' title="bbox 402 492 1981 564">
     <span class='ocr_line' id='line_1_3' title="bbox 402 492 1981 564; baseline 0.005 -21"><span class='ocrx_word' id='word_1_8' title='bbox 402 500 585 557; x_wconf 86' lang='lat' dir='ltr'><strong>catur,</strong></span> <span class='ocrx_word' id='word_1_9' title='bbox 616 492 893 547; x_wconf 72' lang='lat' dir='ltr'><strong>resistatur</strong></span> <span class='ocrx_word' id='word_1_10' title='bbox 913 534 927 558; x_wconf 92' lang='lat'><strong>,</strong></span> <span class='ocrx_word' id='word_1_11' title='bbox 962 504 1297 564; x_wconf 89' lang='lat' dir='ltr'><strong>repugnctur.</strong></span> <span class='ocrx_word' id='word_1_12' title='bbox 1327 495 1443 549; x_wconf 88' lang='lat' dir='ltr'><strong>Non</strong></span> <span class='ocrx_word' id='word_1_13' title='bbox 1475 496 1615 550; x_wconf 88' lang='lat' dir='ltr'><strong>enim</strong></span> <span class='ocrx_word' id='word_1_14' title='bbox 1666 512 1770 550; x_wconf 91' lang='lat' dir='ltr'><strong>non</strong></span> <span class='ocrx_word' id='word_1_15' title='bbox 1820 496 1981 551; x_wconf 83' lang='lat' dir='ltr'><strong>habes</strong></span> 
     </span>
    </p>
   </div>
   <div class='ocr_carea' id='block_1_4' title="bbox 403 581 1977 657">
    <p class='ocr_par' dir='ltr' id='par_1_4' title="bbox 403 581 1977 657">
     <span class='ocr_line' id='line_1_4' title="bbox 403 581 1977 657; baseline 0.006 -23"><span class='ocrx_word' id='word_1_16' title='bbox 403 581 541 635; x_wconf 84' lang='lat' dir='ltr'><strong>unde</strong></span> <span class='ocrx_word' id='word_1_17' title='bbox 568 597 789 652; x_wconf 78' lang='lat' dir='ltr'><strong>pugnes.</strong></span> <span class='ocrx_word' id='word_1_18' title='bbox 825 584 961 638; x_wconf 86' lang='lat' dir='ltr'><strong>Deus</strong></span> <span class='ocrx_word' id='word_1_19' title='bbox 993 594 1112 640; x_wconf 85' lang='lat' dir='ltr'><strong>tuus</strong></span> <span class='ocrx_word' id='word_1_20' title='bbox 1133 594 1214 640; x_wconf 89' lang='lat' dir='ltr'><strong>est</strong></span> <span class='ocrx_word' id='word_1_21' title='bbox 1240 586 1291 640; x_wconf 92' lang='lat' dir='ltr'><strong>in</strong></span> <span class='ocrx_word' id='word_1_22' title='bbox 1316 595 1366 642; x_wconf 90' lang='lat' dir='ltr'><strong>te</strong></span> <span class='ocrx_word' id='word_1_23' title='bbox 1392 628 1406 653; x_wconf 95' lang='lat'><strong>,</strong></span> <span class='ocrx_word' id='word_1_24' title='bbox 1436 587 1666 657; x_wconf 74' lang='lat' dir='ltr'><strong>Spiritus</strong></span> <span class='ocrx_word' id='word_1_25' title='bbox 1692 589 1861 644; x_wconf 91' lang='lat' dir='ltr'><strong>bonus</strong></span> <span class='ocrx_word' id='word_1_26' title='bbox 1881 588 1977 643; x_wconf 88' lang='lat' dir='ltr'><strong>da-</strong></span> 
     </span>
    </p>
   </div>
   <div class='ocr_carea' id='block_1_5' title="bbox 402 676 1978 749">
    <p class='ocr_par' dir='ltr' id='par_1_5' title="bbox 402 676 1978 749">
     <span class='ocr_line' id='line_1_5' title="bbox 402 676 1978 749; baseline 0.006 -22"><span class='ocrx_word' id='word_1_27' title='bbox 402 684 484 729; x_wconf 91' lang='lat' dir='ltr'><strong>tus</strong></span> <span class='ocrx_word' id='word_1_28' title='bbox 526 686 606 729; x_wconf 90' lang='lat' dir='ltr'><strong>est</strong></span> <span class='ocrx_word' id='word_1_29' title='bbox 655 676 767 729; x_wconf 86' lang='lat' dir='ltr'><strong>libi.</strong></span> <span class='ocrx_word' id='word_1_30' title='bbox 803 676 867 730; x_wconf 87' lang='lat' dir='ltr'><strong>Et</strong></span> <span class='ocrx_word' id='word_1_31' title='bbox 894 686 1071 731; x_wconf 88' lang='lat' dir='ltr'><strong>tamen</strong></span> <span class='ocrx_word' id='word_1_32' title='bbox 1115 678 1435 746; x_wconf 85' lang='lat' dir='ltr'><strong>permittitur</strong></span> <span class='ocrx_word' id='word_1_33' title='bbox 1475 680 1586 749; x_wconf 89' lang='lat' dir='ltr'><strong>ipsa</strong></span> <span class='ocrx_word' id='word_1_34' title='bbox 1613 696 1740 735; x_wconf 89' lang='lat' dir='ltr'><strong>caro</strong></span> <span class='ocrx_word' id='word_1_35' title='bbox 1778 696 1978 736; x_wconf 88' lang='lat' dir='ltr'><strong>concu-</strong></span> 
     </span>
    </p>
   </div>
   <div class='ocr_carea' id='block_1_6' title="bbox 400 764 1981 841">
    <p class='ocr_par' dir='ltr' id='par_1_6' title="bbox 400 764 1981 841">
     <span class='ocr_line' id='line_1_6' title="bbox 400 764 1981 841; baseline 0.005 -24"><span class='ocrx_word' id='word_1_36' title='bbox 400 766 603 833; x_wconf 82' lang='lat' dir='ltr'><strong>piscere</strong></span> <span class='ocrx_word' id='word_1_37' title='bbox 648 764 903 821; x_wconf 84' lang='lat' dir='ltr'><strong>adversus</strong></span> <span class='ocrx_word' id='word_1_38' title='bbox 942 767 1186 837; x_wconf 88' lang='lat' dir='ltr'><strong>spiritmn</strong></span> <span class='ocrx_word' id='word_1_39' title='bbox 1209 810 1222 833; x_wconf 95' lang='lat'><strong>,</strong></span> <span class='ocrx_word' id='word_1_40' title='bbox 1259 769 1685 839; x_wconf 84' lang='lat' dir='ltr'><strong>suggestionihus</strong></span> <span class='ocrx_word' id='word_1_41' title='bbox 1711 771 1885 841; x_wconf 81' lang='lat' dir='ltr'><strong>pravis</strong></span> <span class='ocrx_word' id='word_1_42' title='bbox 1927 780 1981 826; x_wconf 92' lang='lat' dir='ltr'><strong>ct</strong></span> 
     </span>
    </p>
   </div>
   <div class='ocr_carea' id='block_1_7' title="bbox 396 854 1976 930">
    <p class='ocr_par' dir='ltr' id='par_1_7' title="bbox 396 854 1976 930">
     <span class='ocr_line' id='line_1_7' title="bbox 396 854 1976 930; baseline 0.006 -23"><span class='ocrx_word' id='word_1_43' title='bbox 396 854 836 911; x_wconf 74' lang='lat' dir='ltr'><strong>delectationibus</strong></span> <span class='ocrx_word' id='word_1_44' title='bbox 885 858 1145 928; x_wconf 82' lang='lat' dir='ltr'><strong>genuinis.</strong></span> <span class='ocrx_word' id='word_1_45' title='bbox 1199 859 1316 914; x_wconf 85' lang='lat' dir='ltr'><strong>Fiat</strong></span> <span class='ocrx_word' id='word_1_46' title='bbox 1368 859 1511 929; x_wconf 78' lang='lat' dir='ltr'><strong>quod</strong></span> <span class='ocrx_word' id='word_1_47' title='bbox 1543 860 1615 914; x_wconf 90' lang='lat' dir='ltr'><strong>ait</strong></span> <span class='ocrx_word' id='word_1_48' title='bbox 1658 863 1976 930; x_wconf 69' lang='lat' dir='ltr'><strong>Apostolus,</strong></span> 
     </span>
    </p>
   </div>
   <div class='ocr_carea' id='block_1_8' title="bbox 399 946 1975 1023">
    <p class='ocr_par' dir='ltr' id='par_1_8' title="bbox 399 946 1975 1023">
     <span class='ocr_line' id='line_1_8' title="bbox 399 946 1975 1023; baseline 0.005 -22"><span class='ocrx_word' id='word_1_49' title='bbox 399 946 518 1001; x_wconf 82' lang='lat' dir='ltr'><strong>Non</strong></span> <span class='ocrx_word' id='word_1_50' title='bbox 542 960 712 1019; x_wconf 79' lang='lat' dir='ltr'><strong>regnet</strong></span> <span class='ocrx_word' id='word_1_51' title='bbox 727 959 982 1021; x_wconf 86' lang='lat' dir='ltr'><strong>peccatum</strong></span> <span class='ocrx_word' id='word_1_52' title='bbox 1002 952 1051 1005; x_wconf 90' lang='lat' dir='ltr'><strong>in</strong></span> <span class='ocrx_word' id='word_1_53' title='bbox 1074 962 1231 1006; x_wconf 80' lang='lat' dir='ltr'><strong>vestro</strong></span> <span class='ocrx_word' id='word_1_54' title='bbox 1251 953 1453 1007; x_wconf 79' lang='lat' dir='ltr'><strong>mortali</strong></span> <span class='ocrx_word' id='word_1_55' title='bbox 1477 970 1688 1022; x_wconf 86' lang='lat' dir='ltr'><strong>corpore</strong></span> <span class='ocrx_word' id='word_1_56' title='bbox 1705 953 1875 1023; x_wconf 84' lang='lat' dir='ltr'><strong>(Rom.</strong></span> <span class='ocrx_word' id='word_1_57' title='bbox 1900 971 1975 1021; x_wconf 73' lang='lat' dir='ltr'><strong>VI,</strong></span> 
     </span>
    </p>
   </div>
   <div class='ocr_carea' id='block_1_9' title="bbox 399 1038 1981 1115">
    <p class='ocr_par' dir='ltr' id='par_1_9' title="bbox 399 1038 1981 1115">
     <span class='ocr_line' id='line_1_9' title="bbox 399 1038 1981 1115; baseline 0.005 -23"><span class='ocrx_word' id='word_1_58' title='bbox 399 1038 513 1109; x_wconf 75' lang='grc'><strong>12).</strong></span> <span class='ocrx_word' id='word_1_59' title='bbox 543 1039 658 1093; x_wconf 86' lang='lat' dir='ltr'><strong>Non</strong></span> <span class='ocrx_word' id='word_1_60' title='bbox 694 1040 824 1094; x_wconf 87' lang='lat' dir='ltr'><strong>dixit</strong></span> <span class='ocrx_word' id='word_1_61' title='bbox 847 1081 861 1105; x_wconf 86' lang='lat'><strong>,</strong></span> <span class='ocrx_word' id='word_1_62' title='bbox 905 1058 1009 1096; x_wconf 92' lang='lat' dir='ltr'><strong>non</strong></span> <span class='ocrx_word' id='word_1_63' title='bbox 1038 1043 1126 1096; x_wconf 87' lang='lat' dir='ltr'><strong>sit.</strong></span> <span class='ocrx_word' id='word_1_64' title='bbox 1159 1042 1274 1096; x_wconf 83' lang='lat' dir='ltr'><strong>Jatn</strong></span> <span class='ocrx_word' id='word_1_65' title='bbox 1302 1054 1382 1097; x_wconf 90' lang='lat' dir='ltr'><strong>est</strong></span> <span class='ocrx_word' id='word_1_66' title='bbox 1411 1042 1503 1096; x_wconf 89' lang='lat' dir='ltr'><strong>ibi.</strong></span> <span class='ocrx_word' id='word_1_67' title='bbox 1532 1043 1681 1111; x_wconf 85' lang='lat' dir='ltr'><strong>Quod</strong></span> <span class='ocrx_word' id='word_1_68' title='bbox 1711 1044 1830 1098; x_wconf 90' lang='lat' dir='ltr'><strong>ideo</strong></span> <span class='ocrx_word' id='word_1_69' title='bbox 1858 1061 1981 1115; x_wconf 89' lang='lat' dir='ltr'><strong>pec-</strong></span> 
     </span>
    </p>
   </div>
   <div class='ocr_carea' id='block_1_10' title="bbox 398 1134 1977 1205">
    <p class='ocr_par' dir='ltr' id='par_1_10' title="bbox 398 1134 1977 1205">
     <span class='ocr_line' id='line_1_10' title="bbox 398 1134 1977 1205; baseline 0.004 -21"><span class='ocrx_word' id='word_1_70' title='bbox 398 1140 575 1184; x_wconf 83' lang='lat' dir='ltr'><strong>catum</strong></span> <span class='ocrx_word' id='word_1_71' title='bbox 615 1141 871 1197; x_wconf 76' lang='lat' dir='ltr'><strong>vocatur,</strong></span> <span class='ocrx_word' id='word_1_72' title='bbox 921 1134 1044 1202; x_wconf 84' lang='lat' dir='ltr'><strong>quia</strong></span> <span class='ocrx_word' id='word_1_73' title='bbox 1096 1135 1287 1188; x_wconf 79' lang='lat' dir='ltr'><strong>metito</strong></span> <span class='ocrx_word' id='word_1_74' title='bbox 1324 1135 1531 1204; x_wconf 82' lang='lat' dir='ltr'><strong>peccati</strong></span> <span class='ocrx_word' id='word_1_75' title='bbox 1576 1135 1813 1205; x_wconf 86' lang='lat' dir='ltr'><strong>contigit.</strong></span> <span class='ocrx_word' id='word_1_76' title='bbox 1864 1135 1977 1191; x_wconf 90' lang='lat' dir='ltr'><strong>Non</strong></span> 
     </span>
    </p>
   </div>
   <div class='ocr_carea' id='block_1_11' title="bbox 396 1221 1978 1297">
    <p class='ocr_par' dir='ltr' id='par_1_11' title="bbox 396 1221 1978 1297">
     <span class='ocr_line' id='line_1_11' title="bbox 396 1221 1978 1297; baseline 0.004 -22"><span class='ocrx_word' id='word_1_77' title='bbox 396 1221 541 1275; x_wconf 90' lang='lat' dir='ltr'><strong>enim</strong></span> <span class='ocrx_word' id='word_1_78' title='bbox 584 1222 635 1275; x_wconf 93' lang='lat' dir='ltr'><strong>in</strong></span> <span class='ocrx_word' id='word_1_79' title='bbox 664 1222 909 1292; x_wconf 78' lang='lat' dir='ltr'><strong>paradiso</strong></span> <span class='ocrx_word' id='word_1_80' title='bbox 937 1240 1061 1279; x_wconf 90' lang='lat' dir='ltr'><strong>caro</strong></span> <span class='ocrx_word' id='word_1_81' title='bbox 1100 1226 1515 1297; x_wconf 80' lang='lat' dir='ltr'><strong>concupiscebat</strong></span> <span class='ocrx_word' id='word_1_82' title='bbox 1543 1226 1797 1281; x_wconf 86' lang='lat' dir='ltr'><strong>adversus</strong></span> <span class='ocrx_word' id='word_1_83' title='bbox 1821 1228 1978 1297; x_wconf 86' lang='lat' dir='ltr'><strong>spiri-</strong></span> 
     </span>
    </p>
   </div>
   <div class='ocr_carea' id='block_1_12' title="bbox 395 1314 1977 1386">
    <p class='ocr_par' dir='ltr' id='par_1_12' title="bbox 395 1314 1977 1386">
     <span class='ocr_line' id='line_1_12' title="bbox 395 1314 1977 1386; baseline 0.005 -21"><span class='ocrx_word' id='word_1_84' title='bbox 395 1320 541 1377; x_wconf 91' lang='lat' dir='ltr'><strong>tum,</strong></span> <span class='ocrx_word' id='word_1_85' title='bbox 574 1322 663 1366; x_wconf 86' lang='lat' dir='ltr'><strong>aut</strong></span> <span class='ocrx_word' id='word_1_86' title='bbox 690 1323 803 1367; x_wconf 92' lang='lat' dir='ltr'><strong>erat</strong></span> <span class='ocrx_word' id='word_1_87' title='bbox 831 1314 900 1368; x_wconf 88' lang='lat' dir='ltr'><strong>ibi</strong></span> <span class='ocrx_word' id='word_1_88' title='bbox 930 1321 1028 1370; x_wconf 81' lang='lat' dir='ltr'><strong>ista</strong></span> <span class='ocrx_word' id='word_1_89' title='bbox 1057 1332 1227 1386; x_wconf 86' lang='lat' dir='ltr'><strong>pugna</strong></span> <span class='ocrx_word' id='word_1_90' title='bbox 1252 1357 1266 1381; x_wconf 95' lang='lat'><strong>,</strong></span> <span class='ocrx_word' id='word_1_91' title='bbox 1296 1316 1384 1370; x_wconf 90' lang='lat' dir='ltr'><strong>ubi</strong></span> <span class='ocrx_word' id='word_1_92' title='bbox 1418 1333 1517 1385; x_wconf 90' lang='lat' dir='ltr'><strong>pax</strong></span> <span class='ocrx_word' id='word_1_93' title='bbox 1547 1326 1663 1371; x_wconf 83' lang='lat' dir='ltr'><strong>erat</strong></span> <span class='ocrx_word' id='word_1_94' title='bbox 1690 1318 1800 1372; x_wconf 89' lang='lat' dir='ltr'><strong>sola</strong></span> <span class='ocrx_word' id='word_1_95' title='bbox 1836 1337 1849 1372; x_wconf 90' lang='lat'><strong>:</strong></span> <span class='ocrx_word' id='word_1_96' title='bbox 1884 1318 1977 1373; x_wconf 87' lang='lat' dir='ltr'><strong>sed</strong></span> 
     </span>
    </p>
   </div>
   <div class='ocr_carea' id='block_1_13' title="bbox 392 1401 1979 1477">
    <p class='ocr_par' dir='ltr' id='par_1_13' title="bbox 392 1401 1979 1477">
     <span class='ocr_line' id='line_1_13' title="bbox 392 1401 1979 1477; baseline 0.006 -21"><span class='ocrx_word' id='word_1_97' title='bbox 392 1401 531 1457; x_wconf 73' lang='lat' dir='ltr'><strong>facta</strong></span> <span class='ocrx_word' id='word_1_98' title='bbox 580 1405 1033 1474; x_wconf 82' lang='lat' dir='ltr'><strong>transgressione,</strong></span> <span class='ocrx_word' id='word_1_99' title='bbox 1080 1415 1425 1477; x_wconf 82' lang='lat' dir='ltr'><strong>posteaquam</strong></span> <span class='ocrx_word' id='word_1_100' title='bbox 1456 1406 1615 1461; x_wconf 91' lang='lat' dir='ltr'><strong>homo</strong></span> <span class='ocrx_word' id='word_1_101' title='bbox 1645 1410 1816 1463; x_wconf 91' lang='lat' dir='ltr'><strong>noluit</strong></span> <span class='ocrx_word' id='word_1_102' title='bbox 1865 1426 1979 1465; x_wconf 87' lang='lat' dir='ltr'><strong>ser-</strong></span> 
     </span>
    </p>
   </div>
   <div class='ocr_carea' id='block_1_14' title="bbox 392 1495 1977 1567">
    <p class='ocr_par' dir='ltr' id='par_1_14' title="bbox 392 1495 1977 1567">
     <span class='ocr_line' id='line_1_14' title="bbox 392 1495 1977 1567; baseline 0.006 -20"><span class='ocrx_word' id='word_1_103' title='bbox 392 1495 504 1551; x_wconf 84' lang='lat' dir='ltr'><strong>vire</strong></span> <span class='ocrx_word' id='word_1_104' title='bbox 531 1496 655 1560; x_wconf 89' lang='lat' dir='ltr'><strong>Deo,</strong></span> <span class='ocrx_word' id='word_1_105' title='bbox 686 1505 740 1551; x_wconf 92' lang='lat' dir='ltr'><strong>et</strong></span> <span class='ocrx_word' id='word_1_106' title='bbox 766 1496 995 1552; x_wconf 90' lang='lat' dir='ltr'><strong>donatus</strong></span> <span class='ocrx_word' id='word_1_107' title='bbox 1024 1508 1108 1553; x_wconf 88' lang='lat' dir='ltr'><strong>est</strong></span> <span class='ocrx_word' id='word_1_108' title='bbox 1137 1499 1269 1562; x_wconf 87' lang='lat' dir='ltr'><strong>sibi;</strong></span> <span class='ocrx_word' id='word_1_109' title='bbox 1302 1515 1399 1554; x_wconf 91' lang='lat' dir='ltr'><strong>nec</strong></span> <span class='ocrx_word' id='word_1_110' title='bbox 1420 1500 1497 1553; x_wconf 87' lang='lat' dir='ltr'><strong>sic</strong></span> <span class='ocrx_word' id='word_1_111' title='bbox 1522 1499 1749 1555; x_wconf 90' lang='lat' dir='ltr'><strong>donatus</strong></span> <span class='ocrx_word' id='word_1_112' title='bbox 1772 1501 1892 1567; x_wconf 84' lang='lat' dir='ltr'><strong>sibi,</strong></span> <span class='ocrx_word' id='word_1_113' title='bbox 1922 1511 1977 1557; x_wconf 91' lang='lat' dir='ltr'><strong>ut</strong></span> 
     </span>
    </p>
   </div>
   <div class='ocr_carea' id='block_1_15' title="bbox 391 1585 1975 1660">
    <p class='ocr_par' dir='ltr' id='par_1_15' title="bbox 391 1585 1975 1660">
     <span class='ocr_line' id='line_1_15' title="bbox 391 1585 1975 1660; baseline 0.004 -21"><span class='ocrx_word' id='word_1_114' title='bbox 391 1586 562 1653; x_wconf 84' lang='lat' dir='ltr'><strong>possit</strong></span> <span class='ocrx_word' id='word_1_115' title='bbox 604 1585 791 1640; x_wconf 86' lang='lat' dir='ltr'><strong>saltem</strong></span> <span class='ocrx_word' id='word_1_116' title='bbox 838 1586 1111 1656; x_wconf 89' lang='lat' dir='ltr'><strong>possidere</strong></span> <span class='ocrx_word' id='word_1_117' title='bbox 1149 1604 1241 1654; x_wconf 89' lang='lat' dir='ltr'><strong>se;</strong></span> <span class='ocrx_word' id='word_1_118' title='bbox 1272 1589 1366 1643; x_wconf 89' lang='lat' dir='ltr'><strong>sed</strong></span> <span class='ocrx_word' id='word_1_119' title='bbox 1410 1588 1478 1643; x_wconf 89' lang='lat' dir='ltr'><strong>ab</strong></span> <span class='ocrx_word' id='word_1_120' title='bbox 1508 1605 1571 1643; x_wconf 91' lang='lat' dir='ltr'><strong>eo</strong></span> <span class='ocrx_word' id='word_1_121' title='bbox 1596 1605 1880 1660; x_wconf 90' lang='lat' dir='ltr'><strong>possessus</strong></span> <span class='ocrx_word' id='word_1_122' title='bbox 1903 1634 1918 1657; x_wconf 90' lang='lat'><strong>,</strong></span> <span class='ocrx_word' id='word_1_123' title='bbox 1946 1608 1975 1645; x_wconf 90' lang='lat' dir='ltr'><strong>a</strong></span> 
     </span>
    </p>
   </div>
   <div class='ocr_carea' id='block_1_16' title="bbox 388 1674 1978 1753">
    <p class='ocr_par' dir='ltr' id='par_1_16' title="bbox 388 1674 1978 1753">
     <span class='ocr_line' id='line_1_16' title="bbox 388 1674 1978 1753; baseline 0.006 -27"><span class='ocrx_word' id='word_1_124' title='bbox 388 1690 498 1743; x_wconf 90' lang='lat' dir='ltr'><strong>quo</strong></span> <span class='ocrx_word' id='word_1_125' title='bbox 527 1674 810 1744; x_wconf 90' lang='lat' dir='ltr'><strong>deceptus;</strong></span> <span class='ocrx_word' id='word_1_126' title='bbox 839 1678 1003 1747; x_wconf 89' lang='lat' dir='ltr'><strong>coepit</strong></span> <span class='ocrx_word' id='word_1_127' title='bbox 1040 1693 1166 1733; x_wconf 81' lang='lat' dir='ltr'><strong>caro</strong></span> <span class='ocrx_word' id='word_1_128' title='bbox 1192 1679 1572 1748; x_wconf 87' lang='lat' dir='ltr'><strong>concupiscere</strong></span> <span class='ocrx_word' id='word_1_129' title='bbox 1591 1680 1845 1736; x_wconf 88' lang='lat' dir='ltr'><strong>adversus</strong></span> <span class='ocrx_word' id='word_1_130' title='bbox 1869 1682 1978 1753; x_wconf 79' lang='lat' dir='ltr'><strong>Spi-</strong></span> 
     </span>
    </p>
   </div>
   <div class='ocr_carea' id='block_1_17' title="bbox 390 1767 1971 1842">
    <p class='ocr_par' dir='ltr' id='par_1_17' title="bbox 390 1767 1971 1842">
     <span class='ocr_line' id='line_1_17' title="bbox 390 1767 1971 1842; baseline 0.005 -22"><span class='ocrx_word' id='word_1_131' title='bbox 390 1768 570 1820; x_wconf 88' lang='lat' dir='ltr'><strong>ritum.</strong></span> <span class='ocrx_word' id='word_1_132' title='bbox 601 1767 665 1821; x_wconf 85' lang='lat' dir='ltr'><strong>Et</strong></span> <span class='ocrx_word' id='word_1_133' title='bbox 689 1768 861 1822; x_wconf 88' lang='lat' dir='ltr'><strong>hocin</strong></span> <span class='ocrx_word' id='word_1_134' title='bbox 888 1768 1042 1825; x_wconf 88' lang='lat' dir='ltr'><strong>bonis</strong></span> <span class='ocrx_word' id='word_1_135' title='bbox 1062 1770 1386 1840; x_wconf 88' lang='lat' dir='ltr'><strong>concupiscit</strong></span> <span class='ocrx_word' id='word_1_136' title='bbox 1415 1770 1668 1826; x_wconf 90' lang='lat' dir='ltr'><strong>adversus</strong></span> <span class='ocrx_word' id='word_1_137' title='bbox 1689 1772 1930 1842; x_wconf 87' lang='lat' dir='ltr'><strong>spiritum</strong></span> <span class='ocrx_word' id='word_1_138' title='bbox 1959 1793 1971 1828; x_wconf 92' lang='lat'>:</span> 
     </span>
    </p>
   </div>
   <div class='ocr_carea' id='block_1_18' title="bbox 390 1859 1971 1933">
    <p class='ocr_par' dir='ltr' id='par_1_18' title="bbox 390 1859 1971 1933">
     <span class='ocr_line' id='line_1_18' title="bbox 390 1859 1971 1933; baseline 0.006 -23"><span class='ocrx_word' id='word_1_139' title='bbox 390 1872 514 1911; x_wconf 87' lang='lat' dir='ltr'><strong>nam</strong></span> <span class='ocrx_word' id='word_1_140' title='bbox 562 1859 612 1912; x_wconf 91' lang='lat' dir='ltr'><strong>in</strong></span> <span class='ocrx_word' id='word_1_141' title='bbox 657 1860 811 1913; x_wconf 83' lang='lat' dir='ltr'><strong>malis</strong></span> <span class='ocrx_word' id='word_1_142' title='bbox 842 1876 946 1915; x_wconf 93' lang='lat' dir='ltr'><strong>non</strong></span> <span class='ocrx_word' id='word_1_143' title='bbox 978 1861 1137 1915; x_wconf 82' lang='lat' dir='ltr'><strong>habet</strong></span> <span class='ocrx_word' id='word_1_144' title='bbox 1164 1872 1348 1916; x_wconf 87' lang='lat' dir='ltr'><strong>contra</strong></span> <span class='ocrx_word' id='word_1_145' title='bbox 1377 1878 1534 1932; x_wconf 88' lang='lat' dir='ltr'><strong>quem</strong></span> <span class='ocrx_word' id='word_1_146' title='bbox 1571 1863 1971 1933; x_wconf 91' lang='lat' dir='ltr'><strong>concupiscere.</strong></span> 
     </span>
    </p>
   </div>
   <div class='ocr_carea' id='block_1_19' title="bbox 397 1949 1970 2025">
    <p class='ocr_par' dir='ltr' id='par_1_19' title="bbox 397 1949 1970 2025">
     <span class='ocr_line' id='line_1_19' title="bbox 397 1949 1970 2025; baseline 0.004 -22"><span class='ocrx_word' id='word_1_147' title='bbox 397 1949 471 2005; x_wconf 84' lang='lat' dir='ltr'><strong>ibi</strong></span> <span class='ocrx_word' id='word_1_148' title='bbox 492 1952 631 2007; x_wconf 90' lang='lat' dir='ltr'><strong>enim</strong></span> <span class='ocrx_word' id='word_1_149' title='bbox 649 1952 1244 2022; x_wconf 89' lang='lat' dir='ltr'><strong>concupiscitadversus</strong></span> <span class='ocrx_word' id='word_1_150' title='bbox 1258 1954 1521 2023; x_wconf 87' lang='lat' dir='ltr'><strong>spiritum,</strong></span> <span class='ocrx_word' id='word_1_151' title='bbox 1538 1954 1624 2009; x_wconf 91' lang='lat' dir='ltr'><strong>ubi</strong></span> <span class='ocrx_word' id='word_1_152' title='bbox 1637 1964 1717 2011; x_wconf 91' lang='lat' dir='ltr'><strong>est</strong></span> <span class='ocrx_word' id='word_1_153' title='bbox 1733 1956 1970 2025; x_wconf 79' lang='lat' dir='ltr'><strong>spiritus.</strong></span> 
     </span>
    </p>
   </div>
   <div class='ocr_carea' id='block_1_20' title="bbox 460 2040 1975 2113">
    <p class='ocr_par' dir='ltr' id='par_1_20' title="bbox 460 2040 1975 2113">
     <span class='ocr_line' id='line_1_20' title="bbox 460 2040 1975 2113; baseline 0.001 -17"><span class='ocrx_word' id='word_1_154' title='bbox 460 2040 514 2096; x_wconf 86' lang='lat'><strong>9.</strong></span> <span class='ocrx_word' id='word_1_155' title='bbox 547 2040 789 2113; x_wconf 79' lang='lat' dir='ltr'><strong>Pugnare</strong></span> <span class='ocrx_word' id='word_1_156' title='bbox 832 2053 1007 2096; x_wconf 85' lang='lat' dir='ltr'><strong>contra</strong></span> <span class='ocrx_word' id='word_1_157' title='bbox 1031 2044 1202 2097; x_wconf 87' lang='lat' dir='ltr'><strong>carnis</strong></span> <span class='ocrx_word' id='word_1_158' title='bbox 1228 2045 1656 2113; x_wconf 87' lang='lat' dir='ltr'><strong>concupiscentias</strong></span> <span class='ocrx_word' id='word_1_159' title='bbox 1693 2063 1875 2100; x_wconf 88' lang='lat' dir='ltr'><strong>munus</strong></span> <span class='ocrx_word' id='word_1_160' title='bbox 1903 2056 1975 2100; x_wconf 85' lang='lat' dir='ltr'><strong>est</strong></span> 
     </span>
    </p>
   </div>
   <div class='ocr_carea' id='block_1_21' title="bbox 394 2132 1971 2209">
    <p class='ocr_par' dir='ltr' id='par_1_21' title="bbox 394 2132 1971 2209">
     <span class='ocr_line' id='line_1_21' title="bbox 394 2132 1971 2209; baseline 0.004 -24"><span class='ocrx_word' id='word_1_161' title='bbox 394 2132 618 2201; x_wconf 78' lang='lat' dir='ltr'><strong>Spiritus</strong></span> <span class='ocrx_word' id='word_1_162' title='bbox 664 2135 826 2186; x_wconf 89' lang='lat' dir='ltr'><strong>sancti</strong></span> <span class='ocrx_word' id='word_1_163' title='bbox 864 2134 913 2187; x_wconf 88' lang='lat' dir='ltr'><strong>in</strong></span> <span class='ocrx_word' id='word_1_164' title='bbox 946 2135 1106 2188; x_wconf 88' lang='lat' dir='ltr'><strong>nobis.</strong></span> <span class='ocrx_word' id='word_1_165' title='bbox 1148 2134 1284 2188; x_wconf 86' lang='lat' dir='ltr'><strong>Bene</strong></span> <span class='ocrx_word' id='word_1_166' title='bbox 1310 2136 1414 2205; x_wconf 85' lang='lat' dir='ltr'><strong>agit</strong></span> <span class='ocrx_word' id='word_1_167' title='bbox 1443 2137 1529 2206; x_wconf 92' lang='lat' dir='ltr'><strong>qui</strong></span> <span class='ocrx_word' id='word_1_168' title='bbox 1556 2154 1588 2188; x_wconf 93' lang='lat' dir='ltr'><strong>a</strong></span> <span class='ocrx_word' id='word_1_169' title='bbox 1618 2139 1745 2190; x_wconf 87' lang='lat' dir='ltr'><strong>bono</strong></span> <span class='ocrx_word' id='word_1_170' title='bbox 1784 2139 1971 2209; x_wconf 87' lang='lat' dir='ltr'><strong>agitur.</strong></span> 
     </span>
    </p>
   </div>
   <div class='ocr_carea' id='block_1_22' title="bbox 387 2223 1976 2298">
    <p class='ocr_par' dir='ltr' id='par_1_22' title="bbox 387 2223 1976 2298">
     <span class='ocr_line' id='line_1_22' title="bbox 387 2223 1976 2298; baseline 0.003 -22"><span class='ocrx_word' id='word_1_171' title='bbox 387 2223 540 2291; x_wconf 88' lang='lat' dir='ltr'><strong>Quod</strong></span> <span class='ocrx_word' id='word_1_172' title='bbox 572 2224 714 2277; x_wconf 90' lang='lat' dir='ltr'><strong>enim</strong></span> <span class='ocrx_word' id='word_1_173' title='bbox 740 2225 846 2290; x_wconf 87' lang='lat' dir='ltr'><strong>ait,</strong></span> <span class='ocrx_word' id='word_1_174' title='bbox 877 2223 1005 2278; x_wconf 89' lang='lat' dir='ltr'><strong>Caro</strong></span> <span class='ocrx_word' id='word_1_175' title='bbox 1034 2226 1340 2295; x_wconf 78' lang='lat' dir='ltr'><strong>concupiscit</strong></span> <span class='ocrx_word' id='word_1_176' title='bbox 1364 2226 1601 2280; x_wconf 86' lang='lat' dir='ltr'><strong>adversus</strong></span> <span class='ocrx_word' id='word_1_177' title='bbox 1630 2228 1890 2298; x_wconf 76' lang='lat' dir='ltr'><strong>spiritum,</strong></span> <span class='ocrx_word' id='word_1_178' title='bbox 1926 2237 1976 2281; x_wconf 88' lang='lat' dir='ltr'><strong>et</strong></span> 
     </span>
    </p>
   </div>
   <div class='ocr_carea' id='block_1_23' title="bbox 388 2315 1973 2387">
    <p class='ocr_par' dir='ltr' id='par_1_23' title="bbox 388 2315 1973 2387">
     <span class='ocr_line' id='line_1_23' title="bbox 388 2315 1973 2387; baseline 0.003 -19"><span class='ocrx_word' id='word_1_179' title='bbox 388 2317 597 2383; x_wconf 74' lang='lat' dir='ltr'><strong>spiritus</strong></span> <span class='ocrx_word' id='word_1_180' title='bbox 625 2315 863 2370; x_wconf 85' lang='lat' dir='ltr'><strong>adversus</strong></span> <span class='ocrx_word' id='word_1_181' title='bbox 882 2333 1084 2370; x_wconf 87' lang='lat' dir='ltr'><strong>carnem</strong></span> <span class='ocrx_word' id='word_1_182' title='bbox 1104 2358 1121 2383; x_wconf 88' lang='lat'><strong>,</strong></span> <span class='ocrx_word' id='word_1_183' title='bbox 1152 2317 1257 2370; x_wconf 88' lang='lat' dir='ltr'><strong>noli</strong></span> <span class='ocrx_word' id='word_1_184' title='bbox 1286 2326 1469 2386; x_wconf 89' lang='lat' dir='ltr'><strong>putare</strong></span> <span class='ocrx_word' id='word_1_185' title='bbox 1504 2318 1715 2387; x_wconf 88' lang='lat' dir='ltr'><strong>spiritui</strong></span> <span class='ocrx_word' id='word_1_186' title='bbox 1746 2318 1973 2373; x_wconf 88' lang='lat' dir='ltr'><strong>hominis</strong></span> 
     </span>
    </p>
   </div>
   <div class='ocr_carea' id='block_1_24' title="bbox 392 2408 1974 2479">
    <p class='ocr_par' dir='ltr' id='par_1_24' title="bbox 392 2408 1974 2479">
     <span class='ocr_line' id='line_1_24' title="bbox 392 2408 1974 2479; baseline 0.003 -18"><span class='ocrx_word' id='word_1_187' title='bbox 392 2418 595 2462; x_wconf 84' lang='lat' dir='ltr'><strong>tantum</strong></span> <span class='ocrx_word' id='word_1_188' title='bbox 633 2408 834 2463; x_wconf 89' lang='lat' dir='ltr'><strong>datum.</strong></span> <span class='ocrx_word' id='word_1_189' title='bbox 881 2410 1107 2479; x_wconf 87' lang='lat' dir='ltr'><strong>Spiritus</strong></span> <span class='ocrx_word' id='word_1_190' title='bbox 1134 2408 1230 2463; x_wconf 91' lang='lat' dir='ltr'><strong>Dei</strong></span> <span class='ocrx_word' id='word_1_191' title='bbox 1265 2410 1459 2479; x_wconf 90' lang='lat' dir='ltr'><strong>estqui</strong></span> <span class='ocrx_word' id='word_1_192' title='bbox 1488 2419 1683 2479; x_wconf 86' lang='lat' dir='ltr'><strong>pugnat</strong></span> <span class='ocrx_word' id='word_1_193' title='bbox 1713 2411 1764 2465; x_wconf 93' lang='lat' dir='ltr'><strong>in</strong></span> <span class='ocrx_word' id='word_1_194' title='bbox 1797 2420 1847 2464; x_wconf 93' lang='lat' dir='ltr'><strong>te</strong></span> <span class='ocrx_word' id='word_1_195' title='bbox 1881 2410 1974 2465; x_wconf 88' lang='lat' dir='ltr'><strong>ad-</strong></span> 
     </span>
    </p>
   </div>
   <div class='ocr_carea' id='block_1_25' title="bbox 390 2498 1971 2569">
    <p class='ocr_par' dir='ltr' id='par_1_25' title="bbox 390 2498 1971 2569">
     <span class='ocr_line' id='line_1_25' title="bbox 390 2498 1971 2569; baseline 0.003 -19"><span class='ocrx_word' id='word_1_196' title='bbox 390 2514 575 2552; x_wconf 81' lang='lat' dir='ltr'><strong>versus</strong></span> <span class='ocrx_word' id='word_1_197' title='bbox 624 2507 711 2565; x_wconf 90' lang='lat' dir='ltr'><strong>te,</strong></span> <span class='ocrx_word' id='word_1_198' title='bbox 742 2498 997 2553; x_wconf 87' lang='lat' dir='ltr'><strong>adversus</strong></span> <span class='ocrx_word' id='word_1_199' title='bbox 1023 2499 1153 2554; x_wconf 82' lang='lat' dir='ltr'><strong>illud</strong></span> <span class='ocrx_word' id='word_1_200' title='bbox 1191 2498 1331 2569; x_wconf 91' lang='lat' dir='ltr'><strong>quod</strong></span> <span class='ocrx_word' id='word_1_201' title='bbox 1360 2509 1440 2554; x_wconf 91' lang='lat' dir='ltr'><strong>est</strong></span> <span class='ocrx_word' id='word_1_202' title='bbox 1477 2500 1530 2553; x_wconf 92' lang='lat' dir='ltr'><strong>in</strong></span> <span class='ocrx_word' id='word_1_203' title='bbox 1579 2510 1629 2554; x_wconf 91' lang='lat' dir='ltr'><strong>te</strong></span> <span class='ocrx_word' id='word_1_204' title='bbox 1668 2509 1852 2555; x_wconf 87' lang='lat' dir='ltr'><strong>contra</strong></span> <span class='ocrx_word' id='word_1_205' title='bbox 1899 2510 1971 2556; x_wconf 92' lang='lat' dir='ltr'><strong>te.</strong></span> 
     </span>
    </p>
   </div>
   <div class='ocr_carea' id='block_1_26' title="bbox 390 2587 1969 2656">
    <p class='ocr_par' dir='ltr' id='par_1_26' title="bbox 390 2587 1969 2656">
     <span class='ocr_line' id='line_1_26' title="bbox 390 2587 1969 2656; baseline 0.001 -13"><span class='ocrx_word' id='word_1_206' title='bbox 390 2587 612 2643; x_wconf 80' lang='lat' dir='ltr'><strong>Noluisti</strong></span> <span class='ocrx_word' id='word_1_207' title='bbox 642 2590 780 2643; x_wconf 92' lang='lat' dir='ltr'><strong>enim</strong></span> <span class='ocrx_word' id='word_1_208' title='bbox 811 2598 953 2644; x_wconf 88' lang='lat' dir='ltr'><strong>stare</strong></span> <span class='ocrx_word' id='word_1_209' title='bbox 973 2589 1037 2642; x_wconf 88' lang='lat' dir='ltr'><strong>ad</strong></span> <span class='ocrx_word' id='word_1_210' title='bbox 1068 2588 1645 2656; x_wconf 83' lang='lat' dir='ltr'><strong>Dominum;cecidisti,</strong></span> <span class='ocrx_word' id='word_1_211' title='bbox 1676 2590 1869 2644; x_wconf 82' lang='lat' dir='ltr'><strong>fractus</strong></span> <span class='ocrx_word' id='word_1_212' title='bbox 1892 2606 1969 2656; x_wconf 88' lang='lat' dir='ltr'><strong>es;</strong></span> 
     </span>
    </p>
   </div>
   <div class='ocr_carea' id='block_1_27' title="bbox 389 2679 1971 2750">
    <p class='ocr_par' dir='ltr' id='par_1_27' title="bbox 389 2679 1971 2750">
     <span class='ocr_line' id='line_1_27' title="bbox 389 2679 1971 2750; baseline 0.002 -17"><span class='ocrx_word' id='word_1_213' title='bbox 389 2680 654 2749; x_wconf 85' lang='lat' dir='ltr'><strong>quomodo</strong></span> <span class='ocrx_word' id='word_1_214' title='bbox 696 2696 788 2735; x_wconf 89' lang='lat' dir='ltr'><strong>vas</strong></span> <span class='ocrx_word' id='word_1_215' title='bbox 825 2679 1036 2750; x_wconf 84' lang='lat' dir='ltr'><strong>quando</strong></span> <span class='ocrx_word' id='word_1_216' title='bbox 1062 2680 1127 2734; x_wconf 90' lang='lat' dir='ltr'><strong>de</strong></span> <span class='ocrx_word' id='word_1_217' title='bbox 1163 2696 1317 2734; x_wconf 90' lang='lat' dir='ltr'><strong>manu</strong></span> <span class='ocrx_word' id='word_1_218' title='bbox 1362 2680 1592 2735; x_wconf 89' lang='lat' dir='ltr'><strong>hominis</strong></span> <span class='ocrx_word' id='word_1_219' title='bbox 1620 2681 1759 2735; x_wconf 85' lang='lat' dir='ltr'><strong>cadit</strong></span> <span class='ocrx_word' id='word_1_220' title='bbox 1786 2683 1836 2736; x_wconf 90' lang='lat' dir='ltr'><strong>in</strong></span> <span class='ocrx_word' id='word_1_221' title='bbox 1868 2691 1971 2736; x_wconf 90' lang='lat' dir='ltr'><strong>ter-</strong></span> 
     </span>
    </p>
   </div>
   <div class='ocr_carea' id='block_1_28' title="bbox 390 2770 1972 2841">
    <p class='ocr_par' dir='ltr' id='par_1_28' title="bbox 390 2770 1972 2841">
     <span class='ocr_line' id='line_1_28' title="bbox 390 2770 1972 2841; baseline 0.003 -18"><span class='ocrx_word' id='word_1_222' title='bbox 390 2788 535 2836; x_wconf 90' lang='lat' dir='ltr'><strong>ram,</strong></span> <span class='ocrx_word' id='word_1_223' title='bbox 571 2770 763 2826; x_wconf 79' lang='lat' dir='ltr'><strong>fractus</strong></span> <span class='ocrx_word' id='word_1_224' title='bbox 791 2787 869 2827; x_wconf 92' lang='lat' dir='ltr'><strong>es.</strong></span> <span class='ocrx_word' id='word_1_225' title='bbox 896 2772 963 2826; x_wconf 86' lang='lat' dir='ltr'><strong>Et</strong></span> <span class='ocrx_word' id='word_1_226' title='bbox 981 2772 1103 2841; x_wconf 92' lang='lat' dir='ltr'><strong>quia</strong></span> <span class='ocrx_word' id='word_1_227' title='bbox 1132 2770 1333 2826; x_wconf 79' lang='lat' dir='ltr'><strong>fractus</strong></span> <span class='ocrx_word' id='word_1_228' title='bbox 1358 2788 1417 2826; x_wconf 91' lang='lat' dir='ltr'><strong>es</strong></span> <span class='ocrx_word' id='word_1_229' title='bbox 1442 2812 1457 2837; x_wconf 93' lang='lat'><strong>,</strong></span> <span class='ocrx_word' id='word_1_230' title='bbox 1491 2772 1611 2827; x_wconf 91' lang='lat' dir='ltr'><strong>ideo</strong></span> <span class='ocrx_word' id='word_1_231' title='bbox 1637 2773 1892 2828; x_wconf 85' lang='lat' dir='ltr'><strong>adversus</strong></span> <span class='ocrx_word' id='word_1_232' title='bbox 1913 2790 1972 2828; x_wconf 90' lang='lat' dir='ltr'><strong>es</strong></span> 
     </span>
    </p>
   </div>
   <div class='ocr_carea' id='block_1_29' title="bbox 391 2862 1971 2931">
    <p class='ocr_par' dir='ltr' id='par_1_29' title="bbox 391 2862 1971 2931">
     <span class='ocr_line' id='line_1_29' title="bbox 391 2862 1971 2931; baseline 0.003 -16"><span class='ocrx_word' id='word_1_233' title='bbox 391 2864 518 2927; x_wconf 84' lang='lat' dir='ltr'><strong>tibi,</strong></span> <span class='ocrx_word' id='word_1_234' title='bbox 552 2863 670 2917; x_wconf 89' lang='lat' dir='ltr'><strong>ideo</strong></span> <span class='ocrx_word' id='word_1_235' title='bbox 692 2879 751 2918; x_wconf 90' lang='lat' dir='ltr'><strong>es</strong></span> <span class='ocrx_word' id='word_1_236' title='bbox 776 2875 959 2917; x_wconf 90' lang='lat' dir='ltr'><strong>contra</strong></span> <span class='ocrx_word' id='word_1_237' title='bbox 986 2874 1054 2918; x_wconf 92' lang='lat' dir='ltr'><strong>te.</strong></span> <span class='ocrx_word' id='word_1_238' title='bbox 1086 2862 1227 2917; x_wconf 80' lang='lat' dir='ltr'><strong>Nihil</strong></span> <span class='ocrx_word' id='word_1_239' title='bbox 1250 2864 1319 2917; x_wconf 90' lang='lat' dir='ltr'><strong>sit</strong></span> <span class='ocrx_word' id='word_1_240' title='bbox 1338 2863 1389 2917; x_wconf 92' lang='lat' dir='ltr'><strong>in</strong></span> <span class='ocrx_word' id='word_1_241' title='bbox 1419 2872 1471 2918; x_wconf 90' lang='lat' dir='ltr'><strong>te</strong></span> <span class='ocrx_word' id='word_1_242' title='bbox 1498 2873 1683 2918; x_wconf 89' lang='lat' dir='ltr'><strong>contra</strong></span> <span class='ocrx_word' id='word_1_243' title='bbox 1712 2874 1782 2931; x_wconf 90' lang='lat' dir='ltr'><strong>te,</strong></span> <span class='ocrx_word' id='word_1_244' title='bbox 1812 2873 1862 2920; x_wconf 91' lang='lat' dir='ltr'><strong>ct</strong></span> <span class='ocrx_word' id='word_1_245' title='bbox 1893 2866 1971 2919; x_wconf 87' lang='lat' dir='ltr'><strong>in-</strong></span> 
     </span>
    </p>
   </div>
   <div class='ocr_carea' id='block_1_30' title="bbox 389 2954 747 3021">
    <p class='ocr_par' dir='ltr' id='par_1_30' title="bbox 389 2954 747 3021">
     <span class='ocr_line' id='line_1_30' title="bbox 389 2954 747 3021; baseline -0.003 -15"><span class='ocrx_word' id='word_1_246' title='bbox 389 2962 537 3021; x_wconf 73' lang='lat' dir='ltr'><strong>teger</strong></span> <span class='ocrx_word' id='word_1_247' title='bbox 565 2954 747 3007; x_wconf 90' lang='lat' dir='ltr'><strong>stabis.</strong></span> 
     </span>
    </p>
   </div>
   <div class='ocr_carea' id='block_1_31' title="bbox 458 3042 1974 3113">
    <p class='ocr_par' dir='ltr' id='par_1_31' title="bbox 458 3042 1974 3113">
     <span class='ocr_line' id='line_1_31' title="bbox 458 3042 1974 3113; baseline 0.002 -17"><span class='ocrx_word' id='word_1_248' title='bbox 458 3042 680 3100; x_wconf 86' lang='lat' dir='ltr'><strong>CAPUT</strong></span> <span class='ocrx_word' id='word_1_249' title='bbox 710 3043 817 3097; x_wconf 78' lang='lat' dir='ltr'><strong>Vll.</strong></span> <span class='ocrx_word' id='word_1_250' title='bbox 845 3044 1065 3098; x_wconf 88' lang='lat' dir='ltr'><strong>—-Nam</strong></span> <span class='ocrx_word' id='word_1_251' title='bbox 1109 3052 1165 3098; x_wconf 95' lang='lat' dir='ltr'><strong>ut</strong></span> <span class='ocrx_word' id='word_1_252' title='bbox 1189 3045 1401 3100; x_wconf 77' lang='lat' dir='ltr'><strong>noveris</strong></span> <span class='ocrx_word' id='word_1_253' title='bbox 1439 3044 1505 3099; x_wconf 87' lang='lat' dir='ltr'><strong>ad</strong></span> <span class='ocrx_word' id='word_1_254' title='bbox 1557 3044 1810 3113; x_wconf 88' lang='lat' dir='ltr'><strong>Spiritum</strong></span> <span class='ocrx_word' id='word_1_255' title='bbox 1852 3060 1974 3099; x_wconf 85' lang='lat' dir='ltr'><strong>san-</strong></span> 
     </span>
    </p>
   </div>
   <div class='ocr_carea' id='block_1_32' title="bbox 386 3135 1968 3206">
    <p class='ocr_par' dir='ltr' id='par_1_32' title="bbox 386 3135 1968 3206">
     <span class='ocr_line' id='line_1_32' title="bbox 386 3135 1968 3206; baseline 0 -17"><span class='ocrx_word' id='word_1_256' title='bbox 386 3144 533 3189; x_wconf 89' lang='lat' dir='ltr'><strong>ctum</strong></span> <span class='ocrx_word' id='word_1_257' title='bbox 563 3135 661 3189; x_wconf 93' lang='lat' dir='ltr'><strong>hoc</strong></span> <span class='ocrx_word' id='word_1_258' title='bbox 681 3136 909 3190; x_wconf 76' lang='lat' dir='ltr'><strong>officium</strong></span> <span class='ocrx_word' id='word_1_259' title='bbox 933 3137 1199 3205; x_wconf 84' lang='lat' dir='ltr'><strong>pertinere</strong></span> <span class='ocrx_word' id='word_1_260' title='bbox 1215 3177 1228 3201; x_wconf 91' lang='lat'><strong>,</strong></span> <span class='ocrx_word' id='word_1_261' title='bbox 1253 3136 1357 3189; x_wconf 92' lang='lat' dir='ltr'><strong>alio</strong></span> <span class='ocrx_word' id='word_1_262' title='bbox 1380 3135 1494 3189; x_wconf 90' lang='lat' dir='ltr'><strong>loco</strong></span> <span class='ocrx_word' id='word_1_263' title='bbox 1515 3135 1643 3189; x_wconf 88' lang='lat' dir='ltr'><strong>dicit</strong></span> <span class='ocrx_word' id='word_1_264' title='bbox 1662 3136 1968 3206; x_wconf 88' lang='lat' dir='ltr'><strong>Apostolus,</strong></span> 
     </span>
    </p>
   </div>
   <div class='ocr_carea' id='block_1_33' title="bbox 390 3224 1971 3291">
    <p class='ocr_par' dir='ltr' id='par_1_33' title="bbox 390 3224 1971 3291">
     <span class='ocr_line' id='line_1_33' title="bbox 390 3224 1971 3291; baseline -0.001 -11"><span class='ocrx_word' id='word_1_265' title='bbox 390 3226 453 3280; x_wconf 90' lang='lat' dir='ltr'><strong>Si</strong></span> <span class='ocrx_word' id='word_1_266' title='bbox 482 3226 612 3279; x_wconf 88' lang='lat' dir='ltr'><strong>enim</strong></span> <span class='ocrx_word' id='word_1_267' title='bbox 642 3226 918 3279; x_wconf 89' lang='lat' dir='ltr'><strong>secundum</strong></span> <span class='ocrx_word' id='word_1_268' title='bbox 941 3242 1141 3278; x_wconf 88' lang='lat' dir='ltr'><strong>carnem</strong></span> <span class='ocrx_word' id='word_1_269' title='bbox 1168 3226 1388 3279; x_wconf 66' lang='lat' dir='ltr'><strong>viceritis</strong></span> <span class='ocrx_word' id='word_1_270' title='bbox 1409 3268 1423 3291; x_wconf 91' lang='lat'><strong>,</strong></span> <span class='ocrx_word' id='word_1_271' title='bbox 1450 3224 1730 3278; x_wconf 81' lang='lat' dir='ltr'><strong>moriemini</strong></span> <span class='ocrx_word' id='word_1_272' title='bbox 1760 3240 1779 3278; x_wconf 90' lang='lat'><strong><em>:</em></strong></span> <span class='ocrx_word' id='word_1_273' title='bbox 1806 3226 1851 3280; x_wconf 83' lang='lat' dir='ltr'><strong>si</strong></span> <span class='ocrx_word' id='word_1_274' title='bbox 1875 3242 1971 3278; x_wconf 85' lang='lat' dir='ltr'><strong>uu-</strong></span> 
     </span>
    </p>
   </div>
   <div class='ocr_carea' id='block_1_34' title="bbox 388 3316 1971 3387">
    <p class='ocr_par' dir='ltr' id='par_1_34' title="bbox 388 3316 1971 3387">
     <span class='ocr_line' id='line_1_34' title="bbox 388 3316 1971 3387; baseline -0.001 -16"><span class='ocrx_word' id='word_1_275' title='bbox 388 3328 488 3372; x_wconf 86' lang='lat' dir='ltr'><strong>tem</strong></span> <span class='ocrx_word' id='word_1_276' title='bbox 518 3320 695 3387; x_wconf 82' lang='lat' dir='ltr'><strong>spiritu</strong></span> <span class='ocrx_word' id='word_1_277' title='bbox 731 3319 867 3387; x_wconf 77' lang='lat' dir='ltr'><strong>facta</strong></span> <span class='ocrx_word' id='word_1_278' title='bbox 893 3335 1060 3371; x_wconf 80' lang='lat' dir='ltr'><strong>carnts</strong></span> <span class='ocrx_word' id='word_1_279' title='bbox 1098 3318 1545 3386; x_wconf 79' lang='lat' dir='ltr'><strong>morti/icuveritis,</strong></span> <span class='ocrx_word' id='word_1_280' title='bbox 1583 3317 1768 3371; x_wconf 75' lang='lat' dir='ltr'><strong>vivetis.</strong></span> <span class='ocrx_word' id='word_1_281' title='bbox 1802 3316 1857 3370; x_wconf 85' lang='lat' dir='ltr'><strong>III</strong></span> <span class='ocrx_word' id='word_1_282' title='bbox 1890 3318 1971 3370; x_wconf 88' lang='lat' dir='ltr'><strong>his</strong></span> 
     </span>
    </p>
   </div>
   <div class='ocr_carea' id='block_1_35' title="bbox 388 3402 1970 3478">
    <p class='ocr_par' dir='ltr' id='par_1_35' title="bbox 388 3402 1970 3478">
     <span class='ocr_line' id='line_1_35' title="bbox 388 3402 1970 3478; baseline -0.001 -17"><span class='ocrx_word' id='word_1_283' title='bbox 388 3402 563 3463; x_wconf 81' lang='lat' dir='ltr'><strong>verbis</strong></span> <span class='ocrx_word' id='word_1_284' title='bbox 586 3410 693 3478; x_wconf 88' lang='lat' dir='ltr'><strong>jam</strong></span> <span class='ocrx_word' id='word_1_285' title='bbox 716 3408 1009 3463; x_wconf 85' lang='lat' dir='ltr'><strong>extollebat</strong></span> <span class='ocrx_word' id='word_1_286' title='bbox 1033 3422 1089 3464; x_wconf 89' lang='lat' dir='ltr'><strong>se</strong></span> <span class='ocrx_word' id='word_1_287' title='bbox 1117 3408 1299 3475; x_wconf 85' lang='lat' dir='ltr'><strong>homo,</strong></span> <span class='ocrx_word' id='word_1_288' title='bbox 1327 3408 1475 3477; x_wconf 88' lang='lat' dir='ltr'><strong>quasi</strong></span> <span class='ocrx_word' id='word_1_289' title='bbox 1504 3408 1688 3476; x_wconf 80' lang='lat' dir='ltr'><strong>Spiritu</strong></span> <span class='ocrx_word' id='word_1_290' title='bbox 1711 3422 1807 3461; x_wconf 90' lang='lat' dir='ltr'><strong>suo</strong></span> <span class='ocrx_word' id='word_1_291' title='bbox 1835 3406 1970 3460; x_wconf 78' lang='lat' dir='ltr'><strong>facta</strong></span> 
     </span>
    </p>
   </div>
   <div class='ocr_carea' id='block_1_36' title="bbox 384 3497 1968 3570">
    <p class='ocr_par' dir='ltr' id='par_1_36' title="bbox 384 3497 1968 3570">
     <span class='ocr_line' id='line_1_36' title="bbox 384 3497 1968 3570; baseline -0.003 -15"><span class='ocrx_word' id='word_1_292' title='bbox 384 3501 562 3555; x_wconf 85' lang='lat' dir='ltr'><strong>carnis</strong></span> <span class='ocrx_word' id='word_1_293' title='bbox 585 3501 749 3570; x_wconf 86' lang='lat' dir='ltr'><strong>possit</strong></span> <span class='ocrx_word' id='word_1_294' title='bbox 774 3499 1112 3553; x_wconf 85' lang='lat' dir='ltr'><strong>mortiﬁcare.</strong></span> <span class='ocrx_word' id='word_1_295' title='bbox 1141 3499 1199 3553; x_wconf 91' lang='lat' dir='ltr'><strong>Si</strong></span> <span class='ocrx_word' id='word_1_296' title='bbox 1222 3500 1491 3552; x_wconf 88' lang='lat' dir='ltr'><strong>secundum</strong></span> <span class='ocrx_word' id='word_1_297' title='bbox 1508 3514 1705 3550; x_wconf 87' lang='lat' dir='ltr'><strong>carnem</strong></span> <span class='ocrx_word' id='word_1_298' title='bbox 1728 3497 1968 3563; x_wconf 74' lang='lat' dir='ltr'><strong>rixeritis,</strong></span> 
     </span>
    </p>
   </div>
   <div class='ocr_carea' id='block_1_37' title="bbox 386 3589 1968 3659">
    <p class='ocr_par' dir='ltr' id='par_1_37' title="bbox 386 3589 1968 3659">
     <span class='ocr_line' id='line_1_37' title="bbox 386 3589 1968 3659; baseline -0.002 -15"><span class='ocrx_word' id='word_1_299' title='bbox 386 3592 667 3645; x_wconf 82' lang='lat' dir='ltr'><strong>moriemini</strong></span> <span class='ocrx_word' id='word_1_300' title='bbox 699 3606 717 3645; x_wconf 90' lang='lat'><strong><em>:</em></strong></span> <span class='ocrx_word' id='word_1_301' title='bbox 736 3591 779 3645; x_wconf 91' lang='lat' dir='ltr'><strong>si</strong></span> <span class='ocrx_word' id='word_1_302' title='bbox 796 3600 964 3645; x_wconf 86' lang='lat' dir='ltr'><strong>autem</strong></span> <span class='ocrx_word' id='word_1_303' title='bbox 982 3591 1164 3659; x_wconf 86' lang='lat' dir='ltr'><strong>spiritu</strong></span> <span class='ocrx_word' id='word_1_304' title='bbox 1185 3594 1321 3659; x_wconf 75' lang='lat' dir='ltr'><strong>facta</strong></span> <span class='ocrx_word' id='word_1_305' title='bbox 1346 3589 1511 3642; x_wconf 86' lang='lat' dir='ltr'><strong>carnis</strong></span> <span class='ocrx_word' id='word_1_306' title='bbox 1534 3589 1968 3657; x_wconf 75' lang='lat' dir='ltr'><strong>mortiﬁcaveritis,</strong></span> 
     </span>
    </p>
   </div>
   <div class='ocr_carea' id='block_1_38' title="bbox 384 3680 1973 3751">
    <p class='ocr_par' dir='ltr' id='par_1_38' title="bbox 384 3680 1973 3751">
     <span class='ocr_line' id='line_1_38' title="bbox 384 3680 1973 3751; baseline -0.002 -14"><span class='ocrx_word' id='word_1_307' title='bbox 384 3683 577 3737; x_wconf 78' lang='lat' dir='ltr'><strong>oivetis.</strong></span> <span class='ocrx_word' id='word_1_308' title='bbox 620 3683 844 3751; x_wconf 78' lang='lat' dir='ltr'><strong>Expone</strong></span> <span class='ocrx_word' id='word_1_309' title='bbox 879 3682 1062 3747; x_wconf 89' lang='lat' dir='ltr'><strong>nobis,</strong></span> <span class='ocrx_word' id='word_1_310' title='bbox 1094 3682 1344 3751; x_wconf 88' lang='lat' dir='ltr'><strong>Apostole</strong></span> <span class='ocrx_word' id='word_1_311' title='bbox 1366 3722 1381 3745; x_wconf 88' lang='lat'><strong>,</strong></span> <span class='ocrx_word' id='word_1_312' title='bbox 1412 3696 1518 3749; x_wconf 91' lang='lat' dir='ltr'><strong>quo</strong></span> <span class='ocrx_word' id='word_1_313' title='bbox 1554 3680 1760 3750; x_wconf 87' lang='lat' dir='ltr'><strong>spiritu.</strong></span> <span class='ocrx_word' id='word_1_314' title='bbox 1803 3680 1973 3734; x_wconf 87' lang='lat' dir='ltr'><strong>Habet</strong></span> 
     </span>
    </p>
   </div>
   <div class='ocr_carea' id='block_1_39' title="bbox 384 3770 1971 3842">
    <p class='ocr_par' dir='ltr' id='par_1_39' title="bbox 384 3770 1971 3842">
     <span class='ocr_line' id='line_1_39' title="bbox 384 3770 1971 3842; baseline -0.003 -14"><span class='ocrx_word' id='word_1_315' title='bbox 384 3774 530 3828; x_wconf 85' lang='lat' dir='ltr'><strong>enim</strong></span> <span class='ocrx_word' id='word_1_316' title='bbox 558 3783 612 3829; x_wconf 90' lang='lat' dir='ltr'><strong>et</strong></span> <span class='ocrx_word' id='word_1_317' title='bbox 650 3774 811 3827; x_wconf 91' lang='lat' dir='ltr'><strong>homo</strong></span> <span class='ocrx_word' id='word_1_318' title='bbox 838 3772 1081 3842; x_wconf 89' lang='lat' dir='ltr'><strong>spiritum</strong></span> <span class='ocrx_word' id='word_1_319' title='bbox 1128 3771 1194 3826; x_wconf 87' lang='lat' dir='ltr'><strong>ad</strong></span> <span class='ocrx_word' id='word_1_320' title='bbox 1224 3779 1465 3824; x_wconf 89' lang='lat' dir='ltr'><strong>naturam</strong></span> <span class='ocrx_word' id='word_1_321' title='bbox 1499 3771 1765 3840; x_wconf 84' lang='lat' dir='ltr'><strong>prOpriam</strong></span> <span class='ocrx_word' id='word_1_322' title='bbox 1802 3770 1971 3838; x_wconf 85' lang='lat' dir='ltr'><strong>perti-</strong></span> 
     </span>
    </p>
   </div>
   <div class='ocr_carea' id='block_1_40' title="bbox 384 3861 1971 3933">
    <p class='ocr_par' dir='ltr' id='par_1_40' title="bbox 384 3861 1971 3933">
     <span class='ocr_line' id='line_1_40' title="bbox 384 3861 1971 3933; baseline -0.001 -16"><span class='ocrx_word' id='word_1_323' title='bbox 384 3874 601 3919; x_wconf 91' lang='lat' dir='ltr'><strong>nentem</strong></span> <span class='ocrx_word' id='word_1_324' title='bbox 628 3903 642 3929; x_wconf 96' lang='lat'><strong>,</strong></span> <span class='ocrx_word' id='word_1_325' title='bbox 682 3879 786 3933; x_wconf 91' lang='lat' dir='ltr'><strong>quo</strong></span> <span class='ocrx_word' id='word_1_326' title='bbox 824 3862 985 3916; x_wconf 88' lang='lat' dir='ltr'><strong>homo</strong></span> <span class='ocrx_word' id='word_1_327' title='bbox 1014 3871 1118 3917; x_wconf 89' lang='lat' dir='ltr'><strong>est.</strong></span> <span class='ocrx_word' id='word_1_328' title='bbox 1149 3861 1321 3915; x_wconf 83' lang='lat' dir='ltr'><strong>Homo</strong></span> <span class='ocrx_word' id='word_1_329' title='bbox 1345 3861 1487 3914; x_wconf 90' lang='lat' dir='ltr'><strong>enim</strong></span> <span class='ocrx_word' id='word_1_330' title='bbox 1527 3869 1735 3915; x_wconf 89' lang='lat' dir='ltr'><strong>constat</strong></span> <span class='ocrx_word' id='word_1_331' title='bbox 1759 3876 1824 3915; x_wconf 84' lang='lat' dir='ltr'><strong>ex</strong></span> <span class='ocrx_word' id='word_1_332' title='bbox 1853 3876 1971 3915; x_wconf 90' lang='lat' dir='ltr'><strong>cor-</strong></span> 
     </span>
    </p>
   </div>
   <div class='ocr_carea' id='block_1_41' title="bbox 382 3950 1965 4029">
    <p class='ocr_par' dir='ltr' id='par_1_41' title="bbox 382 3950 1965 4029">
     <span class='ocr_line' id='line_1_41' title="bbox 382 3950 1965 4029; baseline -0.004 -18"><span class='ocrx_word' id='word_1_333' title='bbox 382 3972 518 4029; x_wconf 89' lang='lat' dir='ltr'><strong>pore</strong></span> <span class='ocrx_word' id='word_1_334' title='bbox 538 3965 591 4010; x_wconf 91' lang='lat' dir='ltr'><strong>et</strong></span> <span class='ocrx_word' id='word_1_335' title='bbox 612 3955 816 4025; x_wconf 85' lang='lat' dir='ltr'><strong>spiritu.</strong></span> <span class='ocrx_word' id='word_1_336' title='bbox 842 3956 909 4009; x_wconf 87' lang='lat' dir='ltr'><strong>Et</strong></span> <span class='ocrx_word' id='word_1_337' title='bbox 933 3954 1001 4009; x_wconf 91' lang='lat' dir='ltr'><strong>de</strong></span> <span class='ocrx_word' id='word_1_338' title='bbox 1024 3953 1141 4023; x_wconf 90' lang='lat' dir='ltr'><strong>ipso</strong></span> <span class='ocrx_word' id='word_1_339' title='bbox 1165 3952 1349 4023; x_wconf 90' lang='lat' dir='ltr'><strong>spiritu</strong></span> <span class='ocrx_word' id='word_1_340' title='bbox 1372 3951 1603 4005; x_wconf 85' lang='lat' dir='ltr'><strong>hominis</strong></span> <span class='ocrx_word' id='word_1_341' title='bbox 1624 3950 1820 4005; x_wconf 89' lang='lat' dir='ltr'><strong>dictum</strong></span> <span class='ocrx_word' id='word_1_342' title='bbox 1845 3960 1927 4006; x_wconf 88' lang='lat' dir='ltr'><strong>est</strong></span> <span class='ocrx_word' id='word_1_343' title='bbox 1952 3969 1965 4005; x_wconf 91' lang='lat'>:</span> 
     </span>
    </p>
   </div>
   <div class='ocr_carea' id='block_1_42' title="bbox 384 4042 1969 4117">
    <p class='ocr_par' dir='ltr' id='par_1_42' title="bbox 384 4042 1969 4117">
     <span class='ocr_line' id='line_1_42' title="bbox 384 4042 1969 4117; baseline -0.004 -15"><span class='ocrx_word' id='word_1_344' title='bbox 384 4047 554 4102; x_wconf 83' lang='lat' dir='ltr'><strong>Nemo</strong></span> <span class='ocrx_word' id='word_1_345' title='bbox 568 4048 659 4101; x_wconf 86' lang='lat' dir='ltr'><strong>scit</strong></span> <span class='ocrx_word' id='word_1_346' title='bbox 681 4063 791 4117; x_wconf 76' lang='lat' dir='ltr'><strong>quw</strong></span> <span class='ocrx_word' id='word_1_347' title='bbox 808 4056 924 4101; x_wconf 89' lang='lat' dir='ltr'><strong>sunt</strong></span> <span class='ocrx_word' id='word_1_348' title='bbox 956 4045 1191 4109; x_wconf 85' lang='lat' dir='ltr'><strong>hominis,</strong></span> <span class='ocrx_word' id='word_1_349' title='bbox 1223 4044 1320 4098; x_wconf 86' lang='lat' dir='ltr'><strong>nisi</strong></span> <span class='ocrx_word' id='word_1_350' title='bbox 1346 4044 1554 4113; x_wconf 85' lang='lat' dir='ltr'><strong>spiritus</strong></span> <span class='ocrx_word' id='word_1_351' title='bbox 1575 4042 1791 4095; x_wconf 80' lang='lat' dir='ltr'><strong>hominis</strong></span> <span class='ocrx_word' id='word_1_352' title='bbox 1810 4043 1896 4112; x_wconf 88' lang='lat' dir='ltr'><strong>qui</strong></span> <span class='ocrx_word' id='word_1_353' title='bbox 1915 4043 1969 4096; x_wconf 85' lang='lat' dir='ltr'><strong>in</strong></span> 
     </span>
    </p>
   </div>
   <div class='ocr_carea' id='block_1_43' title="bbox 380 4133 1967 4207">
    <p class='ocr_par' dir='ltr' id='par_1_43' title="bbox 380 4133 1967 4207">
     <span class='ocr_line' id='line_1_43' title="bbox 380 4133 1967 4207; baseline -0.001 -16"><span class='ocrx_word' id='word_1_354' title='bbox 380 4140 493 4207; x_wconf 83' lang='lat' dir='ltr'><strong>ipso</strong></span> <span class='ocrx_word' id='word_1_355' title='bbox 514 4148 584 4193; x_wconf 92' lang='lat' dir='ltr'><strong>est</strong></span> <span class='ocrx_word' id='word_1_356' title='bbox 615 4138 658 4207; x_wconf 94' lang='grc' dir='ltr'><strong>(Ι</strong></span> <span class='ocrx_word' id='word_1_357' title='bbox 689 4137 803 4191; x_wconf 86' lang='lat' dir='ltr'><strong>Cor.</strong></span> <span class='ocrx_word' id='word_1_358' title='bbox 838 4154 895 4204; x_wconf 82' lang='lat' dir='ltr'><strong>II,</strong></span> <span class='ocrx_word' id='word_1_359' title='bbox 924 4136 1034 4207; x_wconf 80' lang='lat' dir='ltr'><strong>ll).</strong></span> <span class='ocrx_word' id='word_1_360' title='bbox 1066 4136 1231 4189; x_wconf 71' lang='lat' dir='ltr'><strong>Video</strong></span> <span class='ocrx_word' id='word_1_361' title='bbox 1258 4150 1385 4205; x_wconf 88' lang='lat' dir='ltr'><strong>ergo</strong></span> <span class='ocrx_word' id='word_1_362' title='bbox 1412 4144 1464 4187; x_wconf 92' lang='lat' dir='ltr'><strong>et</strong></span> <span class='ocrx_word' id='word_1_363' title='bbox 1495 4134 1664 4202; x_wconf 90' lang='lat' dir='ltr'><strong>ipsum</strong></span> <span class='ocrx_word' id='word_1_364' title='bbox 1696 4133 1967 4189; x_wconf 90' lang='lat' dir='ltr'><strong>hominem</strong></span> 
     </span>
    </p>
   </div>
   <div class='ocr_carea' id='block_1_44' title="bbox 383 4224 1961 4297">
    <p class='ocr_par' dir='ltr' id='par_1_44' title="bbox 383 4224 1961 4297">
     <span class='ocr_line' id='line_1_44' title="bbox 383 4224 1961 4297; baseline -0.003 -14"><span class='ocrx_word' id='word_1_365' title='bbox 383 4228 581 4283; x_wconf 87' lang='lat' dir='ltr'><strong>habere</strong></span> <span class='ocrx_word' id='word_1_366' title='bbox 610 4228 851 4297; x_wconf 86' lang='lat' dir='ltr'><strong>spiritum</strong></span> <span class='ocrx_word' id='word_1_367' title='bbox 880 4243 1033 4281; x_wconf 87' lang='lat' dir='ltr'><strong>suum</strong></span> <span class='ocrx_word' id='word_1_368' title='bbox 1064 4226 1413 4295; x_wconf 82' lang='lat' dir='ltr'><strong>pertinentem</strong></span> <span class='ocrx_word' id='word_1_369' title='bbox 1432 4224 1500 4278; x_wconf 84' lang='lat' dir='ltr'><strong>ad</strong></span> <span class='ocrx_word' id='word_1_370' title='bbox 1527 4234 1767 4278; x_wconf 89' lang='lat' dir='ltr'><strong>naturam</strong></span> <span class='ocrx_word' id='word_1_371' title='bbox 1792 4238 1961 4291; x_wconf 86' lang='lat' dir='ltr'><strong>suam,</strong></span> 
     </span>
    </p>
   </div>
   <div class='ocr_carea' id='block_1_45' title="bbox 383 4315 1966 4385">
    <p class='ocr_par' dir='ltr' id='par_1_45' title="bbox 383 4315 1966 4385">
     <span class='ocr_line' id='line_1_45' title="bbox 383 4315 1966 4385; baseline -0.002 -13"><span class='ocrx_word' id='word_1_372' title='bbox 383 4328 439 4372; x_wconf 87' lang='lat' dir='ltr'><strong>et</strong></span> <span class='ocrx_word' id='word_1_373' title='bbox 457 4318 612 4373; x_wconf 85' lang='lat' dir='ltr'><strong>audio</strong></span> <span class='ocrx_word' id='word_1_374' title='bbox 634 4326 685 4372; x_wconf 90' lang='lat' dir='ltr'><strong>te</strong></span> <span class='ocrx_word' id='word_1_375' title='bbox 710 4318 996 4382; x_wconf 85' lang='lat' dir='ltr'><strong>dicentem,</strong></span> <span class='ocrx_word' id='word_1_376' title='bbox 1022 4316 1083 4371; x_wconf 86' lang='lat' dir='ltr'><strong>Si</strong></span> <span class='ocrx_word' id='word_1_377' title='bbox 1110 4326 1274 4368; x_wconf 84' lang='lat' dir='ltr'><strong>autem</strong></span> <span class='ocrx_word' id='word_1_378' title='bbox 1292 4316 1469 4385; x_wconf 86' lang='lat' dir='ltr'><strong>spiritu</strong></span> <span class='ocrx_word' id='word_1_379' title='bbox 1490 4315 1625 4382; x_wconf 81' lang='lat' dir='ltr'><strong>facta</strong></span> <span class='ocrx_word' id='word_1_380' title='bbox 1645 4316 1811 4369; x_wconf 82' lang='lat' dir='ltr'><strong>carnis</strong></span> <span class='ocrx_word' id='word_1_381' title='bbox 1831 4332 1966 4369; x_wconf 82' lang='lat' dir='ltr'><strong>mor-</strong></span> 
     </span>
    </p>
   </div>
   <div class='ocr_carea' id='block_1_46' title="bbox 381 4406 1964 4479">
    <p class='ocr_par' dir='ltr' id='par_1_46' title="bbox 381 4406 1964 4479">
     <span class='ocr_line' id='line_1_46' title="bbox 381 4406 1964 4479; baseline 0 -17"><span class='ocrx_word' id='word_1_382' title='bbox 381 4411 706 4479; x_wconf 76' lang='lat' dir='ltr'><strong>tiﬁcaveritis,</strong></span> <span class='ocrx_word' id='word_1_383' title='bbox 730 4410 917 4463; x_wconf 79' lang='lat' dir='ltr'><strong>vivetis.</strong></span> <span class='ocrx_word' id='word_1_384' title='bbox 944 4410 1136 4477; x_wconf 66' lang='lat' dir='ltr'><strong>Qutcro</strong></span> <span class='ocrx_word' id='word_1_385' title='bbox 1165 4424 1269 4477; x_wconf 91' lang='lat' dir='ltr'><strong>quo</strong></span> <span class='ocrx_word' id='word_1_386' title='bbox 1298 4406 1487 4476; x_wconf 92' lang='lat' dir='ltr'><strong>spiritu</strong></span> <span class='ocrx_word' id='word_1_387' title='bbox 1518 4424 1529 4458; x_wconf 90' lang='lat'><strong>:</strong></span> <span class='ocrx_word' id='word_1_388' title='bbox 1557 4421 1702 4471; x_wconf 89' lang='lat' dir='ltr'><strong>meo,</strong></span> <span class='ocrx_word' id='word_1_389' title='bbox 1735 4422 1801 4460; x_wconf 87' lang='lat' dir='ltr'><strong>an</strong></span> <span class='ocrx_word' id='word_1_390' title='bbox 1836 4407 1964 4462; x_wconf 87' lang='lat' dir='ltr'><strong>Dei?</strong></span> 
     </span>
    </p>
   </div>
   <div class='ocr_carea' id='block_1_47' title="bbox 383 4498 1960 4568">
    <p class='ocr_par' dir='ltr' id='par_1_47' title="bbox 383 4498 1960 4568">
     <span class='ocr_line' id='line_1_47' title="bbox 383 4498 1960 4568; baseline -0.002 -11"><span class='ocrx_word' id='word_1_391' title='bbox 383 4503 553 4557; x_wconf 78' lang='lat' dir='ltr'><strong>Audio</strong></span> <span class='ocrx_word' id='word_1_392' title='bbox 580 4503 720 4557; x_wconf 91' lang='lat' dir='ltr'><strong>enim</strong></span> <span class='ocrx_word' id='word_1_393' title='bbox 754 4502 910 4556; x_wconf 88' lang='lat' dir='ltr'><strong>verba</strong></span> <span class='ocrx_word' id='word_1_394' title='bbox 940 4510 1030 4554; x_wconf 89' lang='lat' dir='ltr'><strong>tua</strong></span> <span class='ocrx_word' id='word_1_395' title='bbox 1052 4542 1065 4563; x_wconf 92' lang='lat'><strong>,</strong></span> <span class='ocrx_word' id='word_1_396' title='bbox 1100 4509 1153 4554; x_wconf 91' lang='lat' dir='ltr'><strong>et</strong></span> <span class='ocrx_word' id='word_1_397' title='bbox 1177 4500 1350 4553; x_wconf 91' lang='lat' dir='ltr'><strong>adhuc</strong></span> <span class='ocrx_word' id='word_1_398' title='bbox 1376 4498 1723 4568; x_wconf 87' lang='lat' dir='ltr'><strong>ambiguitate</strong></span> <span class='ocrx_word' id='word_1_399' title='bbox 1748 4514 1960 4567; x_wconf 87' lang='lat' dir='ltr'><strong>promo-</strong></span> 
     </span>
    </p>
   </div>
   <div class='ocr_carea' id='block_1_48' title="bbox 382 4590 1960 4663">
    <p class='ocr_par' dir='ltr' id='par_1_48' title="bbox 382 4590 1960 4663">
     <span class='ocr_line' id='line_1_48' title="bbox 382 4590 1960 4663; baseline -0.001 -17"><span class='ocrx_word' id='word_1_400' title='bbox 382 4610 531 4649; x_wconf 86' lang='lat' dir='ltr'><strong>veor.</strong></span> <span class='ocrx_word' id='word_1_401' title='bbox 555 4594 783 4663; x_wconf 87' lang='lat' dir='ltr'><strong>Spiritus</strong></span> <span class='ocrx_word' id='word_1_402' title='bbox 808 4595 955 4649; x_wconf 87' lang='lat' dir='ltr'><strong>enim</strong></span> <span class='ocrx_word' id='word_1_403' title='bbox 985 4610 1105 4646; x_wconf 87' lang='lat' dir='ltr'><strong>eum</strong></span> <span class='ocrx_word' id='word_1_404' title='bbox 1131 4592 1323 4647; x_wconf 90' lang='lat' dir='ltr'><strong>dicitur</strong></span> <span class='ocrx_word' id='word_1_405' title='bbox 1346 4632 1361 4657; x_wconf 92' lang='lat'><strong>,</strong></span> <span class='ocrx_word' id='word_1_406' title='bbox 1404 4601 1458 4645; x_wconf 91' lang='lat' dir='ltr'><strong>et</strong></span> <span class='ocrx_word' id='word_1_407' title='bbox 1484 4590 1714 4645; x_wconf 88' lang='lat' dir='ltr'><strong>hominis</strong></span> <span class='ocrx_word' id='word_1_408' title='bbox 1742 4599 1825 4644; x_wconf 83' lang='lat' dir='ltr'><strong>est</strong></span> <span class='ocrx_word' id='word_1_409' title='bbox 1861 4590 1960 4645; x_wconf 87' lang='lat' dir='ltr'><strong>ali-</strong></span> 
     </span>
    </p>
   </div>
   <div class='ocr_carea' id='block_1_49' title="bbox 378 4681 1960 4755">
    <p class='ocr_par' dir='ltr' id='par_1_49' title="bbox 378 4681 1960 4755">
     <span class='ocr_line' id='line_1_49' title="bbox 378 4681 1960 4755; baseline -0.003 -17"><span class='ocrx_word' id='word_1_410' title='bbox 378 4685 592 4755; x_wconf 84' lang='lat' dir='ltr'><strong>quando</strong></span> <span class='ocrx_word' id='word_1_411' title='bbox 615 4727 628 4749; x_wconf 94' lang='lat'><strong>,</strong></span> <span class='ocrx_word' id='word_1_412' title='bbox 665 4695 718 4739; x_wconf 89' lang='lat' dir='ltr'><strong>et</strong></span> <span class='ocrx_word' id='word_1_413' title='bbox 754 4686 964 4755; x_wconf 87' lang='lat' dir='ltr'><strong>pecoris</strong></span> <span class='ocrx_word' id='word_1_414' title='bbox 998 4684 1214 4753; x_wconf 86' lang='lat' dir='ltr'><strong>spiritus</strong></span> <span class='ocrx_word' id='word_1_415' title='bbox 1257 4682 1488 4745; x_wconf 88' lang='lat' dir='ltr'><strong>dicitur;</strong></span> <span class='ocrx_word' id='word_1_416' title='bbox 1526 4681 1660 4735; x_wconf 89' lang='lat' dir='ltr'><strong>sicut</strong></span> <span class='ocrx_word' id='word_1_417' title='bbox 1706 4681 1960 4749; x_wconf 87' lang='lat' dir='ltr'><strong>scriptum</strong></span> 
     </span>
    </p>
   </div>
   <div class='ocr_carea' id='block_1_50' title="bbox 375 4779 1959 4847">
    <p class='ocr_par' dir='ltr' id='par_1_50' title="bbox 375 4779 1959 4847">
     <span class='ocr_line' id='line_1_50' title="bbox 375 4779 1959 4847; baseline -0.004 -15"><span class='ocrx_word' id='word_1_418' title='bbox 375 4787 463 4833; x_wconf 72' lang='lat' dir='ltr'><strong>est</strong></span> <span class='ocrx_word' id='word_1_419' title='bbox 485 4820 499 4844; x_wconf 93' lang='lat'><strong>,</strong></span> <span class='ocrx_word' id='word_1_420' title='bbox 534 4794 627 4847; x_wconf 90' lang='lat' dir='ltr'><strong>per</strong></span> <span class='ocrx_word' id='word_1_421' title='bbox 645 4779 897 4831; x_wconf 83' lang='lat' dir='ltr'><strong>diluvium</strong></span> <span class='ocrx_word' id='word_1_422' title='bbox 919 4785 1181 4829; x_wconf 87' lang='lat' dir='ltr'><strong>mortuam</strong></span> <span class='ocrx_word' id='word_1_423' title='bbox 1206 4790 1324 4829; x_wconf 86' lang='lat' dir='ltr'><strong>esse</strong></span> <span class='ocrx_word' id='word_1_424' title='bbox 1345 4789 1558 4827; x_wconf 86' lang='lat' dir='ltr'><strong>omnem</strong></span> <span class='ocrx_word' id='word_1_425' title='bbox 1586 4787 1820 4835; x_wconf 78' lang='lat' dir='ltr'><strong>carnem,</strong></span> <span class='ocrx_word' id='word_1_426' title='bbox 1842 4787 1959 4840; x_wconf 71' lang='lat' dir='ltr'><strong>qua:</strong></span> 
     </span>
    </p>
   </div>
   <div class='ocr_carea' id='block_1_51' title="bbox 380 4862 1954 4939">
    <p class='ocr_par' dir='ltr' id='par_1_51' title="bbox 380 4862 1954 4939">
     <span class='ocr_line' id='line_1_51' title="bbox 380 4862 1954 4939; baseline -0.006 -14"><span class='ocrx_word' id='word_1_427' title='bbox 380 4872 608 4927; x_wconf 79' lang='lat' dir='ltr'><strong>habebat</strong></span> <span class='ocrx_word' id='word_1_428' title='bbox 635 4872 685 4924; x_wconf 92' lang='lat' dir='ltr'><strong>in</strong></span> <span class='ocrx_word' id='word_1_429' title='bbox 715 4886 774 4925; x_wconf 83' lang='lat' dir='ltr'><strong>se</strong></span> <span class='ocrx_word' id='word_1_430' title='bbox 803 4870 1044 4936; x_wconf 74' lang='lat' dir='ltr'><strong>Spiritum</strong></span> <span class='ocrx_word' id='word_1_431' title='bbox 1090 4870 1209 4921; x_wconf 76' lang='lat' dir='ltr'><strong>vitze</strong></span> <span class='ocrx_word' id='word_1_432' title='bbox 1236 4867 1388 4939; x_wconf 81' lang='lat' dir='ltr'><strong>(Gen.</strong></span> <span class='ocrx_word' id='word_1_433' title='bbox 1418 4882 1498 4928; x_wconf 74' lang='grc' dir='ltr'><strong>γι,</strong></span> <span class='ocrx_word' id='word_1_434' title='bbox 1536 4866 1621 4931; x_wconf 79' lang='grc'><strong>17,</strong></span> <span class='ocrx_word' id='word_1_435' title='bbox 1645 4875 1690 4918; x_wconf 89' lang='lat' dir='ltr'><strong>et</strong></span> <span class='ocrx_word' id='word_1_436' title='bbox 1718 4881 1808 4927; x_wconf 85' lang='lat' dir='ltr'><strong>vn,</strong></span> <span class='ocrx_word' id='word_1_437' title='bbox 1840 4862 1954 4931; x_wconf 70' lang='lat'><strong>22).</strong></span> 
     </span>
    </p>
   </div>
   <div class='ocr_carea' id='block_1_52' title="bbox 379 4956 1959 5032">
    <p class='ocr_par' dir='ltr' id='par_1_52' title="bbox 379 4956 1959 5032">
     <span class='ocr_line' id='line_1_52' title="bbox 379 4956 1959 5032; baseline -0.006 -13"><span class='ocrx_word' id='word_1_438' title='bbox 379 4967 456 5019; x_wconf 84' lang='lat' dir='ltr'><strong>Ac</strong></span> <span class='ocrx_word' id='word_1_439' title='bbox 483 4980 575 5032; x_wconf 89' lang='lat' dir='ltr'><strong>per</strong></span> <span class='ocrx_word' id='word_1_440' title='bbox 598 4964 697 5017; x_wconf 81' lang='lat' dir='ltr'><strong>hoc</strong></span> <span class='ocrx_word' id='word_1_441' title='bbox 722 4972 776 5017; x_wconf 86' lang='lat' dir='ltr'><strong>et</strong></span> <span class='ocrx_word' id='word_1_442' title='bbox 804 4962 1009 5030; x_wconf 87' lang='lat' dir='ltr'><strong>pecoris</strong></span> <span class='ocrx_word' id='word_1_443' title='bbox 1025 4961 1243 5029; x_wconf 84' lang='lat' dir='ltr'><strong>Spiritus</strong></span> <span class='ocrx_word' id='word_1_444' title='bbox 1258 4959 1466 5019; x_wconf 86' lang='lat' dir='ltr'><strong>dicitur,</strong></span> <span class='ocrx_word' id='word_1_445' title='bbox 1491 4966 1541 5010; x_wconf 92' lang='lat' dir='ltr'><strong>et</strong></span> <span class='ocrx_word' id='word_1_446' title='bbox 1560 4956 1787 5009; x_wconf 82' lang='lat' dir='ltr'><strong>hominis</strong></span> <span class='ocrx_word' id='word_1_447' title='bbox 1804 4956 1959 5024; x_wconf 69' lang='lat' dir='ltr'><strong>spiri-</strong></span> 
     </span>
    </p>
   </div>
   <div class='ocr_carea' id='block_1_53' title="bbox 378 5046 1959 5120">
    <p class='ocr_par' dir='ltr' id='par_1_53' title="bbox 378 5046 1959 5120">
     <span class='ocr_line' id='line_1_53' title="bbox 378 5046 1959 5120; baseline -0.005 -12"><span class='ocrx_word' id='word_1_448' title='bbox 378 5067 462 5109; x_wconf 88' lang='lat' dir='ltr'><strong>tus</strong></span> <span class='ocrx_word' id='word_1_449' title='bbox 488 5054 700 5107; x_wconf 88' lang='lat' dir='ltr'><strong>dicitur.</strong></span> <span class='ocrx_word' id='word_1_450' title='bbox 725 5051 1021 5120; x_wconf 88' lang='lat' dir='ltr'><strong>Aliquando</strong></span> <span class='ocrx_word' id='word_1_451' title='bbox 1052 5059 1106 5103; x_wconf 90' lang='lat' dir='ltr'><strong>et</strong></span> <span class='ocrx_word' id='word_1_452' title='bbox 1130 5057 1315 5103; x_wconf 83' lang='lat' dir='ltr'><strong>ventus</strong></span> <span class='ocrx_word' id='word_1_453' title='bbox 1344 5047 1557 5117; x_wconf 77' lang='lat' dir='ltr'><strong>spiritus</strong></span> <span class='ocrx_word' id='word_1_454' title='bbox 1584 5046 1794 5109; x_wconf 87' lang='lat' dir='ltr'><strong>dicitur;</strong></span> <span class='ocrx_word' id='word_1_455' title='bbox 1824 5046 1959 5100; x_wconf 86' lang='lat' dir='ltr'><strong>sicut</strong></span> 
     </span>
    </p>
   </div>
   <div class='ocr_carea' id='block_1_54' title="bbox 377 5138 1958 5212">
    <p class='ocr_par' dir='ltr' id='par_1_54' title="bbox 377 5138 1958 5212">
     <span class='ocr_line' id='line_1_54' title="bbox 377 5138 1958 5212; baseline -0.005 -12"><span class='ocrx_word' id='word_1_456' title='bbox 377 5145 671 5200; x_wconf 73' lang='lat' dir='ltr'><strong>liabeturin</strong></span> <span class='ocrx_word' id='word_1_457' title='bbox 704 5144 932 5205; x_wconf 85' lang='lat' dir='ltr'><strong>Psalmo,</strong></span> <span class='ocrx_word' id='word_1_458' title='bbox 953 5141 1118 5212; x_wconf 81' lang='lat' dir='ltr'><strong>Ignis,</strong></span> <span class='ocrx_word' id='word_1_459' title='bbox 1149 5140 1364 5211; x_wconf 87' lang='lat' dir='ltr'><strong>grando,</strong></span> <span class='ocrx_word' id='word_1_460' title='bbox 1389 5141 1496 5203; x_wconf 75' lang='lat' dir='ltr'><strong>nix,</strong></span> <span class='ocrx_word' id='word_1_461' title='bbox 1524 5138 1728 5209; x_wconf 86' lang='lat' dir='ltr'><strong>glacies,</strong></span> <span class='ocrx_word' id='word_1_462' title='bbox 1751 5138 1958 5208; x_wconf 72' lang='lat' dir='ltr'><strong>spiritus</strong></span> 
     </span>
    </p>
   </div>
   <div class='ocr_carea' id='block_1_55' title="bbox 372 5229 1957 5305">
    <p class='ocr_par' dir='ltr' id='par_1_55' title="bbox 372 5229 1957 5305">
     <span class='ocr_line' id='line_1_55' title="bbox 372 5229 1957 5305; baseline -0.004 -16"><span class='ocrx_word' id='word_1_463' title='bbox 372 5237 679 5305; x_wconf 78' lang='lat' dir='ltr'><strong>tempestatis</strong></span> <span class='ocrx_word' id='word_1_464' title='bbox 710 5233 878 5305; x_wconf 87' lang='lat' dir='ltr'><strong>(Psal.</strong></span> <span class='ocrx_word' id='word_1_465' title='bbox 907 5248 1130 5296; x_wconf 69' lang='lat' dir='ltr'><strong>cxcvm,</strong></span> <span class='ocrx_word' id='word_1_466' title='bbox 1153 5232 1227 5299; x_wconf 86' lang='lat'><strong>8).</strong></span> <span class='ocrx_word' id='word_1_467' title='bbox 1265 5229 1397 5284; x_wconf 89' lang='lat' dir='ltr'><strong>Cum</strong></span> <span class='ocrx_word' id='word_1_468' title='bbox 1433 5244 1560 5298; x_wconf 85' lang='lat' dir='ltr'><strong>ergo</strong></span> <span class='ocrx_word' id='word_1_469' title='bbox 1583 5230 1758 5282; x_wconf 86' lang='lat' dir='ltr'><strong>multis</strong></span> <span class='ocrx_word' id='word_1_470' title='bbox 1785 5229 1957 5283; x_wconf 85' lang='lat' dir='ltr'><strong>modis</strong></span> 
     </span>
    </p>
   </div>
   <div class='ocr_carea' id='block_1_56' title="bbox 372 5319 1954 5395">
    <p class='ocr_par' dir='ltr' id='par_1_56' title="bbox 372 5319 1954 5395">
     <span class='ocr_line' id='line_1_56' title="bbox 372 5319 1954 5395; baseline -0.005 -14"><span class='ocrx_word' id='word_1_471' title='bbox 372 5327 581 5382; x_wconf 90' lang='lat' dir='ltr'><strong>dicatur</strong></span> <span class='ocrx_word' id='word_1_472' title='bbox 609 5327 846 5395; x_wconf 90' lang='lat' dir='ltr'><strong>spiritus,</strong></span> <span class='ocrx_word' id='word_1_473' title='bbox 872 5341 974 5394; x_wconf 87' lang='lat' dir='ltr'><strong>quo</strong></span> <span class='ocrx_word' id='word_1_474' title='bbox 1002 5324 1187 5393; x_wconf 88' lang='lat' dir='ltr'><strong>spiritu</strong></span> <span class='ocrx_word' id='word_1_475' title='bbox 1218 5321 1415 5383; x_wconf 89' lang='lat' dir='ltr'><strong>dixisti,</strong></span> <span class='ocrx_word' id='word_1_476' title='bbox 1443 5336 1477 5374; x_wconf 93' lang='lat' dir='ltr'><strong>o</strong></span> <span class='ocrx_word' id='word_1_477' title='bbox 1515 5320 1787 5389; x_wconf 85' lang='lat' dir='ltr'><strong>Apostole,</strong></span> <span class='ocrx_word' id='word_1_478' title='bbox 1820 5319 1954 5374; x_wconf 81' lang='lat' dir='ltr'><strong>facta</strong></span> 
     </span>
    </p>
   </div>
   <div class='ocr_carea' id='block_1_57' title="bbox 371 5409 1953 5480">
    <p class='ocr_par' dir='ltr' id='par_1_57' title="bbox 371 5409 1953 5480">
     <span class='ocr_line' id='line_1_57' title="bbox 371 5409 1953 5480; baseline -0.006 -7"><span class='ocrx_word' id='word_1_479' title='bbox 371 5419 554 5473; x_wconf 79' lang='lat' dir='ltr'><strong>Carnis</strong></span> <span class='ocrx_word' id='word_1_480' title='bbox 581 5415 980 5473; x_wconf 84' lang='lat' dir='ltr'><strong>Inortilicanda?</strong></span> <span class='ocrx_word' id='word_1_481' title='bbox 1011 5430 1151 5478; x_wconf 86' lang='lat' dir='ltr'><strong>meo,</strong></span> <span class='ocrx_word' id='word_1_482' title='bbox 1182 5429 1246 5467; x_wconf 92' lang='lat' dir='ltr'><strong>an</strong></span> <span class='ocrx_word' id='word_1_483' title='bbox 1278 5412 1413 5466; x_wconf 87' lang='lat' dir='ltr'><strong>Dei?</strong></span> <span class='ocrx_word' id='word_1_484' title='bbox 1444 5411 1577 5465; x_wconf 75' lang='lat' dir='ltr'><strong>Audi</strong></span> <span class='ocrx_word' id='word_1_485' title='bbox 1606 5409 1747 5479; x_wconf 87' lang='lat' dir='ltr'><strong>quod</strong></span> <span class='ocrx_word' id='word_1_486' title='bbox 1769 5411 1953 5480; x_wconf 89' lang='lat' dir='ltr'><strong>sequi-</strong></span> 
     </span>
    </p>
   </div>
   <div class='ocr_carea' id='block_1_58' title="bbox 372 5502 1952 5578">
    <p class='ocr_par' dir='ltr' id='par_1_58' title="bbox 372 5502 1952 5578">
     <span class='ocr_line' id='line_1_58' title="bbox 372 5502 1952 5578; baseline -0.005 -17"><span class='ocrx_word' id='word_1_487' title='bbox 372 5518 479 5574; x_wconf 83' lang='lat' dir='ltr'><strong>tur,</strong></span> <span class='ocrx_word' id='word_1_488' title='bbox 509 5518 563 5563; x_wconf 89' lang='lat' dir='ltr'><strong>et</strong></span> <span class='ocrx_word' id='word_1_489' title='bbox 586 5508 839 5578; x_wconf 85' lang='lat' dir='ltr'><strong>intellige.</strong></span> <span class='ocrx_word' id='word_1_490' title='bbox 863 5508 1077 5562; x_wconf 67' lang='lat' dir='ltr'><strong>Suhfata</strong></span> <span class='ocrx_word' id='word_1_491' title='bbox 1104 5514 1185 5559; x_wconf 89' lang='lat' dir='ltr'><strong>est</strong></span> <span class='ocrx_word' id='word_1_492' title='bbox 1213 5502 1435 5571; x_wconf 73' lang='lat' dir='ltr'><strong>qtuestio</strong></span> <span class='ocrx_word' id='word_1_493' title='bbox 1465 5503 1807 5570; x_wconf 86' lang='lat' dir='ltr'><strong>sequentibus</strong></span> <span class='ocrx_word' id='word_1_494' title='bbox 1831 5517 1952 5555; x_wconf 88' lang='lat' dir='ltr'><strong>ver-</strong></span> 
     </span>
    </p>
   </div>
   <div class='ocr_carea' id='block_1_59' title="bbox 374 5591 1951 5661">
    <p class='ocr_par' dir='ltr' id='par_1_59' title="bbox 374 5591 1951 5661">
     <span class='ocr_line' id='line_1_59' title="bbox 374 5591 1951 5661; baseline -0.004 -11"><span class='ocrx_word' id='word_1_495' title='bbox 374 5597 475 5651; x_wconf 80' lang='lat' dir='ltr'><strong>bis.</strong></span> <span class='ocrx_word' id='word_1_496' title='bbox 501 5597 633 5652; x_wconf 87' lang='lat' dir='ltr'><strong>Cum</strong></span> <span class='ocrx_word' id='word_1_497' title='bbox 665 5598 804 5651; x_wconf 89' lang='lat' dir='ltr'><strong>enim</strong></span> <span class='ocrx_word' id='word_1_498' title='bbox 832 5597 1077 5659; x_wconf 73' lang='lat' dir='ltr'><strong>dixisset,</strong></span> <span class='ocrx_word' id='word_1_499' title='bbox 1114 5594 1173 5650; x_wconf 87' lang='lat' dir='ltr'><strong>Si</strong></span> <span class='ocrx_word' id='word_1_500' title='bbox 1203 5601 1367 5645; x_wconf 88' lang='lat' dir='ltr'><strong>autem</strong></span> <span class='ocrx_word' id='word_1_501' title='bbox 1393 5592 1573 5661; x_wconf 85' lang='lat' dir='ltr'><strong>spiritu</strong></span> <span class='ocrx_word' id='word_1_502' title='bbox 1610 5591 1745 5660; x_wconf 78' lang='lat' dir='ltr'><strong>facta</strong></span> <span class='ocrx_word' id='word_1_503' title='bbox 1786 5591 1951 5643; x_wconf 86' lang='lat' dir='ltr'><strong>carnis</strong></span> 
     </span>
    </p>
   </div>
   <div class='ocr_carea' id='block_1_60' title="bbox 373 5682 1951 5758">
    <p class='ocr_par' dir='ltr' id='par_1_60' title="bbox 373 5682 1951 5758">
     <span class='ocr_line' id='line_1_60' title="bbox 373 5682 1951 5758; baseline -0.004 -15"><span class='ocrx_word' id='word_1_504' title='bbox 373 5688 829 5758; x_wconf 74' lang='lat' dir='ltr'><strong>mortiﬁraveritis,</strong></span> <span class='ocrx_word' id='word_1_505' title='bbox 880 5688 1083 5750; x_wconf 78' lang='lat' dir='ltr'><strong>riretis;</strong></span> <span class='ocrx_word' id='word_1_506' title='bbox 1127 5686 1377 5743; x_wconf 86' lang='lat' dir='ltr'><strong>continuo</strong></span> <span class='ocrx_word' id='word_1_507' title='bbox 1416 5682 1649 5751; x_wconf 86' lang='lat' dir='ltr'><strong>addidit,</strong></span> <span class='ocrx_word' id='word_1_508' title='bbox 1702 5682 1951 5753; x_wconf 85' lang='lat' dir='ltr'><strong>Quotquot</strong></span> 
     </span>
    </p>
   </div>
   <div class='ocr_carea' id='block_1_61' title="bbox 1756 290 2289 353">
    <p class='ocr_par' dir='ltr' id='par_1_61' title="bbox 1756 290 2289 353">
     <span class='ocr_line' id='line_1_61' title="bbox 1756 290 2289 353; baseline 0.009 -5"><span class='ocrx_word' id='word_1_509' title='bbox 1756 291 1986 348; x_wconf 75' lang='lat' dir='ltr'><strong>SEllMO</strong></span> <span class='ocrx_word' id='word_1_510' title='bbox 2014 290 2289 353; x_wconf 66' lang='lat' dir='ltr'><strong>CXXVIII.</strong></span> 
     </span>
    </p>
   </div>
   <div class='ocr_carea' id='block_1_62' title="bbox 3566 310 3670 368">
    <p class='ocr_par' dir='ltr' id='par_1_62' title="bbox 3566 310 3670 368">
     <span class='ocr_line' id='line_1_62' title="bbox 3566 310 3670 368; baseline 0.048 -5"><span class='ocrx_word' id='word_1_511' title='bbox 3566 310 3670 368; x_wconf 75' lang='grc'><strong>718</strong></span> 
     </span>
    </p>
   </div>
   <div class='ocr_carea' id='block_1_63' title="bbox 2094 406 3669 491">
    <p class='ocr_par' dir='ltr' id='par_1_63' title="bbox 2094 406 3669 491">
     <span class='ocr_line' id='line_1_63' title="bbox 2094 406 3669 491; baseline 0.013 -35"><span class='ocrx_word' id='word_1_512' title='bbox 2094 406 2225 458; x_wconf 88' lang='lat' dir='ltr'><strong>enim</strong></span> <span class='ocrx_word' id='word_1_513' title='bbox 2254 406 2449 477; x_wconf 85' lang='lat' dir='ltr'><strong>Spiritu</strong></span> <span class='ocrx_word' id='word_1_514' title='bbox 2483 407 2575 462; x_wconf 87' lang='lat' dir='ltr'><strong>Dei</strong></span> <span class='ocrx_word' id='word_1_515' title='bbox 2613 420 2850 479; x_wconf 88' lang='lat' dir='ltr'><strong>aguntur,</strong></span> <span class='ocrx_word' id='word_1_516' title='bbox 2882 413 2931 465; x_wconf 80' lang='lat' dir='ltr'><strong>hi</strong></span> <span class='ocrx_word' id='word_1_517' title='bbox 2960 414 3055 482; x_wconf 83' lang='lat' dir='ltr'><strong>ﬁlii</strong></span> <span class='ocrx_word' id='word_1_518' title='bbox 3075 426 3187 469; x_wconf 88' lang='lat' dir='ltr'><strong>sunt</strong></span> <span class='ocrx_word' id='word_1_519' title='bbox 3215 416 3306 471; x_wconf 79' lang='lat' dir='ltr'><strong>Dei</strong></span> <span class='ocrx_word' id='word_1_520' title='bbox 3338 418 3510 490; x_wconf 77' lang='lat' dir='ltr'><strong>(Rom.</strong></span> <span class='ocrx_word' id='word_1_521' title='bbox 3539 437 3669 491; x_wconf 77' lang='lat' dir='ltr'><strong>VIII,</strong></span> 
     </span>
    </p>
   </div>
   <div class='ocr_carea' id='block_1_64' title="bbox 2096 498 3669 585">
    <p class='ocr_par' dir='ltr' id='par_1_64' title="bbox 2096 498 3669 585">
     <span class='ocr_line' id='line_1_64' title="bbox 2096 498 3669 585; baseline 0.013 -34"><span class='ocrx_word' id='word_1_522' title='bbox 2096 498 2182 564; x_wconf 75' lang='grc'><strong>15,</strong></span> <span class='ocrx_word' id='word_1_523' title='bbox 2212 500 2319 569; x_wconf 63' lang='lat' dir='ltr'><strong>li).</strong></span> <span class='ocrx_word' id='word_1_524' title='bbox 2355 501 2510 570; x_wconf 88' lang='lat' dir='ltr'><strong>Agis,</strong></span> <span class='ocrx_word' id='word_1_525' title='bbox 2539 503 2582 557; x_wconf 92' lang='lat' dir='ltr'><strong>si</strong></span> <span class='ocrx_word' id='word_1_526' title='bbox 2609 506 2811 573; x_wconf 85' lang='lat' dir='ltr'><strong>agaris;</strong></span> <span class='ocrx_word' id='word_1_527' title='bbox 2841 516 2893 560; x_wconf 92' lang='lat' dir='ltr'><strong>ct</strong></span> <span class='ocrx_word' id='word_1_528' title='bbox 2915 508 3048 562; x_wconf 90' lang='lat' dir='ltr'><strong>bene</strong></span> <span class='ocrx_word' id='word_1_529' title='bbox 3076 510 3188 580; x_wconf 82' lang='lat' dir='ltr'><strong>agis</strong></span> <span class='ocrx_word' id='word_1_530' title='bbox 3209 553 3224 577; x_wconf 92' lang='lat'><strong>,</strong></span> <span class='ocrx_word' id='word_1_531' title='bbox 3250 513 3292 565; x_wconf 92' lang='lat' dir='ltr'><strong>si</strong></span> <span class='ocrx_word' id='word_1_532' title='bbox 3325 528 3355 567; x_wconf 89' lang='lat' dir='ltr'><strong>a</strong></span> <span class='ocrx_word' id='word_1_533' title='bbox 3385 514 3522 568; x_wconf 91' lang='lat' dir='ltr'><strong>bono</strong></span> <span class='ocrx_word' id='word_1_534' title='bbox 3542 530 3669 585; x_wconf 87' lang='lat' dir='ltr'><strong>aga-</strong></span> 
     </span>
    </p>
   </div>
   <div class='ocr_carea' id='block_1_65' title="bbox 2090 588 3668 671">
    <p class='ocr_par' dir='ltr' id='par_1_65' title="bbox 2090 588 3668 671">
     <span class='ocr_line' id='line_1_65' title="bbox 2090 588 3668 671; baseline 0.012 -31"><span class='ocrx_word' id='word_1_535' title='bbox 2090 588 2183 641; x_wconf 88' lang='lat' dir='ltr'><strong>ris.</strong></span> <span class='ocrx_word' id='word_1_536' title='bbox 2223 588 2361 659; x_wconf 87' lang='lat' dir='ltr'><strong>Ergo</strong></span> <span class='ocrx_word' id='word_1_537' title='bbox 2388 592 2526 662; x_wconf 93' lang='lat' dir='ltr'><strong>quod</strong></span> <span class='ocrx_word' id='word_1_538' title='bbox 2552 593 2685 647; x_wconf 86' lang='lat' dir='ltr'><strong>dixit</strong></span> <span class='ocrx_word' id='word_1_539' title='bbox 2716 594 2806 650; x_wconf 90' lang='lat' dir='ltr'><strong>tibi</strong></span> <span class='ocrx_word' id='word_1_540' title='bbox 2829 638 2843 663; x_wconf 93' lang='lat'><strong>,</strong></span> <span class='ocrx_word' id='word_1_541' title='bbox 2874 596 2936 651; x_wconf 90' lang='lat' dir='ltr'><strong>Si</strong></span> <span class='ocrx_word' id='word_1_542' title='bbox 2964 600 3145 666; x_wconf 87' lang='lat' dir='ltr'><strong>spiritu</strong></span> <span class='ocrx_word' id='word_1_543' title='bbox 3172 602 3305 671; x_wconf 80' lang='lat' dir='ltr'><strong>facta</strong></span> <span class='ocrx_word' id='word_1_544' title='bbox 3332 603 3498 658; x_wconf 86' lang='lat' dir='ltr'><strong>carnis</strong></span> <span class='ocrx_word' id='word_1_545' title='bbox 3530 621 3668 659; x_wconf 86' lang='lat' dir='ltr'><strong>mor-</strong></span> 
     </span>
    </p>
   </div>
   <div class='ocr_carea' id='block_1_66' title="bbox 2088 680 3667 768">
    <p class='ocr_par' dir='ltr' id='par_1_66' title="bbox 2088 680 3667 768">
     <span class='ocr_line' id='line_1_66' title="bbox 2088 680 3667 768; baseline 0.011 -36"><span class='ocrx_word' id='word_1_546' title='bbox 2088 680 2394 750; x_wconf 82' lang='lat' dir='ltr'><strong>ti/icaveritis</strong></span> <span class='ocrx_word' id='word_1_547' title='bbox 2412 723 2425 747; x_wconf 94' lang='lat'><strong>,</strong></span> <span class='ocrx_word' id='word_1_548' title='bbox 2459 683 2627 739; x_wconf 74' lang='lat' dir='ltr'><strong>vinetis</strong></span> <span class='ocrx_word' id='word_1_549' title='bbox 2645 701 2664 749; x_wconf 91' lang='lat'><strong>;</strong></span> <span class='ocrx_word' id='word_1_550' title='bbox 2685 696 2737 740; x_wconf 93' lang='lat' dir='ltr'><strong>et</strong></span> <span class='ocrx_word' id='word_1_551' title='bbox 2759 688 3058 758; x_wconf 88' lang='lat' dir='ltr'><strong>ambiguum</strong></span> <span class='ocrx_word' id='word_1_552' title='bbox 3096 691 3188 745; x_wconf 87' lang='lat' dir='ltr'><strong>tibi</strong></span> <span class='ocrx_word' id='word_1_553' title='bbox 3209 702 3321 747; x_wconf 88' lang='lat' dir='ltr'><strong>erat</strong></span> <span class='ocrx_word' id='word_1_554' title='bbox 3343 693 3409 750; x_wconf 91' lang='lat' dir='ltr'><strong>de</strong></span> <span class='ocrx_word' id='word_1_555' title='bbox 3434 710 3538 765; x_wconf 91' lang='lat' dir='ltr'><strong>quo</strong></span> <span class='ocrx_word' id='word_1_556' title='bbox 3559 696 3667 768; x_wconf 87' lang='lat' dir='ltr'><strong>spi-</strong></span> 
     </span>
    </p>
   </div>
   <div class='ocr_carea' id='block_1_67' title="bbox 2088 773 3669 857">
    <p class='ocr_par' dir='ltr' id='par_1_67' title="bbox 2088 773 3669 857">
     <span class='ocr_line' id='line_1_67' title="bbox 2088 773 3669 857; baseline 0.011 -30"><span class='ocrx_word' id='word_1_557' title='bbox 2088 773 2193 827; x_wconf 91' lang='lat' dir='ltr'><strong>ritu</strong></span> <span class='ocrx_word' id='word_1_558' title='bbox 2234 773 2469 843; x_wconf 85' lang='lat' dir='ltr'><strong>dixerat,</strong></span> <span class='ocrx_word' id='word_1_559' title='bbox 2510 775 2561 829; x_wconf 93' lang='lat' dir='ltr'><strong>in</strong></span> <span class='ocrx_word' id='word_1_560' title='bbox 2592 780 2934 847; x_wconf 88' lang='lat' dir='ltr'><strong>sequentibus</strong></span> <span class='ocrx_word' id='word_1_561' title='bbox 2972 781 3155 837; x_wconf 83' lang='lat' dir='ltr'><strong>verbis</strong></span> <span class='ocrx_word' id='word_1_562' title='bbox 3194 784 3431 856; x_wconf 89' lang='lat' dir='ltr'><strong>intellige</strong></span> <span class='ocrx_word' id='word_1_563' title='bbox 3469 803 3669 857; x_wconf 65' lang='lat' dir='ltr'><strong>praece-</strong></span> 
     </span>
    </p>
   </div>
   <div class='ocr_carea' id='block_1_68' title="bbox 2089 869 3665 941">
    <p class='ocr_par' dir='ltr' id='par_1_68' title="bbox 2089 869 3665 941">
     <span class='ocr_line' id='line_1_68' title="bbox 2089 869 3665 941; baseline 0.01 -22"><span class='ocrx_word' id='word_1_564' title='bbox 2089 874 2315 936; x_wconf 86' lang='lat' dir='ltr'><strong>ptorem,</strong></span> <span class='ocrx_word' id='word_1_565' title='bbox 2347 883 2573 937; x_wconf 87' lang='lat' dir='ltr'><strong>agnosce</strong></span> <span class='ocrx_word' id='word_1_566' title='bbox 2622 869 3047 941; x_wconf 73' lang='lat' dir='ltr'><strong>lledemptorem.</strong></span> <span class='ocrx_word' id='word_1_567' title='bbox 3082 874 3290 929; x_wconf 86' lang='lat' dir='ltr'><strong>Etenim</strong></span> <span class='ocrx_word' id='word_1_568' title='bbox 3318 876 3408 932; x_wconf 89' lang='lat' dir='ltr'><strong>ille</strong></span> <span class='ocrx_word' id='word_1_569' title='bbox 3431 877 3665 934; x_wconf 80' lang='lat' dir='ltr'><strong>Redem—</strong></span> 
     </span>
    </p>
   </div>
   <div class='ocr_carea' id='block_1_69' title="bbox 2088 958 3664 1042">
    <p class='ocr_par' dir='ltr' id='par_1_69' title="bbox 2088 958 3664 1042">
     <span class='ocr_line' id='line_1_69' title="bbox 2088 958 3664 1042; baseline 0.011 -35"><span class='ocrx_word' id='word_1_570' title='bbox 2088 965 2207 1027; x_wconf 88' lang='lat' dir='ltr'><strong>ptor</strong></span> <span class='ocrx_word' id='word_1_571' title='bbox 2224 958 2575 1028; x_wconf 86' lang='lat' dir='ltr'><strong>tibiSpiritum</strong></span> <span class='ocrx_word' id='word_1_572' title='bbox 2598 960 2760 1027; x_wconf 90' lang='lat' dir='ltr'><strong>dedit,</strong></span> <span class='ocrx_word' id='word_1_573' title='bbox 2776 978 2881 1031; x_wconf 88' lang='lat' dir='ltr'><strong>quo</strong></span> <span class='ocrx_word' id='word_1_574' title='bbox 2898 966 3185 1021; x_wconf 88' lang='lat' dir='ltr'><strong>mortitices</strong></span> <span class='ocrx_word' id='word_1_575' title='bbox 3208 965 3341 1022; x_wconf 82' lang='lat' dir='ltr'><strong>facta</strong></span> <span class='ocrx_word' id='word_1_576' title='bbox 3367 970 3543 1023; x_wconf 91' lang='lat' dir='ltr'><strong>carnis</strong></span> <span class='ocrx_word' id='word_1_577' title='bbox 3564 968 3664 1042; x_wconf 90' lang='lat' dir='ltr'><strong>(a).</strong></span> 
     </span>
    </p>
   </div>
   <div class='ocr_carea' id='block_1_70' title="bbox 2092 1047 3663 1127">
    <p class='ocr_par' dir='ltr' id='par_1_70' title="bbox 2092 1047 3663 1127">
     <span class='ocr_line' id='line_1_70' title="bbox 2092 1047 3663 1127; baseline 0.011 -29"><span class='ocrx_word' id='word_1_578' title='bbox 2092 1047 2344 1115; x_wconf 83' lang='lat' dir='ltr'><strong>Quotquot</strong></span> <span class='ocrx_word' id='word_1_579' title='bbox 2387 1049 2518 1103; x_wconf 84' lang='lat' dir='ltr'><strong>enim</strong></span> <span class='ocrx_word' id='word_1_580' title='bbox 2554 1051 2755 1121; x_wconf 87' lang='lat' dir='ltr'><strong>Spiritu</strong></span> <span class='ocrx_word' id='word_1_581' title='bbox 2784 1052 2881 1106; x_wconf 89' lang='lat' dir='ltr'><strong>Dei</strong></span> <span class='ocrx_word' id='word_1_582' title='bbox 2917 1065 3155 1125; x_wconf 84' lang='lat' dir='ltr'><strong>aguntur,</strong></span> <span class='ocrx_word' id='word_1_583' title='bbox 3186 1056 3237 1109; x_wconf 87' lang='lat' dir='ltr'><strong>hi</strong></span> <span class='ocrx_word' id='word_1_584' title='bbox 3275 1058 3369 1127; x_wconf 76' lang='lat' dir='ltr'><strong>ﬁlii</strong></span> <span class='ocrx_word' id='word_1_585' title='bbox 3397 1069 3514 1114; x_wconf 86' lang='lat' dir='ltr'><strong>sunt</strong></span> <span class='ocrx_word' id='word_1_586' title='bbox 3543 1060 3663 1115; x_wconf 85' lang='lat' dir='ltr'><strong>Dei.</strong></span> 
     </span>
    </p>
   </div>
   <div class='ocr_carea' id='block_1_71' title="bbox 2086 1136 3720 1217">
    <p class='ocr_par' dir='ltr' id='par_1_71' title="bbox 2086 1136 3720 1217">
     <span class='ocr_line' id='line_1_71' title="bbox 2086 1136 3720 1217; baseline 0.011 -26"><span class='ocrx_word' id='word_1_587' title='bbox 2086 1136 2200 1192; x_wconf 85' lang='lat' dir='ltr'><strong>Non</strong></span> <span class='ocrx_word' id='word_1_588' title='bbox 2231 1148 2357 1193; x_wconf 89' lang='lat' dir='ltr'><strong>sunt</strong></span> <span class='ocrx_word' id='word_1_589' title='bbox 2382 1140 2475 1194; x_wconf 82' lang='lat' dir='ltr'><strong>ﬁlii</strong></span> <span class='ocrx_word' id='word_1_590' title='bbox 2506 1142 2631 1208; x_wconf 89' lang='lat' dir='ltr'><strong>Dei,</strong></span> <span class='ocrx_word' id='word_1_591' title='bbox 2660 1143 2704 1197; x_wconf 87' lang='lat' dir='ltr'><strong>si</strong></span> <span class='ocrx_word' id='word_1_592' title='bbox 2735 1158 2840 1198; x_wconf 92' lang='lat' dir='ltr'><strong>non</strong></span> <span class='ocrx_word' id='word_1_593' title='bbox 2869 1154 3097 1215; x_wconf 87' lang='lat' dir='ltr'><strong>aguntur</strong></span> <span class='ocrx_word' id='word_1_594' title='bbox 3121 1148 3319 1217; x_wconf 88' lang='lat' dir='ltr'><strong>Spiritu</strong></span> <span class='ocrx_word' id='word_1_595' title='bbox 3341 1150 3455 1207; x_wconf 89' lang='lat' dir='ltr'><strong>Dei.</strong></span> <span class='ocrx_word' id='word_1_596' title='bbox 3485 1152 3541 1208; x_wconf 92' lang='lat' dir='ltr'><strong>Si</strong></span> <span class='ocrx_word' id='word_1_597' title='bbox 3568 1168 3666 1208; x_wconf 58' lang='lat' dir='ltr'><strong>auo</strong></span> <span class='ocrx_word' id='word_1_598' title='bbox 3715 1147 3720 1152; x_wconf 73' lang='grc'><strong>’</strong></span> 
     </span>
    </p>
   </div>
   <div class='ocr_carea' id='block_1_72' title="bbox 2084 1230 3662 1316">
    <p class='ocr_par' dir='ltr' id='par_1_72' title="bbox 2084 1230 3662 1316">
     <span class='ocr_line' id='line_1_72' title="bbox 2084 1230 3662 1316; baseline 0.011 -33"><span class='ocrx_word' id='word_1_599' title='bbox 2084 1236 2192 1285; x_wconf 87' lang='lat' dir='ltr'><strong>tem</strong></span> <span class='ocrx_word' id='word_1_600' title='bbox 2241 1230 2441 1301; x_wconf 87' lang='lat' dir='ltr'><strong>Spiritu</strong></span> <span class='ocrx_word' id='word_1_601' title='bbox 2488 1233 2579 1289; x_wconf 89' lang='lat' dir='ltr'><strong>Dei</strong></span> <span class='ocrx_word' id='word_1_602' title='bbox 2619 1245 2869 1306; x_wconf 85' lang='lat' dir='ltr'><strong>aguntur,</strong></span> <span class='ocrx_word' id='word_1_603' title='bbox 2898 1241 3177 1307; x_wconf 73' lang='lat' dir='ltr'><strong>pugnant‘</strong></span> <span class='ocrx_word' id='word_1_604' title='bbox 3218 1243 3375 1313; x_wconf 87' lang='lat' dir='ltr'><strong>:quia</strong></span> <span class='ocrx_word' id='word_1_605' title='bbox 3414 1260 3662 1316; x_wconf 87' lang='lat' dir='ltr'><strong>magnum</strong></span> 
     </span>
    </p>
   </div>
   <div class='ocr_carea' id='block_1_73' title="bbox 2085 1320 3668 1408">
    <p class='ocr_par' dir='ltr' id='par_1_73' title="bbox 2085 1320 3668 1408">
     <span class='ocr_line' id='line_1_73' title="bbox 2085 1320 3668 1408; baseline 0.011 -32"><span class='ocrx_word' id='word_1_606' title='bbox 2085 1320 2284 1378; x_wconf 87' lang='lat' dir='ltr'><strong>habent</strong></span> <span class='ocrx_word' id='word_1_607' title='bbox 2302 1325 2621 1394; x_wconf 85' lang='lat' dir='ltr'><strong>adjutorem.</strong></span> <span class='ocrx_word' id='word_1_608' title='bbox 2650 1326 2765 1382; x_wconf 91' lang='lat' dir='ltr'><strong>Non</strong></span> <span class='ocrx_word' id='word_1_609' title='bbox 2792 1330 2932 1383; x_wconf 91' lang='lat' dir='ltr'><strong>enim</strong></span> <span class='ocrx_word' id='word_1_610' title='bbox 2962 1331 3098 1385; x_wconf 91' lang='lat' dir='ltr'><strong>Deus</strong></span> <span class='ocrx_word' id='word_1_611' title='bbox 3123 1333 3203 1387; x_wconf 91' lang='lat' dir='ltr'><strong>sic</strong></span> <span class='ocrx_word' id='word_1_612' title='bbox 3229 1349 3326 1387; x_wconf 92' lang='lat' dir='ltr'><strong>nos</strong></span> <span class='ocrx_word' id='word_1_613' title='bbox 3351 1344 3554 1405; x_wconf 79' lang='lat' dir='ltr'><strong>Spectat</strong></span> <span class='ocrx_word' id='word_1_614' title='bbox 3580 1354 3668 1408; x_wconf 91' lang='lat' dir='ltr'><strong>pu-</strong></span> 
     </span>
    </p>
   </div>
   <div class='ocr_carea' id='block_1_74' title="bbox 2082 1417 3667 1498">
    <p class='ocr_par' dir='ltr' id='par_1_74' title="bbox 2082 1417 3667 1498">
     <span class='ocr_line' id='line_1_74' title="bbox 2082 1417 3667 1498; baseline 0.01 -32"><span class='ocrx_word' id='word_1_615' title='bbox 2082 1423 2306 1481; x_wconf 83' lang='lat' dir='ltr'><strong>gnantes</strong></span> <span class='ocrx_word' id='word_1_616' title='bbox 2334 1458 2348 1481; x_wconf 92' lang='lat'><strong>,</strong></span> <span class='ocrx_word' id='word_1_617' title='bbox 2380 1417 2646 1486; x_wconf 91' lang='lat' dir='ltr'><strong>quomodo</strong></span> <span class='ocrx_word' id='word_1_618' title='bbox 2675 1428 2878 1489; x_wconf 77' lang='lat' dir='ltr'><strong>spectat</strong></span> <span class='ocrx_word' id='word_1_619' title='bbox 2908 1421 3136 1490; x_wconf 89' lang='lat' dir='ltr'><strong>populus</strong></span> <span class='ocrx_word' id='word_1_620' title='bbox 3162 1433 3465 1480; x_wconf 71' lang='lat' dir='ltr'><strong>venatores.</strong></span> <span class='ocrx_word' id='word_1_621' title='bbox 3495 1427 3667 1498; x_wconf 91' lang='lat' dir='ltr'><strong>Popu-</strong></span> 
     </span>
    </p>
   </div>
   <div class='ocr_carea' id='block_1_75' title="bbox 2083 1500 3663 1585">
    <p class='ocr_par' dir='ltr' id='par_1_75' title="bbox 2083 1500 3663 1585">
     <span class='ocr_line' id='line_1_75' title="bbox 2083 1500 3663 1585; baseline 0.011 -30"><span class='ocrx_word' id='word_1_622' title='bbox 2083 1500 2166 1556; x_wconf 90' lang='lat' dir='ltr'><strong>lus</strong></span> <span class='ocrx_word' id='word_1_623' title='bbox 2186 1505 2425 1559; x_wconf 86' lang='lat' dir='ltr'><strong>venatori</strong></span> <span class='ocrx_word' id='word_1_624' title='bbox 2454 1505 2631 1562; x_wconf 81' lang='lat' dir='ltr'><strong>favere</strong></span> <span class='ocrx_word' id='word_1_625' title='bbox 2658 1516 2851 1577; x_wconf 91' lang='lat' dir='ltr'><strong>potest,</strong></span> <span class='ocrx_word' id='word_1_626' title='bbox 2874 1510 3264 1579; x_wconf 83' lang='lat' dir='ltr'><strong>periclitantem</strong></span> <span class='ocrx_word' id='word_1_627' title='bbox 3287 1513 3536 1585; x_wconf 80' lang='lat' dir='ltr'><strong>adjuvare</strong></span> <span class='ocrx_word' id='word_1_628' title='bbox 3558 1533 3663 1572; x_wconf 90' lang='lat' dir='ltr'><strong>non</strong></span> 
     </span>
    </p>
   </div>
   <div class='ocr_carea' id='block_1_76' title="bbox 2083 1601 2279 1662">
    <p class='ocr_par' dir='ltr' id='par_1_76' title="bbox 2083 1601 2279 1662">
     <span class='ocr_line' id='line_1_76' title="bbox 2083 1601 2279 1662; baseline 0.015 -17"><span class='ocrx_word' id='word_1_629' title='bbox 2083 1601 2279 1662; x_wconf 83' lang='lat' dir='ltr'><strong>potest.</strong></span> 
     </span>
    </p>
   </div>
   <div class='ocr_carea' id='block_1_77' title="bbox 2151 1682 3661 1766">
    <p class='ocr_par' dir='ltr' id='par_1_77' title="bbox 2151 1682 3661 1766">
     <span class='ocr_line' id='line_1_77' title="bbox 2151 1682 3661 1766; baseline 0.009 -29"><span class='ocrx_word' id='word_1_630' title='bbox 2151 1682 2378 1740; x_wconf 84' lang='lat' dir='ltr'><strong>CAPUT</strong></span> <span class='ocrx_word' id='word_1_631' title='bbox 2420 1685 2548 1741; x_wconf 76' lang='lat' dir='ltr'><strong>Vlll.</strong></span> <span class='ocrx_word' id='word_1_632' title='bbox 2572 1717 2643 1727; x_wconf 87' lang='lat'><strong>-—-</strong></span> <span class='ocrx_word' id='word_1_633' title='bbox 2667 1688 2751 1743; x_wconf 73' lang='grc'><strong>10.</strong></span> <span class='ocrx_word' id='word_1_634' title='bbox 2794 1688 2973 1743; x_wconf 88' lang='lat' dir='ltr'><strong>Sancti</strong></span> <span class='ocrx_word' id='word_1_635' title='bbox 2992 1690 3074 1743; x_wconf 81' lang='lat' dir='ltr'><strong>hic</strong></span> <span class='ocrx_word' id='word_1_636' title='bbox 3104 1708 3203 1745; x_wconf 88' lang='lat' dir='ltr'><strong>non</strong></span> <span class='ocrx_word' id='word_1_637' title='bbox 3224 1694 3415 1763; x_wconf 83' lang='lat' dir='ltr'><strong>faciunt</strong></span> <span class='ocrx_word' id='word_1_638' title='bbox 3434 1712 3547 1766; x_wconf 79' lang='lat' dir='ltr'><strong>qua:</strong></span> <span class='ocrx_word' id='word_1_639' title='bbox 3571 1714 3661 1751; x_wconf 86' lang='lat' dir='ltr'><strong>vo-</strong></span> 
     </span>
    </p>
   </div>
   <div class='ocr_carea' id='block_1_78' title="bbox 2081 1772 3669 1854">
    <p class='ocr_par' dir='ltr' id='par_1_78' title="bbox 2081 1772 3669 1854">
     <span class='ocr_line' id='line_1_78' title="bbox 2081 1772 3669 1854; baseline 0.009 -28"><span class='ocrx_word' id='word_1_640' title='bbox 2081 1772 2212 1839; x_wconf 90' lang='lat' dir='ltr'><strong>lunt,</strong></span> <span class='ocrx_word' id='word_1_641' title='bbox 2252 1776 2523 1847; x_wconf 87' lang='lat' dir='ltr'><strong>quomodo.</strong></span> <span class='ocrx_word' id='word_1_642' title='bbox 2563 1775 2653 1833; x_wconf 93' lang='lat' dir='ltr'><strong>Sic</strong></span> <span class='ocrx_word' id='word_1_643' title='bbox 2691 1794 2817 1849; x_wconf 90' lang='lat' dir='ltr'><strong>ergo</strong></span> <span class='ocrx_word' id='word_1_644' title='bbox 2846 1788 2900 1835; x_wconf 90' lang='lat' dir='ltr'><strong>et</strong></span> <span class='ocrx_word' id='word_1_645' title='bbox 2938 1779 3044 1847; x_wconf 92' lang='lat' dir='ltr'><strong>hic,</strong></span> <span class='ocrx_word' id='word_1_646' title='bbox 3069 1780 3199 1835; x_wconf 82' lang='lat' dir='ltr'><strong>Caro</strong></span> <span class='ocrx_word' id='word_1_647' title='bbox 3241 1786 3546 1854; x_wconf 81' lang='lat' dir='ltr'><strong>concupiscit</strong></span> <span class='ocrx_word' id='word_1_648' title='bbox 3572 1788 3669 1841; x_wconf 84' lang='lat' dir='ltr'><strong>ad-</strong></span> 
     </span>
    </p>
   </div>
   <div class='ocr_carea' id='block_1_79' title="bbox 2080 1868 3667 1947">
    <p class='ocr_par' dir='ltr' id='par_1_79' title="bbox 2080 1868 3667 1947">
     <span class='ocr_line' id='line_1_79' title="bbox 2080 1868 3667 1947; baseline 0.009 -28"><span class='ocrx_word' id='word_1_649' title='bbox 2080 1881 2250 1920; x_wconf 85' lang='lat' dir='ltr'><strong>versus</strong></span> <span class='ocrx_word' id='word_1_650' title='bbox 2292 1868 2543 1936; x_wconf 85' lang='lat' dir='ltr'><strong>spiritum,</strong></span> <span class='ocrx_word' id='word_1_651' title='bbox 2586 1880 2632 1922; x_wconf 86' lang='lat' dir='ltr'><strong>et</strong></span> <span class='ocrx_word' id='word_1_652' title='bbox 2661 1870 2870 1940; x_wconf 87' lang='lat' dir='ltr'><strong>spiritus</strong></span> <span class='ocrx_word' id='word_1_653' title='bbox 2898 1872 3137 1927; x_wconf 86' lang='lat' dir='ltr'><strong>adversus</strong></span> <span class='ocrx_word' id='word_1_654' title='bbox 3169 1890 3391 1929; x_wconf 87' lang='lat' dir='ltr'><strong>carnem.</strong></span> <span class='ocrx_word' id='word_1_655' title='bbox 3436 1877 3503 1931; x_wconf 83' lang='lat' dir='ltr'><strong>Et</strong></span> <span class='ocrx_word' id='word_1_656' title='bbox 3541 1878 3667 1947; x_wconf 90' lang='lat' dir='ltr'><strong>quid</strong></span> 
     </span>
    </p>
   </div>
   <div class='ocr_carea' id='block_1_80' title="bbox 2080 1956 3666 2037">
    <p class='ocr_par' dir='ltr' id='par_1_80' title="bbox 2080 1956 3666 2037">
     <span class='ocr_line' id='line_1_80' title="bbox 2080 1956 3666 2037; baseline 0.009 -28"><span class='ocrx_word' id='word_1_657' title='bbox 2080 1964 2182 2022; x_wconf 84' lang='lat' dir='ltr'><strong>est,</strong></span> <span class='ocrx_word' id='word_1_658' title='bbox 2220 1956 2286 2011; x_wconf 88' lang='lat' dir='ltr'><strong>Ut</strong></span> <span class='ocrx_word' id='word_1_659' title='bbox 2318 1974 2417 2011; x_wconf 90' lang='lat' dir='ltr'><strong>non</strong></span> <span class='ocrx_word' id='word_1_660' title='bbox 2455 1975 2518 2011; x_wconf 91' lang='lat' dir='ltr'><strong>ea</strong></span> <span class='ocrx_word' id='word_1_661' title='bbox 2546 1976 2659 2026; x_wconf 74' lang='lat' dir='ltr'><strong>qua:</strong></span> <span class='ocrx_word' id='word_1_662' title='bbox 2686 1961 2854 2028; x_wconf 81' lang='lat' dir='ltr'><strong>vultis,</strong></span> <span class='ocrx_word' id='word_1_663' title='bbox 2886 1961 3123 2030; x_wconf 78' lang='lat' dir='ltr'><strong>faciatis?</strong></span> <span class='ocrx_word' id='word_1_664' title='bbox 3153 1962 3249 2018; x_wconf 86' lang='lat' dir='ltr'><strong>Hic</strong></span> <span class='ocrx_word' id='word_1_665' title='bbox 3283 1966 3422 2021; x_wconf 90' lang='lat' dir='ltr'><strong>enim</strong></span> <span class='ocrx_word' id='word_1_666' title='bbox 3454 1968 3666 2037; x_wconf 85' lang='lat' dir='ltr'><strong>pericu-</strong></span> 
     </span>
    </p>
   </div>
   <div class='ocr_carea' id='block_1_81' title="bbox 2082 2046 3665 2128">
    <p class='ocr_par' dir='ltr' id='par_1_81' title="bbox 2082 2046 3665 2128">
     <span class='ocr_line' id='line_1_81' title="bbox 2082 2046 3665 2128; baseline 0.009 -29"><span class='ocrx_word' id='word_1_667' title='bbox 2082 2046 2187 2101; x_wconf 88' lang='lat' dir='ltr'><strong>lum</strong></span> <span class='ocrx_word' id='word_1_668' title='bbox 2231 2058 2312 2102; x_wconf 91' lang='lat' dir='ltr'><strong>est</strong></span> <span class='ocrx_word' id='word_1_669' title='bbox 2354 2049 2478 2102; x_wconf 91' lang='lat' dir='ltr'><strong>mali</strong></span> <span class='ocrx_word' id='word_1_670' title='bbox 2521 2048 2885 2105; x_wconf 89' lang='lat' dir='ltr'><strong>intellectoris.</strong></span> <span class='ocrx_word' id='word_1_671' title='bbox 2916 2053 2996 2107; x_wconf 87' lang='lat' dir='ltr'><strong>Sit</strong></span> <span class='ocrx_word' id='word_1_672' title='bbox 3022 2069 3160 2109; x_wconf 92' lang='lat' dir='ltr'><strong>nunc</strong></span> <span class='ocrx_word' id='word_1_673' title='bbox 3194 2054 3428 2110; x_wconf 74' lang='lat' dir='ltr'><strong>officium</strong></span> <span class='ocrx_word' id='word_1_674' title='bbox 3463 2059 3665 2128; x_wconf 81' lang='lat' dir='ltr'><strong>qualis-</strong></span> 
     </span>
    </p>
   </div>
   <div class='ocr_carea' id='block_1_82' title="bbox 2080 2140 3660 2218">
    <p class='ocr_par' dir='ltr' id='par_1_82' title="bbox 2080 2140 3660 2218">
     <span class='ocr_line' id='line_1_82' title="bbox 2080 2140 3660 2218; baseline 0.006 -25"><span class='ocrx_word' id='word_1_675' title='bbox 2080 2154 2308 2209; x_wconf 72' lang='lat' dir='ltr'><strong>cumque</strong></span> <span class='ocrx_word' id='word_1_676' title='bbox 2350 2140 2691 2209; x_wconf 82' lang='lat' dir='ltr'><strong>expositoris.</strong></span> <span class='ocrx_word' id='word_1_677' title='bbox 2728 2141 2795 2196; x_wconf 86' lang='lat' dir='ltr'><strong>Ut</strong></span> <span class='ocrx_word' id='word_1_678' title='bbox 2849 2159 2949 2196; x_wconf 84' lang='lat' dir='ltr'><strong>non</strong></span> <span class='ocrx_word' id='word_1_679' title='bbox 2988 2160 3046 2198; x_wconf 89' lang='lat' dir='ltr'><strong>ea</strong></span> <span class='ocrx_word' id='word_1_680' title='bbox 3083 2160 3196 2213; x_wconf 66' lang='lat' dir='ltr'><strong>qua</strong></span> <span class='ocrx_word' id='word_1_681' title='bbox 3224 2147 3393 2213; x_wconf 79' lang='lat' dir='ltr'><strong>vultis,</strong></span> <span class='ocrx_word' id='word_1_682' title='bbox 3438 2149 3660 2218; x_wconf 55' lang='grc' dir='ltr'><strong>[αιιὶαιίς.</strong></span> 
     </span>
    </p>
   </div>
   <div class='ocr_carea' id='block_1_83' title="bbox 2080 2230 3664 2304">
    <p class='ocr_par' dir='ltr' id='par_1_83' title="bbox 2080 2230 3664 2304">
     <span class='ocr_line' id='line_1_83' title="bbox 2080 2230 3664 2304; baseline 0.007 -22"><span class='ocrx_word' id='word_1_683' title='bbox 2080 2230 2369 2295; x_wconf 81' lang='lat' dir='ltr'><strong>Attendite,</strong></span> <span class='ocrx_word' id='word_1_684' title='bbox 2418 2233 2583 2285; x_wconf 80' lang='lat' dir='ltr'><strong>Sancti</strong></span> <span class='ocrx_word' id='word_1_685' title='bbox 2621 2231 2942 2303; x_wconf 87' lang='lat' dir='ltr'><strong>quicumque</strong></span> <span class='ocrx_word' id='word_1_686' title='bbox 2979 2238 3253 2304; x_wconf 57' lang='lat' dir='ltr'><strong>&#39;pugnatis.</strong></span> <span class='ocrx_word' id='word_1_687' title='bbox 3297 2235 3664 2293; x_wconf 69' lang='lat' dir='ltr'><strong>Prteliantibus</strong></span> 
     </span>
    </p>
   </div>
   <div class='ocr_carea' id='block_1_84' title="bbox 2080 2303 3659 2397">
    <p class='ocr_par' dir='ltr' id='par_1_84' title="bbox 2080 2303 3659 2397">
     <span class='ocr_line' id='line_1_84' title="bbox 2080 2303 3659 2397; baseline 0.006 -25"><span class='ocrx_word' id='word_1_688' title='bbox 2080 2319 2287 2389; x_wconf 89' lang='lat' dir='ltr'><strong>loquor.</strong></span> <span class='ocrx_word' id='word_1_689' title='bbox 2314 2320 2612 2391; x_wconf 89' lang='lat' dir='ltr'><strong>lntelligunt</strong></span> <span class='ocrx_word' id='word_1_690' title='bbox 2637 2322 2725 2392; x_wconf 92' lang='lat' dir='ltr'><strong>qui</strong></span> <span class='ocrx_word' id='word_1_691' title='bbox 2758 2332 2991 2393; x_wconf 87' lang='lat' dir='ltr'><strong>pugnant</strong></span> <span class='ocrx_word' id='word_1_692' title='bbox 3020 2303 3168 2378; x_wconf 67' lang='lat' dir='ltr'><strong>:iton</strong></span> <span class='ocrx_word' id='word_1_693' title='bbox 3191 2340 3277 2379; x_wconf 87' lang='lat' dir='ltr'><strong>me</strong></span> <span class='ocrx_word' id='word_1_694' title='bbox 3306 2325 3551 2396; x_wconf 84' lang='lat' dir='ltr'><strong>intelligit</strong></span> <span class='ocrx_word' id='word_1_695' title='bbox 3572 2329 3659 2397; x_wconf 90' lang='lat' dir='ltr'><strong>qui</strong></span> 
     </span>
    </p>
   </div>
   <div class='ocr_carea' id='block_1_85' title="bbox 2080 2414 3658 2487">
    <p class='ocr_par' dir='ltr' id='par_1_85' title="bbox 2080 2414 3658 2487">
     <span class='ocr_line' id='line_1_85' title="bbox 2080 2414 3658 2487; baseline 0.005 -22"><span class='ocrx_word' id='word_1_696' title='bbox 2080 2428 2183 2467; x_wconf 90' lang='lat' dir='ltr'><strong>non</strong></span> <span class='ocrx_word' id='word_1_697' title='bbox 2218 2423 2429 2484; x_wconf 82' lang='lat' dir='ltr'><strong>pugnat.</strong></span> <span class='ocrx_word' id='word_1_698' title='bbox 2460 2414 2589 2468; x_wconf 90' lang='lat' dir='ltr'><strong>Nam</strong></span> <span class='ocrx_word' id='word_1_699' title='bbox 2618 2414 2705 2483; x_wconf 92' lang='lat' dir='ltr'><strong>qui</strong></span> <span class='ocrx_word' id='word_1_700' title='bbox 2732 2424 2947 2485; x_wconf 84' lang='lat' dir='ltr'><strong>pugnat,</strong></span> <span class='ocrx_word' id='word_1_701' title='bbox 2990 2429 3095 2469; x_wconf 89' lang='lat' dir='ltr'><strong>non</strong></span> <span class='ocrx_word' id='word_1_702' title='bbox 3123 2416 3243 2470; x_wconf 90' lang='lat' dir='ltr'><strong>dico</strong></span> <span class='ocrx_word' id='word_1_703' title='bbox 3284 2417 3525 2487; x_wconf 88' lang='lat' dir='ltr'><strong>intelligit</strong></span> <span class='ocrx_word' id='word_1_704' title='bbox 3552 2433 3658 2485; x_wconf 91' lang='lat' dir='ltr'><strong>me,</strong></span> 
     </span>
    </p>
   </div>
   <div class='ocr_carea' id='block_1_86' title="bbox 2081 2501 3663 2573">
    <p class='ocr_par' dir='ltr' id='par_1_86' title="bbox 2081 2501 3663 2573">
     <span class='ocr_line' id='line_1_86' title="bbox 2081 2501 3663 2573; baseline 0.004 -17"><span class='ocrx_word' id='word_1_705' title='bbox 2081 2501 2173 2556; x_wconf 88' lang='lat' dir='ltr'><strong>sed</strong></span> <span class='ocrx_word' id='word_1_706' title='bbox 2205 2504 2461 2571; x_wconf 78' lang='lat' dir='ltr'><strong>praevenit</strong></span> <span class='ocrx_word' id='word_1_707' title='bbox 2499 2519 2605 2558; x_wconf 92' lang='lat' dir='ltr'><strong>me.</strong></span> <span class='ocrx_word' id='word_1_708' title='bbox 2642 2504 2780 2570; x_wconf 89' lang='lat' dir='ltr'><strong>Quid</strong></span> <span class='ocrx_word' id='word_1_709' title='bbox 2825 2504 2939 2557; x_wconf 86' lang='lat' dir='ltr'><strong>vult.</strong></span> <span class='ocrx_word' id='word_1_710' title='bbox 2966 2503 3127 2559; x_wconf 89' lang='lat' dir='ltr'><strong>homo</strong></span> <span class='ocrx_word' id='word_1_711' title='bbox 3161 2506 3372 2573; x_wconf 85' lang='lat' dir='ltr'><strong>castus?</strong></span> <span class='ocrx_word' id='word_1_712' title='bbox 3413 2506 3480 2562; x_wconf 88' lang='lat' dir='ltr'><strong>Ut</strong></span> <span class='ocrx_word' id='word_1_713' title='bbox 3521 2508 3663 2562; x_wconf 77' lang='lat' dir='ltr'><strong>nulla</strong></span> 
     </span>
    </p>
   </div>
   <div class='ocr_carea' id='block_1_87' title="bbox 2078 2594 3664 2665">
    <p class='ocr_par' dir='ltr' id='par_1_87' title="bbox 2078 2594 3664 2665">
     <span class='ocr_line' id='line_1_87' title="bbox 2078 2594 3664 2665; baseline 0.003 -18"><span class='ocrx_word' id='word_1_714' title='bbox 2078 2594 2298 2649; x_wconf 88' lang='lat' dir='ltr'><strong>omnino</strong></span> <span class='ocrx_word' id='word_1_715' title='bbox 2337 2603 2517 2664; x_wconf 88' lang='lat' dir='ltr'><strong>surgat</strong></span> <span class='ocrx_word' id='word_1_716' title='bbox 2559 2596 2609 2649; x_wconf 92' lang='lat' dir='ltr'><strong>in</strong></span> <span class='ocrx_word' id='word_1_717' title='bbox 2656 2594 2910 2650; x_wconf 88' lang='lat' dir='ltr'><strong>membris</strong></span> <span class='ocrx_word' id='word_1_718' title='bbox 2944 2596 3059 2664; x_wconf 83' lang='lat' dir='ltr'><strong>ejus</strong></span> <span class='ocrx_word' id='word_1_719' title='bbox 3101 2597 3528 2665; x_wconf 85' lang='lat' dir='ltr'><strong>concupiscentia</strong></span> <span class='ocrx_word' id='word_1_720' title='bbox 3566 2596 3664 2652; x_wconf 85' lang='lat' dir='ltr'><strong>ad-</strong></span> 
     </span>
    </p>
   </div>
   <div class='ocr_carea' id='block_1_88' title="bbox 2079 2686 3661 2767">
    <p class='ocr_par' dir='ltr' id='par_1_88' title="bbox 2079 2686 3661 2767">
     <span class='ocr_line' id='line_1_88' title="bbox 2079 2686 3661 2767; baseline 0.003 -29"><span class='ocrx_word' id='word_1_721' title='bbox 2079 2687 2309 2739; x_wconf 81' lang='lat' dir='ltr'><strong>versaria</strong></span> <span class='ocrx_word' id='word_1_722' title='bbox 2355 2687 2602 2742; x_wconf 87' lang='lat' dir='ltr'><strong>castitati.</strong></span> <span class='ocrx_word' id='word_1_723' title='bbox 2648 2687 2837 2741; x_wconf 88' lang='lat' dir='ltr'><strong>Pacem</strong></span> <span class='ocrx_word' id='word_1_724' title='bbox 2885 2687 3016 2753; x_wconf 91' lang='lat' dir='ltr'><strong>vult,</strong></span> <span class='ocrx_word' id='word_1_725' title='bbox 3058 2686 3433 2767; x_wconf 3' lang='lat' dir='ltr'><strong>sedpnondum</strong></span> <span class='ocrx_word' id='word_1_726' title='bbox 3483 2688 3661 2745; x_wconf 90' lang='lat' dir='ltr'><strong>habet.</strong></span> 
     </span>
    </p>
   </div>
   <div class='ocr_carea' id='block_1_89' title="bbox 2077 2769 3663 2839">
    <p class='ocr_par' dir='ltr' id='par_1_89' title="bbox 2077 2769 3663 2839">
     <span class='ocr_line' id='line_1_89' title="bbox 2077 2769 3663 2839; baseline 0.004 -18"><span class='ocrx_word' id='word_1_727' title='bbox 2077 2769 2301 2836; x_wconf 89' lang='lat' dir='ltr'><strong>Quando</strong></span> <span class='ocrx_word' id='word_1_728' title='bbox 2348 2771 2491 2825; x_wconf 91' lang='lat' dir='ltr'><strong>enim</strong></span> <span class='ocrx_word' id='word_1_729' title='bbox 2560 2772 2625 2825; x_wconf 91' lang='lat' dir='ltr'><strong>ad</strong></span> <span class='ocrx_word' id='word_1_730' title='bbox 2674 2771 2803 2825; x_wconf 91' lang='lat' dir='ltr'><strong>illud</strong></span> <span class='ocrx_word' id='word_1_731' title='bbox 2864 2780 3077 2825; x_wconf 88' lang='lat' dir='ltr'><strong>ventum</strong></span> <span class='ocrx_word' id='word_1_732' title='bbox 3131 2771 3325 2839; x_wconf 81' lang='lat' dir='ltr'><strong>fuerit,</strong></span> <span class='ocrx_word' id='word_1_733' title='bbox 3379 2773 3469 2827; x_wconf 93' lang='lat' dir='ltr'><strong>ubi</strong></span> <span class='ocrx_word' id='word_1_734' title='bbox 3518 2775 3663 2829; x_wconf 86' lang='lat' dir='ltr'><strong>nulla</strong></span> 
     </span>
    </p>
   </div>
   <div class='ocr_carea' id='block_1_90' title="bbox 2079 2862 3664 2932">
    <p class='ocr_par' dir='ltr' id='par_1_90' title="bbox 2079 2862 3664 2932">
     <span class='ocr_line' id='line_1_90' title="bbox 2079 2862 3664 2932; baseline 0.004 -19"><span class='ocrx_word' id='word_1_735' title='bbox 2079 2862 2296 2916; x_wconf 89' lang='lat' dir='ltr'><strong>omnino</strong></span> <span class='ocrx_word' id='word_1_736' title='bbox 2334 2871 2584 2932; x_wconf 87' lang='lat' dir='ltr'><strong>exsurgat</strong></span> <span class='ocrx_word' id='word_1_737' title='bbox 2620 2863 3046 2932; x_wconf 82' lang='lat' dir='ltr'><strong>concupiscentia</strong></span> <span class='ocrx_word' id='word_1_738' title='bbox 3087 2862 3444 2930; x_wconf 80' lang='lat' dir='ltr'><strong>adversanda,</strong></span> <span class='ocrx_word' id='word_1_739' title='bbox 3490 2865 3664 2920; x_wconf 91' lang='lat' dir='ltr'><strong>nullus</strong></span> 
     </span>
    </p>
   </div>
   <div class='ocr_carea' id='block_1_91' title="bbox 2077 2952 3663 3023">
    <p class='ocr_par' dir='ltr' id='par_1_91' title="bbox 2077 2952 3663 3023">
     <span class='ocr_line' id='line_1_91' title="bbox 2077 2952 3663 3023; baseline 0.005 -18"><span class='ocrx_word' id='word_1_740' title='bbox 2077 2954 2179 3005; x_wconf 87' lang='lat' dir='ltr'><strong>erit</strong></span> <span class='ocrx_word' id='word_1_741' title='bbox 2213 2952 2379 3007; x_wconf 88' lang='lat' dir='ltr'><strong>hostis</strong></span> <span class='ocrx_word' id='word_1_742' title='bbox 2413 2967 2533 3007; x_wconf 91' lang='lat' dir='ltr'><strong>cum</strong></span> <span class='ocrx_word' id='word_1_743' title='bbox 2575 2968 2681 3022; x_wconf 87' lang='lat' dir='ltr'><strong>quo</strong></span> <span class='ocrx_word' id='word_1_744' title='bbox 2727 2954 3020 3019; x_wconf 86' lang='lat' dir='ltr'><strong>laetemur;</strong></span> <span class='ocrx_word' id='word_1_745' title='bbox 3076 2968 3173 3008; x_wconf 90' lang='lat' dir='ltr'><strong>nec</strong></span> <span class='ocrx_word' id='word_1_746' title='bbox 3213 2964 3551 3023; x_wconf 87' lang='lat' dir='ltr'><strong>exspectatur</strong></span> <span class='ocrx_word' id='word_1_747' title='bbox 3592 2957 3663 3013; x_wconf 89' lang='lat' dir='ltr'><strong>ibi</strong></span> 
     </span>
    </p>
   </div>
   <div class='ocr_carea' id='block_1_92' title="bbox 2076 3040 3662 3114">
    <p class='ocr_par' dir='ltr' id='par_1_92' title="bbox 2076 3040 3662 3114">
     <span class='ocr_line' id='line_1_92' title="bbox 2076 3040 3662 3114; baseline 0.005 -19"><span class='ocrx_word' id='word_1_748' title='bbox 2076 3040 2319 3108; x_wconf 77' lang='lat' dir='ltr'><strong>victoria,</strong></span> <span class='ocrx_word' id='word_1_749' title='bbox 2358 3044 2479 3112; x_wconf 86' lang='lat' dir='ltr'><strong>quia</strong></span> <span class='ocrx_word' id='word_1_750' title='bbox 2516 3043 2582 3097; x_wconf 91' lang='lat' dir='ltr'><strong>de</strong></span> <span class='ocrx_word' id='word_1_751' title='bbox 2612 3043 2761 3098; x_wconf 83' lang='lat' dir='ltr'><strong>hoste</strong></span> <span class='ocrx_word' id='word_1_752' title='bbox 2799 3043 2907 3111; x_wconf 87' lang='lat' dir='ltr'><strong>jam</strong></span> <span class='ocrx_word' id='word_1_753' title='bbox 2937 3044 3077 3099; x_wconf 88' lang='lat' dir='ltr'><strong>victo</strong></span> <span class='ocrx_word' id='word_1_754' title='bbox 3115 3044 3484 3114; x_wconf 84' lang='lat' dir='ltr'><strong>triumphatur.</strong></span> <span class='ocrx_word' id='word_1_755' title='bbox 3525 3046 3662 3103; x_wconf 90' lang='lat' dir='ltr'><strong>Audi</strong></span> 
     </span>
    </p>
   </div>
   <div class='ocr_carea' id='block_1_93' title="bbox 2078 3132 3660 3205">
    <p class='ocr_par' dir='ltr' id='par_1_93' title="bbox 2078 3132 3660 3205">
     <span class='ocr_line' id='line_1_93' title="bbox 2078 3132 3660 3205; baseline 0.003 -19"><span class='ocrx_word' id='word_1_756' title='bbox 2078 3132 2245 3202; x_wconf 85' lang='lat' dir='ltr'><strong>ipsam</strong></span> <span class='ocrx_word' id='word_1_757' title='bbox 2284 3133 2578 3198; x_wconf 73' lang='lat' dir='ltr'><strong>victoriam,</strong></span> <span class='ocrx_word' id='word_1_758' title='bbox 2614 3133 2728 3201; x_wconf 91' lang='lat' dir='ltr'><strong>ipso</strong></span> <span class='ocrx_word' id='word_1_759' title='bbox 2758 3134 3014 3203; x_wconf 89' lang='lat' dir='ltr'><strong>Apostolo</strong></span> <span class='ocrx_word' id='word_1_760' title='bbox 3040 3132 3268 3198; x_wconf 90' lang='lat' dir='ltr'><strong>dicente,</strong></span> <span class='ocrx_word' id='word_1_761' title='bbox 3308 3133 3517 3205; x_wconf 85' lang='lat' dir='ltr'><strong>Oportet</strong></span> <span class='ocrx_word' id='word_1_762' title='bbox 3543 3152 3660 3190; x_wconf 90' lang='lat' dir='ltr'><strong>cor-</strong></span> 
     </span>
    </p>
   </div>
   <div class='ocr_carea' id='block_1_94' title="bbox 2076 3222 3662 3295">
    <p class='ocr_par' dir='ltr' id='par_1_94' title="bbox 2076 3222 3662 3295">
     <span class='ocr_line' id='line_1_94' title="bbox 2076 3222 3662 3295; baseline 0.003 -19"><span class='ocrx_word' id='word_1_763' title='bbox 2076 3223 2311 3293; x_wconf 86' lang='lat' dir='ltr'><strong>ruptibile</strong></span> <span class='ocrx_word' id='word_1_764' title='bbox 2339 3222 2431 3276; x_wconf 80' lang='lat' dir='ltr'><strong>Itoc</strong></span> <span class='ocrx_word' id='word_1_765' title='bbox 2460 3223 2664 3277; x_wconf 86' lang='lat' dir='ltr'><strong>induere</strong></span> <span class='ocrx_word' id='word_1_766' title='bbox 2694 3223 3136 3295; x_wconf 84' lang='lat' dir='ltr'><strong>incorruptionem,</strong></span> <span class='ocrx_word' id='word_1_767' title='bbox 3165 3232 3211 3277; x_wconf 86' lang='lat' dir='ltr'><strong>et</strong></span> <span class='ocrx_word' id='word_1_768' title='bbox 3232 3226 3443 3279; x_wconf 83' lang='lat' dir='ltr'><strong>mortale</strong></span> <span class='ocrx_word' id='word_1_769' title='bbox 3471 3226 3565 3280; x_wconf 78' lang='lat' dir='ltr'><strong>hoc</strong></span> <span class='ocrx_word' id='word_1_770' title='bbox 3584 3228 3662 3281; x_wconf 80' lang='lat' dir='ltr'><strong>in-</strong></span> 
     </span>
    </p>
   </div>
   <div class='ocr_carea' id='block_1_95' title="bbox 2077 3310 3662 3385">
    <p class='ocr_par' dir='ltr' id='par_1_95' title="bbox 2077 3310 3662 3385">
     <span class='ocr_line' id='line_1_95' title="bbox 2077 3310 3662 3385; baseline 0.003 -20"><span class='ocrx_word' id='word_1_771' title='bbox 2077 3313 2231 3366; x_wconf 89' lang='lat' dir='ltr'><strong>duere</strong></span> <span class='ocrx_word' id='word_1_772' title='bbox 2260 3313 2709 3365; x_wconf 88' lang='lat' dir='ltr'><strong>immortalitatem.</strong></span> <span class='ocrx_word' id='word_1_773' title='bbox 2740 3310 2865 3365; x_wconf 88' lang='lat' dir='ltr'><strong>Cum</strong></span> <span class='ocrx_word' id='word_1_774' title='bbox 2896 3320 3064 3366; x_wconf 89' lang='lat' dir='ltr'><strong>autem</strong></span> <span class='ocrx_word' id='word_1_775' title='bbox 3110 3315 3437 3385; x_wconf 83' lang='lat' dir='ltr'><strong>corruptibile</strong></span> <span class='ocrx_word' id='word_1_776' title='bbox 3460 3315 3554 3370; x_wconf 84' lang='lat' dir='ltr'><strong>hoc</strong></span> <span class='ocrx_word' id='word_1_777' title='bbox 3580 3318 3662 3370; x_wconf 89' lang='lat' dir='ltr'><strong>in-</strong></span> 
     </span>
    </p>
   </div>
   <div class='ocr_carea' id='block_1_96' title="bbox 2076 3403 3657 3473">
    <p class='ocr_par' dir='ltr' id='par_1_96' title="bbox 2076 3403 3657 3473">
     <span class='ocr_line' id='line_1_96' title="bbox 2076 3403 3657 3473; baseline 0.003 -17"><span class='ocrx_word' id='word_1_778' title='bbox 2076 3404 2238 3457; x_wconf 87' lang='lat' dir='ltr'><strong>duerit</strong></span> <span class='ocrx_word' id='word_1_779' title='bbox 2268 3403 2710 3473; x_wconf 88' lang='lat' dir='ltr'><strong>incorruptionem,</strong></span> <span class='ocrx_word' id='word_1_780' title='bbox 2742 3413 2787 3456; x_wconf 89' lang='lat' dir='ltr'><strong>et</strong></span> <span class='ocrx_word' id='word_1_781' title='bbox 2810 3403 3021 3457; x_wconf 77' lang='lat' dir='ltr'><strong>mortale</strong></span> <span class='ocrx_word' id='word_1_782' title='bbox 3041 3404 3134 3457; x_wconf 87' lang='lat' dir='ltr'><strong>hoc</strong></span> <span class='ocrx_word' id='word_1_783' title='bbox 3154 3404 3371 3458; x_wconf 84' lang='lat' dir='ltr'><strong>induerit</strong></span> <span class='ocrx_word' id='word_1_784' title='bbox 3391 3406 3657 3459; x_wconf 83' lang='lat' dir='ltr'><strong>immorta-</strong></span> 
     </span>
    </p>
   </div>
   <div class='ocr_carea' id='block_1_97' title="bbox 2080 3495 3663 3566">
    <p class='ocr_par' dir='ltr' id='par_1_97' title="bbox 2080 3495 3663 3566">
     <span class='ocr_line' id='line_1_97' title="bbox 2080 3495 3663 3566; baseline 0.001 -16"><span class='ocrx_word' id='word_1_785' title='bbox 2080 3497 2305 3559; x_wconf 88' lang='lat' dir='ltr'><strong>litatem;</strong></span> <span class='ocrx_word' id='word_1_786' title='bbox 2347 3504 2467 3548; x_wconf 88' lang='lat' dir='ltr'><strong>tunc</strong></span> <span class='ocrx_word' id='word_1_787' title='bbox 2504 3496 2587 3563; x_wconf 83' lang='lat' dir='ltr'><strong>[iet</strong></span> <span class='ocrx_word' id='word_1_788' title='bbox 2624 3510 2788 3548; x_wconf 80' lang='lat' dir='ltr'><strong>sermo</strong></span> <span class='ocrx_word' id='word_1_789' title='bbox 2824 3496 2911 3565; x_wconf 90' lang='lat' dir='ltr'><strong>qui</strong></span> <span class='ocrx_word' id='word_1_790' title='bbox 2938 3495 3154 3565; x_wconf 88' lang='lat' dir='ltr'><strong>scriptus</strong></span> <span class='ocrx_word' id='word_1_791' title='bbox 3187 3506 3278 3561; x_wconf 82' lang='lat' dir='ltr'><strong>est,</strong></span> <span class='ocrx_word' id='word_1_792' title='bbox 3312 3498 3564 3566; x_wconf 79' lang='lat' dir='ltr'><strong>Absorpta</strong></span> <span class='ocrx_word' id='word_1_793' title='bbox 3589 3510 3663 3552; x_wconf 88' lang='lat' dir='ltr'><strong>est</strong></span> 
     </span>
    </p>
   </div>
   <div class='ocr_carea' id='block_1_98' title="bbox 2076 3584 3659 3655">
    <p class='ocr_par' dir='ltr' id='par_1_98' title="bbox 2076 3584 3659 3655">
     <span class='ocr_line' id='line_1_98' title="bbox 2076 3584 3659 3655; baseline 0.003 -16"><span class='ocrx_word' id='word_1_794' title='bbox 2076 3604 2212 3641; x_wconf 87' lang='lat' dir='ltr'><strong>mors</strong></span> <span class='ocrx_word' id='word_1_795' title='bbox 2246 3588 2299 3639; x_wconf 89' lang='lat' dir='ltr'><strong>in</strong></span> <span class='ocrx_word' id='word_1_796' title='bbox 2338 3586 2616 3639; x_wconf 84' lang='lat' dir='ltr'><strong>victoriam.</strong></span> <span class='ocrx_word' id='word_1_797' title='bbox 2666 3584 2800 3638; x_wconf 90' lang='lat' dir='ltr'><strong>Audi</strong></span> <span class='ocrx_word' id='word_1_798' title='bbox 2844 3600 3003 3640; x_wconf 88' lang='lat' dir='ltr'><strong>voces</strong></span> <span class='ocrx_word' id='word_1_799' title='bbox 3047 3586 3482 3655; x_wconf 86' lang='lat' dir='ltr'><strong>triumphantium</strong></span> <span class='ocrx_word' id='word_1_800' title='bbox 3514 3606 3526 3640; x_wconf 91' lang='lat'>:</span> <span class='ocrx_word' id='word_1_801' title='bbox 3562 3588 3659 3643; x_wconf 81' lang='lat' dir='ltr'><strong>Ubi</strong></span> 
     </span>
    </p>
   </div>
   <div class='ocr_carea' id='block_1_99' title="bbox 2076 3677 3660 3744">
    <p class='ocr_par' dir='ltr' id='par_1_99' title="bbox 2076 3677 3660 3744">
     <span class='ocr_line' id='line_1_99' title="bbox 2076 3677 3660 3744; baseline 0.001 -13"><span class='ocrx_word' id='word_1_802' title='bbox 2076 3688 2169 3744; x_wconf 86' lang='lat' dir='ltr'><strong>est,</strong></span> <span class='ocrx_word' id='word_1_803' title='bbox 2211 3694 2365 3743; x_wconf 87' lang='lat' dir='ltr'><strong>mors,</strong></span> <span class='ocrx_word' id='word_1_804' title='bbox 2408 3678 2657 3730; x_wconf 83' lang='lat' dir='ltr'><strong>contentio</strong></span> <span class='ocrx_word' id='word_1_805' title='bbox 2701 3678 2832 3729; x_wconf 87' lang='lat' dir='ltr'><strong>tua?</strong></span> <span class='ocrx_word' id='word_1_806' title='bbox 2860 3677 2943 3730; x_wconf 88' lang='lat' dir='ltr'><strong>ubi</strong></span> <span class='ocrx_word' id='word_1_807' title='bbox 2985 3686 3076 3742; x_wconf 84' lang='lat' dir='ltr'><strong>est,</strong></span> <span class='ocrx_word' id='word_1_808' title='bbox 3109 3692 3264 3742; x_wconf 88' lang='lat' dir='ltr'><strong>mors,</strong></span> <span class='ocrx_word' id='word_1_809' title='bbox 3311 3679 3516 3734; x_wconf 80' lang='lat' dir='ltr'><strong>aculeus</strong></span> <span class='ocrx_word' id='word_1_810' title='bbox 3544 3689 3660 3733; x_wconf 86' lang='lat' dir='ltr'><strong>tuus</strong></span> 
     </span>
    </p>
   </div>
   <div class='ocr_carea' id='block_1_100' title="bbox 2076 3768 3657 3840">
    <p class='ocr_par' dir='ltr' id='par_1_100' title="bbox 2076 3768 3657 3840">
     <span class='ocr_line' id='line_1_100' title="bbox 2076 3768 3657 3840; baseline 0.001 -16"><span class='ocrx_word' id='word_1_811' title='bbox 2076 3770 2119 3840; x_wconf 89' lang='lat' dir='ltr'><strong>(l</strong></span> <span class='ocrx_word' id='word_1_812' title='bbox 2146 3769 2264 3824; x_wconf 87' lang='lat' dir='ltr'><strong>Cor.</strong></span> <span class='ocrx_word' id='word_1_813' title='bbox 2296 3786 2388 3835; x_wconf 83' lang='lat' dir='ltr'><strong>xv,</strong></span> <span class='ocrx_word' id='word_1_814' title='bbox 2413 3768 2643 3840; x_wconf 78' lang='lat'><strong>55-55)?</strong></span> <span class='ocrx_word' id='word_1_815' title='bbox 2674 3768 3009 3835; x_wconf 88' lang='lat' dir='ltr'><strong>Pereussisti,</strong></span> <span class='ocrx_word' id='word_1_816' title='bbox 3044 3768 3351 3834; x_wconf 82' lang='lat' dir='ltr'><strong>vulnerasti,</strong></span> <span class='ocrx_word' id='word_1_817' title='bbox 3384 3770 3657 3840; x_wconf 87' lang='lat' dir='ltr'><strong>dejeeisti:</strong></span> 
     </span>
    </p>
   </div>
   <div class='ocr_carea' id='block_1_101' title="bbox 2074 3858 3657 3929">
    <p class='ocr_par' dir='ltr' id='par_1_101' title="bbox 2074 3858 3657 3929">
     <span class='ocr_line' id='line_1_101' title="bbox 2074 3858 3657 3929; baseline -0.001 -12"><span class='ocrx_word' id='word_1_818' title='bbox 2074 3861 2169 3917; x_wconf 89' lang='lat' dir='ltr'><strong>sed</strong></span> <span class='ocrx_word' id='word_1_819' title='bbox 2197 3862 2505 3914; x_wconf 83' lang='lat' dir='ltr'><strong>vulneratus</strong></span> <span class='ocrx_word' id='word_1_820' title='bbox 2534 3869 2617 3915; x_wconf 79' lang='lat' dir='ltr'><strong>est</strong></span> <span class='ocrx_word' id='word_1_821' title='bbox 2656 3874 2750 3929; x_wconf 91' lang='lat' dir='ltr'><strong>pro</strong></span> <span class='ocrx_word' id='word_1_822' title='bbox 2792 3874 2897 3924; x_wconf 86' lang='lat' dir='ltr'><strong>me,</strong></span> <span class='ocrx_word' id='word_1_823' title='bbox 2926 3859 3015 3928; x_wconf 91' lang='lat' dir='ltr'><strong>qui</strong></span> <span class='ocrx_word' id='word_1_824' title='bbox 3053 3858 3177 3914; x_wconf 80' lang='lat' dir='ltr'><strong>fecit</strong></span> <span class='ocrx_word' id='word_1_825' title='bbox 3215 3875 3319 3914; x_wconf 90' lang='lat' dir='ltr'><strong>me.</strong></span> <span class='ocrx_word' id='word_1_826' title='bbox 3352 3861 3396 3915; x_wconf 94' lang='grc' dir='ltr'><strong>Ο</strong></span> <span class='ocrx_word' id='word_1_827' title='bbox 3426 3876 3590 3927; x_wconf 90' lang='lat' dir='ltr'><strong>mors,</strong></span> <span class='ocrx_word' id='word_1_828' title='bbox 3624 3878 3657 3916; x_wconf 93' lang='grc' dir='ltr'>ο</span> 
     </span>
    </p>
   </div>
   <div class='ocr_carea' id='block_1_102' title="bbox 2074 3951 3659 4022">
    <p class='ocr_par' dir='ltr' id='par_1_102' title="bbox 2074 3951 3659 4022">
     <span class='ocr_line' id='line_1_102' title="bbox 2074 3951 3659 4022; baseline 0.001 -14"><span class='ocrx_word' id='word_1_829' title='bbox 2074 3955 2252 4009; x_wconf 85' lang='lat' dir='ltr'><strong>mors!</strong></span> <span class='ocrx_word' id='word_1_830' title='bbox 2282 3953 2583 4008; x_wconf 87' lang='lat' dir='ltr'><strong>vulneratus</strong></span> <span class='ocrx_word' id='word_1_831' title='bbox 2602 3961 2683 4007; x_wconf 88' lang='lat' dir='ltr'><strong>est</strong></span> <span class='ocrx_word' id='word_1_832' title='bbox 2706 3968 2799 4022; x_wconf 92' lang='lat' dir='ltr'><strong>pro</strong></span> <span class='ocrx_word' id='word_1_833' title='bbox 2826 3967 2931 4015; x_wconf 90' lang='lat' dir='ltr'><strong>me,</strong></span> <span class='ocrx_word' id='word_1_834' title='bbox 2950 3951 3037 4021; x_wconf 84' lang='lat' dir='ltr'><strong>qui</strong></span> <span class='ocrx_word' id='word_1_835' title='bbox 3062 3951 3179 4007; x_wconf 81' lang='lat' dir='ltr'><strong>fecit</strong></span> <span class='ocrx_word' id='word_1_836' title='bbox 3196 3967 3301 4019; x_wconf 90' lang='lat' dir='ltr'><strong>me,</strong></span> <span class='ocrx_word' id='word_1_837' title='bbox 3326 3962 3381 4009; x_wconf 89' lang='lat' dir='ltr'><strong>et</strong></span> <span class='ocrx_word' id='word_1_838' title='bbox 3397 3954 3464 4009; x_wconf 91' lang='lat' dir='ltr'><strong>de</strong></span> <span class='ocrx_word' id='word_1_839' title='bbox 3488 3964 3659 4010; x_wconf 90' lang='lat' dir='ltr'><strong>morte</strong></span> 
     </span>
    </p>
   </div>
   <div class='ocr_carea' id='block_1_103' title="bbox 2073 4044 3658 4113">
    <p class='ocr_par' dir='ltr' id='par_1_103' title="bbox 2073 4044 3658 4113">
     <span class='ocr_line' id='line_1_103' title="bbox 2073 4044 3658 4113; baseline -0.001 -12"><span class='ocrx_word' id='word_1_840' title='bbox 2073 4063 2166 4101; x_wconf 90' lang='lat' dir='ltr'><strong>sua</strong></span> <span class='ocrx_word' id='word_1_841' title='bbox 2196 4047 2317 4102; x_wconf 90' lang='lat' dir='ltr'><strong>vicit</strong></span> <span class='ocrx_word' id='word_1_842' title='bbox 2356 4056 2426 4101; x_wconf 92' lang='lat' dir='ltr'><strong>te.</strong></span> <span class='ocrx_word' id='word_1_843' title='bbox 2462 4046 2523 4099; x_wconf 82' lang='lat' dir='ltr'><strong>Et</strong></span> <span class='ocrx_word' id='word_1_844' title='bbox 2559 4055 2683 4099; x_wconf 88' lang='lat' dir='ltr'><strong>tunc</strong></span> <span class='ocrx_word' id='word_1_845' title='bbox 2712 4045 3099 4113; x_wconf 87' lang='lat' dir='ltr'><strong>triumphantes</strong></span> <span class='ocrx_word' id='word_1_846' title='bbox 3137 4044 3328 4101; x_wconf 88' lang='lat' dir='ltr'><strong>dicturi</strong></span> <span class='ocrx_word' id='word_1_847' title='bbox 3365 4057 3525 4101; x_wconf 90' lang='lat' dir='ltr'><strong>sunt:</strong></span> <span class='ocrx_word' id='word_1_848' title='bbox 3559 4047 3658 4102; x_wconf 83' lang='lat' dir='ltr'><strong>Ubi</strong></span> 
     </span>
    </p>
   </div>
   <div class='ocr_carea' id='block_1_104' title="bbox 2075 4136 3657 4202">
    <p class='ocr_par' dir='ltr' id='par_1_104' title="bbox 2075 4136 3657 4202">
     <span class='ocr_line' id='line_1_104' title="bbox 2075 4136 3657 4202; baseline 0.001 -12"><span class='ocrx_word' id='word_1_849' title='bbox 2075 4148 2168 4201; x_wconf 88' lang='lat' dir='ltr'><strong>est,</strong></span> <span class='ocrx_word' id='word_1_850' title='bbox 2203 4154 2357 4202; x_wconf 90' lang='lat' dir='ltr'><strong>mors,</strong></span> <span class='ocrx_word' id='word_1_851' title='bbox 2384 4138 2632 4190; x_wconf 85' lang='lat' dir='ltr'><strong>contentio</strong></span> <span class='ocrx_word' id='word_1_852' title='bbox 2662 4137 2789 4189; x_wconf 82' lang='lat' dir='ltr'><strong>tua?</strong></span> <span class='ocrx_word' id='word_1_853' title='bbox 2817 4137 2900 4189; x_wconf 84' lang='lat' dir='ltr'><strong>ubi</strong></span> <span class='ocrx_word' id='word_1_854' title='bbox 2939 4144 3032 4201; x_wconf 81' lang='lat' dir='ltr'><strong>est,</strong></span> <span class='ocrx_word' id='word_1_855' title='bbox 3069 4152 3223 4201; x_wconf 87' lang='lat' dir='ltr'><strong>mors,</strong></span> <span class='ocrx_word' id='word_1_856' title='bbox 3260 4136 3465 4191; x_wconf 84' lang='lat' dir='ltr'><strong>aculeus</strong></span> <span class='ocrx_word' id='word_1_857' title='bbox 3500 4140 3657 4192; x_wconf 83' lang='lat' dir='ltr'><strong>tuus?</strong></span> 
     </span>
    </p>
   </div>
   <div class='ocr_carea' id='block_1_105' title="bbox 2141 4224 3654 4299">
    <p class='ocr_par' dir='ltr' id='par_1_105' title="bbox 2141 4224 3654 4299">
     <span class='ocr_line' id='line_1_105' title="bbox 2141 4224 3654 4299; baseline -0.001 -16"><span class='ocrx_word' id='word_1_858' title='bbox 2141 4227 2370 4283; x_wconf 84' lang='lat' dir='ltr'><strong>CAPUT</strong></span> <span class='ocrx_word' id='word_1_859' title='bbox 2410 4227 2499 4281; x_wconf 84' lang='lat' dir='ltr'><strong>IX.</strong></span> <span class='ocrx_word' id='word_1_860' title='bbox 2535 4258 2605 4267; x_wconf 91' lang='lat'><strong><em>——</em></strong></span> <span class='ocrx_word' id='word_1_861' title='bbox 2644 4227 2729 4280; x_wconf 78' lang='lat' dir='ltr'><strong>ll.</strong></span> <span class='ocrx_word' id='word_1_862' title='bbox 2777 4224 2897 4279; x_wconf 80' lang='lat' dir='ltr'><strong>Vult</strong></span> <span class='ocrx_word' id='word_1_863' title='bbox 2940 4226 3089 4279; x_wconf 84' lang='lat' dir='ltr'><strong>homo</strong></span> <span class='ocrx_word' id='word_1_864' title='bbox 3130 4242 3230 4280; x_wconf 85' lang='lat' dir='ltr'><strong>non</strong></span> <span class='ocrx_word' id='word_1_865' title='bbox 3268 4243 3372 4282; x_wconf 86' lang='lat' dir='ltr'><strong>esse</strong></span> <span class='ocrx_word' id='word_1_866' title='bbox 3414 4230 3654 4299; x_wconf 83' lang='lat' dir='ltr'><strong>concupi-</strong></span> 
     </span>
    </p>
   </div>
   <div class='ocr_carea' id='block_1_106' title="bbox 2070 4317 3655 4390">
    <p class='ocr_par' dir='ltr' id='par_1_106' title="bbox 2070 4317 3655 4390">
     <span class='ocr_line' id='line_1_106' title="bbox 2070 4317 3655 4390; baseline 0 -15"><span class='ocrx_word' id='word_1_867' title='bbox 2070 4322 2303 4383; x_wconf 86' lang='lat' dir='ltr'><strong>scentias,</strong></span> <span class='ocrx_word' id='word_1_868' title='bbox 2335 4335 2427 4375; x_wconf 77' lang='lat' dir='ltr'><strong>nec</strong></span> <span class='ocrx_word' id='word_1_869' title='bbox 2447 4320 2570 4390; x_wconf 79' lang='lat' dir='ltr'><strong>facit</strong></span> <span class='ocrx_word' id='word_1_870' title='bbox 2594 4320 2727 4390; x_wconf 81' lang='lat' dir='ltr'><strong>quod</strong></span> <span class='ocrx_word' id='word_1_871' title='bbox 2746 4319 2868 4372; x_wconf 74' lang='lat' dir='ltr'><strong>uult.</strong></span> <span class='ocrx_word' id='word_1_872' title='bbox 2894 4317 3050 4373; x_wconf 86' lang='lat' dir='ltr'><strong>Modo</strong></span> <span class='ocrx_word' id='word_1_873' title='bbox 3070 4327 3267 4385; x_wconf 88' lang='lat' dir='ltr'><strong>autem,</strong></span> <span class='ocrx_word' id='word_1_874' title='bbox 3291 4320 3505 4389; x_wconf 87' lang='lat' dir='ltr'><strong>quando</strong></span> <span class='ocrx_word' id='word_1_875' title='bbox 3529 4337 3655 4375; x_wconf 88' lang='lat' dir='ltr'><strong>caro</strong></span> 
     </span>
    </p>
   </div>
   <div class='ocr_carea' id='block_1_107' title="bbox 2070 4410 3654 4482">
    <p class='ocr_par' dir='ltr' id='par_1_107' title="bbox 2070 4410 3654 4482">
     <span class='ocr_line' id='line_1_107' title="bbox 2070 4410 3654 4482; baseline 0.001 -14"><span class='ocrx_word' id='word_1_876' title='bbox 2070 4413 2399 4482; x_wconf 88' lang='lat' dir='ltr'><strong>concupiscit</strong></span> <span class='ocrx_word' id='word_1_877' title='bbox 2435 4412 2692 4465; x_wconf 85' lang='lat' dir='ltr'><strong>adversus</strong></span> <span class='ocrx_word' id='word_1_878' title='bbox 2733 4411 2999 4480; x_wconf 90' lang='lat' dir='ltr'><strong>spiritum,</strong></span> <span class='ocrx_word' id='word_1_879' title='bbox 3046 4420 3103 4466; x_wconf 89' lang='lat' dir='ltr'><strong>et</strong></span> <span class='ocrx_word' id='word_1_880' title='bbox 3144 4410 3361 4480; x_wconf 85' lang='lat' dir='ltr'><strong>spiritus</strong></span> <span class='ocrx_word' id='word_1_881' title='bbox 3396 4412 3654 4469; x_wconf 79' lang='lat' dir='ltr'><strong>adversus</strong></span> 
     </span>
    </p>
   </div>
   <div class='ocr_carea' id='block_1_108' title="bbox 2067 4502 3653 4571">
    <p class='ocr_par' dir='ltr' id='par_1_108' title="bbox 2067 4502 3653 4571">
     <span class='ocr_line' id='line_1_108' title="bbox 2067 4502 3653 4571; baseline 0.001 -13"><span class='ocrx_word' id='word_1_882' title='bbox 2067 4518 2307 4567; x_wconf 88' lang='lat' dir='ltr'><strong>carnem,</strong></span> <span class='ocrx_word' id='word_1_883' title='bbox 2356 4502 2627 4556; x_wconf 84' lang='lat' dir='ltr'><strong>contentio</strong></span> <span class='ocrx_word' id='word_1_884' title='bbox 2685 4502 2869 4555; x_wconf 84' lang='lat' dir='ltr'><strong>mortis</strong></span> <span class='ocrx_word' id='word_1_885' title='bbox 2912 4509 2993 4556; x_wconf 88' lang='lat' dir='ltr'><strong>est</strong></span> <span class='ocrx_word' id='word_1_886' title='bbox 3022 4519 3033 4555; x_wconf 92' lang='lat'>:</span> <span class='ocrx_word' id='word_1_887' title='bbox 3062 4516 3168 4555; x_wconf 86' lang='lat' dir='ltr'><strong>non</strong></span> <span class='ocrx_word' id='word_1_888' title='bbox 3226 4503 3371 4571; x_wconf 90' lang='lat' dir='ltr'><strong>quod</strong></span> <span class='ocrx_word' id='word_1_889' title='bbox 3408 4504 3653 4559; x_wconf 86' lang='lat' dir='ltr'><strong>volumus</strong></span> 
     </span>
    </p>
   </div>
   <div class='ocr_carea' id='block_1_109' title="bbox 2071 4592 3652 4659">
    <p class='ocr_par' dir='ltr' id='par_1_109' title="bbox 2071 4592 3652 4659">
     <span class='ocr_line' id='line_1_109' title="bbox 2071 4592 3652 4659; baseline 0.001 -13"><span class='ocrx_word' id='word_1_890' title='bbox 2071 4594 2311 4649; x_wconf 78' lang='lat' dir='ltr'><strong>facimus.</strong></span> <span class='ocrx_word' id='word_1_891' title='bbox 2344 4595 2558 4659; x_wconf 81' lang='lat' dir='ltr'><strong>Quare?</strong></span> <span class='ocrx_word' id='word_1_892' title='bbox 2593 4593 2726 4659; x_wconf 88' lang='lat' dir='ltr'><strong>Quia</strong></span> <span class='ocrx_word' id='word_1_893' title='bbox 2758 4593 2998 4646; x_wconf 89' lang='lat' dir='ltr'><strong>volmnns</strong></span> <span class='ocrx_word' id='word_1_894' title='bbox 3026 4602 3080 4645; x_wconf 91' lang='lat' dir='ltr'><strong>nt</strong></span> <span class='ocrx_word' id='word_1_895' title='bbox 3120 4593 3278 4647; x_wconf 73' lang='lat' dir='ltr'><strong>nulla:</strong></span> <span class='ocrx_word' id='word_1_896' title='bbox 3308 4592 3413 4647; x_wconf 90' lang='lat' dir='ltr'><strong>sint</strong></span> <span class='ocrx_word' id='word_1_897' title='bbox 3450 4608 3652 4648; x_wconf 85' lang='lat' dir='ltr'><strong>concu-</strong></span> 
     </span>
    </p>
   </div>
   <div class='ocr_carea' id='block_1_110' title="bbox 2067 4682 3647 4755">
    <p class='ocr_par' dir='ltr' id='par_1_110' title="bbox 2067 4682 3647 4755">
     <span class='ocr_line' id='line_1_110' title="bbox 2067 4682 3647 4755; baseline -0.001 -16"><span class='ocrx_word' id='word_1_898' title='bbox 2067 4685 2357 4755; x_wconf 64' lang='lat' dir='ltr'><strong>piscentia},</strong></span> <span class='ocrx_word' id='word_1_899' title='bbox 2391 4685 2482 4738; x_wconf 87' lang='lat' dir='ltr'><strong>sed</strong></span> <span class='ocrx_word' id='word_1_900' title='bbox 2518 4700 2622 4737; x_wconf 88' lang='lat' dir='ltr'><strong>non</strong></span> <span class='ocrx_word' id='word_1_901' title='bbox 2654 4698 2955 4753; x_wconf 90' lang='lat' dir='ltr'><strong>possumus.</strong></span> <span class='ocrx_word' id='word_1_902' title='bbox 2989 4684 3225 4739; x_wconf 76' lang='lat' dir='ltr'><strong>Velimus</strong></span> <span class='ocrx_word' id='word_1_903' title='bbox 3264 4682 3511 4749; x_wconf 86' lang='lat' dir='ltr'><strong>nolimus,</strong></span> <span class='ocrx_word' id='word_1_904' title='bbox 3560 4684 3647 4737; x_wconf 86' lang='lat' dir='ltr'><strong>ha-</strong></span> 
     </span>
    </p>
   </div>
   <div class='ocr_carea' id='block_1_111' title="bbox 2067 4773 3643 4839">
    <p class='ocr_par' dir='ltr' id='par_1_111' title="bbox 2067 4773 3643 4839">
     <span class='ocr_line' id='line_1_111' title="bbox 2067 4773 3643 4839; baseline -0.002 -9"><span class='ocrx_word' id='word_1_905' title='bbox 2067 4776 2253 4830; x_wconf 91' lang='lat' dir='ltr'><strong>bemus</strong></span> <span class='ocrx_word' id='word_1_906' title='bbox 2294 4776 2448 4829; x_wconf 89' lang='lat' dir='ltr'><strong>illas:</strong></span> <span class='ocrx_word' id='word_1_907' title='bbox 2479 4775 2706 4829; x_wconf 89' lang='lat' dir='ltr'><strong>velimus</strong></span> <span class='ocrx_word' id='word_1_908' title='bbox 2734 4775 2983 4836; x_wconf 88' lang='lat' dir='ltr'><strong>nolimus,</strong></span> <span class='ocrx_word' id='word_1_909' title='bbox 3010 4774 3241 4839; x_wconf 86' lang='lat' dir='ltr'><strong>titillant,</strong></span> <span class='ocrx_word' id='word_1_910' title='bbox 3280 4773 3643 4839; x_wconf 86' lang='lat' dir='ltr'><strong>blandiuntur,</strong></span> 
     </span>
    </p>
   </div>
   <div class='ocr_carea' id='block_1_112' title="bbox 2066 4864 3643 4934">
    <p class='ocr_par' dir='ltr' id='par_1_112' title="bbox 2066 4864 3643 4934">
     <span class='ocr_line' id='line_1_112' title="bbox 2066 4864 3643 4934; baseline -0.001 -15"><span class='ocrx_word' id='word_1_911' title='bbox 2066 4866 2357 4928; x_wconf 90' lang='lat' dir='ltr'><strong>stimulant,</strong></span> <span class='ocrx_word' id='word_1_912' title='bbox 2380 4865 2647 4928; x_wconf 79' lang='lat' dir='ltr'><strong>infestant,</strong></span> <span class='ocrx_word' id='word_1_913' title='bbox 2674 4879 2893 4934; x_wconf 88' lang='lat' dir='ltr'><strong>surgere</strong></span> <span class='ocrx_word' id='word_1_914' title='bbox 2917 4865 3119 4917; x_wconf 83' lang='lat' dir='ltr'><strong>volunt.</strong></span> <span class='ocrx_word' id='word_1_915' title='bbox 3145 4864 3481 4930; x_wconf 88' lang='lat' dir='ltr'><strong>Premuntur,</strong></span> <span class='ocrx_word' id='word_1_916' title='bbox 3512 4881 3643 4919; x_wconf 88' lang='lat' dir='ltr'><strong>non-</strong></span> 
     </span>
    </p>
   </div>
   <div class='ocr_carea' id='block_1_113' title="bbox 2064 4954 3640 5025">
    <p class='ocr_par' dir='ltr' id='par_1_113' title="bbox 2064 4954 3640 5025">
     <span class='ocr_line' id='line_1_113' title="bbox 2064 4954 3640 5025; baseline -0.001 -15"><span class='ocrx_word' id='word_1_917' title='bbox 2064 4955 2189 5010; x_wconf 90' lang='lat' dir='ltr'><strong>dum</strong></span> <span class='ocrx_word' id='word_1_918' title='bbox 2216 4956 2654 5024; x_wconf 83' lang='lat' dir='ltr'><strong>exstinguuntur;</strong></span> <span class='ocrx_word' id='word_1_919' title='bbox 2684 4954 2930 5025; x_wconf 87' lang='lat' dir='ltr'><strong>quamdiu</strong></span> <span class='ocrx_word' id='word_1_920' title='bbox 2948 4970 3066 5007; x_wconf 81' lang='lat' dir='ltr'><strong>caro</strong></span> <span class='ocrx_word' id='word_1_921' title='bbox 3088 4954 3392 5022; x_wconf 86' lang='lat' dir='ltr'><strong>concupiscit</strong></span> <span class='ocrx_word' id='word_1_922' title='bbox 3407 4954 3640 5009; x_wconf 79' lang='lat' dir='ltr'><strong>adversus</strong></span> 
     </span>
    </p>
   </div>
   <div class='ocr_carea' id='block_1_114' title="bbox 2061 5044 3641 5117">
    <p class='ocr_par' dir='ltr' id='par_1_114' title="bbox 2061 5044 3641 5117">
     <span class='ocr_line' id='line_1_114' title="bbox 2061 5044 3641 5117; baseline 0.002 -19"><span class='ocrx_word' id='word_1_923' title='bbox 2061 5046 2317 5115; x_wconf 85' lang='lat' dir='ltr'><strong>spiritum,</strong></span> <span class='ocrx_word' id='word_1_924' title='bbox 2359 5056 2406 5098; x_wconf 90' lang='lat' dir='ltr'><strong>et</strong></span> <span class='ocrx_word' id='word_1_925' title='bbox 2448 5046 2655 5117; x_wconf 86' lang='lat' dir='ltr'><strong>spiritus</strong></span> <span class='ocrx_word' id='word_1_926' title='bbox 2696 5044 2931 5099; x_wconf 82' lang='lat' dir='ltr'><strong>adversus</strong></span> <span class='ocrx_word' id='word_1_927' title='bbox 2973 5060 3193 5098; x_wconf 79' lang='lat' dir='ltr'><strong>carnem.</strong></span> <span class='ocrx_word' id='word_1_928' title='bbox 3232 5044 3494 5115; x_wconf 85' lang='lat' dir='ltr'><strong>Numquid</strong></span> <span class='ocrx_word' id='word_1_929' title='bbox 3545 5045 3641 5101; x_wconf 79' lang='lat' dir='ltr'><strong>hoc</strong></span> 
     </span>
    </p>
   </div>
   <div class='ocr_carea' id='block_1_115' title="bbox 2062 5130 3644 5205">
    <p class='ocr_par' dir='ltr' id='par_1_115' title="bbox 2062 5130 3644 5205">
     <span class='ocr_line' id='line_1_115' title="bbox 2062 5130 3644 5205; baseline -0.001 -13"><span class='ocrx_word' id='word_1_930' title='bbox 2062 5130 2221 5192; x_wconf 84' lang='lat' dir='ltr'><strong>etiam</strong></span> <span class='ocrx_word' id='word_1_931' title='bbox 2245 5152 2364 5191; x_wconf 92' lang='lat' dir='ltr'><strong>cum</strong></span> <span class='ocrx_word' id='word_1_932' title='bbox 2392 5146 2633 5191; x_wconf 89' lang='lat' dir='ltr'><strong>mortuus</strong></span> <span class='ocrx_word' id='word_1_933' title='bbox 2660 5136 2815 5190; x_wconf 82' lang='lat' dir='ltr'><strong>fuerit</strong></span> <span class='ocrx_word' id='word_1_934' title='bbox 2844 5134 3041 5189; x_wconf 88' lang='lat' dir='ltr'><strong>homo?</strong></span> <span class='ocrx_word' id='word_1_935' title='bbox 3068 5134 3239 5189; x_wconf 85' lang='lat' dir='ltr'><strong>Absit.</strong></span> <span class='ocrx_word' id='word_1_936' title='bbox 3270 5136 3500 5205; x_wconf 88' lang='lat' dir='ltr'><strong>Deponis</strong></span> <span class='ocrx_word' id='word_1_937' title='bbox 3527 5151 3644 5190; x_wconf 81' lang='lat' dir='ltr'><strong>car-</strong></span> 
     </span>
    </p>
   </div>
   <div class='ocr_carea' id='block_1_116' title="bbox 2066 5226 3643 5298">
    <p class='ocr_par' dir='ltr' id='par_1_116' title="bbox 2066 5226 3643 5298">
     <span class='ocr_line' id='line_1_116' title="bbox 2066 5226 3643 5298; baseline -0.002 -14"><span class='ocrx_word' id='word_1_938' title='bbox 2066 5244 2208 5294; x_wconf 88' lang='lat' dir='ltr'><strong>nem,</strong></span> <span class='ocrx_word' id='word_1_939' title='bbox 2238 5227 2505 5298; x_wconf 91' lang='lat' dir='ltr'><strong>quomodo</strong></span> <span class='ocrx_word' id='word_1_940' title='bbox 2545 5236 2716 5282; x_wconf 91' lang='lat' dir='ltr'><strong>tecum</strong></span> <span class='ocrx_word' id='word_1_941' title='bbox 2747 5226 2912 5280; x_wconf 90' lang='lat' dir='ltr'><strong>trahis</strong></span> <span class='ocrx_word' id='word_1_942' title='bbox 2949 5226 3403 5295; x_wconf 87' lang='lat' dir='ltr'><strong>concupiscentias</strong></span> <span class='ocrx_word' id='word_1_943' title='bbox 3431 5227 3643 5281; x_wconf 82' lang='lat' dir='ltr'><strong>carnis?</strong></span> 
     </span>
    </p>
   </div>
   <div class='ocr_carea' id='block_1_117' title="bbox 2066 5318 3639 5389">
    <p class='ocr_par' dir='ltr' id='par_1_117' title="bbox 2066 5318 3639 5389">
     <span class='ocr_line' id='line_1_117' title="bbox 2066 5318 3639 5389; baseline -0.002 -14"><span class='ocrx_word' id='word_1_944' title='bbox 2066 5320 2171 5375; x_wconf 87' lang='lat' dir='ltr'><strong>Sed</strong></span> <span class='ocrx_word' id='word_1_945' title='bbox 2197 5322 2240 5374; x_wconf 91' lang='lat' dir='ltr'><strong>si</strong></span> <span class='ocrx_word' id='word_1_946' title='bbox 2278 5321 2415 5376; x_wconf 82' lang='lat' dir='ltr'><strong>bene</strong></span> <span class='ocrx_word' id='word_1_947' title='bbox 2452 5319 2715 5389; x_wconf 85' lang='lat' dir='ltr'><strong>pugnasti,</strong></span> <span class='ocrx_word' id='word_1_948' title='bbox 2757 5318 3009 5387; x_wconf 88' lang='lat' dir='ltr'><strong>reciperis</strong></span> <span class='ocrx_word' id='word_1_949' title='bbox 3036 5318 3104 5372; x_wconf 89' lang='lat' dir='ltr'><strong>ad</strong></span> <span class='ocrx_word' id='word_1_950' title='bbox 3144 5319 3399 5388; x_wconf 91' lang='lat' dir='ltr'><strong>quietem.</strong></span> <span class='ocrx_word' id='word_1_951' title='bbox 3434 5320 3510 5374; x_wconf 90' lang='lat' dir='ltr'><strong>De</strong></span> <span class='ocrx_word' id='word_1_952' title='bbox 3535 5334 3639 5388; x_wconf 91' lang='lat' dir='ltr'><strong>qua</strong></span> 
     </span>
    </p>
   </div>
   <div class='ocr_carea' id='block_1_118' title="bbox 2069 5408 3638 5480">
    <p class='ocr_par' dir='ltr' id='par_1_118' title="bbox 2069 5408 3638 5480">
     <span class='ocr_line' id='line_1_118' title="bbox 2069 5408 3638 5480; baseline -0.003 -13"><span class='ocrx_word' id='word_1_953' title='bbox 2069 5412 2247 5467; x_wconf 86' lang='lat' dir='ltr'><strong>ouiele</strong></span> <span class='ocrx_word' id='word_1_954' title='bbox 2293 5410 2629 5465; x_wconf 86' lang='lat' dir='ltr'><strong>coronandus</strong></span> <span class='ocrx_word' id='word_1_955' title='bbox 2673 5424 2751 5474; x_wconf 85' lang='lat' dir='ltr'><strong>es,</strong></span> <span class='ocrx_word' id='word_1_956' title='bbox 2804 5426 2908 5462; x_wconf 92' lang='lat' dir='ltr'><strong>non</strong></span> <span class='ocrx_word' id='word_1_957' title='bbox 2952 5408 3324 5465; x_wconf 83' lang='lat' dir='ltr'><strong>damnandus:</strong></span> <span class='ocrx_word' id='word_1_958' title='bbox 3357 5419 3413 5464; x_wconf 91' lang='lat' dir='ltr'><strong>ut</strong></span> <span class='ocrx_word' id='word_1_959' title='bbox 3454 5419 3638 5480; x_wconf 91' lang='lat' dir='ltr'><strong>postea</strong></span> 
     </span>
    </p>
   </div>
   <div class='ocr_carea' id='block_1_119' title="bbox 2122 5567 2753 5630">
    <p class='ocr_par' dir='ltr' id='par_1_119' title="bbox 2122 5567 2753 5630">
     <span class='ocr_line' id='line_1_119' title="bbox 2122 5567 2753 5630; baseline 0.002 -16"><span class='ocrx_word' id='word_1_960' title='bbox 2122 5571 2137 5630; x_wconf 56' lang='grc' dir='ltr'><strong>ι</strong></span> <span class='ocrx_word' id='word_1_961' title='bbox 2169 5567 2358 5630; x_wconf 81' lang='lat' dir='ltr'><strong>Aliquot</strong></span> <span class='ocrx_word' id='word_1_962' title='bbox 2381 5575 2506 5623; x_wconf 57' lang='lat'><strong>3185.,</strong></span> <span class='ocrx_word' id='word_1_963' title='bbox 2530 5572 2753 5629; x_wconf 81' lang='lat' dir='ltr'><strong>pugnent.</strong></span> 
     </span>
    </p>
   </div>
   <div class='ocr_carea' id='block_1_120' title="bbox 2055 5624 3637 5739">
    <p class='ocr_par' dir='ltr' id='par_1_120' title="bbox 2055 5624 3637 5739">
     <span class='ocr_line' id='line_1_120' title="bbox 2055 5624 3637 5739; baseline 0.001 -62"><span class='ocrx_word' id='word_1_964' title='bbox 2055 5629 2193 5739; x_wconf 66' lang='lat' dir='ltr'><strong>w(a)</strong></span> <span class='ocrx_word' id='word_1_965' title='bbox 2207 5624 2330 5739; x_wconf 55' lang='lat' dir='ltr'><strong>giae</strong></span> <span class='ocrx_word' id='word_1_966' title='bbox 2360 5624 2615 5691; x_wconf 67' lang='lat' dir='ltr'><strong>incipiebai</strong></span> <span class='ocrx_word' id='word_1_967' title='bbox 2640 5634 2869 5677; x_wconf 83' lang='lat' dir='ltr'><strong>tractatus</strong></span> <span class='ocrx_word' id='word_1_968' title='bbox 2902 5626 2964 5675; x_wconf 92' lang='lat' dir='ltr'><strong>de</strong></span> <span class='ocrx_word' id='word_1_969' title='bbox 2998 5633 3160 5697; x_wconf 79' lang='lat' dir='ltr'><strong>Pugna</strong></span> <span class='ocrx_word' id='word_1_970' title='bbox 3192 5628 3396 5690; x_wconf 65' lang='lat' dir='ltr'><strong>animae,</strong></span> <span class='ocrx_word' id='word_1_971' title='bbox 3435 5624 3548 5677; x_wconf 85' lang='lat' dir='ltr'><strong>olim</strong></span> <span class='ocrx_word' id='word_1_972' title='bbox 3586 5626 3637 5678; x_wconf 82' lang='lat' dir='ltr'><strong>iu</strong></span> 
     </span>
     <span class='ocr_line' id='line_1_121' title="bbox 2108 5703 2253 5739; baseline 0.014 -2"><span class='ocrx_word' id='word_1_973' title='bbox 2108 5703 2185 5737; x_wconf 91' lang='lat' dir='ltr'><strong>mo</strong></span> <span class='ocrx_word' id='word_1_974' title='bbox 2242 5724 2253 5739; x_wconf 92' lang='lat'><strong>.</strong></span> 
     </span>
    </p>
   </div>
   <div class='ocr_carea' id='block_1_121' title="bbox 3626 5796 3669 5815">
    <p class='ocr_par' dir='ltr' id='par_1_121' title="bbox 3626 5796 3669 5815">
     <span class='ocr_line' id='line_1_122' title="bbox 3626 5796 3669 5815; baseline 0 -4"><span class='ocrx_word' id='word_1_975' title='bbox 3626 5796 3669 5815; x_wconf 60' lang='grc' dir='ltr'><strong>η’-</strong></span> 
     </span>
    </p>
   </div>
  </div>
