4098 6310
445 329 566 388 Ἥξ)

455 440 762 515 perducaris
783 437 848 496 ad
873 453 1112 512 regnum.
1132 437 1272 508 Ergo
1300 435 1549 508 quamdiu
1569 435 1656 499 hic
1677 435 1892 500 vivitur,
1924 433 2030 487 fra-

458 546 590 602 tres,
617 534 695 590 sic
720 541 803 588 est
827 550 840 588 :
869 531 946 586 sic
970 541 1023 585 et
1051 544 1148 584 nos
1172 531 1260 600 qui
1284 529 1557 583 senuimus
1576 526 1654 601 (a)
1682 528 1735 581 in
1759 525 1859 580 ista
1894 523 2036 579 mili-

455 625 550 692 tia,
573 624 807 679 minores
831 619 1044 692 quidem
1072 620 1250 675 hostes
1277 619 1567 674 habemus:
1598 618 1688 674 sed
1721 626 1898 672 tamen
1937 616 2032 668 ha-

456 717 667 773 bemus.
697 713 921 785 Faligati
947 721 1070 769 sunt
1101 711 1330 782 quodam
1350 710 1506 765 modo
1528 712 1706 765 hostes
1728 708 1897 763 nostri
1918 707 2027 776 jam

455 806 616 861 etiam
635 821 729 876 per
742 813 949 860 aetatem
970 821 982 856 :
1000 801 1093 858 sed
1119 809 1290 857 tamen
1309 803 1467 857 etiam
1487 801 1682 871 fatigati
1701 815 1804 854 non
1823 804 2035 853 cessant

458 896 936 966 qualibuscumque
985 893 1215 948 meiibus
1263 891 1515 946 infestare
1553 889 1841 946 senectutis
1888 887 2036 957 quie-

457 997 588 1044 tem.
615 988 804 1043 Acrior
831 1001 1003 1058 pugna
1023 985 1276 1056 iuvenum
1306 995 1382 1038 est
1413 1001 1425 1037 :
1456 981 1698 1037 novimus
1725 995 1864 1045 eam,
1895 988 2039 1032 tran-

457 1080 677 1134 sivimus
707 1094 802 1150 per
829 1092 968 1133 eam.
1000 1075 1130 1132 Caro
1151 1091 1278 1148 ergo
1303 1073 1605 1147 concupiscit
1627 1073 1865 1126 adversus
1887 1069 2040 1142 spiri-

459 1180 587 1238 tum,
626 1180 673 1225 et
701 1171 906 1240 spiritus
943 1169 1178 1224 adversus
1203 1184 1446 1234 carnem;
1471 1175 1525 1219 ut
1564 1182 1662 1219 non
1701 1180 1759 1218 ea
1783 1178 1895 1235 qua:
1923 1159 2036 1215 vul-

457 1264 541 1328 tis,
568 1263 784 1335 faciatis.
813 1260 950 1329 Quid
978 1260 1118 1314 enim
1148 1259 1327 1324 vultis,
1353 1273 1386 1314 o
1409 1257 1599 1322 sancti,
1623 1271 1654 1310 0
1682 1255 1806 1309 boni
1834 1251 2039 1323 prmlia—

410 1361 412 1363 ’
458 1363 628 1419 tores,
658 1367 691 1407 0
731 1352 894 1406 fortes
925 1352 1117 1406 milites
1159 1348 1388 1404 Christi?
1430 1347 1556 1419 quid
1586 1345 1785 1400 vultis?
1829 1343 1898 1400 Ut
1933 1357 2038 1396 non

457 1447 568 1503 sint
589 1445 807 1502 omnino
835 1442 1275 1512 concupiscentia:
1307 1440 1480 1494 malae.
1522 1438 1627 1494 Sed
1661 1454 1762 1492 non
1792 1436 2034 1506 potestis.

457 1536 720 1592 Exercete
743 1533 962 1600 bellum,
989 1543 1202 1603 sperate
1225 1530 1568 1601 triumphum.
1601 1528 1752 1583 Modo
1779 1527 1919 1582 enim
1954 1527 2038 1580 in-

457 1627 616 1682 terim
644 1632 927 1695 pugnatur.
959 1623 1088 1677 Caro
1109 1621 1417 1690 concupiscit
1445 1619 1684 1673 adversus
1711 1617 1964 1688 spiritum,
1989 1623 2040 1670 et

457 1718 670 1789 spiritus
697 1716 935 1770 adversus
957 1730 1195 1778 carnem;
1225 1722 1279 1766 ut
1313 1729 1412 1766 non
1455 1728 1512 1766 ea
1538 1727 1649 1782 qua:
1673 1710 1840 1774 vultis,
1875 1708 2038 1780 {acia-

458 1812 523 1865 tis
559 1826 577 1865 :
620 1807 675 1865 id
729 1816 842 1877 est,
888 1816 945 1862 ut
995 1807 1215 1862 omnino
1255 1804 1416 1860 nulla:
1462 1804 1567 1858 sint
1599 1800 2040 1872 concupiscentiae

458 1915 753 2046 “Error
790 1985 859 2042 Χ.
882 1986 1057 2040 ~12.
1102 1941 1444 2057 Pugnamium
1476 2001 1540 2039 ne
1567 1993 1740 2055 regnet.
1760 1992 2036 2055 peccatum.

458 2079 616 2134 Arma
636 2089 821 2132 nostra.
854 2075 1084 2131 Potestas
1124 2076 1264 2131 nobis
1292 2075 1431 2129 data.
1461 2074 1568 2130 Sed
1601 2075 1757 2129 facite
1781 2073 1920 2144 quod
1949 2088 2036 2142 po-

459 2172 647 2237 testis;
674 2166 815 2240 qnod
842 2169 916 2223 ait
946 2168 1059 2238 ipse
1102 2168 1383 2238 Apostolus
1415 2167 1518 2221 alio
1551 2167 1688 2235 loco,
1716 2167 1857 2236 quod
1890 2181 2040 2221 com-

459 2275 760 2318 memorare
786 2260 896 2329 jam
927 2273 1196 2328 coeperam
1229 2275 1243 2310 :
1274 2256 1394 2311 Non
1421 2265 1589 2328 regnet
1614 2266 1867 2328 peccatum
1896 2257 1948 2310 in
1971 2273 2044 2310 vc-

458 2361 564 2407 stro
610 2351 814 2405 mortali
856 2365 1085 2420 corpore,
1131 2348 1200 2401 ad
1241 2346 1571 2402 obedientium
1616 2347 1874 2402 desideriis
1911 2350 2039 2418 ejus.

458 2439 600 2498 Ecca:
642 2439 782 2512 quod
821 2439 984 2505 nolo;
1018 2439 1152 2494 mala
1194 2437 1456 2494 desideria
1496 2448 1718 2508 surgunt
1750 2455 1764 2492 :
1797 2437 1890 2492 sed
1934 2438 2043 2492 noli

460 2515 700 2587 obedire.
733 2533 894 2586 Arma
928 2539 999 2593 te,
1041 2544 1192 2584 sume
1221 2529 1570 2583 instrumenta
1601 2529 1876 2583 bellorum.
1902 2528 2045 2583 Prae-

459 2633 615 2693 cepta
639 2621 755 2690 Dei,
783 2637 929 2675 arma
958 2629 1044 2674 tua
1075 2631 1220 2674 sunt.
1248 2619 1303 2674 Si
1335 2619 1470 2674 bene
1499 2635 1583 2674 me
1607 2619 1774 2684 audis,
1805 2627 1860 2674 et
1885 2635 1950 2674 ex
1979 2635 2044 2674 eo

459 2714 602 2785 quod
630 2713 820 2784 loquor
844 2712 1089 2767 armaris.
1135 2709 1279 2778 Non,
1307 2711 1498 2782 inquit,
1521 2720 1690 2780 regnet
1720 2720 1971 2780 peccatum
1993 2712 2045 2765 in

461 2819 622 2862 vestro
647 2805 850 2862 mortali
867 2821 1094 2875 corpore.
1127 2803 1385 2870 Quamdiu
1413 2803 1556 2858 enim
1575 2804 1798 2874 portatis
1823 2803 2045 2859 mortale

463 2914 679 2969 corpus,
713 2906 911 2969 pugnat
937 2904 1120 2952 contra
1144 2910 1237 2950 vos
1265 2905 1537 2966 peccatum
1567 2912 1580 2948 :
1613 2894 1705 2950 sed
1732 2911 1829 2948 non
1854 2906 2042 2965 regnet.

463 2991 599 3058 Quid
626 2999 728 3058 est,
762 3007 862 3044 non
899 2989 1114 3059 regnet?
1143 2987 1199 3042 Id
1233 2996 1334 3054 est,
1371 2987 1438 3041 ad
1479 2985 1809 3040 obedientium
1846 2987 2044 3042 deside-

465 3082 556 3136 riis
593 3081 723 3148 eius.
768 3079 823 3134 Si
865 3077 1135 3148 coeperitis
1177 3076 1414 3143 obedire,
1459 3086 1662 3146 regnat.
1705 3077 1771 3131 Et
1799 3078 1924 3148 quid
1965 3087 2047 3133 est

469 3170 710 3238 obedire,
737 3169 839 3225 nisi
867 3177 926 3224 ut
952 3169 1224 3223 exlaibeatis
1248 3169 1466 3222 membra
1491 3177 1653 3222 vestra
1677 3184 1818 3222 arma
1865 3169 2049 3240 iniqui-

470 3267 587 3321 tatis
629 3274 830 3338 peccato
879 3263 1056 3332 (Rom.
1094 3280 1166 3330 v1,
1203 3263 1290 3328 12,
1327 3263 1460 3334 I5)?
1506 3262 1643 3317 Nihil
1687 3263 1786 3317 hoc
1830 3263 2048 3320 doctore

461 3356 794 3428 praeclarius.
823 3353 961 3425 Quid
989 3355 1071 3409 vis
1093 3354 1204 3425 jam
1234 3363 1294 3408 ut
1318 3369 1577 3423 exponam
1618 3353 1748 3408 tibi?
1777 3354 1883 3410 Fac
1905 3354 2046 3424 quod

468 3449 682 3504 audisti.
722 3447 837 3502 Non
880 3445 1136 3502 exhibeas
1181 3445 1418 3502 membra
1447 3456 1533 3499 tua
1567 3459 1714 3499 arma
1756 3443 2048 3516 iniquitatis

467 3549 709 3614 peccato.
761 3538 918 3594 Dedit
968 3537 1062 3592 tibi
1107 3537 1249 3591 Dens
1291 3543 1602 3606 potestatem
1649 3551 1744 3605 per
1794 3535 2047 3606 Spiritum

468 3649 645 3697 suum,
677 3640 734 3687 ut
771 3631 1009 3687 membra
1040 3639 1128 3684 tua
1168 3639 1367 3685 teneas.
1408 3628 1581 3699 Surgit
1621 3629 1809 3697 libido,
1840 3639 1962 3687 tene
1994 3641 2048 3687 tu

467 3724 748 3781 membra:
779 3722 905 3794 quid
952 3723 1152 3797 factura
1195 3730 1276 3775 est
1322 3735 1439 3790 qua:
1487 3722 1753 3776 surrexit?
1801 3723 1879 3776 Tu
1928 3732 2050 3779 tene

468 3816 708 3872 membra
739 3832 752 3869 :
777 3813 886 3870 noli
917 3813 1173 3869 exhibere
1199 3812 1434 3868 membra
1474 3820 1560 3867 tua
1590 3829 1734 3867 arma
1761 3814 2050 3886 iniquitatis

466 3916 722 3978 peccato;
764 3905 873 3960 noli
917 3918 1128 3958 armare
1171 3902 1531 3957 adversarium
1562 3911 1708 3958 tuutn
1748 3913 1933 3959 contra
1973 3915 2045 3960 te.

467 3999 614 4053 Tene
639 3996 822 4067 pedes,
854 4011 922 4051 ne
951 4003 1075 4050 eant
1096 3994 1161 4048 ad
1201 3994 1399 4048 illicita.
1433 3993 1624 4050 Libido
1647 3996 1897 4062 surrexit,
1927 4005 2049 4054 tene

468 4099 526 4146 tu
555 4090 796 4146 membra
823 4107 836 4142 :
863 4099 982 4144 tene
1009 4096 1068 4142 tu
1094 4103 1283 4142 manus
1308 4087 1374 4142 ab
1400 4088 1543 4142 omni
1571 4089 1773 4144 scelere
1803 4108 1816 4144 :
1843 4085 1966 4146 tene
1994 4098 2048 4146 tu

471 4184 677 4248 oculos,
713 4196 780 4236 ne
809 4180 947 4236 male
971 4178 1246 4234 attendant
1275 4195 1288 4232 :
1320 4187 1438 4234 tene
1476 4195 1656 4247 aures,
1689 4197 1757 4236 ne
1787 4182 1946 4237 verba
1980 4183 2047 4238 li-

469 4275 661 4330 bidinis
691 4273 919 4328 libenter
943 4271 1196 4326 audiant:
1225 4280 1344 4328 tene
1377 4281 1542 4328 totum
1572 4289 1786 4344 corpus,
1819 4284 1940 4331 tene
1968 4275 2048 4330 Ia-

475 4378 611 4434 tera,
638 4375 759 4421 tene
798 4378 1028 4430 summa,
1051 4373 1173 4424 tene
1199 4365 1324 4419 ima.
1366 4364 1502 4433 Quid
1537 4366 1660 4422 facit
1689 4367 1891 4432 libido?
1921 4368 2050 4440 Sur-

472 4475 599 4532 gere
627 4459 794 4525 novit,
824 4458 1041 4514 vincere
1065 4472 1170 4512 non
1200 4458 1364 4512 novit.
1395 4457 1671 4529 Surgendo
1696 4460 1910 4516 assidue
1934 4462 2051 4518 sine

470 4565 651 4616 causa,
679 4548 835 4605 discit
861 4557 918 4606 et
945 4563 1050 4604 non
1072 4563 1310 4620 surgere.

541 4641 770 4698 CAPUT
809 4641 900 4696 XI.
934 4669 1005 4680 —
1045 4641 1131 4695 15.
1174 4639 1614 4711 Concupiscentias
1651 4644 1890 4712 perﬁcere
1930 4646 2052 4716 quid

467 4735 554 4789 sit.
597 4732 898 4788 Redeamus
933 4746 1059 4802 ergo
1089 4730 1156 4786 ad
1183 4730 1363 4796 verba,
1403 4747 1519 4801 qua:
1559 4732 1782 4788 obscura
1813 4734 1881 4791 de
1907 4737 2052 4806 Apo-

467 4827 608 4882 stolo
631 4839 1030 4895 proposueram,
1063 4831 1118 4877 et
1144 4822 1294 4892 plana
1311 4823 1422 4894 jam
1448 4839 1566 4880 esse
1596 4825 1908 4884 videbimus.
1937 4829 2053 4886 Hoc

465 4918 613 4974 enim
641 4930 1041 4987 proposueram,
1067 4915 1206 4984 quod
1229 4931 1333 4970 non
1360 4916 1494 4971 dixit
1515 4919 1820 4987 Apostolus,
1849 4920 2050 4990 Spiritu

466 5008 758 5073 ambulate,
805 5015 863 5062 et
895 5007 1355 5076 concupiscentias
1395 5009 1572 5064 carnis
1614 5026 1679 5064 ne
1718 5010 2048 5070 habueritis:

467 5099 590 5168 quia
639 5112 858 5154 necesse
882 5106 970 5152 est
993 5106 1052 5152 ut
1083 5096 1372 5153 habeamus
1410 5099 1544 5154 illas.
1577 5100 1750 5169 Quare
1788 5119 1916 5175 ergo
1946 5113 2051 5162 non

472 5190 626 5252 dixit.
653 5188 1125 5260 Concupiscentias
1153 5191 1327 5244 carnis
1351 5205 1419 5246 ne
1453 5189 1724 5248 feceritis?
1751 5195 1882 5262 Quia
1921 5196 2052 5252 faci-

471 5296 594 5336 mus
621 5295 746 5346 eas;
791 5280 1213 5350 concupiscimus
1240 5281 1403 5336 enim.
1434 5281 1611 5352 Ipsum
1651 5287 2048 5355 concupiscere,

467 5371 651 5428 facere
675 5377 775 5427 est.
801 5370 1012 5426 Sedait
1032 5372 1316 5442 Apostolus
1344 5391 1356 5427 :
1381 5372 1505 5437 lant
1535 5391 1634 5430 non
1656 5393 1752 5447 ego
1775 5394 1958 5447 aperor
1983 5381 2052 5434 il-

473 5464 583 5528 lud,
616 5463 707 5518 sed
731 5464 866 5534 quod
894 5464 1084 5519 habitat
1119 5465 1174 5519 in
1200 5482 1279 5523 me
1313 5477 1589 5537 peccatum.
1619 5469 1791 5541 (Rom.
1816 5489 1910 5538 vu,
1942 5474 2050 5544 I7).

475 5554 619 5624 Ergo
645 5554 771 5624 quid
800 5553 890 5609 tibi
912 5554 1204 5610 cavendum
1229 5558 1345 5612 est?
1375 5557 1483 5614 Hoc
1507 5559 1622 5614 sine
1640 5559 1822 5628 dubio,
1847 5577 1914 5618 ne
1936 5578 2054 5632 per-

473 5643 645 5698 ticias.
672 5641 916 5700 Surrexit
936 5643 1098 5699 libido
1119 5644 1455 5714 damnabilis,
1486 5651 1733 5720 surrexit,
1761 5655 2048 5725 suggessit:

534 5732 610 5798 (a)
645 5734 939 5798 Augustinus
953 5735 1052 5799 jam
1074 5747 1252 5791 senes.

1695 322 1752 379 8.
1793 314 2158 376 AUCUSTINI
2199 315 2498 374 EPISCOPI

3628 320 3732 378 720

2141 444 2248 484 non
2277 431 2536 487 audiatur.
2578 430 2768 500 Ardet,
2809 448 2917 489 non
2945 447 3002 489 se
3031 433 3342 505 compescit,
3375 442 3429 490 et
3466 435 3632 492 velles
3671 445 3730 494 ut

2142 537 2245 575 non
2268 524 2495 578 arderet.
2517 522 2583 577 Et
2611 524 2700 579 ubi
2726 533 2829 592 est,
2857 523 2923 580 Ut
2950 541 3050 580 non
3078 543 3136 579 ea
3152 541 3267 597 quae
3288 527 3458 595 vultis,
3490 529 3688 599 faciatis
3704 529 3734 583 1

2139 611 2256 666 Noli
2282 612 2411 668 dare
2457 615 2718 669 membra.
2759 615 2957 672 Ardeat
3002 619 3118 672 sine
3152 632 3333 685 causa,
3371 628 3425 673 et
3460 621 3731 675 consumit
3774 664 3779 669 .

2142 718 2220 757 se.
2254 705 2309 759 In
2341 715 2392 761 te
2434 722 2560 777 ergo
2590 707 2723 763 fiunt
2751 708 2880 778 ipsae
2916 710 3382 780 concupiscentiae.
3427 711 3730 767 Fatendum

2141 808 2241 863 est,
2281 797 2430 855 fiunt.
2461 799 2585 856 Ideo
2612 800 2766 868 dixit,
2799 801 2882 855 Ne
2916 802 3242 876 perfeceritis.
3285 803 3391 859 Sed
3431 819 3538 858 non
3568 804 3733 874 perfi-

2141 891 2369 946 ciantur.
2405 893 2692 948 Decrevisti
2735 892 2946 960 facere,
2991 893 3280 965 perfecisti.
3326 894 3598 951 Perfecisti
3645 903 3730 952 et-
3768 914 3775 951 ς

2140 982 2306 1048 enim,
2329 984 2373 1037 si
2404 982 2661 1040 decernas
2689 984 2986 1041 faciendum
3012 999 3132 1042 esse
3155 987 3492 1054 adulterium,
3521 997 3577 1044 et
3612 989 3736 1045 ideo

2141 1088 2248 1127 non
2270 1067 2434 1129 facias
2465 1075 2586 1145 quia
2611 1077 2760 1131 locus
2788 1091 2890 1131 non
2922 1085 3005 1132 est
3024 1076 3296 1144 inventus,
3325 1078 3447 1150 quia
3478 1087 3734 1148 opportu»

2143 1163 2282 1218 nitas
2309 1181 2414 1219 non
2443 1165 2618 1232 datur,
2645 1167 2767 1237 quia
2798 1166 2934 1222 forte
2960 1167 3051 1222 illa
3079 1177 3222 1223 casta
3247 1176 3329 1224 est
3354 1168 3420 1224 de
3451 1184 3554 1240 qua
3589 1168 3734 1224 vide-

2141 1257 2217 1311 ris
2238 1273 2356 1313 esse
2379 1268 2678 1314 commotus
2707 1277 2719 1313 :
2744 1275 2868 1316 ecce
2889 1259 2997 1330 jam
3019 1261 3108 1315 illa
3130 1269 3275 1316 casta
3301 1269 3407 1330 est,
3428 1270 3481 1316 et
3501 1268 3555 1315 tu
3575 1260 3732 1316 adul-

2144 1355 2225 1402 ter
2253 1363 2333 1403 es.
2375 1349 2587 1417 Quare?
2627 1349 2759 1417 Quia
2788 1351 3056 1421 perfecisti
3081 1352 3561 1423 concupiscentias.
3592 1351 3734 1418 Quid

2141 1448 2247 1505 est,
2281 1440 2582 1509 perfecisti?
2615 1441 2672 1496 In
2713 1442 2892 1498 animo
2921 1451 3012 1498 tuo
3039 1441 3342 1499 faciendum
3372 1458 3492 1499 esse
3520 1442 3732 1498 adulte-
3772 1436 3803 1506 3'

2142 1529 2278 1584 rium
2309 1530 2608 1586 decrevisti.
2643 1531 2782 1598 Iam,
2811 1533 2953 1604 quod
2988 1533 3151 1601 absit,
3187 1534 3232 1589 si
3268 1545 3322 1589 et
3347 1532 3587 1588 membra
3611 1531 3730 1589 fue-
3782 1515 3810 1561 ί

2142 1619 2248 1674 rint
2268 1629 2504 1690 operata,
2536 1622 2587 1676 in
2618 1631 2843 1677 mortem
2872 1623 3158 1678 devolutus
3184 1638 3263 1679 es.

2212 1708 2434 1767 CAPUT
2464 1711 2578 1767 XII.
2599 1742 2673 1752 —
2698 1713 2782 1768 M.
2823 1712 2891 1767 In
2918 1713 3075 1768 tribus
3126 1713 3338 1768 mortuis
3361 1730 3392 1766 a
3420 1712 3619 1768 Christo
3637 1730 3728 1768 ειε-
3773 1724 3776 1727 ’

2142 1801 2331 1855 scitatis
2353 1810 2450 1855 tres
2466 1813 2782 1872 peccatorum
2801 1803 3007 1874 gradus.
3031 1803 3313 1858 Soseitavit
3331 1802 3580 1858 Christus
3595 1818 3732 1856 mor-

2144 1902 2286 1948 tuam
2314 1895 2366 1948 in
2392 1895 2551 1950 domo
2573 1895 2734 1950 ﬁliam
2762 1895 3180 1967 Archisynagogi
3216 1894 3406 1965 (Marc.
3435 1911 3487 1960 v,
3517 1892 3728 1964 22-42).

2146 1985 2202 2040 In
2239 1986 2399 2041 domo
2432 1997 2566 2055 erat,
2597 1989 2737 2043 elata
2779 1987 3011 2043 nondum
3038 1999 3172 2043 erat.
3218 1986 3306 2042 Sic
3331 1996 3414 2042 est
3451 1986 3613 2040 homo
3641 1985 3732 2056 qui

2144 2075 2398 2145 ﬂagitium
2438 2076 2672 2132 decrevit
2707 2078 2759 2132 in
2789 2076 2988 2132 corde:
3016 2085 3258 2131 mortuus
3297 2085 3399 2139 est,
3444 2074 3536 2130 sed
3585 2075 3734 2129 intus

2141 2166 2300 2237 jacet.
2348 2168 2403 2221 Si
2446 2178 2623 2223 autem
2667 2183 2833 2239 usque
2876 2167 2942 2223 ad
2983 2168 3344 2223 membrorum
3375 2166 3733 2239 perpetratio—

2145 2275 2265 2313 nem
2289 2260 2607 2330 pervenerit,
2638 2261 2808 2315 elatus
2849 2269 2932 2316 est
2957 2259 3121 2315 foras.
3164 2258 3271 2314 Sed
3312 2267 3366 2313 et
3389 2258 3636 2327 juvenem
3665 2256 3734 2311 Ii-

2147 2351 2273 2405 Iium
2304 2351 2471 2406 viduae
2497 2351 2768 2406 suscitavit
2795 2351 3072 2417 Dominus,
3103 2349 3314 2422 quando
3337 2357 3486 2404 extra
3526 2357 3734 2420 portam

2147 2443 2376 2498 civitatis
2393 2453 2632 2498 mortuus
2663 2442 3002 2498 efferebatur.
3029 2442 3118 2499 Sic
3146 2457 3273 2513 ergo
3298 2441 3470 2496 audeo
3499 2439 3628 2510 quid
3650 2439 3735 2494 dt-

2147 2548 2305 2588 cere:
2333 2533 2620 2589 Decrcvisti
2665 2534 2715 2588 in
2760 2533 2923 2589 corde
2959 2541 3070 2599 tuo,
3115 2532 3160 2588 si
3198 2541 3249 2588 te
3288 2531 3625 2586 revocaveris
3664 2529 3738 2584 ab

2147 2634 2266 2679 actu
2308 2633 2419 2691 tuo,
2464 2636 2678 2680 sanatus
2707 2626 2814 2681 eris
2851 2633 3135 2695 antequam
3167 2631 3460 2695 perp’etres.
3491 2621 3548 2676 Si
3590 2622 3735 2676 enim

2148 2719 2320 2789 egeris
2363 2719 2416 2774 in
2454 2718 2616 2774 corde
2647 2727 2735 2772 tuo
2765 2717 3150 2787 paenitentiam,
3192 2716 3314 2786 quia
3354 2731 3467 2770 rem
3515 2713 3733 2779 malam,

2150 2821 2204 2866 et
2233 2811 2533 2876 scelestam,
2561 2821 2614 2866 et
2639 2809 2951 2880 ﬂagitiosatn
2979 2807 3442 2877 damnabilemque
3479 2805 3736 2860 decreve-

2150 2917 2268 2956 ras:
2301 2903 2370 2956 ibi
2402 2902 2492 2957 ubi
2518 2912 2760 2956 mortuus
2779 2901 2995 2970 jacebas
3025 2899 3189 2965 intus,
3215 2897 3295 2953 sic
3326 2895 3468 2952 intus
3488 2894 3732 2951 surrexi.

2148 2992 2240 3065 sti.
2265 2991 2324 3048 Si
2343 3003 2522 3047 autem
2543 2990 2851 3060 perfeceris,
2879 2989 2989 3060 jam
3015 2987 3158 3044 foras
3184 2988 3356 3043 elatus
3378 3002 3437 3042 es
3467 3005 3481 3040 :
3511 2985 3607 3042 sed
3635 2984 3737 3040 ha-
3812 3047 3817 3053 O

2150 3083 2247 3138 bes
2278 3084 2366 3152 qui
2396 3083 2486 3136 tibi
2515 3082 2678 3147 dicat,
2705 3080 2929 3145 Iuvenis,
2963 3080 3053 3134 tibi
3087 3080 3220 3143 dico,
3263 3094 3411 3148 surge
3453 3075 3600 3148 (Luc.
3626 3091 3737 3143 vn,

2153 3174 2354 3244 1145).
2387 3172 2610 3227 Etiamsi
2635 3171 2973 3242 pcrpetrasti,
3003 3171 3255 3242 paeniteat
3289 3177 3363 3234 te,
3403 3167 3472 3241 de
3493 3168 3740 3238 proximo

2152 3264 2266 3320 redi
2291 3282 2304 3317 :
2338 3263 2444 3318 noli
2475 3265 2528 3318 in
2573 3263 2876 3334 sepulcrum
2905 3263 3112 3317 venire.
3137 3259 3244 3316 Sed
3273 3267 3328 3316 et
3354 3259 3441 3314 hic
3469 3260 3595 3314 mihi
3623 3267 3736 3315 ter-

2155 3355 2259 3409 tius
2289 3363 2530 3409 mortuus
2559 3363 2657 3419 est,
2698 3353 2788 3424 qui
2825 3353 2988 3407 etiam
3027 3351 3321 3423 perductus
3354 3359 3436 3406 est
3462 3351 3530 3405 ad
3557 3350 3740 3419 sepul-

2152 3461 2323 3501 crum.
2372 3446 2491 3501 iam
2534 3461 2692 3517 supra
2737 3461 2797 3502 se
2855 3443 3016 3499 habet
3060 3443 3459 3499 consuetudinis
3507 3441 3736 3515 pondus,

2153 3538 2323 3592 moles
2363 3553 2486 3592 eum
2529 3546 2739 3592 terrena
2784 3540 3007 3590 multum
3059 3534 3274 3605 premit.
3325 3533 3546 3588 Multum
3594 3534 3740 3588 enim

2152 3628 2474 3684 exercitatus
2510 3635 2594 3682 est
2636 3627 2690 3681 in
2737 3625 2970 3697 ﬂagitiis,
3007 3623 3392 3680 consuetudine
3437 3639 3531 3678 sua
3575 3623 3742 3678 nimia

2154 3728 2536 3791 praegravatur.
2559 3715 2766 3772 Clamat
2787 3725 2840 3772 et
2867 3715 3136 3781 Christus,
3164 3714 3378 3784 Lazare,
3409 3714 3556 3786 prodi
3576 3719 3739 3785 foras.

2155 3812 2326 3867 Homo
2355 3811 2494 3875 enim
2527 3811 2770 3881 pessimae
2795 3808 3194 3864 consuetudinis
3218 3809 3326 3878 jam
3353 3817 3524 3881 putet.
3555 3807 3744 3863 Merito

2155 3905 2227 3960 ibi
2249 3905 2488 3959 Christus
2509 3903 2790 3958 clamavit:
2817 3917 2916 3956 nec
2944 3902 3114 3956 solum
3145 3901 3410 3966 clamavit,
3434 3900 3529 3956 sed
3557 3917 3743 3972 magna

2154 4011 2270 4050 uoce
2292 3995 2524 4050 clamavit
2541 3993 2718 4066 (Joan.
2738 4009 2809 4059 χι,
2831 3992 3034 4063 1444).
3063 3991 3144 4048 Ad
3165 3992 3362 4048 Christi
3384 3993 3529 4047 enim
3548 3993 3743 4047 clamo-

2155 4102 2268 4142 rem
2297 4086 2456 4142 etiam
2494 4086 2650 4152 tales,
2682 4085 2806 4140 licet
2830 4085 3048 4152 mortui,
3087 4084 3212 4139 licet
3248 4085 3460 4156 sepulti,
3493 4085 3617 4139 licet
3646 4098 3744 4154 pu-

2157 4189 2350 4246 tentes,
2375 4188 2654 4250 resurgent
2680 4188 2854 4234 tamen
2884 4187 2938 4233 et
2976 4178 3108 4248 ipsi;
3147 4188 3444 4249 resurgent.
3481 4177 3556 4233 De
3595 4178 3743 4234 nullo

2145 4270 2300 4334 enim
2325 4269 2537 4339 jacente
2570 4267 2961 4339 desperandum
2998 4277 3082 4324 est
3122 4268 3222 4324 sub
3266 4269 3358 4325 tali
3398 4271 3740 4324 suscitatore.

2154 4359 2408 4417 Conversi
2428 4359 2496 4415 ad
2523 4361 2823 4421 Dominum,
2848 4371 2953 4416 etc.

2617 4471 2846 4528 SERMO
2881 4470 3132 4528 CXXIX‘
3161 4472 3262 4547 (a).

2158 4584 2237 4640 De
2271 4585 2430 4640 verbis
2471 4584 2737 4657 Evangelii
2771 4585 3010 4651 Joannis,
3055 4604 3172 4658 cap.
3207 4603 3264 4653 γ,
3300 4587 3492 4655 59-47,
3518 4585 3742 4644 Scruta-

2229 4679 2358 4734 mini
2388 4678 2708 4747 Scripturas,
2746 4679 2801 4732 in
2826 4679 3017 4748 quibus
3043 4680 3238 4749 putatis
3263 4693 3358 4732 vos
3386 4680 3551 4734 vitam
3580 4687 3742 4735 teter-

2144 4781 2145 4784 ‘
2229 4783 2353 4822 nam
2384 4767 2600 4834 trahere,
2626 4776 2721 4821 etc.
2751 4767 2940 4822 Contra
2965 4767 3260 4856 Donatistas
3284 4768 3384 4839 (b).

2229 4879 2454 4937 CAPUT
2491 4879 2775 4937 PRIMUM.
2801 4910 2874 4921 -
2901 4883 2953 4935 1.
2995 4880 3315 4953 Evangelicte
3334 4883 3558 4937 lectionis
3584 4900 3745 4953 carpo-

2159 4973 2293 5028 sitio.
2335 4973 2414 5028 Ad
2447 4975 2807 5044 evangelicam
2847 4974 3152 5041 lectionem,
3181 4991 3301 5046 qua:
3346 4991 3538 5031 recens
3565 4978 3742 5032 sonuit

2160 5065 2213 5121 in
2257 5066 2473 5120 auribus
2525 5067 2741 5132 nostris,
2790 5068 3028 5123 advertat
3073 5067 3316 5123 Charitas
3364 5079 3566 5137 vestra,
3617 5069 3744 5124 dum

2158 5173 2325 5229 pauca
2358 5159 2622 5229 loquimur
2645 5175 2762 5229 qua:
2791 5159 3045 5216 Dominus
3078 5161 3259 5216 donat.
3291 5161 3370 5216 Ad
3395 5162 3610 5218 Iudaeos
3641 5163 3746 5217 Do-

2160 5250 2336 5305 minus
2374 5250 2690 5320 loquebatur
2724 5249 2899 5318 Jesus,
2937 5259 2992 5306 et
3033 5251 3245 5306 dicebat
3286 5253 3402 5307 eis:
3433 5252 3748 5308 Scrutamini

2163 5339 2478 5410 Scripturas,
2520 5342 2572 5394 in
2615 5341 2791 5410 quibus
2821 5343 3005 5412 putatis
3043 5358 3129 5397 vos
3179 5345 3332 5397 vitam
3372 5354 3610 5398 wternam
3647 5344 3746 5396 Ita-

2166 5432 2307 5499 bere;
2331 5433 2457 5502 ipsa:
2493 5434 2829 5488 testimonium
2858 5435 3116 5504 perhibent
3156 5435 3218 5490 de
3257 5452 3354 5489 me.
3402 5434 3604 5490 Deinde
3628 5444 3748 5507 post

2221 5564 2241 5583 ⁶
2263 5565 2530 5630 Castigatus
2563 5564 2624 5630 ad
2653 5577 2824 5613 omnes
2855 5573 2959 5615 MSS.
2985 5572 3037 5615 et
3056 5565 3169 5616 Edd.
3213 5567 3262 5616 in
3294 5578 3525 5618 sermone
3561 5578 3749 5630 praece-

2158 5626 2292 5676 denti
2317 5626 2456 5687 modo
2475 5626 2770 5687 designatos.

2215 5686 2294 5748 (a)
2321 5686 2461 5745 Alias,
2484 5687 2548 5735 de
2568 5686 2735 5736 Verbis
2755 5687 2936 5735 Domini
2957 5688 3036 5737 ὢ.

2225 5747 2297 5811 (b)
2319 5750 2497 5799 (alatur
2519 5761 2547 5797 a
2566 5748 2699 5799 Floro
2721 5748 2778 5806 ad
2799 5756 2925 5798 nom.
2952 5763 3010 5799 ι.
