4098 6310
418 298 518 361 πει

418 416 688 490 paululum
714 431 727 469 ε
755 412 888 484 Ego,
920 407 1109 481 ittquit,
1149 404 1259 460 veni
1290 420 1341 458 tn
1379 398 1579 456 nomine
1610 396 1781 451 Patris
1810 394 1927 490 mei,
1955 401 2000 445 et

417 485 519 563 non
542 505 802 576 accepistis
836 520 915 557 me
940 518 958 557 :
979 501 1022 555 si
1043 500 1174 554 alius
1203 495 1384 551 venerit
1414 494 1465 547 in
1493 490 1689 544 nomine
1717 504 1827 551 suo,
1857 485 2001 539 illum

417 600 703 668 accipietis.
732 594 933 651 Deinde
978 599 1097 664 post
1130 588 1402 661 paululum
1442 605 1454 640 :
1491 582 1753 649 Quomodo
1799 577 2001 650 potestis

416 691 543 745 mihi
569 690 789 753 credere,
820 687 1035 757 gloriam
1074 682 1133 735 ab
1169 681 1379 736 invicem
1407 682 1765 746 exspectantes,
1808 681 1853 725 ct
1893 672 2000 740 glo-

419 781 549 834 riam
574 795 687 848 qua:
713 795 743 831 a
787 775 896 830 Deo
931 776 1039 830 solo
1079 783 1169 837 est,
1216 788 1315 825 non
1343 766 1659 837 qua'rcntes?
1708 764 1784 817 Ad
1825 771 2002 817 extre-

418 887 565 926 mum
601 872 714 924 ait:
746 867 866 921 Non
904 883 994 937 ego
1035 881 1121 919 vos
1148 879 1331 917 accuso
1368 859 1506 931 apud
1549 856 1791 911 Patrem:
1818 864 1887 908 est
1916 854 2000 923 qui

418 979 504 1016 vos
527 968 732 1015 accusat
760 959 983 1029 Moyses,
1012 960 1065 1011 in
1094 973 1237 1027 quem
1260 970 1347 1008 vos
1371 951 1601 1023 speratis.
1634 950 1693 1003 Si
1730 948 1859 1002 enim
1890 963 2000 999 cre-

417 1054 603 1108 deretis
633 1051 820 1122 Moysi,
857 1048 1122 1103 crederetis
1144 1047 1359 1119 forsitan
1390 1051 1435 1097 et
1473 1042 1595 1095 mihi
1620 1057 1637 1094 :
1658 1040 1719 1095 de
1764 1056 1842 1094 me
1867 1038 2002 1092 enim

419 1146 506 1200 ille
537 1143 756 1214 scripsit.
789 1141 913 1196 Cum
943 1150 1109 1194 autem
1140 1137 1297 1193 verbis
1326 1137 1464 1191 illius
1500 1152 1597 1189 non
1623 1133 1842 1197 creditis,
1872 1148 2000 1201 quo-

418 1234 569 1289 modo
599 1233 802 1303 potestis
844 1232 967 1284 mihi
991 1229 1234 1284 credere?
1277 1228 1359 1283 Ad
1401 1227 1513 1281 lucc
1552 1225 1817 1296 proposita
1849 1223 2001 1277 nobis

417 1326 691 1391 divinitus,
734 1341 797 1379 ex
830 1338 924 1379 ore
952 1322 1208 1384 Lectoris,
1238 1319 1333 1375 sed
1373 1319 1667 1373 ministerio
1690 1317 1998 1384 Salvatoris,

418 1417 598 1473 audite
627 1432 789 1486 pauca
817 1431 924 1469 non
955 1412 1301 1478 numeranda,
1334 1410 1425 1466 sed
1457 1407 1824 1479 appendenda.

488 1507 720 1565 CAPUT
765 1507 826 1560 ll.
850 1536 919 1546 —
937 1506 993 1560 Ξ.
1020 1502 1210 1559 Christi
1234 1501 1378 1556 verba
1407 1501 1473 1555 ad
1497 1500 1790 1571 discipulos,
1823 1498 1892 1552 ad
1911 1515 2003 1553 nos

419 1601 611 1672 pariter
635 1608 880 1670 spectant.
908 1598 1036 1652 Nam
1067 1597 1163 1650 ista
1204 1594 1377 1650 omnia
1407 1592 1560 1648 facile
1594 1601 1677 1647 est
1702 1588 2002 1662 intelligere

420 1695 488 1749 dc
513 1691 733 1747 Judmis.
758 1690 868 1746 Sed
897 1690 1191 1745 cavendum
1223 1696 1323 1754 est,
1354 1703 1418 1741 ne
1442 1702 1563 1741 eum
1590 1685 1709 1741 illos
1738 1686 1897 1739 nimis
1921 1692 2003 1738 at-

421 1787 710 1853 tendimus,
744 1800 771 1838 a
800 1784 951 1857 nabis
977 1782 1159 1837 oculos
1186 1781 1507 1836 auferamus.
1538 1779 1816 1848 Discipulis
1857 1779 2001 1833 enim

420 1878 534 1934 suis
559 1876 814 1932 Dominus
839 1873 1151 1944 loquebatur
1180 1889 1192 1924 :
1226 1879 1280 1925 et
1309 1871 1489 1940 utique
1510 1868 1650 1939 quod
1688 1868 1788 1923 illis
1813 1867 2000 1937 loque-

421 1972 601 2035 batur,
646 1978 701 2023 et
744 1967 897 2022 nobis
926 1965 1153 2036 posteris
1180 1964 1513 2034 loquebatur.
1545 1962 1728 2031 Neque
1765 1960 1907 2015 enim
1936 1959 2002 2014 ad

424 2060 543 2115 illos
575 2059 747 2114 solos‘
774 2046 1011 2127 pertinet,
1028 2055 1171 2126 quod
1215 2055 1309 2119 ait,
1352 2053 1484 2108 Ecce
1505 2069 1595 2123 ego
1616 2052 1865 2106 vobiscum
1890 2068 2005 2105 sum

423 2167 580 2222 usque
606 2149 674 2203 ad
690 2147 1171 2203 consummationem
1214 2144 1389 2200 swculi
1427 2143 1637 2215 (Matth.
1663 2158 1848 2208 xxvut,
1871 2140 1963 2215 20)
1985 2159 2000 2197 :

422 2242 516 2296 sed
539 2240 608 2294 ad
657 2254 845 2293 omnes
896 2240 1052 2292 etiam
1099 2246 1277 2306 postea
1328 2234 1533 2289 futuros
1572 2233 1918 2299 Christianos,
1949 2242 2004 2288 et

424 2349 591 2403 usque
613 2332 669 2385 in
700 2331 860 2385 linem
883 2329 1063 2384 sazculi
1086 2335 1452 2399 proventuros.
1485 2327 1729 2397 Loquens
1749 2342 1875 2396 ergo
1898 2326 2003 2382 illis

420 2426 514 2491 ait,
546 2425 723 2480 Cavete
746 2441 776 2477 a
801 2428 1045 2495 fermento
1074 2420 1476 2475 Pharisazorum.
1507 2420 1658 2475 Tunc
1684 2427 2004 2490 putaverunt

423 2516 546 2571 ideo
570 2516 853 2570 Dominum
883 2515 1078 2568 dixisse
1103 2513 1226 2577 hoc,
1251 2514 1371 2583 quia
1406 2527 1571 2583 panes
1596 2528 1699 2567 non
1733 2513 1959 2566 tulerant
1985 2529 2002 2566 :

423 2626 532 2666 non
562 2609 955 2672 intellexerunt,
981 2610 1101 2676 quia
1146 2606 1326 2661 Cavete
1367 2624 1398 2658 a
1424 2610 1667 2677 fermento
1707 2603 2003 2657 Pharisaro-

422 2718 556 2765 rum,
586 2702 683 2752 hoc
709 2699 904 2752 dictum
936 2706 1037 2762 est,
1057 2695 1252 2751 Cavete
1278 2712 1307 2748 a
1335 2696 1577 2750 doctrina
1611 2694 2002 2749 Pharisatorum

428 2790 534 2861 (Id.
563 2806 674 2855 xw,
707 2788 884 2857 649.).
910 2790 1038 2855 Qua:
1068 2788 1163 2839 fuit
1198 2786 1440 2840 doctrina
1462 2786 1872 2853 Pltariszeorum,
1902 2786 2004 2841 nisi

422 2896 582 2951 quam
632 2880 790 2933 modo
839 2879 1094 2932 audistis?
1127 2876 1352 2930 Gloriam
1378 2879 1439 2931 ab
1476 2877 1682 2931 invicem
1709 2886 1999 2948 quwrentcs,

424 2972 639 3040 gloriam
673 2970 733 3023 ab
757 2971 965 3023 invicem
996 2978 1356 3039 exspectantes,
1385 2978 1434 3021 et
1464 2968 1675 3039 gloriam
1701 2985 1812 3037 qua:
1840 2985 1871 3020 a
1897 2968 2005 3022 solo

425 3060 533 3114 Deo
559 3070 651 3124 est,
681 3078 780 3115 non
816 3072 1112 3130 quatientes.
1147 3059 1220 3113 De
1264 3059 1344 3113 his
1389 3059 1659 3128 apostolus
1704 3059 1899 3113 Paulus
1935 3060 2005 3114 ita

426 3150 556 3205 dicit
587 3170 598 3202 :
628 3149 989 3203 Testimonium
1026 3151 1095 3203 eis
1139 3149 1398 3217 perhibeo,
1443 3150 1561 3219 quia
1586 3149 1751 3202 zelum
1788 3147 1884 3203 Dei
1913 3150 2007 3203 ha-

424 3242 559 3309 bent,
611 3242 698 3295 sed
732 3258 830 3295 non
873 3240 1148 3294 secundum
1193 3241 1481 3295 scientiam.
1536 3240 1749 3305 Zelunt,
1799 3241 2001 3311 inquit,

426 3331 525 3386 Dei
572 3332 753 3389 habent
800 3332 988 3399 :novi,
1042 3333 1173 3399 scio,
1230 3332 1367 3402 apud
1414 3333 1535 3387 illos
1589 3332 1683 3397 fui,
1739 3333 1857 3388 talis
1908 3333 2001 3388 fui.

427 3424 603 3477 Zetum
634 3424 729 3477 Dei
755 3426 958 3487 habent,
985 3424 1073 3477 sed
1112 3441 1213 3477 non
1239 3424 1513 3477 secundum
1550 3424 1846 3478 scientiam?
1869 3423 2006 3490 Quid

424 3517 647 3581 esthoc,
682 3517 954 3586 Apostole,
989 3533 1089 3571 non
1134 3518 1406 3570 secundum
1452 3516 1751 3571 scientiam?
1787 3518 2009 3587 Expone

428 3609 581 3662 nobis
607 3624 764 3678 quam
813 3607 1155 3663 commendes
1184 3608 1482 3672 scientiam,
1525 3624 1682 3677 quant
1722 3608 1907 3663 doleas
1948 3608 2005 3663 in

426 3698 535 3752 illis
565 3714 669 3753 non
691 3714 831 3765 esse,
854 3708 907 3751 et
933 3697 982 3751 in
1010 3698 1162 3751 nobis
1189 3697 1319 3752 velis
1335 3713 1473 3752 esse.
1498 3697 1725 3752 Secutus
1743 3699 2005 3767 adjunxit,

426 3798 483 3844 et
519 3789 661 3860 quod
688 3789 923 3843 clausum
956 3796 1224 3858 posuerat,
1262 3789 1489 3859 aperuit.
1521 3789 1656 3856 Quid
1684 3800 1785 3856 est,
1831 3789 2008 3845 Zetum

425 3879 526 3934 Dei
572 3879 774 3944 habent,
814 3878 900 3931 sed
940 3895 1039 3931 non
1064 3878 1337 3932 secundum
1378 3879 1676 3934 scientiam?
1708 3879 2008 3952 Ignorantes

424 3970 561 4024 enim
602 3967 696 4020 Dei
728 3969 1002 4039 justitiam,
1047 3976 1091 4021 et
1118 3985 1262 4022 suam
1302 3969 1521 4023 volentes
1547 3971 1849 4026 constituere
1872 4013 1886 4039 ,
1914 3974 2009 4044 ju-

425 4061 580 4115 stitiaz
606 4059 702 4113 Dei
727 4077 826 4113 non
866 4070 982 4114 sunt
1006 4061 1214 4131 subjecti
1257 4061 1431 4131 (Rom.
1460 4078 1516 4130 ι,
1560 4063 1615 4129 2,
1652 4063 1729 4135 5).
1760 4064 2009 4136 Ignorare

427 4166 556 4222 ergo
586 4152 678 4205 Dei
701 4150 961 4220 justitiam
986 4160 1041 4205 et
1063 4166 1215 4206 suam
1239 4152 1375 4207 velle
1400 4155 1745 4221 constituere,
1776 4156 1877 4211 hoc
1902 4166 2004 4221 est,

428 4246 651 4314 gloriam
679 4244 747 4300 ab
771 4244 996 4300 invicem
1019 4255 1332 4315 eXSpectare
1362 4254 1413 4301 et
1439 4246 1658 4319 gloriam
1681 4264 1797 4319 qua:
1836 4266 1863 4304 a
1892 4252 2007 4306 solo

429 4337 540 4391 Deo
566 4345 647 4391 est
669 4351 772 4390 non
808 4336 1101 4407 requirere,
1127 4337 1233 4392 hoc
1254 4344 1337 4393 est
1372 4337 1691 4394 fermentum
1712 4340 2009 4397 Pharisaeo-

429 4442 569 4481 rum.
602 4427 685 4481 Ab
711 4426 816 4481 hoc
843 4442 1034 4482 cavere
1062 4428 1318 4483 Dominus
1342 4428 1511 4499 jubet.
1557 4429 1611 4485 Si
1642 4431 1811 4486 servis
1833 4433 2004 4501 jubet,

428 4524 485 4570 et
528 4516 785 4572 Dominus
826 4516 1000 4586 jubet,
1048 4532 1357 4585 caveamus;
1400 4534 1468 4574 ne
1495 4520 1790 4587 audiamus,
1823 4523 2010 4593 thuid

428 4607 554 4660 ntilti
578 4607 764 4673 dicitis,
794 4606 1033 4673 Domine,
1063 4607 1306 4678 Domine,
1334 4617 1382 4663 et
1408 4626 1507 4665 non
1548 4611 1716 4682 facitis
1757 4630 1871 4686 quin
1898 4615 2011 4669 dico

430 4697 579 4769 (Luc.
610 4714 682 4765 Vt,
709 4697 839 4771 46)?

500 4792 727 4848 CAPUT
767 4791 853 4847 lll.
889 4821 960 4833 —-
983 4794 1038 4848 '5.
1079 4790 1380 4849 Judteorum
1406 4795 1696 4865 inﬁdelitas.
1728 4797 2013 4869 Relinqua-

426 4897 549 4936 mus
577 4897 703 4952 ergo
729 4882 1251 4952 paululumJudzeos,
1273 4886 1465 4954 quibus
1494 4887 1747 4942 Dominus
1774 4897 1899 4943 tunc
1927 4890 2008 4943 lo-

427 4973 712 5043 quebatur.
766 4974 923 5029 Foris
975 4984 1134 5043 sunt,
1192 4975 1377 5031 audire
1430 4992 1529 5031 nos
1574 4978 1779 5032 nolunt.
1834 4980 2010 5049 Ipsum

429 5063 776 5134 Evangelium
805 5064 1055 5131 oderunt,
1109 5065 1239 5120 falsa
1291 5066 1591 5122 testimonia
1647 5069 1698 5122 in
1732 5070 2012 5125 Dominum

424 5163 875 5223 procuraverunt,
907 5164 965 5210 ut
996 5155 1313 5211 damnarent
1341 5158 1520 5212 vivum
1550 5176 1561 5212 :
1591 5158 1690 5212 alia
1713 5160 2013 5215 testtmonia

428 5256 676 5301 emerunt
704 5249 924 5317 pecunia
972 5256 1158 5302 contra
1190 5257 1475 5303 mortuum.
1513 5250 1734 5318 Quando
1775 5252 1852 5307 eis
1879 5252 2013 5308 (lici-

430 5352 572 5403 mus,
605 5338 821 5393 Credite
849 5340 900 5393 itt
943 5339 1124 5394 Jesum
1156 5357 1169 5394 :
1202 5340 1524 5411 respondent
1550 5341 1724 5408 nobis,
1758 5343 1811 5397 In
1843 5344 2013 5399 homi-

430 5444 557 5484 nem
581 5440 852 5485 mortuum
874 5432 1127 5487 credituri
1153 5433 1372 5488 sumus?
1389 5435 1518 5489 Cum
1548 5444 1723 5490 autem
1748 5437 2008 5503 addimus,

431 5514 542 5575 Sed
564 5522 861 5578 resurrexit
889 5540 901 5575 :
933 5522 1276 5593 respcttdcnt,
1305 5524 1483 5599 Absit;
1510 5524 1752 5596 discipuli
1783 5528 1897 5597 ejus
1937 5527 2016 5583 [ιι-

500 5693 521 5727 ί
535 5693 710 5757 Abest,
732 5695 872 5781 solos,
896 5696 956 5747 ab
980 5704 1079 5747 Am.
1104 5704 1178 5749 Er.
1204 5704 1256 5750 et
1277 5711 1309 5749 a
1326 5698 1577 5764 plerisque
1597 5704 1949 5767 manuariptis.
2036 5752 2041 5755 .

1720 275 1948 338 SERMO
1984 270 2218 332 CXXIX.

3576 278 3683 335 723

2108 388 2205 443 rati
2233 401 2356 445 sunt
2385 405 2503 445 eum
2535 389 2602 446 de
2627 391 2891 462 sepulcro.
2947 392 3138 448 Amant
3184 391 3466 448 falsitatem
3508 387 3680 449 Judaei

2107 482 2430 549 emptores‘,
2462 493 2517 537 et
2542 494 2887 539 contemnunt
2913 485 3189 541 veritatem
3220 484 3430 540 Domini
3457 484 3684 539 Redem-

2109 573 2290 641 ptoris.
2323 571 2473 640 Quod
2514 573 2765 644 loqueris,
2794 576 2997 644 Judtee,
3042 585 3286 647 parentes
3339 577 3411 630 tui
3463 576 3683 646 pecunia

2105 674 2377 728 emerunt;
2423 674 2477 719 et
2520 667 2621 721 hoc
2661 668 2712 721 in
2754 677 2803 722 te
2830 669 3103 735 remansit,
3129 668 3270 738 quod
3296 676 3558 723 emerunt.
3590 668 3686 722 At-

2106 753 2262 808 tende
2308 756 2478 823 potius
2507 772 2628 811 eum
2650 757 2737 828 qui
2776 760 2903 814 emit
2942 771 3012 824 te,
3067 775 3171 814 non
3212 757 3302 829 qui
3348 757 3683 813 mendacium

2106 846 2235 900 emit
2262 846 2373 900 tibi.

2177 939 2232 992 1i.
2281 936 2444 992 Verba
2490 939 2676 994 Christi
2704 940 2755 994 in
2774 941 3003 1008 Judazos,
3034 940 3280 996 Ecclesia:
3305 941 3599 995 conveniunt
3630 940 3686 993 in

2105 1026 2421 1083 Donatistas.
2453 1029 2557 1085 Sed
2601 1031 2751 1097 istos,
2782 1032 3104 1099 utdiximus,
3134 1033 3494 1102 relinquamus
3515 1050 3527 1086 :
3549 1031 3685 1085 istos

2106 1119 2441 1175 attendamus
2469 1119 2658 1176 fratres
2685 1133 2915 1187 nosnos,
2939 1137 3056 1177 eum
3083 1123 3274 1193 quibus
3299 1123 3524 1192 agimus.
3550 1120 3680 1175 Nam

2106 1210 2348 1267 Christus
2377 1220 2537 1281 caput
2566 1221 2646 1268 est
2668 1221 2722 1269 et
2750 1228 2964 1283 corpus.
2993 1213 3166 1283 Caput
3194 1215 3244 1268 in
3266 1215 3402 1269 ecelo
3422 1222 3525 1279 est,
3557 1229 3681 1267 eor-

2107 1318 2208 1373 pus
2235 1304 2285 1358 in
2312 1311 2451 1358 terra
2476 1313 2559 1359 est
2590 1322 2605 1362 :
2636 1314 2794 1375 caput
2821 1305 3073 1359 Dominus
3097 1314 3196 1372 est,
3228 1320 3422 1375 corpus
3446 1303 3684 1360 Ecclesia

2106 1396 2240 1464 ejus.
2266 1394 2371 1451 Sed
2398 1396 2712 1451 meministis
2741 1396 2961 1461 dictum,
2992 1395 3154 1449 Erunt
3182 1397 3281 1449 duo
3310 1397 3363 1449 in
3388 1412 3539 1450 carne
3561 1412 3682 1449 una.

2108 1486 2492 1542 Sacramentutn
2523 1488 2614 1541 hoc
2638 1504 2874 1558 ntagnum
2909 1495 3005 1552 est,
3043 1486 3117 1540 ait
3140 1476 3445 1555 Apostolus,
3476 1502 3564 1556 ego
3591 1500 3684 1538 au-

2108 1588 2203 1632 tent
2232 1577 2345 1631 dico
2393 1579 2445 1632 in
2471 1576 2669 1633 Christo
2699 1588 2745 1635 et
2786 1579 2839 1633 in
2870 1576 3099 1632 Ecclesia
3130 1576 3342 1649 (Ephes.
3372 1592 3422 1643 ν,
3446 1575 3537 1643 ‘25,
3590 1576 3683 1642 5i,

2106 1666 2219 1738 52).
2248 1667 2301 1724 Si
2329 1683 2455 1739 ergo
2480 1669 2584 1723 duo
2610 1678 2735 1723 sunt
2758 1670 2809 1723 in
2839 1684 3000 1723 carne
3026 1683 3147 1733 una,
3178 1667 3283 1724 duo
3311 1676 3433 1721 sunt
3464 1667 3516 1722 in
3552 1681 3688 1722 voce

2106 1775 2232 1815 una.
2264 1763 2431 1832 Caput
2454 1770 2717 1828 nostrum,
2757 1762 3009 1816 Dominus
3037 1758 3301 1827 Christus,
3355 1761 3563 1815 locutus
3604 1770 3688 1814 est

2105 1852 2171 1907 ad
2200 1852 2411 1908 Judteos
2449 1868 2513 1910 ea
2542 1868 2659 1924 qum
2685 1853 3001 1918 audivimus,
3032 1867 3152 1907 cum
3173 1852 3513 1922 Evattgelium
3545 1852 3687 1921 lege-

2105 1954 2268 2009 retur,
2289 1953 2449 2014 caput
2466 1944 2533 1999 ad
2562 1945 2803 2000 inimicos
2832 1960 2957 2000 suos
2990 1964 3003 1999 :
3032 1946 3279 2014 loquatur
3307 1955 3360 2000 et
3388 1960 3603 2016 corpus,
3632 1944 3686 1999 id

2106 2044 2207 2101 est,
2223 2035 2481 2102 Ecclesia,
2500 2036 2565 2091 ad
2580 2036 2820 2103 inimicos
2841 2050 2984 2091 suos.
3005 2034 3181 2090 Nostis
3193 2035 3257 2089 ad
3273 2050 3403 2104 quos
3421 2034 3684 2104 loquatur.

2107 2127 2245 2194 Quid
2274 2128 2435 2183 habet
2460 2127 2601 2197 loqui
2619 2130 2638 2158 ²
2656 2128 2679 2181 ?
2700 2128 2814 2182 Non
2842 2128 2950 2183 dixi
2979 2128 3048 2183 de
3072 2143 3210 2193 meo,
3241 2137 3295 2182 ut
3321 2143 3418 2182 vox
3446 2143 3548 2183 uua
3574 2128 3643 2182 sit
3669 2146 3684 2183 :

2106 2219 2229 2288 quia
2250 2233 2375 2273 caro
2402 2234 2525 2286 una,
2548 2234 2650 2273 vox
2677 2234 2800 2273 una.
2826 2218 2937 2274 lloc
2967 2233 3092 2290 ergo
3118 2219 3219 2273 illis
3248 2219 3487 2274 dicamus
3512 2236 3524 2273 :
3554 2233 3688 2274 voce

2107 2311 2363 2367 Ecclesiae
2394 2312 2600 2382 loquor.
2648 2311 2692 2366 0
2741 2310 2954 2378 fratres,
3004 2312 3094 2365 ﬁlii
3137 2311 3385 2380 disitersi,
3433 2325 3559 2365 oves
3598 2326 3688 2365 er-

2107 2414 2308 2471 rantes,
2339 2404 2470 2458 rami
2500 2403 2729 2473 praecisi,
2761 2402 2885 2471 quid
2926 2403 3052 2457 mihi
3092 2402 3522 2457 calumniamiui?
3550 2402 3687 2469 Quid

2109 2514 2196 2553 me
2223 2512 2327 2552 non
2355 2498 2680 2568 agnoscitis?
2722 2496 3032 2551 Scrutamini
3063 2496 3379 2566 Scripturas,
3410 2496 3464 2549 in
3513 2495 3689 2566 quibus

2109 2590 2296 2658 putatis
2343 2606 2426 2643 vos
2463 2590 2613 2643 vitam
2643 2598 2879 2642 wternam
2927 2588 3142 2653 habere;
3193 2589 3317 2659 ipsa:
3355 2588 3689 2642 testimonium

2110 2682 2368 2751 perhibent
2408 2681 2471 2735 de
2515 2699 2593 2735 me
2618 2698 2636 2735 :
2666 2681 2864 2737 Judteis
2906 2681 3034 2738 dicit
3072 2692 3227 2751 caput
3258 2690 3518 2749 nostrum,
3547 2682 3689 2752 quod

2109 2772 2260 2827 vobis
2315 2788 2508 2842 corpus
2547 2773 2674 2827 dicit
2722 2791 2734 2826 :
2789 2772 3031 2838 Quceretis
3076 2789 3176 2847 me,
3227 2783 3271 2826 et
3305 2790 3405 2826 non
3430 2774 3691 2827 invenietis

2112 2864 2289 2939 (Joan.
2322 2882 2416 2933 vtt,
2463 2866 2577 2937 56).
2629 2866 2836 2933 Quare?
2881 2866 3013 2934 Quia
3056 2882 3162 2921 non
3206 2866 3514 2920 serutamini
3543 2866 3689 2921 Scri-

2111 2966 2315 3025 pturas,
2347 2973 2465 3026 qua:
2496 2957 2852 3011 testimonium
2882 2958 3160 3027 perhibent
3191 2956 3258 3011 de
3288 2973 3394 3011 tne.

2180 3048 2404 3104 CAPUT
2442 3047 2531 3102 IV.
2560 3080 2630 3088 —
2659 3050 2712 3103 5.
2736 3048 3047 3103 Testimonia
3087 3048 3278 3104 Veteris
3302 3048 3604 3103 Testantenti
3630 3048 3693 3102 de

2111 3137 2313 3193 Christo
2339 3149 2386 3192 et
2408 3138 2654 3194 Ecclesia.
2682 3139 3067 3195 Testimonium
3112 3156 3207 3210 pro
3233 3141 3403 3209 capite
3428 3158 3442 3195 :
3474 3141 3690 3194 Abralue

2110 3228 2262 3283 dicta:
2289 3237 2405 3282 sunt
2446 3230 2801 3300 promissiones
2826 3239 2871 3284 et
2909 3232 3088 3286 semini
3112 3232 3240 3297 eius.
3289 3231 3410 3285 Non
3434 3231 3594 3297 .dicit,
3621 3232 3691 3285 Et

2110 3319 2411 3385 seminibus,
2432 3329 2669 3391 tanquam
2699 3321 2751 3374 in
2777 3322 2983 3387 multis;
3010 3321 3097 3377 sed
3121 3331 3359 3393 tanquam
3384 3322 3435 3375 in
3465 3339 3585 3388 uno,
3624 3321 3689 3374 Et

2109 3411 2288 3465 semini
2312 3420 2420 3477 tuo,
2451 3411 2585 3481 quod
2604 3421 2675 3466 est
2705 3411 2931 3467 Christus
2952 3411 3147 3484 (Galat.
3178 3429 3253 3477 ιιι,
3287 3412 3396 3485 l6).
3426 3400 3691 3468 TestimO-

2110 3503 2255 3557 nium
2284 3517 2380 3572 pro
2407 3517 2632 3573 corpore
2661 3503 2728 3558 ad
2767 3503 3056 3569 Abraham,
3084 3503 3223 3573 quod
3254 3504 3693 3558 commemoravit

2110 3594 2419 3663 Apostolus.
2450 3594 2669 3649 Abraha:
2698 3595 2846 3649 dicta:
2871 3604 2986 3648 sunt
3014 3596 3386 3666 prontissiones.
3430 3595 3547 3649 Vivo
3577 3613 3688 3666 ego,

2113 3685 2233 3739 dicit
2277 3684 2564 3751 Dominus;
2594 3702 2684 3757 per
2732 3685 3076 3755 memetipsum
3110 3688 3252 3757 juro,
3300 3686 3417 3756 quia
3443 3685 3693 3739 obaudisti

2112 3790 2281 3830 vocem
2310 3792 2491 3841 meam,
2523 3786 2569 3831 et
2592 3793 2699 3845 non
2735 3777 2997 3847 pepercisti
3024 3776 3205 3832 dilecto
3234 3778 3341 3845 ﬁlio
3377 3786 3461 3830 tuo
3488 3787 3692 3847 propter

2114 3882 2214 3933 me,
2246 3866 2343 3920 nisi
2365 3865 2657 3921 benedicens
2685 3867 2973 3920 benedicam
3017 3877 3082 3933 te,
3115 3877 3161 3922 et
3193 3868 3448 3938 implendo
3474 3866 3691 3937 implebo

2112 3973 2280 4013 semen
2304 3966 2445 4011 tuum
2471 3958 2600 4011 sicut
2646 3957 2818 4013 stellas
2842 3958 2973 4024 caeli,
3006 3967 3052 4012 et
3081 3959 3208 4012 sicut
3251 3975 3456 4011 arenant
3500 3959 3692 4022 maris;

2114 4058 2162 4103 et
2186 4048 2537 4102 benedicentur
2573 4049 2625 4101 in
2653 4048 2841 4103 semine
2866 4058 2950 4102 tuo
2980 4065 3149 4103 omnes
3170 4060 3336 4119 gentes
3365 4048 3690 4118 terrte'lCen.

2116 4137 2495 4208 xxn,l6-l8).
2542 4138 2714 4193 llabes
2745 4139 3106 4193 testimonium
3153 4154 3248 4208 pro
3283 4139 3478 4208 capite,
3529 4138 3692 4195 habes

2112 4243 2210 4299 pro
2234 4243 2475 4299 corpore.
2503 4228 2638 4283 Audi
2659 4228 2800 4284 aliud
2825 4230 3010 4296 breve,
3038 4238 3090 4285 et
3110 4243 3275 4299 prOpe
3303 4245 3405 4284 una
3432 4230 3689 4286 sententia

2116 4319 2452 4389 complexum
2487 4334 2582 4389 pro
2630 4321 2801 4389 capite
2829 4329 2883 4375 ct
2925 4336 3022 4390 pro
3059 4334 3301 4392 corpore.
3348 4322 3423 4377 De
3453 4334 3694 4377 resurre-

2118 4414 2292 4469 ctione
2325 4413 2523 4468 Christi
2569 4415 2811 4469 Psalmus
2862 4415 3216 4486 loquebatur:
3249 4414 3492 4469 Exaltare
3544 4433 3697 4485 super

2115 4505 2286 4571 ctelos,
2319 4504 2476 4559 Deus.
2518 4505 2780 4561 Continuo
2811 4522 2906 4576 pro
2931 4523 3154 4577 corpore
3186 4526 3200 4563 :
3231 4508 3297 4562 Et
3320 4525 3470 4579 super
3498 4525 3697 4563 onmem

2114 4607 2300 4651 terram
2329 4598 2492 4669 gloria
2522 4605 2609 4650 tua
2637 4595 2810 4668 (Psal.
2834 4613 2943 4664 LVI,
2968 4599 3020 4665 6,
3048 4598 3155 4670 12).
3176 4599 3695 4654 Auditestimoui'um

2116 4703 2214 4757 pro
2239 4688 2413 4757 capite
2458 4705 2471 4741 :
2521 4686 2569 4741 F
2571 4688 2781 4742 oderunt
2809 4705 2988 4744 manus
3015 4706 3152 4744 meas
3188 4700 3235 4744 et
3261 4689 3409 4760 pedes
3438 4690 3702 4763 meos,di.

2119 4788 2511 4834 nuttteraverunt
2535 4780 2705 4834 omnia
2748 4797 2863 4835 ossa
2899 4798 3008 4835 mea
3036 4797 3054 4836 :
3081 4781 3180 4851 ipsi
3208 4797 3319 4835 vero
3348 4781 3697 4837 considerave-

2116 4881 2232 4925 runt
2259 4881 2303 4924 et
2329 4881 2696 4940 conspexerunt
2720 4888 2816 4937 me,
2841 4873 3116 4927 diviserunt
3142 4873 3236 4927 sibi
3256 4875 3543 4928 vestimenta
3565 4891 3700 4941 mea,

2118 4972 2163 5017 et
2193 4979 2344 5028 super
2368 4972 2548 5017 vestem
2579 4979 2740 5017 meant
2758 4963 2999 5017 miserunt
3034 4973 3236 5018 sortem.
3282 4963 3414 5018 Audi
3441 4964 3700 5019 continuo

2116 5068 2214 5124 pro
2243 5069 2487 5123 corpore,
2513 5063 2632 5124 post
2651 5070 2817 5124 pauca
2839 5055 2997 5110 verba
3028 5074 3041 5109 :
3074 5055 3639 5124 Commemorabuntur,
3660 5069 3704 5111 et

2120 5154 2467 5198 convertentur
2514 5145 2582 5198 ad
2640 5144 2919 5201 Dominum
2972 5147 3193 5201 universi
3246 5148 3371 5216 ﬁnes
3418 5158 3603 5213 terrtc;
3651 5162 3698 5205 et

2121 5237 2405 5290 adorabunt
2434 5239 2486 5291 in
2512 5248 2781 5308 conspectu
2811 5240 2921 5308 ejus
2957 5240 3202 5294 universa:
3230 5242 3407 5312 patria?
3426 5243 3648 5313 gentium
3683 5259 3701 5296 :

2123 5328 2362 5397 quoniam
2399 5327 2608 5383 Domini
2633 5338 2706 5384 est
2735 5346 2963 5400 regnum,
2992 5341 3036 5383 et
3062 5332 3173 5399 ipse
3214 5332 3554 5386 dominabitur
3578 5348 3700 5404 gen—

2125 5420 2250 5473 tium
2276 5420 2447 5489 (Psal.
2497 5437 2611 5486 xxi,
2663 5422 2749 5485 l7,
2802 5422 2891 5485 18,
2933 5421 3273 5492 19,28,29).
3303 5421 3443 5477 Audt
3472 5439 3566 5492 pro
3606 5437 3700 5477 ca-

2124 5510 2232 5580 pite
2263 5528 2275 5561 :
2313 5510 2374 5564 Et
2401 5511 2508 5581 ipse
2549 5523 2787 5580 tanquam
2830 5530 3045 5583 sponsus
3090 5513 3360 5583 procedens
3388 5515 3443 5568 dc
3472 5514 3697 5572 (balant!

2191 5649 2207 5709 ξ
2236 5645 2307 5709 sic
2332 5652 2428 5691 Am.
2456 5649 2529 5691 Er.
2557 5652 2611 5709 et
2633 5652 2735 5709 Mss.
2761 5653 2964 5709 arma,
2990 5648 3229 5709 emptoris.

2190 5705 2209 5736 ³
2234 5707 2302 5754 sic
2325 5711 2431 5753 Mss.
2460 5713 2514 5757 At
2538 5706 2673 5765 editi,
2700 5706 2786 5768 cii
2810 5708 2945 5758 Ιειώιί
2970 5705 3113 5761 torui.
