4098 6310
469 433 585 476 suo.
611 417 680 475 Et
707 417 761 473 itt
785 417 906 492 ipso
929 416 1138 492 psalmo
1169 417 1293 476 audi
1333 434 1431 492 pro
1456 432 1681 491 corpore
1710 438 1723 476 :
1756 420 1824 475 In
1848 437 2049 478 omnem

471 517 657 564 terram
672 508 825 564 exivit
843 523 996 565 sonus
1019 523 1194 565 eorum
1211 551 1227 579 ,
1249 519 1296 565 et
1325 509 1381 564 in
1401 510 1530 580 ﬁnes
1553 509 1687 565 orbis
1719 520 1864 566 teme
1900 509 2049 565 verba

470 593 651 655 eorum'
674 596 847 672 (Psat.
873 615 1025 670 mu,
1055 600 1111 671 6,
1133 601 1214 677 5).

539 676 765 749 CAPUT
803 692 868 751 γ.
908 724 983 736 --
1006 692 1060 751 6.
1089 694 1227 751 Novi
1254 694 1558 752 Testamenti
1585 696 1924 751 testimonium
1951 710 2045 767 pro

468 780 676 839 Christo
713 794 769 840 et
807 784 1057 842 Ecclesia.
1108 784 1232 845 llaec
1277 788 1513 857 Iudaeis,
1558 797 1615 844 et
1664 788 1782 845 istis
1824 787 2041 842 nostris.

465 870 676 940 Quare?
717 874 855 944 Quia
896 877 1033 933 istas
1067 878 1367 950 Scripturas
1392 878 1603 936 Veteris
1625 877 1949 936 Testamenti
1988 884 2048 934 et

463 961 632 1021 ιιιιάεεί
661 966 948 1038 accipiunt,
986 977 1042 1025 et
1074 970 1241 1025 nostri
1278 970 1366 1026 isti
1408 969 1690 1041 accipiunt.
1722 968 1829 1026 Sed
1868 968 2041 1039 ipsum

462 1049 734 1111 Christum
761 1097 784 1124 ,.
835 1072 997 1128 quem
1041 1058 1118 1113 illi
1159 1075 1266 1114 non
1310 1059 1583 1131 accipiunt
1610 1100 1627 1126 ,
1682 1057 1956 1115 videamus
1994 1057 2040 1112 si

402 1190 408 1204 .
461 1143 549 1199 isti
579 1146 864 1218 accipiunt.
921 1149 1072 1207 Dicat
1111 1159 1166 1206 ct
1219 1151 1355 1223 ipse,
1406 1151 1549 1208 dicat
1597 1160 1652 1206 et
1693 1165 1797 1222 pro
1840 1164 1904 1205 se
1951 1148 2043 1220 qui

459 1244 621 1307 caput
664 1247 767 1306 est,
808 1248 863 1296 et
914 1256 1012 1313 pro
1059 1257 1285 1313 corpore
1335 1258 1432 1299 suo
1485 1241 1627 1313 quod
1668 1251 1751 1297 est
1778 1241 2036 1306 Ecclesia,

457 1327 582 1397 quia
624 1337 679 1384 et
729 1328 784 1385 in
825 1331 977 1387 nobis
1006 1340 1165 1403 caput
1203 1333 1434 1405 loquitur
1479 1348 1578 1404 pro
1614 1347 1858 1404 corpore.
1902 1329 2042 1386 Audi

456 1432 569 1488 pro
599 1421 773 1490 capite
824 1440 840 1477 :
882 1423 1194 1481 Resurrexit
1233 1440 1264 1480 a
1308 1425 1533 1481 mortuis
1560 1465 1576 1491 ,
1628 1424 1831 1512 invenit
1874 1423 2040 1480 disci-

372 1573 385 1583 ⁸
454 1509 612 1578 pulos
664 1510 990 1581 lucsitautes,
1022 1515 1346 1585 dubitantes,
1378 1532 1489 1588 prae
1536 1509 1729 1587 gaudio
1780 1530 1885 1571 non
1916 1528 2038 1570 cre-

428 1588 678 1665 ‘dentcs;
723 1603 930 1672 aperuit
977 1603 1084 1661 illis
1110 1619 1348 1672 sensum,
1390 1614 1449 1660 ut
1490 1605 1846 1677 intelligerent
1893 1603 2039 1659 Scri-

450 1699 667 1760 pturas,
692 1703 746 1749 et
772 1695 905 1752 dixit
932 1696 1031 1764 eis,
1055 1696 1189 1765 Quia
1214 1698 1287 1753 sic
1313 1698 1555 1771 scriptum
1584 1708 1680 1764 cst,
1705 1707 1753 1753 et
1778 1698 1851 1753 sic
1879 1713 2035 1768 apor-

452 1781 868 1859 tebatChristum
898 1787 1026 1858 pati,
1069 1797 1117 1842 et
1142 1804 1400 1861 resurgere
1437 1805 1470 1843 a
1510 1789 1722 1844 mortuis
1760 1789 1905 1843 tertio
1931 1787 2033 1842 die.

448 1872 629 1931 Habes
653 1892 750 1947 pro
775 1878 977 1949 capite;
1006 1879 1149 1936 dicat
1171 1889 1226 1936 et
1259 1896 1359 1952 pro
1381 1896 1646 1952 corpore:
1671 1878 1738 1935 Et
1767 1880 2037 1951 ρνωιιίεακί

448 1964 505 2021 in
532 1967 733 2022 nomine
760 1970 883 2045 ejus
898 1971 1241 2041 paenitentiam
1269 1980 1314 2026 et
1343 1972 1684 2028 remissionem
1712 1981 2034 2045 peccatorum

448 2071 542 2124 per
557 2072 728 2114 omnes
745 2070 937 2132 gentes,
960 2062 1314 2139 incipientibus
1327 2062 1388 2117 ab
1402 2062 1691 2118 Jerusalem
1711 2061 1858 2136 (Luc.
1880 2079 1913 2117 x
1923 2078 2029 2127 xw,

447 2146 540 2215 ιε,
563 2149 713 2221 etc.).
730 2151 879 2208 Dicat
897 2168 1025 2226 ergo
1040 2154 1281 2211 Ecclesia
1305 2155 1535 2212 inimicis
1555 2156 1687 2235 suis,
1710 2156 1870 2212 dicat.
1896 2155 2038 2212 Dicit

446 2234 629 2308 plane,
661 2256 767 2297 non
795 2252 932 2300 tacet
963 2263 979 2300 :
1010 2245 1105 2301 sed
1136 2246 1212 2301 illi
1256 2246 1496 2304 audiant.
1533 2247 1768 2312 Fratres,
1808 2248 2032 2304 audistis

448 2328 773 2401 testimonia,
796 2333 907 2406 jam
935 2338 1138 2394 noscite
1162 2353 1266 2394 me.
1295 2331 1610 2395 Scrutantini
1640 2340 1952 2412 Scripturas,
1979 2342 2033 2396 in

446 2420 628 2489 quibus
663 2438 749 2479 vos
789 2426 1003 2495 speratis
1032 2428 1193 2482 vitam
1229 2438 1471 2484 attentam
1497 2430 1713 2496 habere;
1741 2432 1867 2501 ipsa:
1890 2432 2031 2485 testi-

447 2510 670 2565 monium
697 2514 960 2584 perhibent
988 2517 1050 2571 de
1076 2534 1171 2573 me.
1194 2518 1322 2586 Qua:
1346 2518 1477 2587 dixi,
1510 2535 1616 2575 non
1644 2530 1771 2575 sunt
1793 2521 1860 2575 de
1886 2537 2028 2586 meo,

445 2601 541 2657 sed
558 2601 624 2659 de
641 2603 846 2660 Domini
866 2607 991 2675 mei,
1024 2618 1078 2663 et
1095 2620 1270 2665 tamen
1291 2610 1466 2665 adhuc
1478 2611 2030 2678 aversaminiﬁadhuc

443 2695 888 2765 tergiversamini.
923 2700 1186 2767 Quomodo
1239 2705 1444 2775 potestis
1493 2705 1617 2758 mihi
1668 2706 1887 2772 credere,
1914 2705 2030 2777 glo-

442 2783 574 2839 riam
617 2786 678 2840 ab
721 2788 934 2844 inuicem
962 2802 1328 2860 exspectantes,
1370 2803 1417 2847 et
1444 2795 1660 2866 gloriam
1697 2811 1812 2863 qute
1849 2813 1881 2849 a
1923 2797 2030 2851 solo

442 2875 556 2930 Deo
582 2887 674 2946 est,
706 2897 805 2935 non
820 2894 1098 2953 querentes
1114 2885 1139 2937 ?
1158 2883 1286 2951 Quia
1311 2885 1618 2956 ignorantes
1632 2886 1725 2942 Dei
1745 2887 2027 2958 justitiam,

443 2966 617 3021 zelum
678 2966 769 3025 Dei
817 2970 1042 3039 habetis,
1082 2973 1174 3028 sed
1220 2991 1326 3028 non
1383 2976 1674 3031 secundum
1727 2977 2025 3033 scientiam.

442 3055 753 3128 Ignorantcs
782 3064 922 3118 enim
977 3064 1069 3121 Dei
1119 3065 1406 3136 justitiam,
1428 3076 1483 3122 et
1527 3078 1765 3124 vestram
1790 3069 2031 3142 volentes

443 3150 788 3218 constituere,
814 3153 1035 3224 justitize
1074 3156 1168 3213 Dei
1212 3173 1316 3213 non
1343 3159 1473 3215 estis
1509 3160 1754 3231 subjecti.
1784 3161 1918 3231 Quid
1946 3172 2031 3219 est

443 3239 610 3305 aliud,
644 3243 888 3314 ignorare
938 3247 1032 3304 Dei
1073 3248 1357 3319 justitiam,
1388 3260 1442 3307 et
1467 3266 1616 3308 suam
1643 3255 1779 3309 velle
1825 3258 2027 3311 consti-

443 3336 616 3396 tuere,
640 3333 743 3388 nisi
767 3335 947 3393 dicere
978 3356 992 3393 :
1020 3338 1131 3410 Ego
1157 3341 1564 3414 sanctifico,ego
1592 3344 1857 3416 justiﬁco;
1884 3348 2027 3420 quod

444 3437 546 3494 ego
578 3422 796 3494 dedero,
827 3427 929 3485 hoc
967 3440 1206 3488 sanctum
1237 3433 1352 3490 est?
1383 3434 1595 3491 Dimitte
1624 3437 1732 3492 Deo
1760 3438 1901 3509 quod
1929 3439 2027 3495 Dei

443 3522 527 3569 est
557 3533 571 3569 :
602 3531 850 3587 agnosce,
897 3519 1077 3589 homo,
1111 3524 1250 3595 quod
1294 3525 1523 3583 hominis
1551 3538 1652 3585 est.
1693 3529 1905 3602 Ignoras
1932 3532 2027 3587 Dei

438 3606 719 3676 justitiam,
743 3622 796 3666 et
818 3621 959 3668 tuam
977 3616 1055 3670 vis
1081 3618 1426 3676 constituere.
1443 3620 1745 3678 Justiﬁcare
1759 3638 1847 3679 me
1864 3622 1947 3680 vis
1963 3626 1983 3656 ²
2006 3641 2021 3679 :

445 3686 642 3753 sufﬁcit
673 3700 762 3755 tibi
791 3711 853 3757 ut
875 3720 1081 3760 meeum
1104 3694 1432 3777 jnstiiiceris.

513 3789 736 3848 CAPUT
776 3793 863 3849 Vl.
888 3827 958 3836 —
997 3798 1048 3851 7.
1083 3799 1378 3855 Antichristi
1423 3802 1588 3858 scelus
1615 3804 1880 3862 imitantur
1904 3805 2018 3863 Do-

441 3882 658 3938 natislte.
697 3885 769 3941 De
796 3888 1124 3946 Antichristo
1159 3891 1357 3948 dictum
1384 3903 1487 3961 est,
1519 3904 1573 3952 et
1596 3913 1782 3954 omnes
1825 3899 1903 3956 sic
1931 3900 2019 3956 in-

440 3972 691 4044 telligunt:
714 3978 855 4047 quod
889 3980 963 4033 ait
990 3981 1264 4049 Dominus,
1296 3981 1411 4056 Ego
1450 3987 1560 4041 veni
1600 3988 1655 4042 in
1683 3990 1885 4045 nomine
1907 3989 2023 4045 Pa-

439 4062 532 4116 tris
575 4065 691 4132 ntei,
737 4076 785 4120 ct
824 4084 923 4123 non
971 4073 1258 4141 suscepistis
1294 4091 1374 4129 me
1412 4091 1432 4130 :
1468 4077 1514 4131 si
1538 4077 1689 4132 salius
1733 4080 1919 4135 venerit
1967 4081 2022 4137 in

441 4153 642 4208 nomine
669 4171 780 4220 suo,
822 4157 954 4212 hunc
982 4160 1283 4230 suscipiatis.
1327 4162 1440 4219 Sed'
1472 4166 1747 4224 audiamus
1771 4176 1827 4225 et
1853 4169 2019 4225 Joan-

436 4261 561 4301 nem
594 4264 608 4300 :
639 4246 864 4305 Audistis
901 4252 1019 4321 quia
1055 4254 1189 4308 venit
1212 4253 1567 4322 Antichristus,
1616 4267 1664 4312 et
1706 4276 1841 4313 nunc
1882 4261 2018 4316 anti-

438 4334 615 4390 christi
642 4336 790 4393 multi
835 4339 957 4409 [acti
994 4354 1116 4397 sunt
1156 4341 1199 4416 (I
1243 4342 1401 4399 Joan.
1431 4361 1489 4411 ιι,
1533 4346 1645 4417 18).
1672 4347 1808 4417 Quid
1838 4360 2015 4406 autem

436 4430 845 4497 expavescimus
871 4432 924 4488 in
956 4431 1307 4499 Antichristo,
1340 4436 1442 4491 nisi
1485 4438 1606 4508 quia
1637 4454 1829 4496 nomen
1860 4458 2016 4498 suum

437 4517 795 4578 honoraturus
822 4532 925 4591 est,
980 4533 1036 4581 et
1067 4540 1262 4581 nomen
1288 4526 1500 4583 Domini
1527 4528 1548 4560 ³
1573 4534 2019 4601 contempturus?

436 4607 574 4676 Quid
605 4610 747 4666 aliud
777 4611 899 4668 iacit
936 4615 1025 4685 qui
1066 4614 1195 4671 dicit
1222 4635 1236 4670 :
1268 4615 1381 4689 Ego
1401 4617 1676 4687 justiﬁco?
1706 4621 2021 4692 Responde-

432 4710 523 4756 tur
546 4703 595 4758 ei
621 4722 632 4756 :
662 4704 777 4776 Ego
794 4705 859 4760 ad
880 4704 1149 4762 Christum
1174 4708 1315 4776 veni,
1342 4725 1455 4765 non
1472 4710 1721 4781 pedibus,
1740 4711 1842 4768 sed
1855 4712 2018 4770 corde

431 4792 557 4848 veni
594 4812 607 4848 :
638 4794 724 4849 ubi
772 4795 1114 4868 Evangelium
1140 4798 1342 4865 audivi,
1387 4799 1460 4855 ibi
1489 4801 1710 4870 credidi,
1747 4802 1818 4857 ibi
1844 4800 2016 4874 bapti-

433 4891 585 4939 zatus
612 4899 731 4940 sum
767 4905 783 4940 :
812 4887 935 4956 quia
965 4888 1016 4942 in
1047 4888 1316 4946 Christum
1346 4891 1570 4960 credidi,
1604 4893 1656 4947 in
1697 4893 1864 4950 Deum
1894 4911 2014 4953 cre-

434 4972 564 5028 didi.
594 4975 658 5030 Et
686 4976 774 5032 ille
808 4995 821 5031 :
850 4977 966 5033 Non
993 4995 1054 5034 es
1079 4979 1330 5038 mundus.
1372 4981 1588 5051 Quare?
1629 4982 1760 5050 Quia
1808 5002 1913 5041 non
1943 4986 2015 5043 ibi

433 5063 531 5119 iui.
568 5064 662 5121 Dic
684 5082 850 5137 quare
891 5084 996 5123 non
1024 5084 1145 5126 sum
1177 5071 1480 5134 mundatus.
1512 5072 1671 5128 homo
1697 5075 1786 5144 qui
1838 5074 2013 5146 bapti-

433 5162 582 5209 zatus
630 5171 746 5212 sum
788 5158 838 5213 in
866 5159 1182 5227 Jerusalem,
1225 5163 1387 5218 homo
1411 5164 1501 5234 qui
1543 5162 1839 5236 baptizatus
1868 5184 2009 5235 sum,

432 5244 582 5300 verbi
625 5248 813 5319 gratia,
861 5249 1001 5320 apud
1045 5250 1331 5323 Ephesios,
1378 5254 1443 5308 ad
1490 5271 1624 5326 quos
1657 5256 1834 5312 datam
1891 5259 2014 5328 Epi-

430 5337 624 5393 stolam
670 5340 840 5412 legis,
884 5352 938 5398 et
972 5360 1195 5415 quorum
1249 5361 1433 5417 pacem
1482 5350 1723 5421 spernis?
1758 5352 1897 5407 Ecce
1945 5352 2017 5407 ad

433 5428 696 5502 Ephesios
747 5432 959 5504 scripsit
999 5436 1288 5505 Apostolus
1331 5456 1344 5491 :
1388 5437 1599 5495 fundata
1630 5449 1713 5497 est
1752 5440 2011 5509 Ecclesia,

492 5545 510 5606 ξ
536 5541 723 5606 Aliquot
745 5550 870 5606 Mss,
895 5545 1235 5599 adversantim’.

490 5603 967 5688 Ltﬂfziufghcare
987 5614 1033 5660 te
1050 5607 1150 5667 vis;
1172 5610 1572 5663 dissentientibus
1590 5613 1698 5664 aliis
1719 5614 1854 5666 libris
1869 5615 2012 5667 editis

427 5670 482 5715 οι
502 5670 856 5729 manuscriptis.

444 5769 449 5773 .
491 5727 512 5759 ³
544 5725 711 5779 Plures
753 5731 1082 5794 manuscriptl.
1125 5739 1173 5784 et
1214 5745 1381 5786 nomen
1410 5733 1513 5786 Dei.

1698 308 1759 365 8.
1802 304 2164 364 AUGUSTI-Nl
2205 306 2504 364 EI’ISCOPI

3630 321 3732 379 795

2165 429 2342 475 manet
2373 437 2538 492 usque
2583 438 2752 488 nunc;
2804 431 2855 477 et
2885 423 3098 480 uberius
3139 437 3336 497 manet,
3389 434 3614 505 multipli
3650 437 3733 494 ius

2162 521 2360 580 manet,
2410 521 2554 569 tenet
2578 514 2719 585 quod
2769 517 2973 587 accepit
2997 519 3064 573 ab
3086 520 3358 591 Apostolo,
3393 524 3457 580 Si
3492 528 3603 596 quis
3640 547 3731 584 an-

2157 603 2457 658 nuntiauerit
2508 604 2643 661 vobis
2694 618 2876 679 prater
2898 626 3051 682 quam
3094 615 3231 682 quod
3278 619 3565 688 accepistis,
3609 639 3735 676 ana-

2156 690 2322 746 thema
2351 694 2415 748 sit
2443 693 2637 767 (Colat.
2680 713 2720 764 ι,
2749 697 2825 769 9).
2856 698 2993 766 Quid
3043 703 3207 771 ergo?
3234 707 3364 777 quid
3405 708 3534 763 mihi
3561 710 3736 766 dicis?

2153 781 2380 840 Mundus
2405 801 2512 841 non
2551 787 2808 845 sum?lbi
2838 790 3150 862 baptizatus,
3183 797 3413 853 mundus
3441 816 3546 856 non
3574 818 3689 857 sum
3708 803 3733 855 τ

2152 872 2323 930 Etiam
2350 892 2456 932 non
2476 893 2556 934 es.
2593 879 2809 948 Quare?
2836 880 2968 950 Quia
2993 899 3093 956 ego
3135 886 3207 941 ibi
3254 905 3358 943 non
3384 888 3478 944 fui.
3505 890 3606 946 Sed
3635 895 3728 964 qui
3764 916 3785 925 ν
3852 966 3872 981 '

2152 963 2347 1035 ubique
2386 975 2488 1034 est,
2516 967 2586 1024 ibi
2610 968 2727 1024 fuit.
2760 969 2861 1038 Qui
2891 972 3085 1043 ubique
3114 984 3217 1042 est,
3247 976 3318 1032 ibi
3360 978 3476 1045 fuit,
3499 980 3551 1035 in
3577 963 3730 1051 cujus

2151 1053 2353 1112 nomen
2374 1059 2590 1115 credidi.
2622 1060 2702 1117 Tu
2727 1063 2910 1119 nescio
2937 1063 3077 1121 unde
3106 1068 3347 1137 veniens,
3372 1069 3486 1126 imo
3509 1088 3611 1128 non
3635 1092 3726 1129 vc-

2148 1148 2322 1217 niens,
2348 1150 2442 1207 sed
2463 1153 2647 1209 volens
2673 1163 2731 1209 ut
2748 1170 2846 1226 ego
2863 1155 2930 1214 ad
2948 1163 3001 1212 te
3017 1159 3246 1227 veniam,
3267 1160 3354 1216 hic
3376 1164 3578 1232 positus
3592 1164 3723 1220 dicis

2149 1238 2279 1293 mihi
2300 1257 2313 1293 :
2334 1239 2449 1294 Non
2464 1256 2521 1297 es
2537 1252 2678 1298 recte
2696 1242 3007 1314 baptizatus,
3022 1246 3144 1317 quia
3156 1264 3254 1319 ego
3274 1250 3345 1304 ibi
3367 1267 3472 1306 non
3493 1252 3726 1309 ftti.\’ide

2155 1328 2273 1397 quis
2298 1329 2368 1385 ibi
2389 1330 2502 1386 fuit.
2530 1332 2666 1400 Quid
2695 1333 2893 1390 dictum
2915 1345 2997 1392 est
3025 1336 3448 1411 Joanni'PSuper
3473 1360 3619 1414 quem
3647 1346 3725 1398 vi-

2147 1417 2280 1473 deris
2302 1419 2552 1491 Spiritum
2572 1424 2949 1482 descendentem
2973 1429 3120 1505 quasi
3132 1429 3432 1500 columbam,
3451 1433 3535 1488 hic
3548 1444 3618 1490 cst
3638 1436 3726 1505 qui

2146 1507 2364 1579 baptizat
2393 1509 2574 1582 (Joan.
2625 1529 2663 1579 ι,
2695 1513 2807 1587 55).
2842 1514 3019 1586 lpsmn
3045 1517 3209 1574 habes
3232 1531 3560 1591 qumrcntem
3583 1532 3633 1579 te
3654 1527 3671 1557 ¹
3702 1543 3717 1580 :

2144 1597 2252 1653 imo
2277 1600 2399 1670 quia
2429 1602 2560 1658 mihi
2582 1603 2650 1659 ab
2679 1605 2795 1676 ipso
2820 1604 3086 1677 baptizata
3115 1608 3379 1678 invidisti,
3399 1611 3569 1684 ipsum
3596 1631 3724 1686 pcr-

2146 1688 2346 1746 didisti.

2212 1781 2436 1841 CAPUT
2480 1785 2586 1840 ιἰι.
2634 1816 2706 1828 -—
2745 1786 2801 1845 8.
2869 1789 2997 1858 Qute
3043 1793 3109 1847 sit
3155 1786 3569 1866 Cat'oticorum,
3611 1817 3725 1872 qua

2141 1869 2523 1930 Donatistarum
2562 1877 2812 1932 doctrina.
2851 1879 3133 1953 lntclligite
3178 1900 3328 1956 ergo,
3374 1887 3564 1944 fratres
3594 1869 3723 1956 mei,

2140 1979 2325 2021 vocem
2354 1975 2589 2024 nostram
2615 1978 2669 2025 et
2696 1970 2929 2040 illorum,
2954 1984 3010 2029 et
3028 1974 3207 2032 videte
3231 1978 3354 2048 quid
3370 1979 3597 2051 eligatis.
3616 1982 3724 2038 Nos

2141 2055 2245 2112 hoc
2268 2056 2496 2114 dicimus
2529 2078 2543 2114 :
2572 2059 2751 2117 Simus
2787 2064 2976 2130 sancti,
3002 2064 3141 2120 Deus
3170 2068 3304 2134 scit;
3333 2070 3500 2125 simus
3528 2071 3718 2145 iniqui,

2140 2157 2195 2201 et
2222 2147 2323 2202 hoc
2350 2150 2518 2220 magis
2547 2150 2662 2220 ipse
2690 2152 2793 2208 scit
2831 2171 2846 2208 :
2887 2170 2984 2210 vos
3014 2155 3065 2210 in
3093 2156 3248 2213 nobis
3291 2173 3441 2228 spem
3490 2178 3596 2217 non
3629 2180 3725 2234 po-

2139 2237 2273 2294 natis
2299 2281 2316 2306 ,
2372 2242 2782 2316 qualescumque
2826 2246 3015 2303 simus.
3063 2247 3120 2305 Si
3156 2249 3281 2305 boni
3312 2266 3516 2321 sumus,
3564 2255 3724 2315 facile

2136 2331 2277 2400 quod
2304 2332 2560 2403 scriptum
2588 2346 2671 2392 est
2703 2355 2717 2393 :
2748 2336 3037 2396 Imitatorcs
3064 2342 3161 2397 mei
3191 2354 3365 2411 estote,
3391 2347 3520 2402 sicut
3557 2357 3605 2404 et
3628 2367 3727 2422 ego

2136 2421 2322 2478 Christi
2351 2423 2394 2496 (l
2427 2424 2547 2482 Car.
2588 2444 2660 2495 tv,
2692 2429 2807 2502 16).
2834 2430 2890 2487 Si
2918 2443 3096 2489 autem
3124 2436 3247 2491 mali
3272 2449 3477 2506 sumus,
3515 2455 3614 2496 nec
3639 2421 3720 2499 sic

2134 2512 2335 2569 deserti
2363 2516 2513 2584 estis,
2557 2534 2658 2575 nec
2691 2521 2771 2576 sic
2807 2523 2926 2578 sine
2962 2525 3189 2582 consilio
3216 2529 3551 2586 remansistis
3580 2549 3594 2585 :
3625 2547 3722 2588 au-

2135 2601 2245 2660 dite
2272 2604 2557 2675 dicentem,
2579 2610 2707 2676 Qute
2733 2613 2929 2682 dicunt,
2956 2617 3145 2687 facite;
3173 2635 3288 2689 qua
3312 2630 3478 2677 autem
3501 2625 3717 2697 faciunt,

2135 2696 2299 2764 facere
2320 2698 2473 2754 nolite
2501 2699 2711 2772 (Matth.
2744 2720 2896 2771 χχιιι,
2930 2705 3006 2779 5).
3034 2707 3115 2763 llli
3144 2718 3327 2767 autem
3355 2696 3541 2770 contra
3565 2733 3580 2770 :
3603 2716 3718 2774 Nisi

2133 2790 2258 2846 boni
2286 2791 2561 2862 fuerimus,
2595 2798 2829 2867 peristis.
2858 2801 3000 2859 Ecce
3039 2811 3125 2859 est
3160 2805 3297 2861 alius
3324 2807 3413 2878 qui
3442 2809 3622 2866 veniet
3663 2811 3719 2867 in

2134 2881 2352 2938 nomine
2392 2898 2512 2941 suo.
2559 2887 2700 2958 Ergo
2720 2890 2825 2944 vita
2870 2907 2987 2948 mea
3014 2909 3082 2949 ex
3120 2903 3171 2950 te
3196 2896 3467 2966 pendebit,
3494 2908 3550 2955 et
3573 2902 3723 2958 salus

2132 2987 2251 3027 mea
2275 2988 2342 3029 ex
2368 2984 2421 3031 te
2443 2977 2792 3048 religabitur?
2817 2981 2966 3039 itane
3006 2984 3203 3041 oblitus
3242 3001 3361 3043 sum
3401 2987 3720 3048 iundamen-
3811 3037 3816 3042 .

2133 3070 2243 3119 tum
2272 3068 2485 3122 meum?
2509 3067 2695 3125 Nonne
2728 3080 2875 3142 petra
2900 3082 3017 3129 erat
3042 3075 3285 3133 Christus
3308 3080 3352 3151 (Ι
3380 3079 3498 3136 Cor.
3530 3098 3587 3149 ι,
3617 3082 3716 3153 4)?

2131 3151 2328 3212 Nonne
2351 3158 2439 3228 qui
2470 3159 2700 3216 :rdilicat
2727 3178 2887 3234 super
2911 3175 3136 3235 petram,
3165 3168 3337 3239 ipsum
3388 3186 3495 3227 non
3537 3151 3716 3244 dejicit

2130 3258 2344 3317 ventus,
2393 3250 2586 3320 pluvia,
2623 3252 2840 3310 ﬂumina
2881 3256 3097 3328 (Matth.
3122 3276 3213 3327 vu,
3251 3262 3380 3335 25)?
3412 3264 3545 3320 Veni
3587 3281 3715 3340 ergo

2130 3352 2362 3407 mecum,
2389 3342 2435 3396 si
2470 3341 2571 3411 vis,
2609 3358 2770 3416 super
2794 3355 3022 3417 petram,
3050 3359 3104 3405 et
3126 3350 3236 3408 noli
3265 3353 3397 3409 mihi
3422 3370 3543 3413 esse
3568 3357 3707 3414 velle

2130 3443 2228 3501 pro
2251 3440 2420 3501 petra.

2202 3524 2256 3580 9.
2288 3522 2571 3582 Donatista:
2611 3545 2702 3583 nec
2731 3528 2916 3602 Moysi,
2948 3549 3038 3588 nec
3064 3532 3263 3592 Christo
3286 3538 3495 3594 credunt
3521 3542 3601 3596 vel
3631 3557 3715 3598 re-

2127 3617 2375 3688 surgenti.
2416 3615 2699 3674 Donatist
2726 3622 2778 3676 in
2818 3620 3075 3679 Christum
3107 3626 3304 3698 injurii.
3334 3630 3483 3685 Dicat
3507 3646 3634 3703 ergo
3660 3641 3717 3689 ct

2128 3709 2476 3767 novissimum
2492 3711 2620 3767 illud
2644 3714 2899 3783 Ecclesia,
2915 3718 2977 3772 Si
2994 3719 3259 3776 crederetis
3281 3721 3469 3794 Moysi,
3488 3726 3721 3782 credere-

2128 3800 2195 3854 tis
2226 3810 2274 3855 et
2304 3802 2428 3857 mihi
2445 3819 2471 3868 ;
2493 3802 2556 3859 de
2576 3821 2654 3859 me
2678 3807 2809 3859 enim
2840 3807 2928 3862 ille
2965 3811 3205 3881 scripsit:
3229 3815 3349 3883 quia
3376 3830 3568 3884 corpus
3594 3832 3710 3872 sum

2126 3891 2273 3963 ejus,
2301 3892 2368 3948 de
2396 3910 2500 3965 quo
2524 3895 2750 3965 scripsit.
2786 3897 2851 3952 Et
2878 3899 2945 3953 de
2972 3900 3204 3956 Ecclesia
3224 3903 3431 3975 Moyses
3458 3908 3692 3977 scripsit.

2124 3981 2258 4039 Nam
2301 3985 2470 4058 Moysi
2511 3988 2673 4044 verba
2725 3989 2863 4058 dixi,
2900 3991 2969 4046 In
3005 3993 3194 4050 semine
3229 4006 3315 4050 tuo
3357 3997 3712 4056 benedicentur

2125 4092 2295 4132 omnes
2313 4088 2481 4149 gentes
2499 4079 2646 4151 (Cen.
2666 4098 2802 4149 nu,
2824 4085 2937 4151 18).
2958 4083 3166 4158 Moyses
3184 4088 3285 4145 hoc
3306 4091 3357 4145 in
3388 4094 3561 4161 primo
3576 4095 3711 4150 libro

2124 4168 2422 4238 scripsit.Si
2438 4170 2724 4228 crederetis
2749 4174 2937 4247 Moysi,
2949 4178 3236 4238 crederetis
3251 4190 3303 4237 ct
3320 4182 3553 4241 Christo.
3578 4186 3719 4254 Quia

2122 4259 2292 4334 Moysi
2323 4262 2482 4318 verba
2508 4268 2868 4337 contemnitis,
2895 4286 3116 4328 necesse
3134 4284 3218 4329 est
3239 4283 3294 4329 ut
3317 4274 3514 4333 Christi
3542 4280 3701 4335 verba

2123 4354 2498 4410 contemnatis.
2543 4354 2745 4413 Habent
2788 4359 2876 4427 ibi,
2914 4361 3113 4432 inquit,
3142 4363 3354 4436 Moysen
3391 4378 3438 4421 et
3476 4367 3712 4440 Prophe-

2122 4450 2229 4511 tas,
2257 4445 2471 4501 audiant
2498 4447 2634 4504 illos.
2661 4448 2801 4519 Non,
2827 4463 2970 4524 pater
2998 4455 3293 4524 Abraham;
3332 4461 3422 4516 sed
3459 4462 3503 4516 si
3529 4463 3642 4533 quis
3670 4480 3711 4518 α

2122 4535 2331 4591 mortuis
2356 4538 2564 4605 venerit,
2596 4538 2762 4611 ipsum
2801 4543 3035 4624 audient.
3061 4547 3127 4601 Et
3164 4548 3255 4603 ille
3279 4567 3296 4603 ι
3326 4550 3392 4608 Si
3416 4550 3629 4624 Moysen
3655 4564 3705 4609 et

2122 4623 2407 4696 Prophetas
2421 4645 2519 4683 non
2537 4631 2778 4697 audiunt,
2790 4650 2878 4689 nec
2905 4622 2946 4691 ii
2970 4637 3082 4707 quis
3093 4655 3125 4691 η
3138 4641 3344 4695 mortuis
3356 4646 3707 4712 resurrexerit,

2122 4717 2325 4772 credent
2352 4716 2501 4790 (Luc.
2532 4736 2643 4788 xw,
2674 4722 2889 4797 29-51)..
2908 4725 3020 4782 Hoc
3044 4727 3112 4784 de
3128 4728 3325 4786 ludatis
3348 4731 3556 4792 dictum.
3580 4745 3665 4793 est
3688 4754 3703 4791 :

2119 4822 2247 4878 ergo
2279 4824 2383 4862 non
2410 4808 2607 4866 dictum
2637 4812 2704 4868 de
2732 4814 3037 4874 haereticis?

2190 4900 2415 4957 CAPUT
2456 4903 2587 4958 Vill.
2621 4935 2693 4948 —
2718 4908 2760 4960 Α
2818 4912 3041 4967 mortuis
3093 4927 3456 4972 rcsnrrexerat
3491 4920 3575 4988 qui
3626 4921 3706 4975 di-

2119 4990 2272 5045 ccbat
2293 5037 2310 5062 ,
2344 4991 2614 5064 Oportebat
2665 4996 2918 5054 Christum
2965 5004 3099 5072 pati,
3124 5016 3170 5059 et
3217 5023 3473 5080 resurgere
3508 5027 3540 5064 a
3566 5029 3702 5066 mor-

2119 5082 2219 5135 tuis
2263 5084 2410 5136 tertia
2455 5085 2554 5139 die.
2614 5088 2724 5142 llec
2763 5088 2945 5144 credo.
2997 5093 3213 5161 Credo,
3245 5097 3431 5167 inquit.
3493 5098 3705 5156 Credis?

2118 5171 2295 5240 Quare
2354 5189 2461 5230 non
2523 5178 2697 5233 credis
2765 5183 2904 5250 quod
2965 5187 3238 5256 sequitur?
3295 5189 3428 5256 Quia
3495 5194 3701 5259 credis,

2124 5262 2395 5334 Oportebat
2440 5268 2693 5324 Christum
2727 5273 2853 5342 pati,
2887 5285 2933 5328 et
2983 5293 3240 5349 resurgere
3267 5297 3299 5333 a
3350 5283 3558 5339 mortuis
3606 5295 3698 5337 lcr-

2119 5358 2189 5411 tia
2232 5359 2350 5423 die;
2399 5358 2499 5415 hoc
2543 5361 2743 5417 dictum
2787 5376 2870 5419 est
2921 5366 2985 5419 de
3015 5369 3186 5439 capite
3216 5371 3408 5429 :crcdc
3454 5382 3510 5428 et
3562 5374 3704 5444 quod

2118 5451 2356 5519 sequitur
2379 5451 2447 5507 de
2474 5452 2708 5509 Ecclesia
2729 5498 2743 5521 ,
2777 5455 3057 5512 Prwdicuri
3093 5462 3143 5515 in
3172 5448 3371 5520 nomine
3396 5466 3503 5535 eius
3535 5467 3701 5535 paeni-

2119 5542 2324 5595 tentiam
2357 5552 2402 5596 et
2436 5545 2777 5600 remissionem
2826 5560 3140 5618 peccatorum
3171 5570 3259 5621 per
3295 5572 3466 5610 onmcs
3505 5566 3697 5626 gentes.

2180 5677 2416 5753 {ﬂuidam
2452 5683 2758 5744 musc‘ri‘pti
2802 5683 3005 5745 habent,
3041 5693 3200 5750 Ipsum
3227 5687 3401 5739 mam
3425 5702 3700 5753 maererent

2119 5735 2207 5789 te?
