4098 6310
367 286 476 344 725

364 404 543 474 Quare,
571 398 747 456 credis
772 396 839 453 de
887 392 1095 464 capite,
1139 400 1193 447 ct
1237 404 1341 445 non
1390 394 1566 451 credis
1593 391 1661 448 de
1700 388 1957 461 corpore?

362 494 502 566 Quid
530 494 624 549 tibi
654 490 778 547 fecit
805 487 1070 553 Ecclesia,
1121 492 1181 540 ut
1212 499 1335 545 eam
1365 489 1497 545 velis
1526 484 1757 558 quodam
1792 482 1954 538 modo

364 584 671 645 decollare?
704 580 916 638 Tollere
956 579 1036 634 vis
1066 576 1323 640 Ecclesia:
1352 590 1540 652 caput,
1572 587 1627 635 ει
1651 576 1810 648 (ξειρίιὶ
1835 590 1955 630 ονε-

364 692 494 746 dere
519 731 534 755 ,
558 701 755 755 corpus
780 682 1118 752 relinquere,
1153 682 1303 755 quasi
1332 679 1575 737 exanime
1600 691 1812 746 corpus.
1834 672 1962 729 Sine

362 796 523 835 causa
549 776 742 849 capiti,
765 774 913 848 quasi
936 773 1166 835 famulus
1194 776 1420 830 devotus
1439 769 1714 827 blandiris.
1744 767 1842 836 Qui
1868 764 1961 820 de-

363 872 568 927 collare
597 868 748 935 vult,
799 873 855 921 et
885 876 1048 940 caput
1087 875 1142 923 et
1184 880 1379 936 corpus
1424 870 1648 918 conatur
1693 857 1957 914 occidere.

366 965 707 1020 Erubescunt
732 974 932 1035 negare
958 961 1227 1016 Christum
1250 1000 1266 1027 ,
1297 966 1353 1012 et
1378 971 1484 1011 non
1513 954 1834 1009 erubescunt
1862 966 1957 1004 nc-

362 1072 489 1129 gare
522 1055 683 1114 verba
710 1056 927 1114 Christi.
956 1054 1223 1111 Christum
1249 1067 1348 1107 nec
1375 1066 1472 1105 nos
1501 1048 1729 1103 vidimus
1769 1044 1953 1109 oculis,

366 1163 467 1203 nec
491 1161 611 1205 vos.
634 1147 801 1204 ειυόωί
832 1146 1107 1208 viderunt,
1136 1152 1189 1198 et
1232 1138 1560 1197 occiderunt.
1589 1136 1696 1192 Nos
1739 1151 1844 1189 non
1875 1134 1957 1188 vi-

364 1239 578 1308 dimus,
629 1248 684 1295 et
724 1238 993 1293 credimus
1033 1254 1046 1289 :
1078 1233 1237 1288 verba
1292 1233 1455 1303 ipsius
1491 1229 1765 1285 nobiscum
1810 1236 1955 1282 sunt.

365 1337 684 1406 Comparate
711 1347 804 1387 vos
828 1330 1023 1387 ludatis
1055 1330 1164 1384 :illi
1181 1335 1611 1398 contempserunt
1636 1322 1956 1397 pendentem

366 1432 421 1488 in
450 1432 616 1504 ligno,
662 1447 758 1488 vos
807 1431 1165 1487 comtemnilis
1220 1428 1495 1485 sedentem
1548 1426 1599 1479 in
1647 1423 1823 1480 coelo:
1856 1421 1959 1476 illis

364 1522 771 1595 suggerentibus
799 1523 945 1578 stetit
989 1522 1171 1577 titulus
1219 1519 1446 1583 Christi,
1500 1516 1650 1572 vobis
1697 1513 1958 1570 stantibus

364 1614 577 1672 deletur
605 1617 905 1686 Baptismus
938 1614 1158 1670 Christi.
1189 1612 1297 1669 Sed
1326 1610 1453 1682 quid
1498 1616 1697 1674 restat,
1729 1606 1955 1672 fratres,

367 1708 468 1763 nisi
510 1724 727 1764 oremus
769 1716 824 1763 et
868 1722 963 1779 pro
1002 1706 1278 1777 superbis,
1322 1720 1535 1760 oremus
1560 1710 1614 1757 et
1639 1716 1735 1772 pro
1764 1700 1957 1764 elatis,

364 1800 454 1871 qui
485 1815 544 1856 se
574 1800 652 1856 sic
673 1799 964 1855 extollunt?
995 1799 1241 1853 Dicamus
1292 1811 1387 1866 pro
1433 1793 1536 1849 illis
1584 1793 1712 1858 Deo,
1760 1788 1959 1863 Cogno-

365 1900 509 1948 scant
542 1891 661 1961 quia
704 1891 791 1944 tibi
818 1907 997 1944 nomen
1018 1888 1266 1943 Dominus
1291 1902 1309 1942 :
1332 1896 1389 1941 et
1420 1901 1524 1941 non
1557 1883 1798 1938 homines
1817 1923 1834 1947 ,
1862 1879 1957 1935 sed

364 1993 422 2037 tu
449 1982 587 2039 solus
612 1984 886 2038 altissimus
908 2000 1059 2053 super
1088 1997 1284 2036 onmem
1316 1990 1498 2034 terram
1542 1975 1712 2051 (Psal.
1755 1989 1959 2039 Lxxxn,

369 2076 482 2149 i9).
511 2076 767 2133 Conversi
811 2075 876 2131 ad
922 2076 1225 2140 Dominum,
1249 2083 1351 2128 etc.

878 2218 1108 2274 SERMO
1144 2216 1334 2273 cxxx
1364 2214 1457 2288 (η).

367 2332 450 2389 De
470 2334 630 2389 verbis
661 2331 921 2404 Evangelii
967 2331 1204 2398 Joannis,
1243 2331 1328 2385 ubi
1374 2338 1610 2383 narratur
1655 2325 1957 2380 miraculum

439 2424 504 2478 de
540 2426 758 2494 quinque
806 2423 1018 2495 panibus
1044 2431 1091 2477 et
1140 2422 1332 2476 duobus
1360 2420 1597 2492 piscibus.
1629 2416 1757 2487 Cap.
1792 2433 1843 2482 v,
1881 2416 1914 2484 ᾗ
1940 2454 1954 2468 .

439 2517 524 2574 5-1
536 2519 589 2573 4.

442 2659 495 2712 1.
551 2655 795 2710 Miracufi
847 2654 1170 2727 signiﬁcatio.
1237 2651 1544 2706 Miraculum
1610 2647 1811 2719 grande
1876 2645 1957 2699 fa-

366 2758 515 2805 ctum
562 2756 673 2813 est,
704 2746 1071 2810 dilectiSsimi,
1125 2754 1181 2800 ut
1227 2744 1297 2799 de
1347 2743 1580 2813 quinque
1635 2739 1856 2808 panibus
1903 2745 1959 2792 et

358 2839 584 2895 duobus
611 2837 845 2909 piscibus
876 2843 1247 2892 saturarentur
1274 2834 1506 2904 quinque
1536 2830 1809 2885 hominum
1842 2828 1959 2883 mil—

369 2934 442 2988 lia
462 2975 478 3000 ,
511 2940 568 2988 et
593 2930 803 2987 residua
826 2929 1238 2997 fragmentorum
1260 2927 1541 2995 implerent
1560 2922 1839 2978 duodecim
1865 2935 1959 2975 co-

369 3025 583 3096 phinos.
614 3022 827 3079 Grande
868 3020 1221 3076 miraculum:
1273 3019 1369 3074 sed
1398 3032 1503 3071 non
1530 3015 1758 3070 multum
1798 3013 1958 3068 mira-

370 3116 550 3171 bimur
580 3115 805 3177 factum,
835 3114 879 3168 si
915 3112 1251 3169 attendamus
1296 3110 1602 3165 facientem.
1660 3106 1752 3161 Ille
1780 3104 1958 3160 multi-

368 3209 589 3278 plicavit
613 3208 664 3262 in
692 3206 936 3261 manibus
977 3203 1333 3274 frangentium
1371 3202 1607 3273 quinque
1637 3212 1836 3270 panes,
1865 3197 1955 3268 qui

371 3300 427 3354 in
454 3308 595 3354 terra
645 3298 995 3369 germinantia
1039 3295 1358 3365 multiplicat
1396 3292 1637 3356 semina,
1686 3298 1744 3345 ut
1784 3303 1949 3357 grana

372 3403 539 3458 pauca
567 3387 844 3442 mittantur
867 3395 917 3442 et
947 3388 1136 3442 horrea
1161 3385 1492 3454 repleantur.
1532 3379 1637 3436 Sed
1675 3379 1797 3450 quia
1828 3378 1959 3433 illud

372 3480 519 3535 omni
550 3495 692 3534 anno
720 3478 879 3543 facit,
911 3492 1068 3533 nemo
1097 3476 1338 3532 miratur.
1372 3471 1792 3533 Admirationem
1819 3469 1960 3525 tollit

374 3587 483 3627 non
501 3571 618 3626 facti
636 3571 827 3634 vilitas,
848 3569 942 3625 sed
969 3568 1273 3623 assiduitas.
1292 3564 1547 3619 Dominus
1562 3570 1737 3616 autem
1751 3558 1962 3630 quando

359 3663 476 3725 ista
502 3661 744 3723 faciebat,
770 3674 877 3714 non
900 3659 1068 3714 solum
1090 3673 1182 3725 per
1202 3655 1381 3719 verba,
1411 3653 1505 3708 sed
1544 3652 1703 3707 etiam
1729 3667 1822 3719 per
1849 3651 1960 3719 ipsa

378 3755 631 3811 miracula
654 3752 1070 3821 intelligentihus
1095 3749 1427 3818 loquebatur.
1445 3745 1688 3813 Quinque
1709 3757 1871 3811 panes
1891 3742 1963 3797 si-

372 3848 697 3919 gnificabant
721 3845 954 3915 quinque
977 3843 1138 3897 libros
1151 3840 1306 3910 Legis
1324 3838 1511 3909 Moysi.
1531 3837 1639 3891 Lex
1664 3844 1815 3889 vetus
1838 3834 1963 3888 hor-

371 3941 536 3995 deum
566 3936 726 3993 estad
751 3934 1113 4003 evangelicum
1138 3930 1388 3985 triticum.
1413 3927 1601 3998 Magna
1618 3926 1670 3980 in
1690 3925 1792 3980 illis
1812 3923 1965 3979 libris

373 4032 445 4087 de
470 4029 687 4085 Christo
734 4026 985 4098 mysteria
1026 4024 1384 4079 continentur.
1419 4019 1570 4077 Unde
1615 4019 1689 4073 ait
1720 4018 1870 4087 ipse:
1902 4016 1963 4071 Si

376 4120 646 4177 crederetis
670 4118 860 4185 Moysi,
877 4116 1146 4171 crederetis
1165 4123 1211 4168 et
1235 4113 1361 4167 mihi
1383 4129 1403 4166 :
1422 4112 1485 4166 de
1500 4128 1579 4165 me
1594 4112 1727 4168 enim
1746 4109 1833 4163 ille
1846 4108 1961 4162 scri-

378 4210 666 4283 psit(Joan.
694 4225 748 4275 v,
773 4208 883 4276 t6).
903 4207 1008 4263 Sed
1033 4204 1300 4276 quomodo
1321 4205 1372 4258 iu
1387 4202 1591 4259 hordeo
1612 4201 1841 4257 medulla
1862 4199 1963 4255 sub

378 4305 530 4376 palea
551 4304 711 4366 latet;
736 4302 815 4357 sic
841 4301 892 4355 in
917 4299 1220 4356 velamento
1246 4296 1624 4369 mysteriorum
1651 4293 1808 4363 Legis
1835 4292 1965 4347 latet

377 4396 641 4452 Christus.
666 4394 737 4451 Ut
784 4393 934 4464 panis
973 4390 1048 4465 (ὁ)
1095 4391 1349 4463 mysteria
1391 4389 1478 4444 illa
1522 4395 1879 4458 exponuntur,
1910 4394 1964 4441 et

377 4488 699 4552 dilatantur;
724 4486 802 4541 sic
827 4493 879 4540 et
902 4498 1061 4553 panes
1089 4483 1163 4537 illi
1194 4480 1538 4545 crescebant,
1578 4478 1790 4550 quan-lo
1818 4478 1961 4532 fran-

378 4578 657 4647 gebantur.
699 4576 768 4631 Et
806 4574 908 4630 hoc
934 4573 1077 4645 quod
1102 4572 1253 4628 vobis
1298 4571 1553 4640 exposui,
1585 4585 1775 4639 panem
1814 4568 1963 4625 vobis

379 4669 531 4739 fregi.
549 4669 793 4739 Quinque
815 4667 978 4722 millia
1006 4666 1280 4720 hominum
1302 4664 1604 4734 signiﬁcant
1630 4662 1837 4733 plebem
1864 4662 1963 4717 sub

377 4763 613 4831 quinque
646 4761 795 4816 libris
822 4760 977 4831 Legis
1019 4758 1382 4814 constitutam.
1416 4757 1704 4813 Duodecim
1749 4754 1963 4825 cophini

378 4864 503 4909 sunt
544 4853 825 4909 duodecim
868 4852 1140 4922 Apostoli,
1182 4851 1272 4920 qui
1319 4858 1373 4905 et
1411 4850 1509 4920 ipsi
1543 4850 1610 4904 de
1652 4848 1963 4919 fragmentis

381 4946 535 5016 Legis
566 4944 768 5015 impleti
791 4953 934 4998 sunt.
966 4945 1078 4997 Duo
1108 4943 1279 5011 pisces
1316 4949 1477 5001 sunt.
1503 4949 1596 4994 aut
1623 4939 1728 4995 duo
1762 4953 1964 5009 βιωθε-

380 5045 468 5107 pta
497 5036 798 5091 dilectionis
837 5035 929 5089 Dei
984 5043 1039 5091 et
1084 5032 1341 5102 proximi,
1388 5039 1479 5086 aut
1522 5031 1628 5086 duo
1679 5030 1858 5100 populi
1897 5045 1962 5083 ex

379 5128 787 5185 circumcisione
806 5137 859 5181 et
888 5125 1177 5196 prmputio,
1209 5133 1297 5179 aut
1335 5123 1452 5178 dum
1496 5123 1602 5178 illa:
1639 5137 1805 5177 sacrae
1840 5134 1964 5190 per-

382 5236 529 5277 souze
572 5220 717 5291 regis
759 5228 814 5275 et
866 5216 1178 5274 sacerdotis.
1252 5215 1376 5271 Haec
1429 5229 1548 5270 cum
1605 5220 1960 5285 exponuntur,

382 5310 727 5380 franguntur;
757 5324 879 5364 cum
912 5308 1281 5377 intelliguntur
1300 5346 1314 5370 ,
1344 5304 1746 5360 manducantur.

452 5402 506 5456 2.
533 5400 761 5456 Christus
792 5400 939 5470 panis
967 5402 1129 5470 {actus
1153 5397 1518 5471 incarnatione.
1548 5395 1800 5451 Mercator
1824 5393 1960 5449 Chri-

444 5534 517 5608 (αξ)
540 5532 848 5608 "nitrum
886 5532 1091 5608 ριτίιηιιιῖι
1119 5530 1390 5608 semei“?
1414 5544 1478 5580 ει
1502 5531 1661 5608 reteri
1682 5528 1846 5608 θοίὲῖξδθ
1867 5525 1967 5608 C0‘:

379 5589 586 5645 hortium
606 5589 916 5644 bibliothecae
938 5601 1099 5646 notato
1119 5594 1225 5644 821.
1252 5594 1430 5644 Citatur
1452 5606 1480 5643 a
1502 5592 1626 5641 Beda
1647 5604 1737 5640 seu
1755 5590 1889 5640 Floro
1906 5589 1965 5639 ad

378 5656 525 5706 Galat.
548 5667 617 5706 ιη.
638 5663 690 5706 et
710 5657 768 5705 ad
793 5657 937 5705 llebr.
960 5671 1007 5705 ιι.

442 5691 693 5783 ξῐῖιὲἷὲιὲζ
710 5691 937 5781 ἲὲάέδῖ””
960 5691 1007 5705 “”

1780 268 2012 328 SERMO
2048 267 2260 325 CXXX.

3548 272 3654 333 726

2067 394 2193 439 stus.
2234 383 2542 456 Redemptor
2588 396 2776 454 noster,
2815 390 3085 459 quomodo.
3146 389 3532 446 Convertamur
3579 392 3647 447 ad

2067 490 2189 533 eum
2211 478 2297 547 qui
2329 478 2425 533 ista
2452 476 2599 535 ‘fecit.
2628 480 2746 551 Ipse
2775 490 2859 537 est
2885 483 3071 553 panis,
3101 484 3191 553 qui
3235 481 3303 538 de
3339 483 3477 538 coelo
3519 483 3646 538 des-

2066 570 2245 625 cendit
2269 569 2449 641 (Joan.
2482 588 2566 637 vr,
2598 571 2689 643 4|)
2718 591 2731 628 :
2760 574 2855 629 sed
2901 575 3052 645 panis
3078 576 3168 646 qui
3195 575 3402 639 reiicit,
3450 583 3505 630 et
3541 588 3647 630 non

2066 658 2277 727 deficit;
2309 662 2459 730 panis
2487 663 2575 731 qui
2605 664 2740 718 sumi
2768 674 2975 735 potest,
3016 667 3256 722 consumi
3303 681 3408 721 non
3450 673 3647 736 potest.

2067 750 2243 819 Ipsum
2275 766 2467 821 panem
2518 754 2679 809 etiam
2724 770 2915 811 manna
2968 758 3316 828 significabat.
3375 757 3524 815 Unde
3562 755 3648 812 di-

2065 849 2208 895 ctum
2232 850 2315 897 est
2346 860 2361 897 :
2393 842 2583 897 Panem
2630 847 2741 899 cali
2788 846 2925 902 dedit
2974 849 3095 913 illis,
3127 866 3307 921 panem
3338 849 3648 920 Angelorum

2066 932 2387 988 manducavit
2429 935 2579 989 homo
2629 935 2799 1004 (Prol.
2827 955 3007 993 uxvu
3029 981 3045 1006 ,
3074 939 3144 995 2i
3172 950 3218 995 et
3242 939 3361 1012 25).
3408 940 3537 1008 Quis
3560 949 3650 995 est

2064 1024 2219 1096 panis
2246 1026 2369 1081 (ξαιιί
2394 1067 2410 1093 ,
2443 1027 2544 1082 nisi
2572 1027 2853 1084 Christus?
2881 1030 2983 1086 Sed
3014 1040 3069 1085 ut
3097 1046 3283 1101 panem
3320 1030 3646 1102 Angelorum

2066 1120 2413 1176 manducarct
2464 1121 2660 1187 homo,
2714 1123 2972 1180 Dominus
3006 1126 3332 1197 Angelorum
3371 1125 3540 1182 factus
3567 1135 3651 1182 est

2066 1208 2249 1264 homo.
2280 1211 2335 1266 Si
2359 1212 2502 1267 enim
2544 1212 2647 1269 hoc
2690 1228 2796 1269 non
2830 1211 3001 1269 factus
3039 1223 3211 1283 esset,
3241 1230 3456 1272 carnem
3484 1215 3650 1286 ipsius

2065 1316 2171 1357 non
2195 1302 2553 1359 haberemus:
2581 1305 2625 1360 si
2672 1320 2890 1362 carnem
2936 1306 3103 1375 ipsius
3142 1321 3247 1362 non
3292 1306 3645 1376 haberemus,

2064 1408 2255 1463 panem
2301 1396 2485 1451 altaris
2534 1410 2642 1452 non
2696 1397 3157 1453 manducaremus.
3200 1396 3530 1455 Festinemus
3581 1398 3649 1453 ad

2066 1486 2464 1557 hmreditatem,
2515 1491 2639 1561 quia
2699 1506 2947 1561 magnum
3013 1491 3136 1547 inde
3191 1492 3385 1562 pignus
3436 1491 3646 1562 accepi-

2064 1595 2203 1635 mus.
2270 1578 2490 1637 Fratres
2558 1584 2696 1651 mei,
2767 1583 3136 1640 desideremus
3203 1585 3365 1639 vitam
3414 1583 3646 1649 Christi,

2061 1670 2186 1741 quia
2238 1679 2478 1729 tenemus
2547 1675 2740 1745 pignus
2800 1684 3023 1730 mortem
3089 1672 3306 1730 Christi.
3370 1673 3650 1742 Quomodo

2062 1761 2217 1817 nobis
2278 1779 2383 1818 non
2438 1764 2586 1820 dabit
2641 1765 2776 1820 bona
2821 1781 2949 1831 sua,
2999 1766 3088 1836 qui
3146 1781 3331 1835 passus
3380 1772 3466 1821 est
3512 1764 3649 1819 mala

2064 1854 2285 1907 nostra?
2320 1853 2377 1908 ιη
2418 1856 2576 1910 terris
2602 1856 2716 1910 istis
2738 1897 2751 1921 ,
2783 1857 2833 1911 in
2878 1857 2979 1911 isto
3008 1857 3205 1911 sarculo
3248 1856 3481 1926 maligno
3524 1855 3650 1925 quid

2064 1944 2329 2011 abundat,
2364 1946 2463 2001 nisi
2487 1948 2670 2013 nasci,
2717 1947 2958 2003 laborare
2987 1958 3043 2003 et
3070 1947 3242 2001 mori?
3274 1947 3529 2001 Discutile
3559 1959 3646 2001 res

2067 2037 2325 2093 humanas
2349 2081 2363 2105 ,
2385 2040 2685 2096 convincite
2712 2056 2828 2108 me,
2862 2040 2905 2095 si
2936 2040 3166 2095 mentior
3194 2039 3490 2094 :attcndite
3528 2053 3649 2093 om-

2066 2146 2162 2186 nes
2192 2130 2469 2198 homines,
2512 2142 2686 2187 utrum
2739 2131 2805 2187 ad
2844 2130 2987 2186 aliud
3037 2131 3143 2186 sint
3188 2132 3238 2185 in
3285 2130 3385 2185 hoc
3410 2129 3647 2197 szcculo,

2062 2236 2219 2293 quam
2246 2222 2389 2277 nasci
2411 2263 2427 2289 ,
2458 2222 2701 2279 laborare
2722 2230 2779 2279 ct
2807 2224 2962 2277 mori.
2993 2223 3119 2277 Hzcc
3145 2232 3269 2278 sunt
3298 2220 3647 2278 mercimonia

2063 2316 2297 2386 regionis
2326 2326 2524 2372 nostrae
2546 2359 2561 2383 ,
2592 2318 2691 2372 ista
2735 2317 2823 2372 hic
2852 2316 3137 2371 abundant.
3165 2316 3246 2370 Ad
3276 2316 3408 2370 tales
3445 2330 3651 2369 merces

2061 2409 2324 2464 Mercator
2350 2409 2439 2465 ille
2467 2409 2761 2465 descendit.
2798 2410 2863 2463 Et
2891 2410 3140 2479 quoniam
3181 2408 3355 2463 omnis
3384 2414 3651 2462 mercator

2061 2500 2155 2556 dat
2178 2511 2232 2556 et
2268 2501 2492 2571 accipit;
2525 2501 2617 2556 dat
2640 2500 2782 2571 quod
2818 2500 3013 2567 habet,
3044 2509 3095 2555 et
3125 2499 3318 2569 accipit
3358 2497 3499 2568 quod
3543 2512 3649 2553 non

2064 2592 2250 2659 habet;
2278 2592 2492 2663 quando
2534 2591 2735 2663 aliquid
2780 2599 3093 2661 comparat,
3121 2591 3213 2645 dat
3240 2589 3554 2661 pecuniam,
3597 2598 3653 2643 et

2062 2684 2257 2754 accipit
2284 2683 2425 2755 quod
2454 2684 2586 2739 emit
2610 2702 2625 2738 :
2648 2684 2805 2739 etiam
2831 2681 3073 2738 Christus
3116 2682 3166 2737 in
3212 2682 3312 2737 ista
3349 2689 3649 2737 mercatura

2063 2774 2210 2830 dedit
2234 2784 2289 2830 et
2313 2775 2537 2845 accepit.
2564 2773 2669 2830 Sed
2695 2773 2821 2844 quid
2840 2772 3076 2843 accepit?
3096 2772 3246 2841 Quod
3284 2772 3369 2826 hic
3393 2770 3648 2837 abundat,

2063 2868 2241 2935 nasci,
2269 2867 2515 2922 laborare
2541 2874 2596 2922 et
2620 2866 2774 2920 mori.
2806 2865 2874 2920 Et
2893 2865 3017 2936 quid
3048 2864 3235 2919 dedit?
3262 2863 3486 2918 “enasci
3510 2903 3525 2929 ,
3564 2878 3649 2917 re-

2062 2973 2283 3029 surgere
2303 2966 2354 3014 ct
2372 2958 2424 3013 in
2447 2966 2704 3013 teternum
2733 2972 2973 3027 regnare.
3002 2955 3046 3011 Ο
3069 2956 3205 3010 bone
3226 2955 3507 3019 Mercator,
3529 2968 3651 3008 eme

2064 3067 2181 3107 nos.
2205 3050 2342 3119 Quid
2368 3050 2538 3105 dicam
2560 3092 2573 3114 ,
2601 3065 2719 3105 eme
2743 3065 2870 3115 nos,
2897 3065 3020 3105 cum
3051 3049 3247 3121 gratias
3272 3062 3429 3119 agerc
3456 3047 3653 3103 debea-

2063 3158 2203 3208 mus,
2234 3144 2354 3215 quia
2371 3142 2546 3198 cmisd
2577 3142 2716 3198 nos?
2747 3142 2983 3197 Pretium
3005 3150 3244 3196 nostrum
3271 3154 3459 3210 erogas
3474 3138 3652 3206 nobis,

2064 3236 2373 3306 sanguinem
2408 3244 2555 3289 tuum
2579 3233 2841 3299 bibimus;
2875 3246 3063 3302 erogas
3083 3246 3210 3303 ergo
3236 3230 3388 3285 nobis
3426 3229 3653 3300 pretium

2065 3335 2328 3383 nostrum.
2355 3327 2419 3381 Et
2437 3325 2786 3396 Evangelium
2812 3324 3035 3396 legimus
3058 3364 3075 3391 ,
3102 3324 3514 3378 instrumentum
3559 3335 3657 3376 no-

2064 3427 2256 3474 strum.
2286 3417 2435 3473 Servi
2466 3417 2540 3471 tui
2568 3432 2772 3482 sumus,
2817 3424 3062 3471 creatura
3109 3425 3196 3469 tua
3221 3428 3408 3469 sumus
3436 3431 3449 3467 :
3484 3412 3656 3468 fecisti

2066 3522 2198 3575 nos,
2230 3507 2504 3562 redemisti
2546 3521 2663 3561 nos.
2715 3505 2913 3559 Emere
2952 3512 3127 3574 potest
3171 3504 3397 3574 quisque
3439 3516 3654 3558 servum

2066 3613 2257 3665 suum,
2308 3612 2494 3653 creare
2549 3612 2656 3651 non
2697 3605 2910 3666 potest:
2939 3594 3199 3649 Dominus
3240 3604 3418 3649 autem
3470 3607 3655 3649 servos

2066 3702 2193 3742 suos
2220 3695 2274 3742 et
2301 3687 2501 3742 creavit
2529 3695 2583 3741 et
2609 3686 2835 3742 redemit
2863 3704 2877 3739 :
2905 3686 3110 3740 creavit
3128 3726 3142 3749 ,
3174 3692 3234 3737 ut
3254 3693 3467 3748 essent;
3492 3682 3651 3737 rede-

2068 3778 2195 3843 mit,
2226 3793 2292 3832 ne
2320 3792 2534 3847 semper
2581 3775 2779 3846 captivi
2831 3783 3037 3830 essent.
3088 3773 3374 3828 lucidimus
3417 3772 3558 3828 enim
3600 3773 3654 3826 in

2070 3869 2366 3940 principem
2396 3868 2552 3937 hujus
2577 3866 2758 3922 sazculi
2774 3908 2789 3933 ,
2812 3866 2901 3937 qui
2933 3865 3143 3921 seduxit
3168 3864 3337 3918 Adam
3360 3871 3413 3918 et
3438 3877 3651 3918 servum

2069 3959 2227 4025 fecit,
2254 3968 2308 4014 et
2356 3959 2517 4028 cmpit
2545 3972 2644 4013 nos
2680 3965 2928 4027 tanquam
2984 3954 3302 4010 vernaculos
3351 3951 3647 4022 possidere.

2069 4050 2174 4106 Sed
2198 4050 2342 4105 venit
2372 4049 2715 4119 Redemptor,
2747 4056 2803 4102 et
2827 4048 2996 4101 victus
3016 4054 3098 4100 est
3126 4044 3400 4113 deceptor.
3426 4044 3493 4097 Et
3517 4042 3647 4113 quid

2071 4142 2197 4198 fecit
2240 4142 2565 4211 Redemptor
2607 4148 2791 4195 noster
2819 4139 3134 4209 captivatori
3163 4136 3383 4191 nostro?
3408 4134 3490 4191 Ad
3520 4150 3646 4206 pre-

2070 4233 2198 4287 tium
2230 4240 2468 4286 nostrum
2520 4229 2744 4285 tetendit
2792 4228 3142 4297 muscipulam
3189 4241 3401 4281 crucem
3448 4240 3647 4280 suam:

2068 4324 2247 4395 posuit
2272 4322 2340 4377 ibi
2368 4321 2518 4392 quasi
2545 4336 2723 4376 escam
2750 4320 3062 4390 sanguinem
3114 4333 3290 4373 suum.
3345 4317 3435 4373 Ille
3474 4326 3655 4372 autem

2070 4416 2239 4487 potuit
2263 4416 2573 4487 sanguinem
2619 4415 2776 4469 istum
2807 4413 3066 4477 fundere,
3092 4427 3196 4467 non
3224 4412 3421 4466 meruit
3442 4411 3648 4467 bibere.

2069 4509 2137 4564 Et
2172 4508 2225 4562 in
2247 4521 2313 4563 eo
2340 4506 2481 4577 quod
2510 4505 2645 4561 fudit
2670 4505 2981 4575 sanguinem
3008 4519 3114 4559 non
3142 4503 3436 4571 debitoris,
3472 4503 3653 4572 jussus

2070 4608 2152 4655 est
2176 4598 2402 4654 reddere
2435 4596 2738 4662 debitores;
2797 4595 2935 4650 fudit
2979 4595 3292 4665 sanguinem
3322 4594 3653 4661 innocentis,

2066 4690 2248 4760 jussus
2266 4696 2351 4743 est
2378 4686 2628 4742 recedere
2648 4700 2676 4738 a
2707 4685 3040 4741 nocentibus.
3072 4684 3166 4739 llle
3205 4685 3403 4755 quippe
3430 4685 3650 4755 sangui-

2070 4796 2196 4835 nem
2222 4794 2374 4834 suum
2396 4777 2463 4832 ad
2496 4777 2596 4831 hoc
2639 4775 2803 4841 fudit,
2856 4783 2915 4829 ut
2960 4781 3183 4846 peccata
3213 4783 3392 4829 nostra
3422 4773 3652 4830 deleret.

2071 4869 2223 4926 Unde
2243 4883 2370 4939 ergo
2405 4868 2497 4922 ille
2545 4879 2645 4921 nos
2672 4864 2927 4932 tenebat,
2981 4864 3219 4919 deletum
3269 4873 3354 4919 est
3397 4865 3654 4934 sanguine

2070 4961 2462 5032 Redemptoris.
2484 4958 2599 5014 Non
2627 4959 2770 5014 enim
2794 4957 3013 5013 tenebat
3032 4972 3129 5012 nos
3154 4957 3261 5013 nisi
3282 4956 3506 5012 vinculis
3531 4972 3655 5027 peo-

2071 5066 2312 5110 catorum
2357 5062 2681 5109 nostrorum.
2705 5050 2825 5106 Ista:
2853 5060 3008 5107 erant
3044 5060 3248 5106 catena:
3291 5051 3642 5121 captivorum.

2070 5148 2227 5203 Venit
2265 5147 2377 5211 ille,
2432 5146 2666 5216 alligavit
2701 5143 2895 5200 fortem
2944 5145 3166 5200 vinculis
3192 5144 3455 5214 passionis
3498 5158 3652 5198 sum:

2071 5239 2284 5295 intravit
2333 5239 2389 5293 in
2437 5238 2657 5293 domum
2700 5237 2846 5308 ejus,
2900 5236 2953 5291 id
2999 5246 3115 5302 est,
3165 5235 3227 5291 in.
3270 5235 3432 5290 corda
3470 5250 3655 5290 eorum

2071 5332 2158 5386 ubi
2189 5332 2302 5401 ipse
2328 5329 2627 5393 habitabat,
2670 5336 2724 5383 et
2756 5343 2887 5384 vasa
2921 5327 3037 5397 ejus
3060 5326 3284 5396 arripuit
3316 5323 3525 5396 (Matth.
3556 5341 3655 5391 xn,

2068 5423 2184 5493 29).
2213 5422 2322 5477 Nos
2350 5436 2538 5476 sumus
2555 5434 2702 5474 vasa.
2727 5418 2830 5475 Ista
2855 5420 3168 5488 impleverat
3188 5417 3277 5472 ille
3302 5416 3658 5473 amaritudine

2070 5530 2187 5571 sua.
2211 5514 2360 5569 Hanc
2386 5512 2792 5568 amaritudinem
2816 5513 2977 5568 etiam
3002 5520 3188 5566 nostro
3226 5508 3569 5576 Redemptori
3603 5510 3657 5561 iu

2074 5606 2203 5662 fellc
2239 5605 2559 5675 propinavit.
2596 5605 2920 5674 lmpleverat
2957 5617 3085 5673 ergo
3134 5615 3231 5656 nos
3279 5598 3366 5653 ille
3406 5608 3656 5665 tanquam

2076 5710 2209 5753 vasa
2229 5711 2322 5752 sua
2357 5713 2369 5749 :
2404 5696 2657 5751 Dominus
2682 5704 2856 5751 autem
2890 5704 3070 5752 noster
3094 5688 3357 5760 arripiens
3388 5704 3523 5741 vasa
3540 5686 3661 5755 eius
