3978 6456
451 363 562 424 727

445 488 509 541 οι
528 496 628 543 sua
658 480 859 539 faciens
879 521 896 550 ,
935 476 1073 537 ludit
1098 475 1508 536 amaritudinem
1533 455 1556 548 ,’
1578 480 1821 552 implevit
1852 481 2037 536 dulce-

450 575 599 632 dine.

1672 349 1744 423 's.
1786 363 2149 423 AUGUSTINI
2191 366 2493 422 EPISCOPI

3622 369 3777 429 7%.-

2148 498 2269 537 mur
2293 483 2345 537 in
2374 492 2652 537 mternum.
2683 480 2848 549 Quasi
2878 481 2979 538 hoc
3003 481 3223 540 difﬁcile
3248 484 3513 553 creditur,
3553 494 3612 542 ut
3632 486 3729 541 ho»
3770 471 3777 479 ’

2145 586 2233 626 mo
2260 581 2415 627 natus
2438 574 2715 642 perveniat
2733 572 2799 629 ad
2834 587 2953 629 eam
2980 573 3139 629 vitam
3161 616 3186 642 ,
3201 575 3292 630 ubi
3321 592 3588 647 nunquam
3611 592 3728 632 mo-

523 668 580 725 3.
606 664 871 723 Amandus
890 638 1149 723 Christus.
1166 665 1318 723 Exeo
1335 666 1473 739 quod
1493 665 1629 721 Deus
1648 666 1785 737 fecit,
1801 664 2041 721 credibile
2145 662 2330 718 riatur.
2362 638 2471 718 Hoc
2498 673 2575 720 est
2602 663 2741 734 quod
2769 680 3002 721 excusso
3040 638 3202 722 corde
3228 638 3523 734 credimus,
3541 683 3732 723 excus-

450 758 513 827 ﬁt
552 756 693 830 quod
724 758 975 828 promisit.
1002 759 1260 814 Amemus
1307 772 1435 829 ergo
1489 772 1611 813 eum
1635 797 1652 822 ,
1698 758 1821 824 quia
1864 756 2038 811 dulcis

448 857 552 909 est.
583 848 814 916 Gustate,
845 858 892 904 et
929 849 1089 905 videte
1128 849 1245 921 quia
1281 849 1448 904 suavis
1475 857 1549 902 est
1582 847 1831 901 Dominus
1863 845 2034 917 (Psal.

447 956 660 1009 xum,
694 938 774 1014 9).
819 940 1111 998 Timendus
1157 950 1272 1005 est,
1324 941 1418 997 sed
1467 941 1584 1011 plus
1626 940 1885 995 amandus
1932 947 2034 994 est.

446 1031 626 1089 Homo
670 1041 726 1089 et
774 1034 917 1090 Deus
969 1043 1249 1090 est:unus
1288 1033 1533 1089 Christus
1587 1033 1747 1088 homo
1792 1041 1846 1087 et
1896 1032 2039 1086 Deus

447 1134 566 1191 est;
601 1126 872 1197 quomodo
912 1142 1048 1183 unus
1088 1126 1283 1193 homo,
1334 1126 1511 1180 anima
1547 1133 1601 1180 et
1653 1139 1851 1195 corpus
1881 1140 1894 1175 :
1930 1138 2037 1178 non

447 1226 627 1274 autem
675 1220 817 1275 Deus
864 1227 919 1275 et
979 1219 1141 1273 homo
1206 1218 1327 1274 dote
1394 1234 1662 1289 personae.
1711 1217 1770 1271 In
1825 1215 2038 1272 Christo

448 1308 573 1365 dua:
609 1320 735 1366 sunt
780 1310 995 1381 quidem
1027 1309 1366 1375 substantias,
1418 1309 1561 1365 Deus
1612 1319 1665 1365 et
1716 1310 1911 1364 homo:
1941 1307 2037 1363 sed

450 1417 559 1458 una
614 1418 864 1474 persona,
916 1411 976 1458 ut
1016 1402 1248 1459 Trinitas
1301 1410 1547 1468 maneat,
1594 1417 1699 1457 non
1748 1399 2038 1456 accedente

447 1493 668 1551 homine
713 1495 1040 1566 quaternitas
1069 1494 1178 1549 ﬁat.
1220 1492 1501 1561 Quomodo
1528 1507 1656 1562 ergo
1697 1491 1812 1547 ﬁeri
1862 1498 2039 1561 potest

450 1594 513 1642 ut
559 1586 728 1642 nostri
785 1601 890 1640 non
932 1586 1251 1641 misereatur
1300 1584 1477 1651 Deus,
1524 1590 1740 1654 propter
1777 1596 1911 1653 quos
1940 1580 2039 1635 ho-

449 1693 543 1732 mo
570 1675 742 1732 factus
772 1686 856 1732 est
902 1677 1079 1731 Deus?
1117 1675 1335 1731 Multum
1375 1684 1457 1731 est
1500 1673 1640 1744 quod
1693 1670 2039 1729 lecit:mira-

445 1769 608 1824 bilius
637 1778 719 1824 est
741 1768 882 1840 quod
908 1768 1060 1835 fecit,
1087 1782 1246 1839 quam
1281 1767 1429 1839 quod
1474 1765 1752 1837 promisit;
1783 1774 1837 1819 et
1866 1779 1934 1819 ex
1971 1777 2037 1818 eo

445 1863 587 1930 quod
611 1862 762 1928 fecit,
786 1862 1043 1919 debemus
1058 1861 1279 1918 credere
1304 1860 1453 1932 quod
1466 1858 1864 1931 promisit.lioc
1891 1856 2035 1913 enim

444 1953 589 2023 quod
618 1954 773 2021 fecit,
802 1955 889 2009 vix
915 1952 1295 2021 crederemus,
1326 1952 1429 2019 nisi
1470 1961 1524 2009 et
1570 1951 1897 2007 videremus.
1934 1949 2036 2006 Ubi

445 2044 727 2100 videmus?
754 2045 823 2101 In
838 2045 1047 2116 populis
1070 2044 1442 2112 credentibus,
1487 2044 1540 2098 in
1582 2043 1924 2098 multitudine
1964 2041 2033 2097 ad

445 2126 569 2190 eum
595 2134 842 2191 adducta.
868 2136 1003 2205 Quia
1023 2136 1297 2207 impletum
1316 2146 1421 2202 est,
1442 2136 1585 2207 quod
1616 2134 1935 2206 promissum
1953 2142 2037 2192 est

445 2227 678 2283 Abrahae
704 2246 719 2283 :
742 2236 797 2283 et
820 2243 886 2284 ex
915 2227 998 2283 his
1023 2243 1142 2299 qua:
1167 2226 1435 2293 videmus,
1467 2226 1737 2283 credimus
1773 2241 1892 2296 quze
1928 2240 2033 2280 non

442 2318 709 2379 videmus.
729 2318 880 2374 Unus
897 2320 1058 2374 homo
1080 2318 1176 2374 fuit
1191 2318 1459 2373 Abraham
1480 2360 1494 2382 ,
1518 2327 1572 2372 et
1599 2317 1798 2373 dictum
1828 2325 1911 2371 est
1933 2315 2033 2383 illi,

444 2406 517 2463 In
543 2410 730 2465 semine
751 2418 836 2464 tuo
874 2409 1227 2464 benedicentur
1253 2425 1425 2463 omnes
1455 2418 1629 2480 gentes
1648 2406 1800 2480 (Gen.
1829 2424 1929 2474 xu,
1953 2406 2030 2479 ὃ).

444 2500 503 2558 Si
532 2501 600 2556 ad
647 2516 708 2556 se
737 2501 1068 2566 attenderet,
1115 2501 1329 2573 quando
1363 2500 1641 2557 crederet?
1680 2500 1828 2557 Unus
1872 2499 2035 2555 homo

443 2603 592 2661 erat,
618 2603 674 2650 et
693 2594 804 2664 jam
830 2610 992 2651 senex
1023 2602 1167 2660 erat,
1190 2602 1247 2651 et
1264 2609 1489 2650 uxorem
1515 2593 1751 2650 sterilem
1777 2593 2029 2662 habebat,

441 2694 503 2742 et
525 2695 676 2741 actate
698 2685 817 2756 jam
837 2686 905 2741 ita
934 2700 1292 2757 progressam,
1318 2695 1374 2742 ut
1389 2686 1671 2756 concipere
1688 2700 1793 2740 non
1822 2693 2027 2756 posset,

444 2778 667 2835 etiamsi.
692 2779 890 2835 sterilis
907 2794 1011 2835 non
1056 2777 1265 2835 fuisset.
1311 2778 1428 2835 Non
1469 2788 1585 2835 erat
1636 2794 1853 2849 prorsus
1894 2777 2034 2834 unde

442 2871 993 2943 aliquidsperaretur.
1022 2870 1132 2927 Sed
1172 2872 1571 2943 promittentem
1614 2869 1953 2935 attendebat,
1976 2876 2031 2925 et

445 2963 700 3020 credebat
725 2964 867 3033 quod
895 2978 1002 3018 non
1031 2963 1262 3019 videbat.
1290 2964 1432 3019 Ecce
1478 2963 1566 3018 ille
1595 2961 1736 3032 quod
1773 2960 2030 3027 credidit,

447 3070 550 3112 nos
579 3055 850 3111 videmus.
889 3056 1030 3127 Ergo
1069 3070 1141 3111 ex
1190 3054 1274 3110 his
1314 3070 1433 3125 qua:
1469 3053 1732 3121 videmus,
1773 3052 2034 3109 debemus

443 3148 668 3205 credere
692 3164 810 3220 qua:
839 3163 948 3204 non
993 3147 1258 3203 videmus.
1305 3144 1501 3203 Genuit
1528 3143 1708 3211 Isaac,
1754 3159 1861 3200 non
1891 3144 2031 3200 vidi-

444 3258 572 3298 mus
602 3259 616 3297 :
646 3252 706 3299 et
729 3242 874 3299 Isaac
902 3241 1087 3313 genuit
1113 3239 1310 3305 Jacob,
1328 3249 1384 3296 et
1413 3240 1513 3295 hoc
1539 3254 1646 3294 non
1676 3238 1905 3293 vidimus
1938 3255 1951 3294 :
1977 3245 2033 3294 et

444 3334 613 3390 Iacob
635 3334 819 3404 genuit
839 3332 1117 3389 duodecim
1138 3331 1298 3397 ﬁlios,
1318 3340 1373 3387 et
1396 3330 1540 3401 ipsos
1561 3345 1665 3385 non
1692 3329 1951 3384 vidimus:
1980 3338 2035 3384 et

442 3426 726 3483 duodecim
771 3425 865 3481 ﬁlii
916 3424 1043 3495 ejus
1082 3430 1382 3495 genuerunt
1424 3422 1677 3491 populum
1705 3420 2034 3486 lsrael;ma-

445 3534 608 3590 gnum
640 3518 891 3591 populum
918 3516 1181 3574 videmus.
1228 3514 1353 3577 lam,
1398 3512 1535 3584 οωρί
1580 3527 1641 3567 ea
1687 3512 1867 3567 dicere
1911 3526 2032 3582 qua:

430 3609 710 3664 videmus.
739 3608 1032 3679 Depopulo
1061 3605 1226 3663 Israel
1269 3613 1393 3659 nata
1437 3612 1521 3660 est
1564 3603 1714 3674 virgo
1750 3602 1937 3667 Maria,
1980 3611 2035 3658 et

447 3702 656 3774 peperit
699 3702 1007 3767 Christum;
1049 3709 1106 3756 et
1149 3713 1277 3755 ecce
1307 3698 1358 3751 in
1404 3696 1620 3753 Christo
1646 3694 2033 3752 benedicuntur

445 3809 637 3850 omnes
660 3802 865 3865 gentes.
895 3791 1033 3861 Quid
1059 3788 1277 3845 verius?
1302 3787 1428 3859 quid
1456 3786 1691 3843 certius?
1719 3787 1848 3858 quid
1884 3802 2033 3858 aper-

446 3885 589 3941 tius?
615 3884 924 3940 Desiderate
948 3897 1157 3938 meeum
1202 3880 1435 3936 futurum
1455 3878 1739 3943 saeculum,
1770 3878 1865 3949 qui.
1904 3892 2033 3934 eon-

446 3976 651 4047 gregati
689 3976 821 4031 estis
872 3989 940 4031 ex
985 3973 1262 4030 Gentibus.
1305 3970 1363 4027 In
1418 3970 1520 4026 hoc
1570 3971 1764 4026 sacculo
1794 3971 2034 4041 implevit

444 4066 592 4123 Deus
614 4066 936 4136 promissum
964 4079 1128 4119 suum.
1144 4064 1213 4120 de
1240 4062 1447 4118 semine
1474 4060 1723 4117 Abrahze.
1751 4060 2031 4130 Quomodo

447 4171 579 4228 ergo
600 4169 707 4211 non
731 4155 883 4211 dabit
911 4154 1073 4210 nobis
1094 4164 1294 4209 aeterna
1317 4151 1579 4223 promissa
1596 4166 1689 4207 sua
1711 4192 1726 4218 ,
1753 4167 1887 4222 quos
1907 4151 2035 4208 fecit

447 4262 571 4303 esse
598 4261 781 4302 semen
811 4242 1076 4301 Abrahze?
1122 4243 1235 4299 Hoc
1278 4242 1422 4297 enim
1451 4242 1582 4298 dicit
1624 4243 1947 4313 Apostolus:
1973 4243 2035 4299 Si

447 4348 619 4393 autem
642 4353 727 4392 vos
754 4334 963 4402 Christi,
1000 4334 1241 4407 Apostoli
1280 4333 1443 4391 verba
1474 4342 1629 4400 sunt,
1661 4349 1780 4406 ergo
1817 4334 2034 4389 Abrahte

446 4446 616 4489 aetum
636 4430 762 4485 estis
783 4427 982 4499 (Galat.
1013 4442 1099 4494 tu,
1119 4426 1234 4499 29).
1598 4482 1601 4485 ,

518 4524 575 4578 4.
618 4521 766 4589 Quod
791 4520 1022 4592 prtestitit
1048 4518 1301 4587 Christus,
1324 4517 1608 4575 mirabilius
1631 4526 1703 4575 est
1726 4534 1883 4588 quam
1896 4517 2034 4588 quod

450 4614 725 4688 promittit.
767 4611 1012 4683 Magnum
1038 4610 1233 4683 aliquid
1275 4609 1535 4681 ctepimus
1590 4625 1743 4676 esse;
1785 4623 1943 4665 nemo
1975 4623 2035 4664 se

445 4712 799 4762 contemnat:
832 4702 964 4758 nihil
986 4701 1219 4768 fuimus;
1265 4701 1361 4758 sed
1412 4699 1606 4771 aliquid
1633 4713 1837 4755 sumus.
1887 4699 2036 4755 Dixi-

447 4814 568 4854 mus
590 4798 819 4853 Domino
842 4837 859 4864 ,
887 4795 1143 4852 Memento
1166 4795 1287 4867 quia
1317 4795 1480 4866 pulvis
1499 4809 1672 4848 sumus
1703 4791 1883 4865 (Psal.
1929 4808 2030 4860 cu,

447 4888 553 4964 14)
583 4908 597 4945 :
627 4889 722 4946 sed
744 4890 833 4946 ille
859 4889 927 4946 de
949 4889 1165 4959 pulvere
1210 4885 1483 4942 hominem
1524 4884 1648 4941 fecit
1670 4926 1685 4950 ,
1728 4892 1783 4939 et
1828 4883 2035 4955 pulveri

444 4982 611 5038 vitam
641 4982 826 5049 dedit,
853 4990 909 5037 et
931 4981 986 5035 in
1012 4978 1226 5035 Christo
1252 4978 1476 5033 Domino
1497 4984 1679 5032 nostro
1721 4974 1839 5046 jam
1861 4976 2033 5046 ipsum

444 5074 722 5144 pulverem
746 5071 814 5126 ad
843 5070 964 5127 cmii
988 5084 1149 5141 regna
1190 5067 1451 5139 perduxit.
1481 5067 1613 5134 Quia
1660 5066 1784 5122 hinc
1830 5067 2036 5137 accepit

446 5180 702 5230 carnem,
746 5162 875 5218 hinc
912 5161 1117 5231 accepit
1155 5169 1384 5228 terram,
1433 5168 1491 5216 et
1519 5169 1714 5215 terram
1754 5160 1948 5216 levavit
1980 5159 2033 5214 in

447 5256 666 5320 caelum,
698 5253 788 5324 qui
818 5252 942 5309 fecit
967 5260 1164 5309 terram
1192 5260 1247 5310 et
1269 5251 1484 5308 calum.
1514 5251 1569 5307 Si
1608 5266 1741 5322 ergo
1780 5251 1899 5306 dum
1946 5266 2035 5307 res

447 5361 606 5402 nova:
634 5344 809 5401 adhuc
832 5358 939 5400 non
961 5343 1114 5399 facta:
1141 5352 1567 5414 proponerentur
1609 5344 1783 5409 nobis,
1816 5352 1869 5399 et
1889 5359 2035 5414 qua:-

446 5445 663 5494 rcretur
686 5450 716 5490 a
742 5436 896 5493 nobis
915 5477 931 5503 ,
955 5435 1090 5504 Quid
1116 5445 1199 5492 est
1222 5436 1540 5501 mirabilius,
1573 5445 1628 5491 ut
1651 5436 1743 5506 qui
1784 5436 1923 5491 Deus
1952 5445 2037 5492 est

448 5528 545 5583 ﬁat
571 5526 766 5593 homo,
793 5536 885 5582 aut
910 5527 1001 5598 qui
1028 5527 1189 5582 homo
1216 5536 1298 5582 est
1318 5528 1408 5582 tiat
1432 5526 1594 5581 homo
1617 5527 1743 5582 Dei?
1778 5526 1914 5595 Quid
1949 5537 2038 5585 est

449 5616 772 5685 mirabilius,
801 5617 927 5689 quid
948 5627 1031 5674 est
1074 5617 1379 5674 difﬁcilius?
1410 5617 1547 5687 Quid
1591 5618 1744 5672 nobis
1791 5619 2038 5689 promisit

451 5709 742 5765 Christus?
768 5710 920 5777 Quod
950 5710 1184 5767 nondum
1213 5711 1455 5768 videmus
1479 5729 1494 5767 :
1526 5710 1628 5767 hoc
1649 5720 1752 5777 est,
1785 5719 1843 5766 ut
1869 5712 2037 5767 simus

454 5803 700 5860 homines
728 5801 919 5876 ipsius,
941 5812 994 5861 et
1010 5819 1297 5878 regnemus
1322 5822 1440 5865 cum
1467 5806 1559 5865 illo
1578 5848 1593 5878 ,
1624 5814 1679 5864 et
1708 5822 1813 5865 non
1841 5807 2034 5864 moria-

2142 772 2205 813 so
2235 757 2355 813 dico
2381 773 2411 812 a
2433 758 2612 812 mundi
2644 758 2879 828 pulvere,
2904 774 2970 813 ne
2994 758 3107 829 ipse
3131 759 3304 830 pulvis
3345 760 3554 814 claudat
3575 760 3732 816 nobis

2142 849 2326 904 oculos
2348 849 2488 904 ﬁdei.
2522 849 2633 905 lloc
2652 859 2735 904 est
2758 849 2898 920 quod
2913 850 3163 920 jubemur
3185 851 3435 919 credere,
3456 854 3578 923 quia
3606 868 3731 909 cum

2143 939 2337 994 mortui
2366 938 2639 1005 fuerimus,
2688 941 2850 996 etiam
2899 956 3019 996 cum
3046 941 3362 1012 corporibus
3410 945 3633 999 mortuis
3677 945 3730 1000 in

2142 1031 2248 1087 vita
2270 1034 2502 1101 erimus,
2533 1033 2620 1088 ubi
2668 1049 2941 1105 nunquam
2986 1035 3296 1089 moriamur.
3344 1034 3582 1091 Mirabile
3628 1036 3732 1093 hoc

2142 1134 2224 1181 est
2257 1143 2269 1179 :
2304 1126 2396 1181 sed
2427 1126 2722 1181 mirabilius
2748 1125 2991 1196 estquod
3022 1125 3145 1181 fecit
3181 1126 3446 1181 Christus.
3475 1126 3613 1195 Quid
3648 1136 3731 1183 cst

2141 1219 2285 1273 enim
2309 1218 2691 1285 incredibilius,
2721 1227 2780 1273 ut
2802 1218 2944 1273 vivat
2970 1232 3182 1289 semper
3207 1219 3369 1273 homo
3387 1260 3404 1285 ,
3431 1227 3521 1272 aut
3544 1227 3605 1272 ut
3630 1218 3730 1273 ali-

2145 1309 2357 1378 quando
2384 1309 2642 1364 moriatur
2668 1310 2851 1365 Deus?
2894 1309 3155 1379 Accipere
3196 1309 3442 1365 homines
3485 1310 3649 1364 vitam
3699 1327 3730 1369 ει

2144 1399 2255 1455 Deo
2283 1399 2590 1456 credibilius
2627 1408 2710 1455 est
2734 1400 2758 1453 ?
2778 1400 3022 1470 accipere
3051 1400 3219 1456 Deum
3259 1409 3487 1457 mortem
3512 1402 3581 1457 ab
3626 1401 3732 1456 ho-

2142 1490 2395 1558 minibus,
2424 1500 2551 1562 puto
2576 1494 2697 1563 quia
2728 1488 3093 1548 incredibilius
3120 1503 3220 1549 est.
3257 1493 3327 1549 Et
3368 1494 3478 1563 jam
3527 1494 3731 1552 factum

2141 1590 2263 1637 est:
2307 1582 2589 1639 credamus
2618 1592 2671 1640 et
2715 1584 2857 1655 quod
2900 1585 3133 1640 futurum
3181 1593 3284 1641 est.
3321 1584 3376 1641 Si
3419 1585 3612 1641 factum
3646 1597 3733 1642 est

2141 1673 2283 1744 quod
2312 1683 2395 1728 est
2414 1673 2798 1743 incredibilius,
2827 1690 2933 1731 non
2965 1676 3120 1732 nobis
3143 1676 3290 1732 dabit
3313 1677 3453 1749 quod
3483 1687 3567 1733 est
3600 1694 3729 1734 cre-

2141 1764 2397 1821 dibilius?
2430 1765 2626 1821 Potens
2646 1774 2728 1822 est
2747 1767 2890 1822 enim
2920 1767 3063 1825 Deus
3088 1768 3321 1840 Angelos
3366 1769 3608 1826 homines
3644 1770 3730 1825 fa-

2140 1870 2298 1923 cere,
2346 1856 2437 1927 qui
2463 1858 2665 1913 semina
2698 1866 2908 1914 terrena
2937 1868 2990 1913 et
3028 1858 3300 1915 horribiﬁa
3351 1859 3595 1917 homines
3648 1861 3731 1917 fe—

2140 1947 2229 2001 cit.
2261 1947 2395 2016 Quid
2421 1948 2621 2004 erimus
2640 1950 2665 2002 τ
2687 1950 2896 2021 Angeli.
2926 1950 3064 2018 Quid
3096 1950 3288 2006 fuimus
3312 1953 3329 2007 ε
3354 1951 3527 2008 Pudet
3553 1968 3733 2008 recou-

2142 2037 2255 2093 dari
2290 2054 2493 2110 :cogor
2522 2039 2886 2107 considerare,
2939 2049 2995 2097 et
3049 2041 3311 2098 erubesco
3340 2043 3538 2099 dicere.
3583 2043 3729 2112 Quid

2139 2130 2371 2187 fuimus?
2412 2131 2565 2188 Unde
2592 2134 2733 2189 Deus
2757 2132 3001 2190 homines
3028 2134 3184 2190 fecit?
3207 2134 3345 2202 Quid
3395 2135 3597 2192 fuimus
3623 2152 3731 2192 au-

2141 2233 2353 2294 tequam
2407 2225 2626 2280 omnino
2676 2228 2959 2282 essemus?
3008 2226 3156 2283 Nihil
3202 2243 3434 2284 eramus.
3501 2229 3734 2297 Quando

2138 2311 2488 2369 inventribus
2529 2325 2758 2371 matrum
2787 2331 3024 2385 eramus,
3047 2317 3175 2389 quid
3223 2319 3472 2374 eramus?
3518 2320 3733 2378 Sufﬁcit

2139 2402 2280 2474 quod
2308 2404 2560 2460 recolitis.
2589 2405 2779 2461 Tollite
2808 2408 3015 2462 animos
3039 2408 3107 2463 ab
3136 2422 3202 2464 eo
3231 2408 3370 2463 unde
3401 2407 3521 2464 facti
3572 2411 3729 2479 estis,

2137 2502 2191 2549 et
2211 2495 2437 2565 cogitate
2457 2496 2599 2567 quod
2628 2497 2777 2552 estis.
2831 2497 3021 2553 Vivitis
3056 2498 3189 2554 :sed
3232 2500 3417 2554 vivunt
3441 2509 3495 2556 et
3543 2498 3731 2556 herba:

2139 2593 2194 2641 et
2236 2586 2479 2642 arbores.
2528 2587 2791 2643 Sentitis:
2832 2589 3068 2644 sentiunt
3108 2598 3163 2644 et
3200 2604 3415 2660 pecora.
3470 2589 3735 2647 Homines

2138 2677 2305 2733 estis:
2336 2692 2526 2748 pecora
2559 2678 2854 2748 transistis,
2884 2680 3191 2751 superiores
3237 2680 3518 2751 pecoribus
3564 2682 3729 2749 estis;

2138 2769 2261 2838 quia
2290 2769 2585 2840 intelligitis
2612 2780 2807 2841 quanta
2835 2772 3082 2841 praestitit
3100 2772 3275 2827 nobis.
3306 2772 3517 2837 Vivitis,
3550 2774 3729 2829 senti-

2140 2858 2227 2925 tis,
2258 2860 2570 2931 intclligitis,
2604 2861 2850 2917 homines
2888 2863 3040 2917 estis.
3095 2864 3202 2918 Isto
3228 2872 3405 2918 autem
3461 2864 3731 2921 beneﬁcio

2138 2950 2265 3021 quid
2310 2952 2611 3021 comparari
2634 2947 2844 3023 potest?
2868 2952 3155 3008 Christiani
3183 2954 3333 3009 estis.
3363 2953 3477 3010 Hoc
3500 2954 3648 3009 enim
3680 2954 3733 3010 si

2139 3057 2245 3098 non
2276 3045 2659 3114 acceperimus,
2684 3044 2809 3115 quid
2848 3045 3004 3101 nobis
3031 3046 3312 3117 prodesset
3335 3048 3456 3118 quia
3480 3047 3734 3104 homines

2139 3137 2418 3190 essemus?
2447 3134 2733 3191 Christiani
2778 3151 2908 3209 ergo
2936 3152 3152 3204 sumus,
3186 3137 3252 3193 ad
3278 3136 3549 3193 Christum
3601 3153 3735 3209 per-

2139 3225 2607 3283 tinemus.S:cviat
2648 3228 3043 3295 mundus,non
3092 3244 3193 3286 nos
3236 3229 3458 3300 frangit;
3488 3230 3610 3302 quia
3656 3231 3731 3287 ad

2138 3318 2409 3374 Christum
2437 3320 2787 3391 pertinemus.
2820 3320 3130 3376 Blandiatur
3172 3321 3425 3387 mundus,
3488 3337 3594 3377 non
3625 3337 3734 3379 nos

2137 3409 2373 3476 seducit;
2404 3410 2471 3465 ad
2495 3409 2766 3466 Christum
2792 3412 3140 3482 pertinemus.

2208 3504 2262 3559 5.
2304 3503 2704 3559 Christianorum
2766 3506 2857 3560 sub
2915 3514 3129 3576 patrono
3194 3504 3393 3561 Christo
3459 3506 3729 3562 securitas.

2140 3595 2383 3669 Magnum
2410 3607 2692 3667 patronum
2736 3597 3059 3666 invenimus,
3102 3597 3313 3654 fratres.
3367 3597 3545 3655 Nostis
3598 3599 3733 3669 quia

2140 3688 2365 3743 tendunt
2389 3703 2447 3743 se
2476 3688 2723 3745 homines
2746 3690 2814 3747 de
2834 3691 3069 3760 patronis
3089 3692 3235 3748 suis.
3261 3692 3476 3748 Minanti
3528 3692 3691 3748 alicui
3708 3734 3729 3759 ,

2138 3780 2428 3850 respondet
2446 3781 2611 3836 cliens
2661 3781 2916 3852 majoris:
2970 3782 3130 3839 Salvo
3154 3784 3327 3855 capite
3366 3785 3571 3840 domini
3619 3786 3733 3841 mei

2140 3871 2301 3937 illius,
2329 3871 2467 3926 nihil
2484 3871 2613 3927 mihi
2638 3872 2790 3929 facis.
2816 3874 3027 3942 Quanto
3066 3874 3257 3931 fortius
3282 3884 3338 3932 et
3388 3876 3584 3931 certius
3626 3892 3733 3933 nos

2140 3962 2364 4019 dicimus
2395 3981 2407 4017 :
2440 3962 2601 4020 Salvo
2625 3967 2797 4035 capite
2822 3975 3005 4021 nostro
3023 4007 3037 4032 ,
3062 3965 3193 4022 nihil
3220 3967 3371 4023 nobis
3390 3966 3559 4022 facis?
3582 3967 3735 4034 Quo-

2140 4055 2283 4109 niam
2311 4062 2565 4125 patronus
2589 4066 2773 4112 noster
2786 4066 2944 4127 caput
2980 4066 3064 4113 est
3087 4065 3349 4112 nostrum.
3392 4058 3735 4130 Quicumque

2140 4160 2213 4202 se
2226 4146 2448 4201 tendunt
2467 4145 2533 4202 de
2558 4147 2737 4218 aliquo
2762 4147 2977 4203 homine
3004 4157 3231 4218 patrem
3252 4191 3269 4217 ,
3321 4149 3551 4205 clientes
3596 4158 3734 4204 sunt

2140 4238 2255 4309 ejus
2310 4256 2323 4292 :
2366 4253 2466 4295 nos
2511 4240 2720 4310 patroni
2768 4241 2937 4297 nostri
2973 4242 3214 4297 membra
3256 4258 3464 4299 sumus.
3500 4243 3734 4299 Praestet

2144 4332 2298 4387 nobis
2331 4331 2420 4406 (a)-
2435 4333 2489 4388 in
2518 4348 2577 4389 se
2598 4375 2613 4402 ,
2641 4342 2696 4390 et
2720 4348 2880 4390 nemo
2904 4348 3002 4390 nos
3026 4336 3219 4391 evellat
3243 4335 3311 4391 ab
3338 4351 3422 4391 eo.
3460 4338 3730 4403 Quoniam

2139 4438 2505 4495 quoscumque
2528 4424 2579 4479 in
2611 4416 2714 4480 hoc
2739 4425 2940 4482 mundo
2954 4426 3167 4482 labores
3190 4428 3424 4497 perpessi
3439 4426 3731 4497 fuerimus,

2140 4523 2309 4571 totum
2334 4516 2473 4586 quod
2503 4516 2692 4573 transit
2718 4518 2850 4573 nihil
2876 4527 2978 4574 est.
3008 4518 3239 4575 Venient
3263 4520 3401 4575 bona
3428 4536 3549 4591 qum
3620 4537 3733 4577 non

2141 4607 2444 4663 transibunt
2469 4624 2484 4662 :
2515 4623 2610 4678 per
2627 4608 2839 4665 labores
2861 4609 2929 4664 ad
2955 4625 3018 4665 ea
3045 4611 3274 4666 venitur.
3298 4610 3404 4667 Sed
3449 4627 3571 4668 cum
3601 4629 3730 4683 per-

2140 4709 2356 4757 ventum
2402 4700 2593 4767 fuerit,
2624 4715 2784 4758 nemo
2828 4701 2953 4758 inde
2993 4716 3094 4757 nos
3139 4703 3339 4759 avellit.
3393 4704 3738 4761 Clauduntur

2142 4791 2627 4864 portae-Jerusalem
2648 4834 2665 4861 ,
2690 4794 2956 4865 accipiunt
2981 4794 3143 4850 etiam
3165 4806 3368 4863 vectes,
3418 4806 3486 4851 ut
3516 4796 3736 4853 dicatur

2141 4884 2219 4940 illi
2266 4884 2509 4941 civitati:
2559 4884 2777 4953 Lauda,
2829 4885 3161 4941 Jerusalem:
3207 4886 3520 4952 Dominum;
3570 4889 3732 4943 laude

2142 4975 2313 5030 Deum
2362 4986 2531 5041 tuum,
2574 4975 2722 5031 Sion.
2764 4977 3016 5042 Quoniam
3042 4977 3343 5049 confortauit
3372 4987 3529 5032 vectes
3556 4990 3720 5050 porta-

2142 5066 2502 5131 rum-tuarum,
2530 5066 2781 5121 benedixit
2806 5067 2941 5136 ﬁlios
2965 5068 3158 5121 tuosin
3182 5076 3249 5122 te.
3281 5068 3379 5135 Qui
3404 5068 3577 5140 postea?
3603 5071 3753 5140 ﬁnes

2143 5166 2253 5212 tuos
2291 5174 2465 5228 pacem
2501 5157 2696 5228 (-Psal.
2739 5173 2934 5225 CXLVII,
2981 5158 3201 5231 12-14).
3264 5161 3439 5215 Portis
3492 5162 3723 5229 clausis,

2144 5249 2603 5315 vectibusmissis,
2632 5250 2816 5306 nullus.
2834 5251 2944 5306 exit
2967 5250 3191 5320 amicus,
3222 5252 3398 5307 nullus
3427 5252 3594 5309 intrat
3629 5255 3738 5312 ini-

2143 5343 2331 5398 micus.
2359 5341 2435 5399 lbi
2464 5357 2645 5398 veram
2668 5350 2723 5398 et
2749 5352 2950 5399 certam
2977 5343 3238 5402 habemus
3264 5344 3649 5417 securitatem,
3691 5347 3738 5404 si

2145 5436 2233 5493 hic
2262 5450 2366 5493 non
2391 5436 2751 5495 dimiserimus
2769 5438 3077 5495 veritatem.

2207 5810 2279 5875 (α)
2301 5815 2457 5874 Forte,
2485 5810 2755 5863 ιιοτιαηοο.

2895 5876 2927 5896 ρ
