4098 6310
332 308 442 368 729

798 421 1030 485 δειωο
1054 422 1271 485 CXXXI
1299 428 1317 450 ·
1353 423 1455 497 (α).

348 539 424 598 De
444 540 604 597 verbis
630 538 891 614 Evangelii
907 539 1144 607 Joannis,
1170 557 1285 612 cap.
1306 555 1360 594 γι
1379 578 1395 605 ,
1428 532 1619 602 51-66,
1640 532 1751 589 Nisi
1772 546 1923 587 man-

411 636 735 693 ducaveritis
784 652 1020 704 carnem,
1056 645 1149 701 etc,
1190 635 1348 700 deque
1401 630 1558 687 verbis
1598 626 1829 699 Apostoli
1876 632 1924 680 et

416 726 743 785 Psalmorum
768 769 783 795 ,
824 738 1001 782 contra
1025 725 1331 798 Pelagianos
1354 723 1449 796 (b).

353 861 570 919 Habitus
598 863 667 917 ad
695 862 928 917 Mensam
963 862 1026 918 S.
1064 861 1300 932 martyris
1324 858 1566 931 Cypriani
1589 898 1606 924 ,
1650 872 1705 912 ix
1751 854 1923 910 calen-

697 955 790 1009 das
814 954 1030 1011 octobris
1047 996 1063 1023 ,
1096 954 1178 1009 die
1202 954 1452 1009 dominica
1474 950 1566 1025 (c).

411 1112 637 1170 CAPUT
675 1112 960 1170 PRIMUM.
990 1141 1060 1154 ο-
1080 1110 1383 1184 LCorporis
1406 1118 1453 1164 et
1468 1107 1725 1179 sanguinis
1739 1104 1926 1161 Christi

340 1215 729 1260 sacramentum.
746 1205 1065 1260 Audivimus
1084 1218 1327 1260 veraeem
1344 1202 1670 1272 Magistrum,
1687 1197 1923 1252 divinum

342 1295 755 1365 Redemptorem
779 1337 795 1363 ,
824 1296 1113 1352 humanum
1138 1296 1466 1352 Salvatorem
1485 1334 1502 1361 ,
1544 1289 1922 1348 commendan-

344 1396 455 1444 tem
482 1388 636 1442 nobis
662 1390 888 1459 pretium
915 1398 1153 1444 nostrum
1173 1429 1190 1454 ,
1226 1388 1538 1459 Sanguinem
1558 1401 1732 1442 suum.
1756 1385 1928 1440 Locu-

344 1486 432 1534 tus
455 1486 538 1533 est
562 1479 705 1534 enim
738 1479 891 1535 nobis
911 1480 981 1535 de
1008 1494 1234 1549 corpore
1259 1488 1315 1534 et
1340 1478 1596 1549 sanguine
1625 1492 1722 1532 suo
1753 1495 1767 1531 :
1798 1491 1925 1531 cor-

342 1584 446 1642 pus
474 1572 491 1602 ¹
520 1570 655 1625 dixit
677 1586 855 1626 escam
876 1612 892 1639 ,
928 1571 1238 1641 sanguinem
1268 1579 1471 1640 potum.
1525 1568 1926 1625 Sacramentum

346 1663 583 1720 ﬁdelium
641 1672 936 1735 agnoscunt
988 1664 1195 1719 lideles.
1247 1662 1539 1719 Audientes
1583 1670 1762 1717 autem
1800 1659 1927 1729 quid

346 1757 489 1813 aliud
506 1772 664 1827 quam
693 1756 912 1811 audiunt
936 1757 961 1809 ‘l
983 1755 1117 1811 Cum
1149 1770 1281 1826 ergo
1329 1754 1715 1811 commendans
1761 1753 1927 1808 talem

344 1863 522 1904 escam
557 1857 612 1903 et
654 1848 815 1902 talem
864 1856 1046 1918 potum
1070 1847 1291 1912 diceret,
1339 1845 1458 1901 Nisi
1512 1844 1929 1899 manducaveritis

344 1955 548 1993 carnem
602 1955 766 1993 meam
789 1978 806 2003 ,
861 1948 909 1993 et
946 1937 1166 1993 biberitis
1209 1938 1505 2009 sanguinem
1556 1952 1719 1989 meum
1743 1975 1760 2002 ,
1827 1951 1930 1989 non

347 2029 589 2085 habebitis
618 2030 771 2084 vitam
796 2030 850 2099 in
871 2030 1007 2084 vobis
1037 2030 1112 2099 (et
1139 2030 1240 2084 hoc
1266 2028 1468 2085 diceret
1502 2027 1571 2084 de
1621 2028 1725 2081 vita
1743 2068 1760 2093 ,
1811 2027 1931 2097 quis

346 2124 488 2181 alius
506 2138 664 2193 quam
694 2123 807 2193 ipsa
833 2123 983 2177 vita?
1026 2122 1140 2177 Erit
1159 2130 1335 2177 autem
1392 2120 1465 2175 illi
1522 2119 1719 2174 homini
1758 2134 1927 2185 mors,

350 2228 459 2270 non
490 2213 618 2279 vita,
644 2213 734 2284 qui
763 2212 1072 2269 mendacem
1106 2211 1369 2283 putaverit
1399 2212 1560 2266 vitam
1588 2209 1605 2281 )
1637 2226 1653 2276 ;
1709 2209 1933 2265 seanda-

349 2302 493 2360 lizati
515 2312 639 2359 sunt
660 2303 905 2373 discipuli
934 2303 1068 2375 ejus,
1096 2317 1202 2358 non
1223 2302 1436 2373 quidem
1462 2317 1671 2361 omnes.
1701 2301 1795 2357 sed
1819 2301 1933 2371 plu-

352 2396 516 2462 rimi,
556 2395 794 2450 dicentes
817 2394 958 2464 apud
999 2410 1059 2449 se
1096 2394 1260 2465 ipsos,
1293 2392 1467 2448 Durus
1512 2401 1585 2447 est
1615 2392 1696 2446 hic
1723 2407 1888 2446 sermo
1910 2432 1927 2458 ,

348 2488 463 2559 quis
497 2505 610 2543 eum
659 2496 817 2559 potest
865 2488 1075 2541 audire?
1107 2486 1241 2541 Cum
1299 2495 1476 2541 autem
1529 2485 1631 2540 hoc
1675 2484 1932 2539 Dominus

348 2579 491 2650 apud
532 2584 877 2650 semetipsum
923 2578 1279 2648 cognovisset,
1307 2588 1362 2633 et
1413 2591 1682 2631 murmura
1729 2576 1934 2645 cogita-

349 2670 548 2727 tioni's’
574 2671 837 2737 audisset,
871 2670 1247 2741 cogitantibus,
1300 2684 1400 2726 nec
1425 2684 1555 2725 voce
1620 2668 1935 2725 sonantibus

346 2762 647 2833 respondit,
680 2771 738 2818 ut
765 2777 824 2817 se
847 2761 1060 2817 auditos
1097 2776 1218 2817 esse
1247 2768 1633 2832 cognoscerent
1655 2801 1671 2827 ,
1709 2768 1764 2815 et
1810 2759 1933 2815 talia

347 2854 584 2923 cogitare
611 2853 935 2908 desinerent.
996 2852 1133 2921 Quid
1159 2868 1287 2923 ergo
1329 2851 1643 2924 respondit?
1689 2851 1802 2906 lloc
1846 2868 1935 2907 vos

347 2943 706 2998 scandalizat?
741 2942 804 2999 Si
830 2959 948 3015 ergo
987 2943 1211 2998 videritis
1245 2942 1442 2997 Filium
1492 2943 1710 2997 hominis
1757 2959 1937 2997 ascen-

349 3032 550 3087 dentem
587 3034 671 3087 ubi
697 3041 801 3087 erat
830 3034 970 3105 prius
990 3034 1017 3087 2’
1050 3033 1188 3102 Quid
1217 3034 1318 3089 sibi
1348 3034 1494 3099 vult,
1534 3033 1641 3087 Hoc
1673 3050 1761 3088 vos
1786 3050 1936 3088 scan-

316 3120 331 3137 '
356 3124 589 3178 datizat?
614 3125 815 3181 Putatis
843 3125 965 3196 quia
996 3125 1062 3181 de
1086 3125 1190 3182 hoc
1215 3141 1441 3197 corpore
1469 3142 1589 3183 meo
1613 3127 1756 3197 quod
1781 3127 1933 3182 vide-

352 3215 443 3281 tis,
478 3224 656 3285 partes
679 3214 912 3271 facturus
939 3233 1089 3285 sum,
1122 3227 1176 3273 et
1196 3219 1433 3274 membra
1464 3234 1581 3274 mea
1596 3220 1933 3286 concisurus,

352 3318 409 3365 et
428 3310 578 3365 vobis
600 3310 866 3365 daturus?
890 3310 1027 3380 Quid
1050 3354 1067 3380 ,
1098 3312 1143 3367 si
1167 3328 1284 3383 ergo
1316 3312 1537 3367 videritis
1562 3311 1753 3366 Filium
1773 3313 1937 3367 homi-

354 3403 435 3457 nis
460 3403 804 3459 ascendentem
833 3404 915 3458 ubi
936 3414 1042 3459 erat
1081 3405 1257 3474 prius?
1280 3405 1439 3461 Certe
1484 3405 1573 3476 qui
1601 3405 1806 3476 integer
1843 3419 1935 3459 as-

356 3496 587 3552 cendere
614 3498 802 3567 potuit,
832 3498 1073 3553 consumi
1097 3513 1199 3554 non
1222 3500 1410 3569 potuit.
1445 3498 1585 3570 Ergo
1613 3508 1669 3554 et
1689 3500 1758 3554 de
1817 3514 1937 3553 cor-

352 3600 485 3656 pore
504 3601 566 3641 ac
588 3588 844 3656 sanguine
860 3602 961 3642 suo
986 3588 1130 3643 dedit
1178 3589 1335 3644 nobis
1380 3589 1648 3645 salubrem
1692 3588 1938 3644 refectio-

359 3691 505 3741 nem,
537 3684 709 3731 ettam
742 3692 986 3747 magnam
1015 3678 1248 3733 breviter
1266 3678 1497 3733 solvitde
1514 3692 1607 3733 sua
1636 3679 1936 3748 integritate

353 3766 728 3836 quaestionem.
752 3767 1067 3821 Mandiicent
1087 3783 1216 3837 ergo
1230 3769 1317 3838 qui
1333 3768 1672 3835 manducaui,
1692 3778 1746 3823 et
1758 3769 1937 3831 bibant

351 3856 444 3926 qui
491 3856 708 3922 bibunt;
740 3857 975 3911 esuriant
999 3866 1049 3911 et
1080 3857 1287 3912 sitiant:
1318 3858 1479 3912 vitam
1503 3858 1842 3923 manducent,
1862 3860 1940 3913 vi-

352 3956 463 4003 tam
476 3947 678 4002 bibant.
694 3947 823 4002 llliid
839 3947 1176 4015 manducare,
1195 3948 1342 4004 relici
1358 3958 1459 4004 est:
1482 3949 1575 4005 sed
1591 3950 1666 4004 sic
1681 3950 1935 4017 reticeris,

355 4049 415 4095 ut
455 4053 563 4093 non
600 4038 813 4094 deliciat
839 4038 979 4094 unde
996 4040 1253 4095 reliceris.
1278 4039 1406 4093 Illud
1448 4039 1632 4095 bibere
1660 4040 1784 4109 quid
1833 4049 1935 4107 est,

354 4131 461 4186 nisi
475 4130 677 4185 vivere?
699 4129 951 4185 Manduca
967 4131 1129 4184 vitam
1146 4171 1160 4195 ,
1177 4129 1297 4185 bibe
1309 4131 1469 4185 vitam
1490 4148 1503 4184 :
1520 4130 1740 4187 habebis
1753 4132 1935 4199 vitam,

355 4235 411 4280 et
428 4224 625 4294 integra
643 4225 865 4278 estvita.
889 4223 1037 4278 Tunc
1052 4232 1228 4278 autem
1251 4222 1353 4278 hoc
1366 4223 1486 4288 erit,
1505 4224 1555 4278 id
1572 4234 1673 4289 est,
1696 4224 1800 4278 vita
1822 4224 1939 4278 uni-

355 4316 549 4386 cuique
591 4317 693 4371 erit
747 4330 943 4386 corpus
964 4324 1021 4371 et
1067 4316 1280 4387 sanguis
1320 4316 1557 4381 Christi;
1601 4317 1645 4371 si
1687 4316 1830 4388 quod
1886 4319 1939 4373 in

358 4407 707 4467 sacramento
737 4408 1014 4464 visibiliter
1038 4408 1287 4473 sumitur,
1320 4408 1371 4462 in
1399 4408 1511 4478 ipsa
1557 4408 1782 4464 veritate
1828 4409 1940 4479 spi-

358 4503 622 4559 ritualiter
640 4501 1008 4569 manducetur,
1051 4501 1399 4571 spiritualiter
1428 4501 1661 4557 bibatur.
1717 4501 1940 4557 Audivi-

423 4661 441 4694 ι
480 4667 578 4708 Am.
622 4665 673 4708 et
695 4664 789 4718 Εικ,
813 4655 941 4722 quod
982 4669 1171 4720 corpus.
1210 4656 1509 4718 Maniiscripti
1546 4668 1696 4717 vero,
1741 4668 1943 4719 quorum

358 4734 653 4834 “milites.
678 4788 735 4831 At
758 4781 893 4841 editi,
913 4791 1131 4831 murmur
1153 4791 1210 4829 ac
1228 4777 1551 4843 cogitationes.

421 4870 439 4888 ‘
464 4867 754 4916 Emendatus
787 4872 863 4915 est
896 4865 956 4913 ad
979 4871 1083 4913 tres
1120 4864 1201 4913 bn.
1227 4864 1285 4913 ad
1301 4876 1347 4912 a.
1371 4862 1433 4913 cl.
1456 4864 1535 4914 cb.
1562 4862 1594 4912 f.
1620 4861 1678 4912 fs.
1695 4875 1769 4925 gr.
1792 4861 1850 4910 lr.
1876 4875 1941 4911 in.

357 4944 432 4993 pr.
460 4943 550 4978 rm.
576 4930 652 4977 vd.
674 4936 777 4975 Am.
796 4933 868 4976 Er.
895 4934 995 4975 Par.
1021 4933 1130 4975 ων.

446 5015 497 5073 a)
518 5012 655 5072 Alias,
680 5012 745 5062 de
776 5011 945 5061 Verbis
969 5010 1173 5073 Apostoli
1196 5010 1243 5058 2.

447 5069 496 5134 ὸ)
520 5069 682 5123 Florus
702 5074 817 5122 citat
835 5069 1161 5122 duobusrlocis
1184 5085 1196 5120 :
1226 5078 1277 5121 et
1295 5070 1491 5134 quidem
1512 5069 1571 5118 ad
1596 5076 1612 5117 ι
1633 5076 1736 5134 cor.
1762 5083 1814 5128 ι,
1837 5082 1946 5119 ser-

358 5130 556 5185 monem
576 5134 789 5198 appellat
818 5134 915 5183 ide
937 5146 1139 5196 corpore
1175 5140 1226 5198 et
1258 5130 1499 5198 sanguine
1533 5130 1747 5198 Domini;
1774 5148 1795 5174 ιι
1825 5145 1945 5193 quo-

359 5198 503 5247 modo
537 5189 927 5260 Algéruscontra
963 5189 1321 5260 tte‘vengagium.
1348 5189 1419 5243 Ἅι
1455 5194 1503 5241 in
1538 5189 1814 5260 Ph_ilipp._ii,
1841 5189 1947 5242 Ser-

359 5272 555 5308 monem
592 5252 624 5304 ἶ
644 5258 708 5307 de
749 5258 917 5307 verbis
941 5252 1148 5319 Apostoli
1180 5254 1211 5303 2
1232 5262 1437 5319 evocat.
1463 5261 1563 5312 Quo
1598 5252 1706 5302 loco
1726 5255 1793 5319 _in
1826 5268 1943 5319 vera

360 5321 503 5370 Beda:
538 5320 827 5380 collectione
869 5313 1227 5380 maniiscripta,
1254 5317 1426 5366 dicitur
1459 5327 1622 5365 sermo
1665 5332 1687 5361 ii
1708 5314 1804 5376 de,
1844 5313 1947 5366 nisi

359 5379 780 5438 manducareritis,
806 5397 828 5424 ii
858 5386 955 5429 etc.
1111 5379 1121 5380 “
1890 5386 1894 5391 '

424 5444 689 5504 (c).l.ocum
713 5448 765 5490 et
793 5441 924 5490 diem
946 5440 1093 5504 habiti
1117 5438 1356 5504 sermonis
1375 5438 1448 5488 ita.
1466 5442 1783 5504 praenotatum
1808 5450 1947 5504 acce-

360 5499 520 5567 pimus
554 5518 628 5567 ex
670 5504 827 5553 veteri
854 5503 1034 5567 codice
1077 5501 1383 5567 bibliothecae
1432 5507 1511 5548 PP.
1557 5499 1947 5567 gisterciensiiim

358 5558 409 5613 ἓ..
429 5566 596 5614 crucis
614 5566 661 5613 in
683 5564 949 5612 Jerusalem
968 5562 1032 5611 de
1055 5563 1195 5611 Urbe.
1236 5563 1347 5611 Dies
1379 5573 1531 5624 porro,
1545 5558 1947 5624 domiiiiciisieum

360 5640 489 5676 nono
509 5625 736 5676 calendas
757 5625 971 5673 octobris
994 5624 1288 5674 eoincidebat
1329 5622 1456 5673 anno
1483 5622 1604 5680 4η,
1638 5629 1690 5671 et
1720 5622 1780 5671 ad
1818 5623 1947 5674 liuuc

360 5687 520 5749 ipsum
539 5688 604 5737 de
627 5686 749 5749 facto
778 5698 953 5749 annum
978 5686 1224 5749 pertinent
1246 5684 1523 5749 Apoaolica:
1547 5682 1681 5734 Sedis
1708 5684 1943 5748 rescripta

360 5704 376 5735 1
411 5704 520 5738 sum
539 5704 604 5737 ue
627 5704 749 5735 laClO
778 5704 953 5734 annum
978 5704 1185 5747 pCl'llllBl

358 5704 431 5801 ire
448 5748 723 5813 quiliusbic
747 5751 794 5798 In
816 5745 910 5798 Bne
933 5747 1185 5799 sermonis.

1746 300 1976 361 SERMO
2011 296 2228 362 CXXX.

3503 292 3608 351 730

2027 428 2147 470 mus
2170 412 2311 469 enim
2362 408 2535 484 ipsum
2576 409 2862 466 Dominum
2909 408 3173 465 dicentem
3199 450 3213 476 ,
3262 407 3489 481 Spiritus
3534 418 3610 465 est

2028 506 2115 575 qui
2151 504 2387 573 viuiﬁcat,
2420 519 2537 558 caro
2564 513 2732 558 autem
2756 519 2858 557 non
2882 502 3083 574 prodest
3103 500 3403 574 quidquam.
3446 498 3611 554 Verba

2028 611 2142 668 qua
2162 596 2355 650 locutus
2378 610 2492 649 sum
2520 594 2677 661 vobis,
2707 594 2914 664 spiritus
2942 603 2987 647 et
3016 593 3117 647 vita
3142 601 3277 646 sunt.
3311 590 3418 646 Sed
3459 598 3607 655 sunt,

2028 688 2219 758 inquit,
2247 687 2453 757 quidam
2472 727 2486 753 ,
2512 687 2599 757 qui
2624 703 2724 741 non
2742 688 2968 741 credunt.
2996 685 3097 756 Ipsi
3116 684 3365 739 dicebant
3384 724 3398 748 ,
3437 682 3611 736 Durus

2028 789 2099 832 est
2120 779 2199 832 hic
2218 794 2380 832 sermo
2403 819 2417 842 ,
2473 778 2584 847 quis
2611 793 2723 830 eum
2749 786 2907 846 potest
2929 776 3142 830 audire?
3168 775 3339 830 Durus
3366 781 3448 829 est
3465 813 3480 839 ,
3512 770 3609 828 sed

2028 870 2175 926 duris
2207 888 2221 925 :
2254 870 2355 924 hoc
2383 877 2487 935 est,
2520 868 2859 932 incredibilis,
2890 868 2983 923 sed
3013 867 3321 923 incredulis.

2099 960 2324 1016 CAPUT
2354 958 2417 1014 ll.
2443 961 2584 1013 —2.
2618 957 2774 1019 Fides
2843 958 3029 1012 donum
3057 956 3170 1012 Dei.
3214 955 3403 1012 Gratia:
3422 956 3609 1011 i°iolen~

2031 1052 2102 1106 tia
2114 1053 2301 1106 suavis.
2326 1051 2430 1107 Sed
2457 1061 2515 1104 ut
2533 1050 2747 1105 doceret
2762 1064 2860 1104 nos
2874 1049 3033 1104 etiam
3047 1049 3216 1118 ipsum
3238 1046 3457 1102 credere
3478 1045 3603 1100 doni

2029 1158 2170 1211 esse,
2188 1160 2293 1198 non
2312 1143 2487 1198 meriti
2510 1160 2523 1196 :
2547 1142 2711 1208 Sicut,
2730 1141 2923 1211 inquit,
2940 1140 3047 1197 dixi
3066 1140 3221 1206 vobis,
3237 1156 3382 1194 nemo
3395 1142 3524 1194 venit
3542 1156 3603 1192 ai-

2030 1252 2129 1302 me,
2172 1236 2269 1290 nisi
2292 1236 2372 1289 cui
2395 1235 2570 1289 datum
2591 1234 2739 1304 fuerit
2768 1250 2801 1287 a
2832 1231 2989 1287 Patre
3016 1249 3146 1286 meo.
3179 1233 3280 1289 Ubi
3310 1242 3487 1287 autem
3511 1231 3613 1287 hoc

2029 1327 2286 1386 Dominus
2352 1326 2584 1391 dixerit,
2640 1325 2683 1380 si
2736 1324 3016 1394 superiora
3072 1322 3338 1393 Evangelii
3414 1322 3614 1379 recola-

2030 1434 2169 1486 mus,
2202 1419 2532 1474 inveniemus
2575 1432 2697 1472 eum
2726 1416 2956 1479 dixisse,
3013 1412 3179 1468 Nemo
3205 1415 3335 1469 venit
3388 1414 3457 1467 ad
3512 1430 3611 1480 me,

2030 1512 2130 1565 nisi
2158 1510 2333 1577 Pater,
2374 1510 2459 1580 qui
2492 1509 2625 1563 misit
2652 1524 2749 1573 me,
2772 1507 2983 1562 traxerit
3029 1522 3141 1560 eum
3169 1504 3348 1576 (Joan.
3396 1520 3471 1571 vi,
3498 1502 3612 1577 Μ).

2030 1603 2146 1659 Non
2171 1603 2324 1668 dixit,
2353 1602 2604 1667 Duxerit;
2637 1601 2729 1657 sed
2750 1642 2764 1667 ,
2794 1600 3024 1655 traxerit.
3058 1598 3160 1652 Ista
3194 1598 3444 1653 violentia
3490 1613 3614 1652 coro

2031 1694 2085 1749 di
2117 1694 2192 1759 lit,
2226 1710 2329 1748 non
2359 1693 2528 1748 carni.
2552 1691 2688 1760 Quid
2708 1707 2833 1761 ergo
2855 1690 3104 1746 miraris?
3134 1689 3322 1753 Crede,
3354 1698 3407 1743 et
3434 1691 3613 1756 venis;

2032 1801 2151 1841 ama
2171 1827 2187 1849 .
2219 1794 2273 1841 et
2302 1785 2548 1840 traheris.
2582 1784 2658 1839 Ne
2690 1783 2966 1838 arbitreris
2996 1783 3148 1837 istam
3176 1796 3419 1852 asperam
3447 1780 3617 1837 uiole-

2033 1885 2280 1948 stamque
2304 1875 2610 1931 violentiam
2643 1872 2852 1930 :dulcis
2875 1881 2989 1936 est,
3018 1872 3195 1929 suavis
3210 1881 3324 1936 est;
3356 1871 3466 1941 ipsa
3495 1885 3618 1925 sua-

2032 1969 2169 2023 vitas
2206 1976 2256 2023 te
2285 1967 2465 2022 trahit.
2508 1965 2696 2021 Nonne
2741 1965 2856 2020 ovis
2902 1963 3151 2029 trahitur,
3198 1977 3319 2018 eum
3362 1961 3620 2017 esurienti

2034 2058 2197 2114 herba
2229 2057 2594 2113 monstratur?
2620 2057 2688 2112 Et
2716 2064 2843 2132 puto
2875 2054 2998 2125 quia
3030 2068 3135 2108 non
3165 2068 3389 2123 corpore
3429 2051 3619 2120 impel-

2035 2149 2182 2214 litur,
2227 2148 2322 2205 sed
2381 2146 2648 2203 desiderio
2704 2146 2999 2216 colligatur.
3058 2144 3146 2199 Sic
3185 2151 3239 2198 et
3290 2151 3342 2196 tu
3388 2142 3504 2197 veni
3551 2141 3621 2197 ad

2033 2240 2303 2296 Christum
2335 2257 2348 2294 :
2382 2239 2489 2293 noli
2522 2239 2673 2307 longa
2706 2238 2893 2292 itinera
2943 2234 3222 2300 meditari;
3274 2232 3364 2288 ubi
3404 2232 3579 2287 credis
3599 2272 3619 2298 ,

2036 2331 2107 2386 ibi
2137 2330 2307 2386 venis.
2357 2328 2438 2384 Ad
2483 2328 2628 2382 illum
2670 2328 2811 2382 enim
2850 2326 2941 2396 qui
2996 2324 3190 2394 ubique
3239 2332 3341 2387 est,
3392 2322 3620 2376 amando

2034 2422 2265 2487 venitur,
2293 2436 2397 2474 non
2420 2417 2735 2488 navigando.
2763 2416 2866 2472 Sed
2909 2416 3161 2487 quoniam
3204 2414 3365 2469 etiam
3425 2414 3475 2467 in
3526 2412 3620 2468 tali

2036 2512 2224 2568 itinere
2268 2512 2537 2567 abundant
2566 2511 2759 2565 ﬂuctus
2804 2518 2859 2564 et
2903 2517 3244 2578 tempestates
3288 2507 3623 2561 diversarum

2036 2604 2420 2667 teutationum;
2473 2602 2524 2656 in
2565 2600 2877 2656 crucifixum
2917 2598 3077 2653 crede
3101 2639 3117 2663 ,
3153 2608 3209 2651 ut
3240 2596 3371 2651 ﬁdes
3426 2606 3512 2649 tua
3554 2595 3622 2651 li-

2035 2712 2198 2767 gnum
2230 2696 2397 2767 possit
2426 2694 2737 2750 ascendere.
2757 2692 2871 2746 Non
2901 2689 3182 2760 mergeris,
3213 2689 3309 2745 scd
3335 2689 3476 2758 ligno
3502 2702 3625 2757 por-

2036 2788 2255 2845 laberis.
2294 2787 2417 2851 Sic,
2460 2786 2539 2841 sic
2568 2786 2619 2840 in
2647 2784 2801 2854 hujus
2826 2781 3007 2837 saeculi
3054 2780 3301 2835 ﬂuctibus
3347 2778 3625 2848 navigabat

2038 2882 2145 2946 ille,
2177 2881 2265 2951 qui
2312 2878 2541 2944 dicebat,
2601 2876 2731 2931 Mihi
2774 2885 2942 2928 autem
2973 2872 3101 2926 absit
3140 2871 3348 2942 glorim‘i
3373 2912 3388 2937 ,
3428 2870 3525 2923 nisi
3570 2868 3625 2923 in

2037 2990 2182 3028 cruce
2212 2972 2413 3025 Domini
2443 2969 2603 3023 nostri
2645 2968 2768 3022 Jesu
2796 2966 3003 3021 Christi.
3038 2963 3231 3038 (Galat.
3264 2978 3337 3024 VI.
3369 2962 3482 3031 14.)

2108 3063 2332 3120 CAPUT
2353 3060 2568 3116 [IL—5.
2586 3058 2695 3113 Nec
2711 3058 2837 3128 ﬁdes
2850 3073 2938 3111 nec
2955 3056 3084 3109 bona
3096 3056 3193 3109 vita
3206 3054 3423 3125 propriis
3441 3052 3628 3107 viribus

2037 3154 2344 3227 arrogantia.
2382 3154 2571 3208 Mirum
2600 3160 2681 3206 est
2720 3159 2899 3204 autem
2931 3148 3070 3218 quod
3099 3148 3384 3217 praedicata
3415 3146 3628 3203 Christo

2038 3248 2309 3311 criicilixo,
2329 3245 2547 3299 audiunt
2570 3242 2695 3308 duo,
2725 3256 2859 3296 unus
2884 3239 3199 3303 contemnit,
3216 3239 3349 3293 alter
3364 3237 3623 3293 ascendit.

2039 3338 2137 3406 Qui
2151 3335 2463 3399 contemnit,
2482 3334 2708 3404 imputet
2722 3332 2819 3385 sibi
2839 3348 2851 3383 :
2867 3331 2954 3400 qui
2969 3328 3200 3384 ascendit
3217 3344 3320 3382 non
3338 3337 3551 3399 arroget
3564 3327 3629 3382 si-

2039 3428 2113 3483 bi.
2129 3426 2341 3481 Audivit
2356 3426 2495 3479 enim
2508 3440 2536 3477 a
2552 3423 2722 3479 veraci
2736 3421 3003 3492 Magistro,
3024 3418 3185 3473 Nemo
3197 3420 3327 3474 venit
3339 3419 3405 3471 ad
3419 3435 3514 3485 me,
3530 3419 3629 3473 nisi

2039 3519 2214 3572 datum
2237 3519 2387 3589 fuerit
2408 3517 2452 3570 ei
2472 3534 2503 3569 a
2530 3514 2683 3568 Patre
2711 3530 2839 3566 meo.
2870 3511 3129 3575 Gaudeat,
3153 3512 3276 3581 quia
3304 3511 3482 3565 datum
3505 3520 3587 3565 est
3611 3528 3627 3566 :

2040 3609 2236 3679 gratias
2247 3616 2368 3676 agat
2396 3606 2539 3660 danti
2553 3604 2716 3662 corde
2730 3602 2938 3669 humili,
2954 3618 3057 3656 non
3074 3603 3339 3672 arroganti
3360 3619 3374 3668 ;
3397 3618 3463 3656 ne
3487 3601 3628 3673 quod

2042 3700 2257 3754 Iiiuiiilis
2273 3698 2484 3765 meruit,
2505 3697 2764 3766 superbus
2780 3696 3005 3750 amittat.
3022 3694 3152 3749 Nam
3170 3696 3326 3747 etiam
3344 3694 3432 3762 qui
3448 3695 3554 3761 jam
3576 3710 3628 3748 in

2043 3791 2151 3862 ipsa
2174 3791 2253 3844 via
2270 3790 2410 3861 justa
2438 3788 2733 3851 ambulant,
2754 3788 2797 3841 si
2814 3787 2911 3841 sibi
2932 3802 3048 3840 eam
3069 3784 3342 3839 tribuerint
3357 3795 3411 3839 et
3430 3783 3629 3837 viribus

2042 3890 2189 3955 suis,
2221 3897 2441 3958 pereunt
2488 3886 2555 3940 de
2596 3886 2701 3940 illa.
2745 3884 2870 3938 Ideo
2908 3882 3256 3937 humilitatem
3293 3896 3390 3935 nos
3431 3879 3629 3934 docens

2043 3990 2224 4034 sancta
2252 3979 2522 4047 Scriptum
2554 3992 2647 4046 per
2675 3974 2987 4045 Apostolum
3017 3972 3173 4037 dicit,
3213 3971 3339 4025 Cum
3376 3971 3550 4024 timore
3580 3978 3626 4024 et

2045 4083 2255 4127 tremore
2282 4080 2494 4125 vestram
2518 4070 2747 4139 ipsorum
2773 4067 2985 4120 salutem
3014 4063 3310 4135 operamini.
3340 4064 3401 4117 Et
3431 4079 3497 4116 ne
3526 4061 3627 4116 sibi

2044 4164 2244 4236 aliquid
2277 4162 2398 4217 inde
2435 4162 2653 4226 darent,
2684 4159 2803 4228 quia
2834 4157 2997 4221 dixit,
3028 4155 3345 4227 operamini:
3371 4157 3623 4209 continuo

2044 4257 2348 4327 subiunxit,
2384 4252 2518 4309 Deus
2546 4253 2678 4307 enim
2702 4260 2772 4306 est
2797 4251 2881 4322 qui
2907 4258 3139 4320 operatur
3168 4248 3220 4301 in
3248 4248 3383 4301 vobis
3421 4257 3469 4301 et
3506 4245 3630 4300 velle

2045 4360 2093 4403 et
2120 4347 2351 4419 operari,
2384 4362 2474 4417 pro
2520 4344 2651 4397 bona
2696 4342 2949 4397 voluntate
2979 4338 3232 4410 (Philipp.
3262 4355 3309 4409 ii
3329 4379 3343 4403 ,
3390 4337 3456 4392 12
3477 4380 3490 4400 .
3518 4336 3627 4408 15).

2048 4438 2184 4493 Deus
2216 4447 2285 4491 est
2310 4436 2393 4507 qui
2419 4443 2658 4505 operatur
2683 4434 2736 4486 in
2766 4432 2939 4486 vobis:
2969 4430 3088 4485 ideo
3116 4447 3225 4484 cum
3254 4431 3429 4483 timore
3458 4439 3503 4482 et
3528 4439 3631 4481 tre-

2045 4545 2205 4595 more,
2232 4527 2425 4582 vallem
2450 4524 2624 4601 (facile
2644 4566 2662 4591 ,
2689 4522 2911 4577 imbrem
2947 4521 3217 4591 suscipite.
3251 4520 3506 4590 Depressa
3534 4518 3630 4572 iiii-

2047 4620 2277 4691 plentur,
2320 4618 2424 4673 alta
2458 4617 2751 4673 siccantur.
2776 4614 2955 4671 Gratia
2986 4613 3161 4683 pluvia
3197 4621 3297 4667 est.
3334 4610 3468 4678 Quid
3502 4625 3633 4679 ergo

2047 4709 2291 4774 miraris,
2328 4708 2373 4762 si
2412 4707 2552 4762 Deus
2582 4706 2825 4776 superbis
2862 4705 3095 4770 resistit,
3128 4703 3413 4756 humilibus
3453 4710 3630 4755 autem

2047 4799 2138 4856 dat
2163 4800 2385 4871 gratiam
2413 4797 2617 4870 (Iacob.
2651 4812 2726 4863 iv,
2752 4797 2845 4867 6)?
2863 4796 2983 4851 Ideo
3004 4812 3113 4848 cum
3138 4796 3313 4846 timore
3332 4803 3375 4846 et
3398 4802 3628 4857 tremore,

2049 4892 2103 4948 id
2132 4900 2247 4958 est,
2290 4907 2409 4947 cum
2450 4890 2767 4944 humilitate.
2811 4888 2937 4941 Noli
2975 4888 3130 4940 altum
3167 4901 3371 4955 sapere,
3404 4883 3492 4937 sed
3518 4885 3636 4939 time

2051 4982 2225 5054 (Rom.
2253 4998 2307 5036 ιι
2327 5023 2339 5046 ,
2362 4980 2478 5052 20).
2512 4978 2672 5045 Time,
2704 4988 2762 5032 ut
2788 4976 3055 5048 iiiiplearis
3079 4993 3091 5028 :
3118 4976 3219 5029 noli
3250 4975 3407 5028 altum
3436 4990 3632 5045 sapere,

2050 5089 2117 5128 ne
2142 5072 2377 5127 siceeris.
3405 5119 3411 5125 .

2120 5160 2343 5217 CAPUT
2373 5160 2462 5214 IV.
2486 5191 2554 5201 —
2574 5161 2627 5215 4.
2659 5158 2835 5213 Gratia
2856 5157 3160 5229 jiisti/icato,
3191 5165 3242 5208 ut
3286 5156 3337 5208 iu
3377 5155 3455 5207 via
3486 5155 3636 5225 justo

2048 5254 2289 5323 ambulet,
2318 5253 2615 5309 necessaria.
2651 5252 2756 5308 Sed
2798 5251 2946 5322 jam,
2993 5250 3191 5319 inquis,
3239 5248 3453 5303 ambqu
3493 5248 3635 5303 viam

2050 5347 2206 5401 istam
2235 5346 2251 5378 ¹
2280 5365 2293 5401 :
2321 5361 2454 5415 opus
2480 5353 2595 5401 erat
2622 5353 2675 5397 ut
2706 5342 2968 5397 discerem
2987 5381 3002 5407 ,
3029 5355 3163 5410 opus
3190 5348 3305 5394 erat
3335 5348 3384 5393 iit
3417 5355 3510 5408 per
3533 5337 3634 5393 do-

2049 5440 2272 5494 ctrinam
2314 5439 2469 5509 Legis
2513 5439 2705 5492 scirem
2751 5435 2875 5505 quid
2921 5450 3131 5505 agerem
3158 5452 3170 5487 :
3196 5433 3367 5488 liabeo
3407 5433 3634 5488 liberum

2050 5530 2339 5585 voluntatis
2370 5528 2685 5593 arbitrium;
2715 5527 2836 5596 quis
2862 5542 2946 5582 me
2971 5526 3037 5580 ab
3072 5527 3169 5584 ista
3201 5527 3289 5581 via
3326 5521 3631 5596 separabit?

2117 5684 2131 5717 ι
2154 5681 2339 5746 Aliquot
2361 5687 2488 5741 Mss,
2513 5677 2639 5730 ciam
2648 5677 2853 5742 justam.
