3978 6464
433 445 494 503 Si
512 445 660 514 legas
683 439 984 511 diligenter,
1004 434 1246 491 invenies
1272 428 1558 503 quemdam
1583 427 1650 485 de
1672 441 1770 484 sua
1797 424 2027 496 quadam

435 533 784 600 abundantia,
813 544 972 602 quam
996 536 1174 584 tamen
1199 530 1512 595 acceperat,
1541 519 1804 577 extollere
1825 533 1887 576 se
1913 532 2023 574 cm-

436 634 608 704 pisse;
641 628 923 686 Dominum
946 634 1126 681 autem
1156 618 1579 687 misericordem,
1599 626 1658 674 ut
1674 616 1896 674 doceret
1922 613 2024 670 hu-

437 725 736 786 militatem,
759 718 901 791 quod
926 717 1147 773 dederat
1169 712 1487 777 abstulisse;
1518 710 1665 766 illum
1690 722 1821 764 vero
1847 705 2024 762 subito

434 815 648 885 inopem
670 810 1011 874 remansisse,
1029 816 1085 862 et
1107 802 1526 862 misericordiam
1545 801 1637 856 Dei
1654 797 2027 856 recordatione

434 903 738 961 confessum
767 900 969 956 dixisse
987 940 1002 966 ,
1031 896 1145 970 Ego
1167 897 1277 952 dimi
1297 896 1351 950 in
1373 892 1686 950 abundantia
1726 906 1858 958 mea,
1899 887 2024 943 Non

435 994 667 1049 movebar
690 993 744 1048 in
774 1002 1036 1047 aeternum.
1063 988 1173 1061 Ego
1199 982 1309 1043 ditci
1329 987 1384 1041 in
1402 986 1712 1041 abundantia
1746 999 1875 1038 mea.
1912 980 2021 1038 Sed

435 1105 527 1160 ego
555 1086 683 1150 dixi,
718 1086 878 1141 homo
904 1084 1051 1140 disi:
1080 1082 1258 1139 Omnis
1282 1082 1433 1136 Itonia
1456 1078 1676 1135 mendas:
1702 1075 1871 1149 (Psal.
1894 1090 2019 1139 cxv,

439 1181 528 1252 11)
555 1199 568 1235 :
598 1179 709 1251 Ego
734 1179 862 1233 dixi.
891 1177 1033 1248 Ergo
1054 1217 1069 1242 ,
1124 1174 1236 1247 Ego
1275 1174 1382 1229 dixi
1419 1173 1489 1227 in
1513 1169 1826 1225 abundantia
1866 1184 1980 1222 mea
2002 1181 2023 1222 :

432 1281 580 1328 tanta
619 1282 735 1327 erat
771 1269 1126 1333 abundantia,
1150 1276 1209 1323 ut
1232 1267 1336 1322 huc
1368 1265 1547 1322 dicere
1569 1262 1822 1318 auderem
1850 1278 1864 1315 :
1898 1258 2023 1315 Non

432 1362 665 1423 merebor
684 1363 736 1417 in
752 1372 1012 1417 attentum.
1030 1356 1167 1428 Quid
1191 1356 1421 1413 deinde?
1446 1355 1681 1420 Domine,
1695 1354 1749 1407 in
1768 1352 2024 1407 uoluntate

432 1467 520 1513 tua
547 1455 822 1529 praestitisti
845 1454 1013 1508 decori
1038 1468 1147 1506 meo
1176 1451 1426 1506 virtutem.
1454 1448 1686 1503 Arertisti
1726 1454 1893 1500 autem
1935 1447 2020 1516 fac

430 1552 558 1605 ciem
584 1561 723 1604 tuam
738 1556 780 1602 'a
803 1566 899 1614 me,
925 1559 973 1604 et
993 1548 1159 1619 factus
1183 1548 1296 1601 sum
1319 1544 1642 1600 conturbatus
1662 1541 1833 1616 (Psal.
1860 1556 2018 1608 nix,

433 1645 489 1711 'l,
519 1644 596 1714 8).
625 1641 913 1699 Ostendisti
934 1683 949 1709 ,
993 1640 1195 1711 inquit,
1237 1638 1368 1694 mihi
1406 1637 1527 1709 quia
1558 1635 1686 1691 illud
1722 1650 1828 1706 quo
1851 1633 2022 1688 abun-

434 1738 659 1800 dabam,
685 1737 870 1792 de‘tuo
898 1744 1030 1791 erat.
1062 1732 1352 1789 Ostendisti
1397 1729 1529 1785 mihi
1573 1728 1712 1785 unde
1750 1736 2017 1798 peterem,

433 1832 519 1886 cui
567 1830 853 1885 tribuerem
884 1829 901 1860 ι
932 1814 1072 1898 quod
1104 1828 1452 1896 acceperam,
1493 1822 1579 1879 cui
1621 1823 1819 1892 gratias
1859 1834 2020 1890 agere

434 1923 707 1987 deberem,
731 1920 795 1977 ad
815 1934 972 1992 quem
992 1933 1263 1975 currerem
1290 1918 1495 1980 sitiens,
1514 1914 1655 1971 unde
1675 1914 1941 1983 implerer,
1965 1921 2022 1968 et

379 2044 382 2048 λ
430 2032 539 2088 quo
576 2016 824 2087 impletus
859 2030 1033 2071 essem
1061 2014 1127 2069 ad
1154 2027 1313 2083 quem
1350 2010 1695 2067 custodirem.
1734 2007 2017 2063 Fortitudi-

433 2127 546 2164 nem
569 2111 710 2165 enim
740 2126 903 2163 meam
928 2109 997 2162 ad
1022 2118 1071 2163 te
1098 2107 1378 2162 custodiam
1400 2104 1571 2178 (Psal.
1605 2120 1748 2169 Lvut,
1773 2103 1884 2172 10),
1911 2116 2020 2172 quo

432 2208 486 2256 te
515 2201 763 2271 largitore
784 2200 1006 2270 itnplear
1030 2203 1072 2267 ',
1098 2207 1146 2254 te
1173 2202 1446 2254 servnt‘ore
1474 2212 1579 2252 non
1611 2196 1849 2266 perdam.
1880 2193 2017 2249 For-

432 2292 700 2347 titudinem
740 2309 902 2347 meam
938 2291 1007 2345 ad
1046 2299 1095 2346 te
1133 2289 1431 2345 custodiam.
1466 2290 1578 2344 lloc
1609 2296 1662 2344 ut
1704 2287 2018 2343 ostenderes

431 2383 585 2449 mihi,
615 2383 833 2437 avertisti
856 2383 1039 2452 faciem
1064 2390 1200 2435 tuam
1221 2398 1253 2435 a
1278 2396 1376 2447 me,
1407 2389 1453 2434 et
1483 2383 1648 2453 factus
1674 2394 1785 2433 sum
1809 2388 2015 2433 contur-

431 2456 595 2528 batus.
629 2473 987 2539 Conturbatus,
1022 2472 1140 2544 quia
1168 2473 1427 2535 siccatus;
1453 2471 1701 2537 siccatus,
1725 2472 1843 2540 quia
1871 2469 2020 2524 exal—

432 2573 594 2620 tatus.
626 2565 720 2620 Dic
743 2580 870 2636 ergo
893 2565 1066 2620 siccus
1091 2573 1144 2620 et
1173 2564 1374 2627 aridus,
1408 2571 1464 2618 ut
1495 2577 1676 2617 rursus
1702 2562 1970 2631 implearis
1999 2579 2013 2615 :

431 2657 616 2711 Anima
654 2662 778 2713 ntea'
807 2656 937 2711 velut
979 2666 1112 2711 terra
1150 2657 1258 2711 sine
1297 2673 1430 2727 aqua
1454 2656 1543 2709 tibi
1562 2654 1730 2727 (Psal.
1753 2670 1913 2718 cxut,
1936 2652 2014 2725 6).

429 2751 557 2818 Dic,
599 2753 783 2807 Anima
815 2769 924 2808 mea
959 2751 1089 2807 velut
1126 2760 1258 2805 terra
1293 2752 1402 2805 sine
1445 2766 1575 2820 aqua
1615 2749 1721 2802 tibi.
1754 2748 1831 2802 Tu
1873 2747 2016 2803 enim

430 2844 663 2909 dixeras,
692 2860 798 2899 non
828 2844 1087 2899 Dominus
1115 2842 1360 2908 dixerat,
1391 2840 1510 2895 Non
1545 2840 1773 2895 movebar
1798 2840 1849 2893 in
1873 2848 2019 2893 teter-

430 2952 572 2990 num.
605 2935 685 2991 Tu
715 2935 927 2991 dixeras
956 2948 1284 3005 pratsumcns
1309 2933 1376 2988 de
1404 2941 1488 2999 te;
1516 2931 1609 2988 sed
1650 2947 1755 2986 non
1793 2931 1862 2986 de
1902 2939 2015 2996 tuo,

434 3037 490 3083 et
517 3028 668 3098 quasi
700 3027 921 3097 putabas
950 3026 1016 3081 de
1046 3034 1157 3080 tuo.

504 3118 732 3175 CAPUT
773 3118 835 3173 ν.
861 3148 934 3159 -
955 3118 1008 3174 5.
1050 3117 1326 3172 Ambulans
1354 3117 1407 3171 in
1434 3116 1513 3170 uia
1531 3117 1708 3187 justa,
1752 3115 1798 3169 si
1833 3114 1889 3169 id
1922 3115 2017 3170 sibi

431 3213 654 3277 tribuat,
686 3212 814 3282 perit
835 3212 898 3265 de
923 3211 1003 3265 via
1020 3211 1185 3281 justa.
1217 3208 1356 3277 Quid
1385 3222 1513 3279 ergo
1558 3207 1816 3263 Dominus
1852 3206 2020 3263 dicit?

432 3284 628 3362 Scroite
652 3303 871 3359 Domino
898 3304 951 3358 in
981 3303 1188 3367 timore,
1219 3311 1266 3356 et
1291 3301 1535 3356 ersultate
1558 3300 1604 3355 ei
1630 3317 1745 3355 cum
1781 3309 2015 3355 tremore.

430 3400 524 3457 Sic
543 3407 598 3454 et
614 3399 653 3454 A
663 3396 921 3469 postolus,
942 3394 1070 3451 Cum
1088 3397 1263 3450 timore
1275 3404 1321 3449 et
1332 3403 1544 3449 tremore
1558 3402 1769 3449 vestram
1793 3393 2018 3464 ipsorum

431 3490 648 3545 salutem
675 3487 976 3559 operamini.
1001 3486 1139 3541 Deus
1163 3495 1236 3543 est
1255 3487 1386 3542 enim
1407 3486 1493 3558 qui
1512 3496 1751 3555 operatur
1778 3486 1830 3540 in
1859 3486 2015 3541 vobis.

430 3562 576 3653 Ergo
595 3623 608 3647 ,
636 3581 883 3636 exsultate
908 3596 1022 3634 cum
1046 3588 1274 3633 tremore.
1305 3576 1387 3632 Ne
1413 3577 1614 3648 quando
1638 3577 1889 3633 irascatur
1912 3576 2020 3633 Do-

431 3674 621 3728 minus.
646 3671 818 3727 Video
844 3671 967 3743 quia
1009 3668 1289 3726 clamando
1332 3668 1652 3739 prmveuitis.
1698 3668 1835 3737 Quid
1875 3670 2017 3725 enim

432 3752 674 3821 dicturus
719 3779 837 3819 sum
885 3763 1065 3827 scitis,
1112 3760 1392 3816 clamando
1435 3760 1757 3831 prtcvcnitis.
1804 3760 1870 3815 Et
1916 3760 2017 3817 hoc

429 3858 573 3915 unde
601 3856 810 3912 habetis
830 3897 843 3920 ,
878 3854 977 3909 nisi
1009 3854 1130 3924 quia
1154 3853 1337 3909 docuit
1357 3852 1422 3907 ad
1448 3869 1606 3922 quem
1636 3852 1903 3909 credendo
1927 3867 2020 3909 vc-

431 3947 623 4007 nistis?
648 3946 759 4003 Hoc
788 3960 917 4017 ergo
958 3944 1123 4000 dicit:
1161 3944 1340 4000 audite
1368 3944 1508 4015 quod
1537 3945 1741 4012 nostis;
1774 3960 1879 4001 non
1921 3944 2019 4001 do-

431 4056 565 4108 ceo,
601 4037 698 4095 sed
734 4050 1100 4093 commemoro
1129 4034 1504 4106 przedicando:
1534 4036 1642 4090 imo
1671 4051 1771 4091 nec
1811 4035 1976 4092 doceo
1997 4078 2014 4103 ,

431 4132 556 4203 quia
589 4131 794 4197 nostis;
828 4144 928 4185 nec
952 4143 1316 4185 commemoro
1338 4170 1354 4196 ,
1389 4128 1511 4199 quia
1542 4129 1893 4195 meministis;
1922 4129 2017 4185 sed

431 4223 593 4281 simul
622 4223 863 4279 dicamus
898 4219 1039 4292 quod
1073 4220 1349 4275 nobiscum
1376 4220 1586 4276 tenetis.
1616 4220 1729 4276 lloc
1762 4220 2018 4279 Dominus

431 4315 597 4371 dicit:
625 4312 999 4386 Apprehendite
1021 4311 1342 4382 disciplinam
1359 4353 1375 4378 ,
1402 4320 1449 4365 et
1471 4313 1715 4367 exsultate
1733 4354 1747 4377 ,
1782 4312 1876 4368 scd
1901 4330 2017 4368 cum

434 4414 668 4473 tremore,
691 4412 751 4459 ut
777 4418 993 4475 semper
1025 4403 1256 4467 humiles
1279 4403 1503 4458 teneatis
1538 4403 1677 4474 quod
1714 4405 2014 4477 accepistis,

436 4495 524 4557 Ne
557 4494 1047 4568 quando‘irascatur
1089 4492 1359 4559 Dominus,
1388 4494 1569 4564 utique
1595 4496 1871 4565 superbis,
1915 4496 2016 4553 sibi

431 4585 575 4660 quod
605 4586 806 4642 habent
831 4584 1210 4650 tribuentibus,
1244 4600 1350 4641 non
1371 4585 1445 4640 illi
1474 4599 1503 4639 a
1533 4601 1639 4657 quo
1664 4586 1863 4644 habent
1894 4604 2016 4660 gra-

432 4683 535 4738 tias
560 4679 860 4753 agentibus.
894 4675 979 4733 Ne
1004 4677 1208 4747 quando
1236 4678 1487 4732 irascatur
1514 4678 1785 4747 Dominus,
1821 4691 1869 4735 et
1903 4698 2019 4753 per-

432 4775 556 4831 eatis
583 4774 644 4829 de
674 4773 752 4827 t-ia
766 4772 931 4843 justa.
964 4769 1226 4841 Numquid
1251 4769 1403 4836 dixit,
1431 4770 1509 4827 Ne
1528 4772 1740 4842 quando
1761 4773 2019 4831 irascatur

430 4868 720 4933 Dominus,
745 4875 800 4922 et
827 4881 932 4920 non
957 4865 1184 4921 veniatis
1209 4863 1275 4919 ad
1297 4864 1434 4919 viam
1455 4865 1693 4935 justam?
1720 4865 1981 4937 Numquid
1998 4909 2014 4933 ,

432 4959 510 5019 Ne
535 4958 748 5031 quando
775 4960 1034 5015 irascatur
1063 4956 1350 5025 Dominus,
1382 4965 1437 5013 et
1475 4972 1579 5013 non
1624 4973 1721 5014 vos
1763 4958 2018 5029 perducat

430 5051 499 5108 ad
521 5051 660 5105 viam
679 5050 896 5119 justam,
916 5058 1006 5104 aut
1030 5065 1138 5104 nun
1162 5063 1255 5103 vos
1277 5049 1521 5104 admittat
1538 5048 1603 5104 ad
1625 5049 1761 5105 viam
1783 5049 2019 5121 justam?

428 5141 549 5200 lam
581 5143 631 5198 iu
663 5143 747 5197 illa
777 5142 1079 5209 amliulatis,
1107 5141 1271 5197 nolite
1296 5140 1601 5211 superbire,
1644 5157 1710 5197 ne
1748 5143 1907 5197 etiam
1951 5142 2019 5199 de

431 5232 522 5289 illa
558 5233 813 5306 pereatis.
859 5232 926 5286 Et
965 5233 1208 5304 pereatis,
1240 5231 1438 5303 inquit,
1481 5232 1544 5285 de
1583 5232 1663 5287 via
1698 5235 1864 5304 justa.
1891 5232 2019 5290 Cum

432 5326 676 5380 exarserit
704 5326 755 5378 in
784 5324 919 5379 brevi
954 5324 1033 5378 ira
1069 5326 1180 5394 ejus
1216 5339 1378 5395 super
1408 5340 1521 5379 vos.
1553 5324 1666 5381 Non
1695 5326 1747 5381 in
1779 5328 2015 5400 longum.

438 5416 536 5473 Ubi
563 5415 836 5486 superbis,
864 5416 933 5472 ibi
959 5416 1100 5488 quod
1126 5431 1409 5488 acceperas
1449 5416 1647 5488 perdis.
1673 5418 1767 5474 llis
1805 5420 2019 5478 territus

498 5570 516 5603 ι
539 5574 613 5617 Er.
657 5574 709 5619 et
745 5573 889 5640 tam,
924 5566 1005 5619 cui
1044 5568 1374 5622 retribuerent.
1413 5576 1713 5636 Castigantur
1752 5586 1816 5624 ex
1839 5583 1938 5625 Ain.
1966 5582 2020 5628 et

435 5643 499 5683 ex
527 5636 879 5692 manuscriptis.

497 5694 519 5724 ³
536 5693 610 5764 sic
631 5699 735 5764 uss.
750 5698 803 5764 tu
826 5697 957 5764 Iros},
980 5704 1075 5764 quo
1095 5700 1140 5744 te
1161 5692 1433 5759 largitorem
1455 5694 1696 5761 murteam.
1724 5706 1821 5749 Am.
1844 5704 1897 5751 et
1917 5706 2012 5764 En,

434 5753 563 5820 quod
587 5759 633 5806 te
654 5750 885 5821 largiente
905 5750 1146 5819 impleam.

1581 257 1595 268 Ι
1676 312 1733 371 S.
1773 307 2140 370 AUGUSTINI
2176 308 2478 369 EPISCOPI

3614 314 3719 377 73!

2136 421 2298 480 homo
2343 424 2493 495 quasi
2542 422 2770 492 diceret,
2820 422 2956 494 Quid
3004 438 3133 498 ergo
3179 425 3406 483 iaciam?
3450 429 3716 500 sequitur,

2131 514 2277 570 Beati
2318 531 2488 572 omnes
2527 517 2615 587 qui
2651 517 2915 588 conﬁdunt
2956 519 3010 575 in
3044 501 3113 573 eo
3159 517 3329 590 (Psal.
3382 535 3439 587 tt,
3486 521 3713 594 “45):

2129 623 2233 663 non
2264 608 2420 676 inse,
2448 608 2542 664 sed
2567 608 2619 663 in
2645 626 2724 665 eo.
2771 608 2952 666 Gratia
2993 610 3123 666 salvi
3175 611 3299 667 facti
3343 628 3560 681 sumus,
3608 630 3714 669 non

2127 715 2194 756 es
2226 702 2414 767 nobis,
2450 701 2545 757 sed
2584 702 2681 758 Dei
2717 701 2915 759 donum
2944 713 3027 760 est
3049 702 3263 777 (Ep/tes.
3293 722 3349 772 u,
3374 705 3455 778 8).

2195 790 2424 849 CAPUT
2451 792 2538 849 Vl.
2556 823 2628 844 -.-
2651 794 2704 851 6.
2737 793 2804 850 In
2827 794 3153 868 Pelagianos.
3196 795 3445 854 Remissio
3483 810 3709 871 peccato.

2125 898 2239 936 rum
2258 882 2309 937 in
2339 883 2620 954 Baptismo.
2647 883 2892 958 Languor
2911 896 3024 959 post
3059 886 3396 960 Baptisntum.
3437 889 3601 946 Forte
3627 891 3707 946 di-

2125 974 2258 1027 catis
2282 989 2296 1026 :
2320 974 2457 1042 Quid
2483 976 2582 1032 sibi
2609 977 2721 1032 vult
2735 977 2878 1048 quod
2904 977 3008 1035 hoc
3027 993 3170 1050 sarpe
3190 979 3355 1036 dicit?
3371 979 3565 1037 lterum
3590 982 3712 1049 hoc,

2126 1065 2435 1120 et'tertium
2478 1065 2583 1122 hoc
2619 1084 2632 1121 :
2669 1077 2723 1123 et
2781 1083 2947 1139 prope
2998 1084 3268 1142 nunquam
3312 1071 3565 1142 loquitur,
3612 1072 3714 1127 nisi

2125 1156 2337 1227 quando
2366 1156 2469 1213 hoc
2488 1159 2634 1215 dicit.
2656 1159 2868 1216 Utinam
2897 1176 3005 1217 non
3031 1162 3146 1217 sine
3171 1177 3329 1218 causa
3360 1162 3555 1219 dicam.
3575 1163 3715 1221 Sunt

2125 1247 2267 1303 enim
2298 1247 2544 1307 homines
2571 1250 2765 1322 ingrati
2794 1253 2975 1323 gratia:
2996 1295 3011 1320 ,
3040 1254 3263 1309 multum
3304 1255 3599 1312 tribuentes
3631 1257 3719 1311 in-

2124 1336 2530 1411 opisaucia'que
2556 1349 2781 1397 naturze.
2800 1340 3002 1398 Verum
3031 1352 3132 1410 est,
3162 1358 3380 1415 magnas
3407 1345 3614 1401 arbitrii
3644 1345 3715 1401 li-

2124 1429 2238 1485 beri
2267 1430 2409 1487 vires
2439 1432 2619 1499 homo,
2646 1449 2768 1490 cum
2803 1435 3141 1504 conderetur,
3173 1437 3411 1508 accepit;
3447 1438 3541 1495 sed
3580 1454 3716 1510 pec-
3820 1432 3827 1437 ’

2123 1521 2296 1577 cando
2320 1523 2517 1580 amisit.
2550 1523 2607 1581 In
2636 1536 2862 1583 mortem
2902 1528 3082 1599 lapsus
3110 1537 3226 1596 est,
3258 1530 3500 1587 inﬁrmus
3540 1532 3716 1589 laetus

2124 1622 2227 1679 est,
2256 1629 2286 1669 a
2317 1616 2614 1673 latronibus
2640 1620 2927 1676 semivivus
2951 1621 3003 1675 in
3039 1620 3124 1676 via
3162 1621 3378 1678 relictus
3402 1632 3485 1679 est
3511 1640 3526 1678 :
3548 1624 3602 1679 in
3622 1624 3715 1694 ju-

2124 1713 2363 1760 mentum
2414 1721 2568 1763 suum
2614 1709 2811 1765 levavit
2849 1726 2971 1766 eum
3011 1711 3274 1768 transiens
3310 1712 3713 1782 Samaritanus,

2121 1794 2264 1865 quod
2295 1796 2675 1868 interpretatur
2701 1800 2923 1865 Custos;
2966 1801 3035 1857 ad
3076 1802 3341 1860 stabulum
3378 1804 3555 1861 adhuc
3590 1820 3718 1876 per-

2123 1885 2353 1943 ducitur.
2376 1888 2513 1958 Quid
2542 1891 2854 1947 extollitur?
2875 1892 3069 1951 Adhuc
3093 1903 3328 1949 curatur.
3357 1894 3462 1952 Sed
3491 1896 3711 1963 sul'licit,

2123 1976 2325 2048 inquit,
2355 1980 2485 2035 mihi
2524 1981 2666 2050 quod
2711 1982 2763 2037 in
2805 1982 3077 2054 Baptismo
3118 1986 3299 2056 accepi
3337 1987 3713 2044 remissionem

2121 2069 2358 2125 omnium
2409 2081 2771 2142 peccatorum.
2814 2073 3078 2146 Numquid
3112 2079 3237 2147 quia
3275 2076 3447 2133 deleta
3484 2087 3568 2133 est
3603 2079 3716 2133 ini-

2122 2160 2317 2230 quitas,
2348 2161 2495 2217 [inita
2522 2173 2605 2220 est
2630 2163 2948 2220 inﬁrmitas?
2977 2167 3193 2238 Accepi,
3225 2167 3411 2238 inquit,
3435 2169 3721 2225 remissio-

2121 2266 2245 2307 nem
2271 2254 2512 2309 omnium
2542 2264 2905 2327 peccatorum.
2928 2257 3155 2314 Prorsus
3185 2274 3367 2314 verum
3397 2269 3499 2316 cst.
3528 2261 3715 2317 Deleta

2121 2353 2246 2399 sunt
2262 2354 2453 2402 cuncta
2476 2356 2690 2418 peccata
2714 2348 2767 2404 in
2787 2357 3123 2406 sacramento
3143 2350 3500 2422 Baptismatis,
3517 2363 3713 2408 cuncta

2122 2449 2342 2504 prorsus
2364 2480 2380 2504 ,
2416 2437 2556 2493 dicta
2579 2482 2594 2507 ,
2632 2438 2767 2495 facta
2790 2481 2805 2506 ,
2846 2441 3077 2512 cogitata
3100 2482 3116 2508 ,
3147 2450 3337 2497 cuncta
3365 2442 3535 2498 deleta
3563 2452 3718 2499 sunt.

2122 2526 2226 2583 Sed
2260 2528 2362 2584 hoc
2385 2537 2469 2585 est
2496 2531 2637 2602 quod
2663 2531 2895 2588 infusum
2916 2533 3074 2589 estin
3098 2533 3204 2601 via,
3222 2533 3399 2589 oleum
3424 2542 3479 2590 et
3501 2535 3714 2590 vinum.

2129 2619 2407 2689 lletinetis,
2436 2624 2736 2679 charissimi
2757 2666 2772 2689 ,
2804 2625 3093 2680 semivivus
3120 2625 3208 2680 ille
3234 2626 3288 2681 in
3315 2626 3396 2680 via
3424 2640 3454 2681 a
3485 2626 3717 2682 latroni-

2122 2712 2222 2769 bus
2267 2716 2574 2783 sauciatus,
2621 2716 2891 2787 quomodo
2935 2718 3007 2773 sit
3048 2718 3351 2775 consolatus
3374 2761 3391 2787 ,
3440 2719 3723 2791 accipiens

2121 2805 2300 2861 oleum
2324 2817 2379 2863 et
2405 2807 2584 2863 vinum
2618 2809 2928 2865 vulneribus
2954 2810 3068 2867 suis
3097 2810 3244 2883 (Luc.
3274 2827 3329 2876 ι,
3348 2812 3562 2884 30-35).
3591 2813 3715 2869 Jam

2122 2895 2306 2965 utique
2345 2898 2518 2953 errori
2561 2897 2680 2968 ejus
2719 2899 2980 2955 indultum
3026 2899 3157 2968 fuit,
3183 2909 3239 2956 et
3277 2910 3454 2958 tamen
3491 2912 3723 2959 sanatur

2122 2988 2347 3059 languor
2387 2989 2439 3044 in
2483 2992 2719 3047 stabulo.
2749 2992 3031 3048 Stabulum
3059 2993 3102 3049 si
3130 2994 3437 3064 agnoscitis,
3468 2994 3717 3051 Ecclesia

2120 3089 2223 3136 est.
2265 3081 2543 3138 Stabulum
2592 3082 2791 3152 modo,
2832 3085 2954 3156 quia
2994 3084 3222 3141 vivendo
3260 3087 3546 3142 transimus
3572 3105 3587 3141 :
3612 3087 3718 3143 do-
3736 3105 3780 3167 θ’

2121 3188 2241 3229 mus
2266 3175 2388 3242 erit,
2408 3175 2548 3231 unde
2568 3191 2839 3248 nunquam
2860 3176 3227 3249 migrabimus,
3250 3195 3369 3235 cum
3395 3180 3461 3235 ad
3487 3196 3718 3252 regnum

2122 3266 2382 3323 calorum
2412 3267 2526 3322 sani
2553 3268 2974 3339 pervenerimus.
2998 3269 3217 3326 Interim
3237 3270 3289 3326 in
3314 3271 3522 3328 stabulo
3544 3272 3724 3329 liben-

2125 3366 2208 3413 ter
2233 3374 2514 3426 curemur,
2545 3376 2652 3417 non
2688 3360 2865 3417 adhuc
2909 3361 3145 3432 languidi
3172 3361 3240 3418 de
3267 3362 3495 3420 sanitate
3518 3363 3724 3434 glorie-

2122 3463 2272 3515 mur;
2321 3465 2390 3506 ne
2433 3451 2568 3506 nihil
2616 3452 2762 3508 aliud
2802 3452 3161 3521 superbiendo
3204 3452 3495 3524 faciamus,
3526 3456 3630 3513 nisi
3660 3467 3724 3513 ut

2124 3557 2395 3612 nunquam
2422 3543 2660 3600 curando
2682 3560 2956 3602 sanemur.

2194 3635 2420 3692 CAPUT
2444 3634 2635 3692 Vll.--
2646 3638 2700 3692 7.
2722 3636 2913 3694 Gratia:
2934 3636 3176 3710 beneﬁcia
3194 3650 3409 3712 quatuor
3437 3657 3457 3696 :
3484 3643 3723 3699 remissio

2123 3737 2440 3798 peccatorum
2458 3772 2472 3795 ,
2498 3731 2696 3785 curatio
2717 3730 2975 3802 languoris
2993 3773 3008 3798 ,
3031 3731 3309 3803 redemptio
3335 3733 3397 3787 ab
3426 3736 3565 3789 omni
3599 3752 3720 3790 ror-

2121 3822 2359 3892 raptione
2373 3831 2420 3876 et
2435 3822 3174 3893 concupiscentia.——Benedic,
3195 3825 3366 3880 anima
3382 3843 3511 3892 mea,
3528 3826 3720 3882 Domi-

2122 3929 2263 3967 num.
2283 3914 2375 3969 Dic
2401 3916 2593 3970 anima:
2620 3924 2740 3984 tua),
2761 3916 2846 3972 dic
2872 3935 2886 3971 :
2906 3916 3093 3973 Adhuc
3120 3917 3174 3973 in
3200 3918 3300 3974 hac
3314 3920 3421 3974 vita
3436 3935 3516 3987 es,
3535 3921 3720 3979 adhuc

2121 4018 2335 4059 carnem
2349 4004 2587 4076 fragilem
2603 4016 2800 4077 portas,
2815 4005 2986 4062 adhuc
2998 4023 3193 4077 corpus
3203 4009 3343 4080 quod
3355 4012 3719 4082 corrumpitur

2121 4104 2372 4167 aggravat
2387 4098 2617 4153 animam
2637 4098 2790 4170 (Sap.
2807 4115 2877 4164 lx,
2897 4100 2984 4171 15)
3002 4118 3015 4164 ;
3031 4099 3205 4156 adhuc
3221 4112 3337 4173 post
3353 4102 3718 4173 integritatem

2120 4187 2452 4243 remissionis
2467 4190 2717 4260 accepisti
2737 4190 3027 4245 remedium
3046 4192 3299 4248 orationis
3314 4210 3328 4259 ;
3342 4192 3517 4250 adhuc
3528 4196 3720 4267 utique

2121 4278 2274 4344 dicis,
2295 4280 2468 4338 donec
2483 4295 2739 4339 sanentur
2755 4284 3034 4355 languores
3051 4286 3146 4352 tui,
3167 4285 3371 4341 Dimitte
3385 4287 3526 4341 nobis
3542 4287 3717 4345 debita

2122 4381 2296 4425 nostra
2315 4370 2526 4445 (Matth.
2544 4390 2619 4440 vt,
2637 4374 2750 4446 12).
2769 4376 2862 4430 Dic
2876 4391 3001 4447 ergo
3022 4376 3213 4431 animm
3230 4388 3352 4439 ture,
3368 4377 3584 4433 humilis
3600 4381 3719 4436 val-

2120 4464 2207 4531 lis,
2236 4482 2342 4521 nun
2364 4475 2572 4523 erectus
2601 4468 2753 4524 collis
2773 4485 2788 4535 ;
2807 4468 2892 4524 dic
2918 4469 3110 4525 anima:
3138 4479 3259 4533 tum,
3284 4469 3718 4539 Benedic,anima

2120 4574 2252 4623 mea,
2271 4558 2565 4625 Dominum,
2586 4571 2633 4616 et
2650 4562 2757 4616 noli
2772 4562 2998 4618 oblivisci
3014 4580 3185 4619 omnes
3205 4564 3553 4619 retributiones
3576 4568 3713 4637 ejus.

2065 4693 2068 4696 .
2119 4648 2262 4717 Quas
2291 4650 2708 4708 retributiones?
2734 4652 2861 4718 Dic,
2893 4669 3169 4722 enumera,
3199 4656 3394 4726 gratias
3421 4672 3541 4725 age.
3566 4657 3719 4725 Quas

2119 4742 2530 4799 retributiones?
2546 4743 2647 4809 Qui
2661 4746 2905 4816 propitius
2916 4746 2975 4816 ﬁt
2987 4744 3214 4800 omnibus
3225 4746 3570 4818 iniquitatibus
3586 4753 3715 4806 tuis.

2120 4832 2235 4888 Hoc
2265 4830 2461 4888 factum
2491 4836 2642 4890 estin
2662 4835 3103 4906 Daptismo.Quid
3129 4837 3187 4891 lit
3209 4838 3407 4893 modo?
3432 4838 3536 4904 Qui
3562 4853 3720 4898 sanat

2120 4941 2292 4980 omnes
2331 4926 2598 4997 languores
2637 4936 2769 4982 tuos.
2812 4928 2924 4985 Hoc
2964 4928 3022 4984 ﬁt
3059 4930 3219 4985 modo
3254 4949 3268 4986 :
3306 4946 3559 5001 agnosco.
3603 4932 3717 4991 Sed

2118 5018 2370 5090 quamdiu
2402 5019 2487 5074 hic
2512 5034 2653 5088 sum,
2676 5034 2871 5091 corpus
2897 5021 3040 5091 quod
3078 5025 3437 5094 corrumpitur
3456 5036 3721 5097 aggravat

2120 5111 2372 5166 animam.
2404 5111 2497 5166 Dic
2525 5126 2653 5183 ergo
2700 5121 2755 5168 et
2794 5112 2934 5183 quod
2975 5114 3236 5186 sequitur,
3269 5116 3370 5182 Qui
3407 5117 3614 5171 redimit
3630 5118 3697 5174 de

2121 5204 2441 5275 corruptione
2476 5205 2629 5260 vitam
2671 5213 2831 5260 tuam.
2855 5205 2984 5261 Post
3011 5206 3434 5278 redemptionem
3473 5208 3543 5266 de
3581 5224 3715 5266 coro

2122 5296 2368 5366 ruptione
2394 5296 2520 5366 quid
2545 5298 2748 5352 restat?
2775 5298 2991 5366 Quando
3016 5300 3340 5373 corruptibile
3362 5302 3457 5357 hoc
3485 5304 3719 5358 induerit

2121 5385 2564 5458 incorruptionem,
2592 5398 2638 5443 et
2663 5390 2876 5445 mortale
2903 5389 2997 5445 Itoc
3019 5390 3238 5446 induerit
3258 5392 3716 5459 immortalitatem,

2123 5487 2243 5532 tunc
2275 5478 2358 5541 ﬁet
2402 5492 2565 5534 sermo
2607 5481 2695 5552 qui
2736 5482 2954 5559 scriptus
2980 5491 3087 5549 est,
3114 5483 3363 5554 Absorpta
3382 5490 3457 5537 est
3482 5498 3623 5538 mors
3661 5485 3720 5538 in

2121 5569 2399 5624 victoriam.
2432 5568 2531 5626 Ubi
2549 5580 2643 5636 est,
2674 5588 2844 5639 mors,
2877 5573 3129 5628 contentio
3153 5572 3279 5628 tua?
3310 5572 3381 5628 Ibi
3407 5580 3587 5641 recte,
3613 5570 3720 5630 Ubi

2123 5670 2226 5727 est,
2272 5676 2436 5725 mors,
2477 5660 2688 5716 aculeus
2724 5663 2881 5718 tuns.’
2911 5662 3117 5731 Qumris
3143 5663 3316 5718 locum
3345 5662 3496 5732 ejus,
3525 5672 3581 5718 et
3604 5679 3720 5723 non

2122 5753 2349 5810 invenis.
2383 5752 2520 5823 Quid
2548 5762 2631 5811 est
2658 5753 3134 5851 aculettsmortisi
3165 5753 3302 5824 Quid
3326 5762 3409 5811 cst
3426 5794 3447 5824 ,
3470 5751 3574 5812 Ubi
3599 5765 3718 5827 est,
