4098 6310
309 301 417 360 733

313 435 484 484 mors,
511 416 715 470 aculeus
758 411 916 467 tuus?
954 408 1054 466 Ubi
1095 413 1177 462 cst
1216 402 1528 476 peccatum?
1557 399 1779 466 Quzeris,
1829 406 1884 452 et

311 524 573 580 nusquam
616 514 714 560 est.
747 503 958 557 Aculeus
984 501 1114 555 enim
1144 499 1314 551 mortis
1344 504 1414 551 est
1436 501 1691 564 peccatum
1711 489 1888 563 (lCor.

310 617 402 666 xv,
435 596 646 668 55-56).
677 591 944 665 Apostoli,
976 607 1080 645 non
1111 603 1227 643 mea
1264 585 1424 641 verba
1465 592 1606 638 sunt.
1634 581 1780 636 Tunc
1804 580 1888 634 di-

312 700 467 746 cetur
498 709 510 744 :
544 688 640 743 L’bi
669 695 762 752 est,
788 700 943 750 mors,
971 681 1172 736 aculeus
1194 676 1629 745 tuus?Nusquam
1651 671 1752 727 erit
1775 685 1891 742 pec-

313 795 488 840 catum
515 824 530 848 ,
571 795 672 836 nec
700 776 842 850 quod
872 786 923 831 te
949 774 1154 844 capiat,
1194 786 1293 826 nec
1323 768 1463 840 quod
1491 777 1540 822 te
1580 767 1886 835 impugnet,

312 892 414 932 nec
441 873 582 947 quod
605 870 982 927 conscientiam
1006 865 1201 950 titillet.
1225 863 1373 917 Tunc
1402 875 1506 915 non
1531 858 1736 913 dicetur
1753 871 1765 884 ·
1793 853 1895 907 De-

315 971 416 1024 bita
443 946 616 1022 nostra
659 963 850 1017 dimitte
891 959 1051 1012 nobis.
1093 946 1200 1012 Sed
1246 953 1371 1025 quid
1411 949 1650 1006 dicetur?
1676 946 1895 1000 Domine

311 1062 450 1116 Deus
471 1066 655 1122 noster,
680 1070 853 1126 pacem
882 1052 948 1104 da
970 1049 1111 1106 nobis
1135 1066 1152 1102 :
1174 1046 1342 1102 omnia
1361 1044 1493 1098 enim
1521 1038 1783 1095 reddidisti
1802 1053 1894 1090 no-

312 1155 388 1208 bis
418 1150 567 1224 (lsai.
601 1163 750 1206 XXVI,
778 1144 889 1214 η).

384 1221 610 1297 CAPUT
643 1233 935 1300 Vlll.——-8.
989 1231 1180 1286 Gratia?
1227 1238 1530 1300 postremum
1570 1221 1890 1292 beneﬁcium,

313 1351 500 1389 corona
519 1330 754 1402 justitite.
789 1325 1028 1394 Denique
1058 1330 1175 1392 post
1212 1318 1628 1388 redemptionem
1659 1313 1725 1367 ab
1749 1309 1894 1366 omni

312 1401 686 1491 eorruptione,
733 1415 860 1487 quid
904 1421 1071 1469 restat
1111 1410 1212 1464 nisi
1259 1422 1454 1463 corona
1489 1402 1751 1474 justitizn?
1779 1401 1895 1470 Ipsa

311 1522 458 1572 certe
478 1519 665 1572 restat,
694 1507 790 1564 sed
818 1506 978 1560 etiam
1004 1504 1055 1558 in
1089 1503 1200 1572 ipsa
1245 1499 1328 1554 vel
1373 1497 1474 1552 sub
1522 1496 1633 1564 ipsa
1681 1507 1786 1547 non
1828 1491 1898 1544 sit

312 1616 473 1676 caput
501 1604 766 1675 turgidum
788 1642 802 1666 ,
834 1607 895 1654 ut
921 1597 1142 1667 recipiat
1180 1608 1455 1648 coronam.
1487 1589 1656 1653 Audi,
1684 1583 1896 1640 attende

315 1698 603 1758 Psalmum,
627 1708 784 1763 quam
813 1691 944 1746 nolit
963 1703 1158 1744 corona
1181 1685 1267 1740 illa
1295 1683 1556 1753 turgidum
1575 1676 1895 1748 caput.Cum

313 1789 572 1852 dixisset,
608 1783 706 1850 Qui
734 1781 933 1836 redimit
961 1781 1026 1833 de
1065 1777 1386 1846 corruptione
1417 1774 1566 1827 vitam
1592 1781 1728 1823 tuam
1754 1785 1772 1822 .'
1801 1768 1899 1834 Qui

313 1887 522 1933 coronat
548 1887 614 1941 te,
647 1874 834 1944 inquit.
866 1872 983 1926 .lam
1012 1869 1098 1924 hic
1122 1869 1362 1923 dicturus
1388 1879 1507 1920 eras
1529 1905 1543 1926 ,
1579 1861 1799 1916 Corona!
1829 1869 1894 1924 te,

314 1968 505 2022 merita
536 1980 653 2021 mea
683 1963 932 2026 fatentur,
955 1961 1122 2014 virtus
1163 1973 1278 2012 mea
1326 1956 1448 2010 fecit
1497 1955 1632 2008 hoc:
1661 1951 1897 2006 debitum

315 2059 580 2124 redditur,
613 2072 720 2112 non
747 2055 996 2110 donatur.
1025 2051 1162 2106 Audi
1207 2050 1380 2118 potius
1427 2046 1716 2102 Psalmum.
1765 2043 1894 2096 Nam

314 2162 369 2207 et
395 2153 494 2207 hoc
524 2160 578 2205 tu
604 2149 736 2205 dicis
762 2166 775 2202 :
803 2147 978 2202 Omnis
1009 2146 1157 2198 homo
1185 2142 1402 2196 mendax
1423 2139 1592 2212 (Psal.
1623 2154 1752 2202 cxv,
1785 2136 1896 2202 li).

314 2244 474 2310 Audi,
506 2243 648 2297 Deus
673 2239 797 2310 quid
825 2239 1002 2294 dicat:
1031 2235 1130 2302 Qui
1156 2241 1360 2288 coronat
1400 2241 1450 2286 te
1485 2232 1539 2284 in
1581 2229 1895 2282 miseratione

316 2348 362 2392 et
385 2333 746 2390 misericordia.
772 2332 847 2386 De
873 2325 1234 2385 misericordia
1277 2333 1327 2379 te
1367 2330 1608 2387 coronat,
1639 2320 1705 2374 de
1737 2319 1897 2373 mise-

316 2428 526 2484 ratione
571 2437 620 2480 te
659 2431 900 2480 coronat.
928 2419 1043 2476 Non
1065 2419 1206 2474 enim
1234 2417 1424 2487 dignus
1451 2414 1590 2468 luisti
1620 2428 1774 2482 quem
1807 2427 1898 2464 vo-

323 2526 506 2582 caret,
536 2526 590 2572 et
612 2523 854 2571 vocatum
880 2510 1226 2582 justiticaret,
1255 2507 1597 2578 justiticatum
1643 2504 1901 2574 gloriﬁca-

324 2621 428 2666 rct.
473 2608 717 2678 Reliquia:
757 2623 846 2678 per
881 2603 1167 2659 electionem
1208 2601 1385 2672 gratia:
1407 2599 1560 2654 solm
1587 2602 1734 2668 [arae
1761 2605 1896 2674 sunt.

318 2702 383 2759 Si
408 2711 574 2756 autent
603 2700 786 2772 gratia,
809 2699 925 2768 jam
954 2712 1054 2750 non
1083 2711 1144 2748 ex
1169 2695 1438 2765 operibus:
1467 2691 1689 2759 alioquin
1735 2688 1900 2760 gratia

311 2797 426 2868 jam
453 2809 554 2846 non
577 2800 645 2845 est
670 2789 836 2861 gratia
857 2787 1035 2859 (Rom.
1057 2801 1133 2852 x1,
1165 2785 1242 2854 5).
1272 2782 1408 2836 Nam
1439 2783 1485 2836 ei
1521 2781 1607 2852 qui
1640 2791 1896 2851 operatur,

321 2901 510 2939 merces
535 2900 634 2938 non
664 2879 990 2952 imputabitur
1020 2876 1294 2932 secundum
1333 2875 1575 2946 gratiam,
1607 2873 1696 2928 sed
1721 2888 1899 2926 secun-

317 2977 441 3030 dum
467 2975 683 3029 debitum
716 2970 923 3044 (1ι1.ιγ,
951 2967 1029 3041 4).
1065 2967 1348 3038 Apostolus
1379 2966 1626 3035 loquitur,
1662 2963 1781 3017 Non
1815 2981 1898 3018 se-

317 3069 540 3156 sundmn
562 3067 798 3139 gratiam,
826 3063 913 3118 sed
937 3061 1212 3116 secundum
1237 3059 1475 3114 debitum.
1505 3059 1578 3112 Te
1600 3067 1777 3112 autem
1807 3072 1899 3113 co-

319 3150 476 3217 ronat
500 3160 552 3214 in
584 3157 930 3213 miseratione
953 3164 1006 3209 et
1031 3151 1428 3208 misericordia:
1457 3158 1513 3205 et
1531 3151 1574 3205 si
1597 3159 1683 3204 tua
1710 3150 1894 3204 merita

321 3256 739 3324 praecesserunt,
766 3247 896 3302 dicit
937 3245 1028 3301 tibi
1058 3245 1200 3299 Deus
1220 3285 1235 3310 ,
1265 3244 1478 3298 Discute
1528 3241 1664 3297 bene
1709 3240 1897 3295 merita

321 3351 410 3399 tua
433 3345 474 3409 ί,
505 3351 560 3397 et
587 3340 787 3395 videbis
807 3339 929 3410 quia
955 3337 1091 3392 dona
1119 3345 1242 3391 sunt
1268 3351 1406 3391 mea.

389 3432 612 3490 CAPUT
653 3431 738 3485 IX.
757 3461 829 3470 ——
846 3429 900 3485 9.
938 3426 1148 3482 Iustitia
1175 3425 1285 3491 Dei,
1313 3439 1426 3494 qua:
1441 3424 1640 3478 Judaris
1667 3433 1714 3476 et
1738 3421 1896 3476 Pela-

317 3526 483 3599 gianis
519 3525 688 3596 ignota
716 3530 806 3576 est.
841 3519 1018 3575 Gratia
1051 3520 1106 3572 in
1134 3516 1295 3572 Veteri
1321 3516 1638 3570 Testamento
1674 3514 1894 3580 occulta,

315 3618 370 3670 in
402 3614 547 3669 Novo
576 3614 809 3667 revelata.
835 3611 960 3665 Hme
986 3617 1068 3665 est
1095 3623 1222 3678 ergo
1243 3607 1444 3678 justitia
1472 3607 1588 3660 Dei.
1620 3604 1895 3671 Quomodo

313 3707 527 3770 dicitur,
563 3704 766 3759 Domini
794 3703 932 3756 salus
965 3699 1146 3772 (Psal.
1191 3714 1267 3762 tu,
1309 3697 1396 3766 9),
1430 3713 1532 3749 non
1577 3712 1680 3765 qua
1722 3695 1897 3749 salvus

311 3806 397 3852 est
426 3796 702 3860 Dominus,
730 3791 824 3848 sed
849 3806 1005 3860 quam
1044 3789 1133 3843 dat
1157 3789 1236 3843 eis
1261 3802 1396 3856 quos
1431 3787 1606 3840 salvos
1635 3785 1759 3839 facit
1783 3803 1794 3837 :
1819 3787 1897 3840 sic

313 3899 368 3944 et
399 3889 494 3944 Dei
524 3887 689 3958 gratia
714 3899 808 3953 per
822 3883 1000 3938 Jesum
1023 3880 1290 3936 Christum
1315 3879 1600 3932 Dominum
1631 3886 1893 3944 nostrum,

311 3979 517 4050 iustitia
550 3976 642 4030 Dei
671 3975 883 4039 dicitur,
914 3987 1017 4026 non
1046 3986 1148 4040 qua
1182 3970 1354 4040 justus
1383 3979 1463 4022 est
1493 3968 1766 4034 Dominus,
1802 3967 1897 4022 sed

312 4087 416 4141 qua
440 4068 696 4139 justilicat
722 4079 814 4120 eos
848 4078 980 4132 quos
1009 4078 1073 4116 ex
1106 4060 1280 4130 impiis
1303 4059 1476 4129 justos
1502 4059 1640 4112 facit.
1673 4058 1896 4126 Quidam

313 4176 465 4225 vero,
511 4155 777 4228 quomodo
823 4152 1104 4224 aliquando
1147 4151 1337 4213 Judari,
1387 4159 1440 4204 et
1469 4149 1796 4204 Christianos
1839 4163 1898 4204 se

315 4253 422 4307 dici
461 4250 664 4313 volunt,
698 4255 752 4302 et
776 4245 950 4298 adhuc
978 4245 1278 4314 ignorantes
1308 4241 1398 4294 Dei
1426 4240 1705 4309 justitiam,
1745 4253 1894 4294 suam

315 4346 501 4400 volunt
532 4339 883 4404 constituere,
912 4337 1070 4391 etiam
1101 4333 1424 4404 temporibus
1453 4332 1670 4400 nostris,
1694 4341 1898 4401 tempo-

316 4435 464 4489 ribus
491 4439 688 4502 aperttn
715 4427 918 4499 gratim,
959 4425 1283 4494 temporibus
1312 4439 1454 4478 nunc
1476 4423 1722 4478 revelata:
1751 4423 1897 4492 prius

265 4556 280 4565 ι
317 4529 539 4584 occulta:
576 4524 780 4595 gratim,
822 4519 1149 4590 temporibus
1193 4517 1410 4571 nuncin
1438 4532 1561 4570 area
1604 4517 1896 4570 manifestzn

316 4619 520 4691 gratim,
553 4632 670 4686 qua:
695 4613 978 4684 aliquando
1002 4611 1196 4665 latebat
1237 4611 1287 4663 in
1320 4609 1532 4665 vellere.
1581 4609 1783 4662 Paucos
1812 4607 1896 4661 in-

319 4711 587 4766 tellexisse
629 4707 805 4770 video,
856 4706 1032 4776 plures
1079 4719 1182 4757 non
1230 4703 1572 4768 intellexisse,
1622 4717 1756 4772 quos
1798 4717 1897 4772 ego

317 4816 652 4873 nequaquam
698 4797 921 4854 tacendo
969 4795 1244 4850 fraudabo.
1293 4794 1515 4860 Quidam
1560 4795 1624 4849 de
1666 4796 1898 4866 antiquis

316 4895 469 4949 iustis
483 4893 698 4949 Gedeon
724 4890 911 4963 petivit
930 4905 956 4942 a
981 4888 1207 4942 Domino
1224 4875 1460 4957 ﬁsignum,
1481 4896 1533 4941 et
1559 4887 1687 4942 dixit
1712 4904 1724 4942 :
1747 4887 1894 4955 Peto,

321 4987 553 5052 Domine,
585 4994 641 5038 ut
665 4983 824 5037 vellus
846 4981 939 5036 hoc
967 4980 1105 5051 quod
1134 4981 1184 5032 in
1213 4996 1330 5031 area
1358 4996 1508 5048 pono,
1548 4980 1892 5049 compluatur,

322 5090 364 5134 st
389 5094 509 5131 area
540 5077 672 5130 sicca
695 5077 780 5129 sit.
824 5073 1042 5128 Factum
1069 5081 1148 5125 est
1178 5088 1189 5123 :
1218 5070 1539 5138 complutum
1579 5079 1661 5124 est
1692 5071 1859 5125 vellus
1881 5112 1895 5136 ,

318 5185 441 5224 area
473 5176 581 5223 tota
610 5167 751 5222 sicca
779 5173 909 5221 erat.
944 5163 1218 5234 Expressit
1245 5177 1399 5216 mane
1429 5161 1594 5215 vellus
1622 5163 1671 5215 in
1703 5165 1855 5232 pelve
1881 5181 1895 5228 ;

317 5259 569 5330 quoniam
599 5257 888 5311 humilibus
917 5254 1069 5309 datur
1108 5253 1274 5323 gratia
1303 5269 1315 5303 :
1346 5261 1401 5305 et
1444 5252 1496 5308 in
1543 5254 1694 5321 pelve
1733 5255 1899 5310 nostis

320 5350 446 5421 quid
471 5349 656 5404 fecerit
681 5348 934 5402 Dominus
961 5345 1230 5414 discipulis
1248 5345 1375 5399 suis.
1410 5344 1536 5398 item
1568 5345 1896 5413 petivitalte-

319 5456 440 5496 rum
470 5441 678 5510 signum
710 5456 723 5492 :
762 5436 904 5499 Volo,
952 5435 1137 5504 inquit,
1185 5434 1415 5497 Domine,
1446 5443 1498 5487 ut
1532 5433 1688 5488 vellus
1712 5436 1899 5491 siccum

319 5533 405 5597 sit,
447 5547 566 5584 area
595 5529 868 5600 compluta.
898 5527 962 5582 Et
1007 5527 1105 5580 hoc
1135 5525 1329 5580 factum
1377 5533 1458 5579 est
1506 5523 1782 5595 (Iudicum
1807 5541 1896 5592 tv,

323 5619 534 5689 37-40).
567 5620 768 5698 Repete
796 5627 1004 5689 tempus
1024 5615 1218 5671 veteris
1248 5615 1593 5679 Testamenti,
1623 5615 1788 5685 gratia
1812 5631 1900 5671 oc-

389 5735 406 5765 ‘
430 5732 526 5787 Sict
546 5731 870 5795 manuscripti.
889 5730 1006 5780 miti
1031 5741 1164 5792 vero,
1191 5727 1311 5780 bona
1331 5727 1501 5780 merita
1523 5731 1620 5777 tua.

1687 281 1816 337 SER
1826 280 1918 337 ἴω
1958 279 2215 336 LXXX“.

3471 291 3576 347 754

1996 398 2136 453 culta
2158 409 2240 456 est
2268 400 2319 456 in
2346 402 2506 472 nube,
2541 413 2790 473 tanquam
2821 409 2989 465 imber
3013 409 3067 465 in
3101 411 3316 467 vellere.
3347 411 3578 466 Attende

1995 490 2154 544 modo
2195 501 2400 572 tempus
2441 495 2575 551 Novi
2605 497 2954 576 Testamenti,
2982 501 3187 557 discute
3230 511 3439 572 gentem
3480 501 3576 556 Ju-

1994 581 2255 652 dmorum,
2300 588 2450 656 quasi
2496 589 2669 646 vellus
2712 593 2910 648 siccum
2958 581 3194 651 invenies
3221 613 3236 651 :
3262 595 3406 651 orbis
3448 610 3577 655 vero

1995 680 2137 728 totus
2167 685 2414 747 tanquam
2438 679 2526 734 illa
2552 696 2674 737 area
2705 684 2892 753 plenus
2918 694 3000 740 est
3023 687 3192 756 gratia
3213 701 3319 740 non
3345 687 3573 750 occulta,

1995 763 2087 818 sed
2107 767 2402 823 manifesta.
2433 769 2582 827 Unde
2602 773 2824 829 multum
2847 776 3094 848 plangere
3120 777 3360 847 cogimur
3387 777 3574 833 fratres

1995 864 2226 925 nostros,
2249 859 2337 929 qui
2359 876 2466 916 non
2494 872 2676 919 contra
2700 866 2978 931 occultam,
3008 867 3104 922 sed
3128 878 3311 922 contra
3332 877 3570 937 apertam

1996 948 2219 1029 gratiam
2266 953 2705 1026 manifestamque
2748 958 3093 1014 contendunt.
3146 960 3440 1029 Ignoscitur
3479 959 3576 1014 Ju-

1997 1022 2333 1110 daeis.1)uid,
2361 1045 2684 1102 Christiani?
2711 1065 2874 1119 quare
2907 1050 3101 1105 inimici
3131 1022 3315 1120 gratia:
3340 1049 3576 1105 Christi?

1997 1130 2172 1197 Quare
2208 1133 2275 1188 de
2315 1136 2461 1191 vobis
2485 1141 2912 1207 praesumentes?
2937 1157 3100 1211 quare
3141 1141 3374 1212 ingrati?
3402 1142 3578 1210 Quare

1998 1225 2138 1278 enim
2166 1226 2402 1283 Christus
2432 1231 2613 1285 venit?
2636 1231 2902 1303 Numquid
2946 1243 3132 1288 natura
3175 1235 3260 1289 hic
3287 1249 3392 1289 non
3421 1234 3576 1289 erat?

1997 1313 2194 1371 Natura
2227 1334 2329 1372 non
2358 1330 2490 1388 erat,
2521 1337 2678 1392 quam
2711 1325 2931 1378 multum
2959 1325 3220 1379 laudando
3247 1324 3486 1396 decipitis
3518 1325 3576 1378 ‘?

1998 1408 2259 1479 Numquid
2288 1412 2398 1466 Lex
2443 1413 2528 1469 hic
2557 1430 2662 1469 non
2707 1418 2863 1470 erat?
2890 1416 2995 1471 Sed
3039 1417 3114 1470 ait
3154 1417 3439 1487 Apostolus
3468 1433 3485 1471 :
3514 1415 3580 1470 Si

2001 1517 2088 1570 per
2132 1500 2314 1572 Legem
2346 1504 2566 1571 justitia,
2615 1522 2732 1576 ergo
2777 1505 3005 1561 Christus
3041 1508 3196 1577 gratis
3240 1517 3465 1560 mortuus
3504 1512 3578 1560 est

2003 1590 2191 1664 (Colat.
2228 1610 2283 1661 ιι,
2315 1594 2430 1667 ἓΙ).
2473 1596 2622 1664 Quod
2661 1599 2734 1651 ait
2763 1599 3046 1669 Apostolus
3085 1597 3149 1653 de
3180 1599 3313 1666 lege,
3349 1598 3449 1652 hoc
3479 1612 3577 1651 nos

2003 1683 2116 1738 istis
2139 1685 2361 1740 dicimus
2386 1687 2453 1742 de
2474 1698 2658 1743 natura
2691 1709 2703 1744 :
2735 1690 2788 1745 Si
2814 1705 2908 1759 per
2931 1700 3170 1744 naturam
3201 1689 3416 1756 iustitia,
3448 1703 3576 1757 ergo

1999 1774 2240 1830 Christus
2270 1770 2431 1845 gratis
2456 1789 2695 1834 mortuus
2722 1790 2822 1835 est.

2071 1865 2295 1922 CAPUT
2324 1868 2391 1922 Χ.
2416 1900 2488 1909 -
2512 1870 2598 1924 10.
2631 1870 2853 1925 Concilio
2873 1879 3048 1924 contra
3073 1870 3392 1941 Pelagianos.
3422 1868 3575 1938 Quod

2000 1972 2128 2026 ergo
2155 1957 2350 2012 dictum
2379 1969 2460 2014 est
2483 1961 2550 2014 de
2572 1960 2788 2027 Judzeis,
2821 1962 2923 2017 hoc
2965 1963 3181 2017 omnino
3207 1961 3257 2015 in
3285 1962 3402 2016 istis
3431 1961 3578 2015 vide-

2004 2064 2140 2102 mus.
2188 2050 2369 2103 Zelum
2401 2051 2493 2104 Dei
2525 2050 2737 2106 habent.
2773 2052 3132 2107 Testimonium
3177 2052 3279 2105 illis
3309 2051 3576 2124 perhibeo,

2001 2139 2121 2207 quia
2163 2140 2325 2193 zelum
2368 2140 2465 2195 Dei
2494 2141 2693 2209 habent,
2727 2144 2814 2197 sed
2863 2161 2962 2197 non
2991 2143 3266 2197 secundum
3303 2143 3580 2197 scientiam.

2003 2231 2137 2296 Quid
2167 2241 2269 2295 est,
2315 2250 2413 2286 non
2452 2235 2723 2288 secundum
2753 2236 3054 2289 scientiam?
3104 2234 3404 2305 Ignorantes
3447 2235 3581 2289 enim

2003 2323 2098 2376 Dei
2116 2325 2390 2394 justitiam,
2422 2335 2467 2378 et
2503 2342 2648 2380 suam
2673 2327 2888 2381 volentes
2913 2328 3226 2390 constituere,
3247 2327 3459 2396 justitia:
3486 2325 3583 2379 Dei

2003 2431 2102 2468 non
2129 2425 2242 2468 sunt
2269 2415 2476 2486 subjecti
2504 2416 2678 2486 (Rom.
2711 2433 2768 2481 x,
2789 2417 2846 2480 2,
2872 2417 2948 2486 5).
2974 2417 3186 2471 Fratres
3215 2417 3337 2478 mei.
3366 2431 3582 2485 compa-

2005 2505 2172 2558 timini
2202 2521 2428 2560 mecum.
2460 2506 2557 2561 Ubi
2591 2507 2721 2561 tales
2747 2507 3076 2571 inveneritis,
3103 2507 3373 2561 occultare
3395 2507 3579 2572 nolite,

2005 2613 2108 2652 non
2139 2599 2209 2652 sit
2252 2599 2303 2652 in
2334 2598 2483 2654 vobis
2513 2614 2760 2668 perversa
2805 2597 3168 2654 misericordia
3198 2617 3210 2651 :
3244 2613 3462 2668 pror5us
3491 2598 3581 2653 ubi

2005 2690 2136 2743 tales
2160 2688 2490 2756 inveneritis,
2513 2691 2779 2744 occultare
2807 2690 2990 2745 nolite.
3025 2689 3344 2760 lledarguite
3370 2699 3584 2745 contra-

2003 2778 2261 2843 dicentes,
2304 2790 2358 2834 et
2380 2780 2692 2836 resistentes
2735 2780 2802 2836 ad
2845 2796 2941 2834 nos
2977 2765 3265 2850 perdueite.
3299 2781 3415 2836 Jam
3444 2784 3584 2836 enim

2003 2875 2071 2929 de
2110 2872 2212 2929 liae
2239 2889 2395 2930 causa
2425 2874 2532 2929 duo
2579 2875 2801 2930 concilia
2835 2872 2907 2948 (a)
2937 2875 3098 2929 missa
3127 2883 3252 2928 sunt
3292 2875 3358 2929 ad
3390 2875 3584 2930 Sedem

2003 2966 2364 3036 Apostolicam
2403 2984 2416 3019 :
2458 2966 2582 3021 inde
2616 2967 2774 3021 etiam
2805 2967 3059 3036 rescripta
3105 2978 3382 3021 venerunt.
3413 2967 3584 3023 Causa

2004 3057 2146 3112 ﬁnita
2179 3065 2261 3113 est
2288 3075 2300 3111 :
2331 3058 2530 3112 utinam
2561 3057 2840 3128 aliquando
2884 3059 3094 3112 ﬁniatur
3131 3059 3314 3112 error!
3360 3058 3502 3126 Ergo
3528 3068 3587 3112 ut

2001 3147 2276 3203 advertant
2302 3163 2604 3215 monemus,
2632 3159 2688 3203 ut
2720 3150 3048 3203 instruantur
3075 3149 3350 3214 docemus,
3384 3159 3440 3204 ut
3470 3166 3586 3203 mu-

2004 3246 2179 3294 tentur
2199 3254 2432 3295 oremus.
2456 3239 2715 3294 Conversi
2742 3240 2805 3293 ad
2830 3240 3131 3304 Dominum,
3162 3248 3264 3294 etc.

2466 3349 2695 3406 SERMO
2731 3349 2966 3406 cxxxn
2992 3355 3008 3372 α
3031 3350 3123 3423 (ὑ).

2003 3464 2082 3519 De
2106 3465 2264 3520 verbis
2292 3465 2553 3535 Evangelii
2579 3463 2816 3528 Joannis,
2844 3463 2979 3518 Caro
3012 3481 3128 3518 mea
3159 3480 3282 3519 vere
3309 3479 3429 3519 esca
3455 3475 3533 3519 est
3563 3508 3578 3528 ,

1990 3606 1992 3608 .
2073 3567 2129 3612 et
2173 3559 2387 3627 sanguis
2427 3572 2579 3611 meus
2627 3573 2752 3612 vere
2807 3566 2958 3626 potus
3009 3565 3112 3611 est.
3158 3557 3255 3624 Qui
3301 3559 3586 3622 manducat

2075 3661 2246 3701 meam
2277 3661 2513 3709 carnem,
2545 3654 2639 3699 etc.
2674 3646 2798 3715 Cap.
2831 3661 2901 3711 vn,
2947 3648 2979 3716 ᾖ
3016 3646 3086 3715 Ῡ.
3117 3646 3204 3708 56,
3233 3648 3299 3701 57
3327 3648 3422 3716 (ε).

2073 3738 2297 3794 CAPUT
2337 3737 2616 3793 PRIMUM.
2639 3739 2787 3792 -1.
2828 3737 2907 3790 Ad
2945 3739 3328 3808 regenerationis
3367 3741 3589 3809 gratiam

2001 3829 2278 3883 invitantur
2324 3828 2696 3883 Catecltumeni.
2745 3828 2893 3883 Sicut
2932 3828 3247 3894 audivimus,
3297 3843 3416 3882 eum
3461 3844 3584 3884 san-

2003 3931 2144 3976 etum
2190 3921 2528 3992 Evangelium
2556 3920 2840 3989 legeretur,
2875 3920 3128 3974 Dominus
3154 3920 3310 3974 .lesus
3340 3919 3582 3977 Christus

2003 4013 2312 4069 exhortatus
2345 4022 2426 4067 est
2469 4012 2816 4082 promissione
2859 4012 2980 4066 vita:
3017 4021 3230 4067 :eterna:
3267 4012 3331 4066 ad
3363 4013 3584 4068 mandu-

2004 4103 2228 4158 candum
2253 4119 2466 4158 carnem
2493 4117 2640 4157 suam
2670 4110 2723 4156 et
2751 4102 3034 4157 bibendum
3065 4104 3376 4171 sanguinem
3402 4119 3579 4158 suum.

2003 4196 2102 4264 Qui
2141 4194 2362 4250 audistis
2407 4194 2541 4257 haec,
2574 4192 2806 4248 nondum
2848 4208 3034 4249 omnes
3059 4193 3450 4249 intellexistis'.
3481 4195 3584 4264 Qui

2003 4287 2146 4342 enim
2195 4286 2442 4356 baptizati
2471 4293 2526 4340 et
2554 4283 2737 4339 tideles
2779 4283 2928 4348 estis,
2977 4283 3098 4353 quid
3147 4284 3359 4351 dixerit,
3392 4287 3579 4341 nostis.

2003 4379 2103 4449 Qui
2129 4387 2306 4433 autem
2335 4378 2474 4432 inter
2499 4391 2594 4432 vos
2617 4377 2789 4431 adhuc
2809 4377 3204 4444 Catechumeni,
3227 4379 3320 4444 vel,
3341 4378 3580 4435 Audien-

2007 4478 2085 4524 tes
2114 4478 2387 4533 vocantur,
2412 4475 2696 4538 potuerunt
2715 4483 2832 4523 esse
2850 4483 2968 4522 cum
2995 4470 3262 4538 legeretur
3283 4469 3579 4535 audientes,

2003 4558 2258 4631 numquid
2277 4568 2330 4614 et
2347 4559 2734 4629 intelligentes?
2767 4559 2904 4627 Ergo
2925 4575 3103 4614 sermo
3122 4570 3304 4615 noster
3319 4560 3386 4616 ad
3409 4570 3577 4617 utros-

2003 4666 2107 4721 que
2134 4650 2394 4720 dirigitur.
2419 4649 2519 4716 Qui
2542 4650 2649 4720 jam
2679 4650 2997 4705 manducant
3023 4666 3237 4706 carnem
3271 4652 3500 4719 Domini,
3525 4661 3580 4708 et

2003 4744 2191 4799 bibunt
2217 4745 2525 4814 sanguinem
2571 4743 2704 4812 ejus,
2745 4743 2975 4812 cogitent
2999 4743 3121 4812 quid
3153 4743 3491 4810 manducent,
3528 4755 3582 4799 et

2003 4837 2128 4908 quid
2158 4837 2338 4892 bibant
2365 4854 2379 4894 :
2409 4851 2495 4899 ne,
2527 4835 2662 4890 sicut
2691 4835 2817 4888 dicit
2844 4836 3149 4904 Apostolus,
3178 4835 3440 4903 judicium
3479 4836 3578 4892 sibi

2070 4971 2085 5003 ⁸
2111 4967 2327 5017 Nonnulli
2349 4965 2812 5077 codices,.desggitis.

2070 5033 2088 5063 ³
2110 5040 2288 5077 omnes
2319 5036 2459 5077 lltss.:
2486 5037 2572 5077 om
2597 5041 2658 5076 an
2694 5035 2798 5077 istis

2068 5033 2088 5063 ²
2110 5040 2288 5078 omnes
2319 5036 2459 5078 Mssa
2486 5027 2574 5086 oui
2597 5025 2798 5088 audistis
2827 5026 2949 5088 luce,
2987 5025 3138 5088 aliqui
3164 5040 3273 5087 1am
3293 5035 3375 5076 th
3405 5025 3579 5083 dicitis,

2003 5091 2153 5156 aliqui
2173 5089 2400 5156 nondum.
2426 5087 2514 5156 Qui
2543 5089 2668 5156 enim
2700 5087 2938 5152 baptizati,
2967 5087 3082 5148 ete.,
3107 5090 3194 5136 nisi
3218 5089 3344 5150 quod
3368 5088 3580 5140 nonnulli

2003 5149 2204 5213 habent,
2213 5151 2322 5213 jam
2337 5150 2442 5201 luet:
2464 5149 2638 5213 facitis.

2069 5235 2088 5253 '
2117 5233 2402 5282 mnendatus
2421 5237 2497 5279 est
2518 5231 2576 5280 ad
2600 5239 2704 5281 tres
2725 5231 2806 5279 bu.
2831 5236 3036 5292 quatuor
3058 5229 3118 5278 cl.
3144 5229 3202 5278 ad
3225 5244 3270 5280 a.
3289 5230 3367 5280 cb.
3393 5232 3425 5279 f.
3447 5229 3502 5280 l‘s.
3528 5244 3579 5295 g.

2005 5295 2065 5344 lr.
2089 5310 2155 5344 tn.
2176 5308 2248 5344 nr.
2273 5307 2364 5343 rtn.
2388 5292 2467 5342 vd.

2053 5332 2065 5346 ο
2142 5329 2155 5342 ο
2236 5331 2248 5342 .
2299 5307 2364 5343 ιιι.
2419 5307 2467 5341 α.

2023 5309 2048 5344 Γ
2070 5310 2142 5432 ὦ
2164 5307 2910 5432 εῗνςῖξξιεξιῖςῐιδξηδξίιξςϋςςι,ἐς
2942 5351 3290 5432 λιὲιοξῑεςυιιιηι
3331 5366 3439 5432 (ne
3470 5366 3586 5406 ευιιι

2008 5415 2225 5481 epistolae
2255 5415 2396 5481 inter
2419 5416 2784 5477 Augustinianas
2817 5415 2912 5481 475
2948 5422 2999 5464 et
3046 5415 3151 5463 176.
3204 5415 3442 5481 Rescripta
3465 5429 3584 5481 vero

2008 5430 2225 5481 epistolae
2255 5430 2384 5466 inter
2419 5430 2784 5477 sugusumanas
2822 5430 2912 5463 ua
2948 5430 2999 5464 et
3046 5430 3151 5463 uo.
3205 5430 3442 5465 nescrtaa
3465 5430 3584 5465 vero

2007 5482 2181 5530 iisdem
2213 5477 2431 5533 conciliis
2434 5490 2550 5585 (rer
2586 5478 2912 5547 Innocentium
2945 5482 3196 5526 Romanum
3218 5430 3488 5528 Pontidcom
3513 5478 3586 5526 iu-

2010 5550 2160 5585 pnnte
2183 5553 2307 5585 anno
2323 5539 2412 5585 417
2449 5545 2562 5585 γεω.
2586 5537 2742 5585 locum
2763 5544 2890 5585 mter
2915 5538 3132 5585 eiusdem
3157 5538 3384 5585 enistolas
3403 5537 3586 5585 haben

2010 5550 2160 5591 eunte
2183 5553 2307 5590 anno
2323 5539 2412 5587 417
2434 5537 2562 5597 data,
2586 5537 2742 5586 locum
2763 5538 2890 5587 inter
2915 5538 3132 5600 ejusdem
3157 5538 3384 5603 epistolas
3403 5537 3587 5591 haben

2010 5604 2178 5650 ordine
2202 5602 2286 5650 181
2316 5607 2366 5649 et
2389 5599 2494 5649 182.

2007 5604 2178 5654 ordine
2202 5604 2286 5652 181
2316 5607 2366 5649 et
2389 5604 2494 5649 182.

2165 5665 2309 5766 (Alias,
2333 5661 2397 5710 de
2423 5660 2590 5739 verbis
2611 5661 2789 5738 Domini

2097 5745 2117 5775 ι.
2181 5733 2339 5777 λιιςιιιιι-
2367 5736 2393 5774 a
2420 5722 2625 5776 νισι-θαι]
2651 5729 2786 5772 ιωτ.
2813 5737 2891 5775 xt.

2097 5722 2143 5777 el
2165 5727 2339 5777 nitatur
2367 5736 2393 5774 a
2420 5722 2625 5776 Florenti
2651 5729 2786 5772 tCor.
2813 5737 2892 5775 xv.
