3978 6460
504 300 612 358 735

504 411 828 469 manducent
852 420 908 466 et
930 408 1112 465 bibant
1140 405 1194 477 (l
1215 405 1335 461 Cor.
1364 420 1440 472 xt,
1464 402 1598 475 29).
1627 400 1731 471 Qui
1755 408 1933 457 autem
1960 414 2095 454 non-

502 505 629 559 dum
661 503 1001 568 manducant,
1029 507 1085 554 ct
1111 497 1346 554 nondum
1391 495 1601 560 bibunt,
1649 492 1717 549 ad
1745 493 1878 548 tales
1907 490 2094 561 epulas

506 594 711 651 invitati
751 593 1015 648 festinent.
1061 591 1162 646 Per
1200 589 1330 645 istos
1369 586 1485 643 dies
1513 584 1795 656 magistri‘
1826 589 2051 653 pascunt
2073 620 2091 646 ,

507 686 750 743 Christus
778 685 1014 755 quotidie
1041 683 1229 754 pascit,
1264 695 1446 737 mensa
1476 679 1639 750 ipsius
1664 686 1747 733 est
1771 676 1860 732 illa
1886 675 1940 730 in
1978 688 2093 729 me-

507 776 598 832 dio
625 776 928 831 constituta.
959 772 1093 842 Quid
1113 787 1290 828 causa:
1314 779 1414 837 est,
1446 784 1480 825 ο
1508 768 1816 832 Audientes,
1851 773 1909 819 ut
1938 778 2093 818 men-

506 881 621 921 sam
666 864 912 931 videatis,
964 873 1017 919 et
1043 863 1108 918 ad
1140 863 1324 933 epulas
1353 878 1459 917 non
1505 858 1809 915 accedatis?
1852 857 1918 910 Et
1957 855 2093 909 forte

507 955 669 1012 modo
689 970 809 1011 cum
843 954 1184 1024 Evangelium
1215 954 1498 1023 legeretur,
1528 949 1735 1005 dixistis
1765 948 1820 1003 in
1846 945 2095 1001 cordibus

508 1046 705 1103 vestris
733 1064 747 1101 :
780 1047 1031 1101 Putamus
1053 1044 1176 1115 quid
1207 1052 1289 1099 est
1329 1042 1471 1112 quod
1497 1040 1646 1105 dicit,
1677 1039 1808 1095 Caro
1843 1042 1953 1091 mm
1981 1050 2095 1089 vere

450 1149 453 1155 ‘
506 1157 620 1197 esca
666 1150 760 1205 est,
805 1147 853 1193 et
896 1136 1107 1209 sanguis
1145 1153 1281 1190 meus
1330 1151 1440 1189 uere
1483 1141 1630 1204 potus
1669 1130 1787 1185 est?
1815 1126 2094 1197 Quomodo

466 1268 471 1273 η
507 1230 861 1288 manducatur
888 1244 1012 1284 caro
1044 1226 1277 1293 Domini,
1306 1234 1361 1281 et
1387 1225 1585 1280 bibitur
1610 1221 1825 1292 sanguis
1851 1217 2095 1274 Domini?

508 1322 764 1379 Putamns
792 1320 916 1391 quid
959 1319 1128 1374 dicit?
1158 1318 1287 1385 Quis
1324 1325 1511 1372 contra
1560 1324 1610 1369 te
1637 1313 1848 1379 clausit,
1896 1319 1955 1366 ut
1993 1310 2096 1365 hoc

507 1412 760 1469 nescias?
790 1410 1032 1466 Velatnm
1077 1418 1159 1464 est
1188 1427 1201 1463 :
1234 1407 1329 1464 sed
1372 1407 1416 1462 si
1460 1403 1713 1468 volueris,
1762 1403 1863 1458 erit
1893 1400 2097 1456 revela-

508 1514 644 1560 tum.
666 1503 876 1560 Accede
900 1502 968 1558 ad
992 1502 1399 1574 professionem,
1426 1508 1481 1555 et
1505 1497 1707 1553 solvisti
1722 1493 2093 1566 quaestionem.

509 1595 664 1665 Quod
691 1595 832 1651 enim
863 1594 996 1649 dixit
1038 1592 1296 1649 Dominus
1334 1590 1510 1657 Iesus,
1552 1588 1662 1659 jam
1707 1585 1892 1640 fideles
1930 1598 2095 1640 nove—

507 1695 653 1745 runt.
670 1685 752 1743 Tu
768 1693 944 1741 autem
960 1682 1389 1741 Catecbumenus
1404 1680 1617 1745 diceris,
1632 1677 1828 1733 diceris
1838 1674 2096 1741 Audiens,

512 1786 570 1837 et
599 1776 794 1833 surdus
826 1791 906 1832 es.
937 1776 1108 1831 Aures
1136 1774 1277 1830 enim
1321 1772 1562 1843 corporis
1606 1777 1846 1841 patentes
1892 1766 2057 1822 habes
2078 1805 2095 1831 ,

510 1869 637 1942 quia
664 1869 825 1925 verba
868 1882 988 1940 qua:
1015 1866 1156 1923 dicta
1199 1873 1325 1921 sunt
1367 1862 1519 1919 audis
1552 1880 1565 1917 :
1598 1860 1692 1917 sed
1736 1872 1894 1914 aures
1922 1856 2099 1913 cordis

510 1958 687 2016 adhuc
710 1959 921 2015 clausas
950 1956 1133 2020 habes,
1165 1956 1287 2027 quia
1313 1952 1453 2026 quod
1476 1952 1676 2007 dictum
1701 1956 1785 2006 est
1811 1965 1917 2005 non
1943 1946 2100 2003 intel-

512 2050 658 2123 ligis.
702 2050 945 2121 Disputo,
977 2064 1081 2104 non
1125 2048 1351 2103 dissero.
1383 2046 1519 2101 Ecce
1546 2042 1752 2098 Pascha
1776 2048 1880 2107 est,
1907 2038 1971 2094 da
1997 2052 2100 2093 no-

512 2156 640 2199 men
668 2140 735 2197 ad
766 2141 1119 2210 Baptismum.
1166 2137 1225 2195 Si
1254 2151 1359 2192 non
1388 2144 1441 2192 te
1469 2134 1667 2191 excitat
1695 2132 1974 2198 festivitas,
2001 2128 2103 2184 du-

513 2240 603 2289 cat
643 2232 756 2304 ipsa
800 2230 1082 2288 curiositas
1116 2247 1131 2283 :
1162 2238 1222 2284 ut
1260 2228 1400 2284 scias
1447 2225 1575 2297 quid
1621 2224 1819 2284 dictum
1862 2222 1953 2288 sit,
2002 2219 2100 2287 Qui

517 2324 795 2391 manducat
822 2339 1026 2379 carnem
1055 2338 1237 2386 meum,
1279 2330 1325 2376 et
1363 2319 1481 2374 bibit
1508 2317 1803 2389 sanguinem
1836 2331 2021 2380 meum,
2047 2313 2101 2367 in

516 2431 599 2471 me
622 2423 809 2482 manet,
840 2424 889 2468 et
922 2430 1013 2485 ego
1040 2414 1093 2467 in
1118 2413 1227 2467 illo.
1260 2410 1331 2468 Ut
1357 2409 1498 2466 scias
1524 2422 1734 2464 mecum
1756 2406 1882 2478 quid
1900 2405 2099 2464 dictum

514 2506 608 2575 sit,
639 2505 809 2577 pulsa,
836 2512 893 2560 et
918 2504 1187 2575 aperietur
1212 2502 1328 2559 tibi.
1369 2501 1435 2556 Et
1461 2509 1518 2555 ut
1547 2498 1642 2555 tibi
1669 2498 1809 2562 dico,
1836 2496 2016 2559 Pulsa,
2048 2502 2102 2550 et

515 2596 787 2669 aperietur
816 2595 906 2651 tibi
938 2612 951 2648 :
982 2596 1054 2649 ita
1080 2603 1135 2650 et
1162 2610 1261 2665 ego
1299 2592 1472 2663 pulso,
1512 2589 1659 2662 aperi
1688 2588 1839 2644 mihi.
1871 2586 2105 2642 Auribus

516 2702 833 2761 personans,
855 2686 922 2742 ad
947 2695 1129 2757 pectus
1157 2684 1331 2756 pulso.

588 2777 816 2835 CAPUT
864 2776 928 2833 ll.
968 2777 1121 2832 —2.
1171 2774 1445 2847 Conjugati
1498 2772 1706 2843 ﬁdeles,
1747 2771 1864 2842 jam
1920 2784 2103 2839 corpus

520 2870 708 2927 Christi
732 2871 1113 2934 manducantes,
1135 2869 1198 2922 de
1216 2868 1444 2921 castitate
1470 2864 1718 2920 servanda
1746 2863 2099 2916 admonentur.

520 2960 631 3017 Sal
655 2960 701 3016 si
729 2959 1112 3016 Catecbumeni
1140 2955 1453 3012 exhortandi
1484 2962 1628 3021 sunt,
1671 2952 1863 3007 fratres
1890 2950 2015 3016 mei,
2047 2958 2105 3004 ut

522 3051 592 3107 ad
625 3060 824 3107 tantam
852 3050 1075 3122 gratiam
1105 3047 1525 3120 regenerationis
1547 3044 1801 3100 accedere
1838 3058 1944 3096 non
1986 3057 2105 3097 mo-

522 3152 708 3201 rentur
737 3163 751 3199 :
777 3152 972 3213 quanta
1002 3143 1157 3199 nobis
1198 3157 1324 3197 cura
1353 3156 1472 3195 esse
1501 3138 1657 3193 debet
1686 3137 1737 3191 in
1781 3135 2105 3191 :edilicandis

522 3235 783 3301 fidelibus,
814 3243 870 3290 ut
897 3235 1062 3304 prosit
1099 3234 1175 3288 eis
1205 3232 1347 3302 quod
1374 3230 1664 3294 accedunt;
1698 3243 1803 3283 non
1834 3228 1933 3282 sibi
1972 3225 2106 3281 tales

522 3327 709 3397 epulas
748 3326 800 3380 in
826 3323 1082 3395 judicium
1113 3323 1433 3378 manducent
1471 3331 1525 3376 et
1551 3320 1774 3375 bibant?
1818 3318 1887 3374 Ut
1926 3326 2104 3372 autem

523 3433 635 3475 non
664 3418 718 3473 in
757 3416 1014 3487 judicium
1041 3414 1363 3471 manducent
1388 3422 1442 3468 et
1485 3413 1688 3476 bibant,
1732 3411 1869 3467 bene
1897 3409 2101 3464 vivant.

522 3507 711 3567 Estote
750 3508 1119 3564 exhortatores
1173 3520 1280 3561 non
1322 3502 1679 3567 sermonibus,
1727 3499 1821 3555 sed
1867 3498 2106 3554 moribus

522 3601 717 3657 vestris
750 3607 847 3654 :ut
887 3598 959 3653 illi
1008 3599 1095 3668 qui
1139 3612 1244 3652 non
1286 3606 1411 3650 sunt
1447 3593 1713 3664 baptizati,
1748 3592 1825 3647 sic
1854 3590 2107 3646 festinent

522 3690 675 3763 sequi
700 3705 815 3756 vos,
846 3698 902 3744 ut
925 3704 1029 3744 non
1058 3685 1546 3759 pereantimitando
1574 3700 1689 3739 vos.
1716 3684 1816 3749 Qui
1840 3682 2105 3752 eonjugati

522 3781 673 3852 estis,
722 3782 880 3836 fidem
928 3780 1028 3835 tori
1075 3788 1285 3835 servate
1326 3778 1576 3833 uxoribus
1621 3776 1833 3830 vestris.
1880 3773 2106 3829 Reddite

523 3872 667 3945 quod
694 3873 925 3944 exigitis.
964 3871 1075 3937 Vir,
1105 3886 1134 3925 a
1163 3870 1355 3925 femina
1386 3868 1553 3939 exigis
1580 3866 1897 3931 castitatem,
1928 3866 2105 3936 praebe

522 3964 601 4018 illi
625 3964 948 4034 exemplum,
972 3979 1078 4018 non
1109 3962 1353 4018 verbum.
1375 3960 1452 4016 Tu
1478 3976 1538 4016 es
1562 3969 1739 4031 caput,
1763 3976 1865 4030 qua
1892 3960 1936 4014 is
1960 3958 2100 4013 vide.

528 4055 636 4111 Hac
663 4056 804 4111 enim
835 4055 996 4110 debes
1026 4056 1122 4122 ire,
1154 4070 1255 4125 qua
1299 4053 1371 4107 illi
1403 4068 1506 4107 non
1535 4054 1605 4108 sit
1629 4051 1984 4122 periculosum
2014 4064 2103 4105 se-

526 4146 618 4216 qui
649 4163 662 4199 :
693 4147 800 4200 imo
826 4155 879 4200 tu
907 4146 1019 4215 ipse
1042 4161 1142 4215 qua
1181 4146 1260 4199 vis
1284 4159 1401 4199 eam
1430 4142 1600 4213 sequi,
1645 4142 1770 4197 illuc
1793 4141 1956 4196 debes
1984 4155 2102 4195 am-

524 4234 730 4291 bulare.
776 4235 860 4290 Ab
904 4235 1245 4290 imbecilliore
1290 4249 1423 4289 sexu
1479 4234 1646 4303 exigis
1693 4231 2101 4287 fortitudinem:

526 4328 703 4381 carnis
760 4327 1237 4397 concupiscentiam
1288 4326 1446 4380 ambo
1490 4325 1733 4390 habetis;
1780 4325 1867 4395 qui
1920 4323 2107 4377 fortior

525 4426 625 4481 est,
654 4418 797 4488 prior
817 4418 1012 4472 vincat.
1044 4417 1110 4472 Et
1140 4427 1315 4473 tamen
1338 4416 1477 4487 quod
1507 4416 1791 4472 dolendum
1819 4424 1920 4483 est,
1952 4415 2102 4469 multi

524 4510 623 4564 viri
648 4526 678 4565 a
709 4509 922 4564 feminis
953 4510 1250 4564 vincuntur.
1296 4509 1523 4564 Servant
1547 4508 1756 4564 feminae
1782 4510 2100 4576 castitatem,

524 4616 682 4669 quam
706 4601 802 4656 viri
829 4615 1043 4656 servare
1070 4600 1255 4655 nolunt
1287 4619 1300 4656 :
1331 4610 1385 4655 et
1411 4601 1463 4655 in
1490 4616 1556 4655 eo
1575 4601 1714 4671 quod
1742 4615 1845 4655 non
1864 4609 2100 4666 servant,

524 4707 582 4748 se
629 4693 772 4747 viros
819 4693 984 4748 videri
1026 4694 1243 4759 volunt;
1290 4694 1437 4761 quasi
1483 4703 1762 4765 propterea
1806 4694 1876 4747 sit
1920 4694 2105 4749 fortior

524 4798 676 4849 sexu,
721 4793 777 4838 ut
805 4800 924 4837 eum
976 4783 1181 4839 facilius
1211 4784 1452 4856 subjuget
1477 4786 1740 4839 inimicus.
1786 4784 1950 4839 Luela
1977 4794 2099 4851 est,

523 4875 763 4944 prazlium
792 4884 893 4940 est,
941 4890 1110 4946 pugna
1139 4885 1241 4931 est.
1296 4875 1385 4930 Vir
1425 4873 1609 4929 fortior
1635 4884 1717 4929 est
1760 4875 1975 4941 femina,
2021 4877 2104 4932 vir

521 4974 681 5036 caput
709 4976 789 5020 est
819 4965 1028 5020 femitne
1058 4966 1270 5038 (Ephes.
1303 4982 1355 5032 v,
1397 4966 1512 5035 25).
1543 4964 1759 5021 Femina
1803 4976 2019 5038 pugnat,
2048 4976 2103 5022 et

522 5056 689 5110 vincit
716 5074 729 5110 :
760 5066 814 5110 tu
844 5057 979 5111 hosti
1006 5056 1350 5112 succumbis?
1377 5057 1492 5112 Stat
1519 5072 1732 5127 corpus,
1763 5067 1817 5113 ct
1848 5058 1990 5130 jacet
2014 5075 2104 5114 ca-

523 5150 655 5221 put?
679 5150 779 5219 Qui
805 5161 980 5205 autem
1022 5166 1214 5205 uxores
1240 5149 1470 5204 nondum
1499 5150 1724 5220 habetis,
1754 5160 1808 5206 et
1834 5161 2008 5208 tamen
2034 5153 2101 5208 ad

522 5258 759 5297 mensam
794 5244 1118 5297 Dominicam
1155 5242 1263 5311 jam
1292 5243 1562 5308 acceditis,
1592 5253 1645 5299 et
1666 5260 1880 5300 carnem
1907 5245 2103 5302 Christi

528 5332 879 5395 manducatis,
902 5343 953 5387 et
979 5334 1284 5402 sanguinem
1307 5334 1506 5401 bibitis,
1530 5335 1574 5389 si
1595 5334 1802 5391 ducturi
1824 5336 1952 5391 estis
1979 5353 2104 5393 uxo-

527 5439 639 5487 res,
668 5434 883 5480 servate
900 5440 993 5481 vos
1020 5425 1270 5480 uxoribus
1296 5427 1507 5481 vestris.
1537 5426 1729 5493 Quales
1749 5442 1840 5482 eas
1860 5428 2015 5484 vultis
2035 5429 2105 5484 ad

526 5529 621 5569 vos
666 5515 867 5584 venire,
915 5518 1045 5573 tales
1074 5532 1169 5571 vos
1197 5515 1397 5573 debent
1438 5525 1492 5572 et
1533 5517 1659 5587 ipsae
1689 5518 1943 5574 invenire.
1976 5519 2105 5587 Quis

521 5651 720 5764 agmen
758 5659 866 5703 nov.
909 5657 967 5703 λι
1009 5652 1058 5702 in
1098 5652 1294 5705 ceteris
1334 5652 1472 5703 libris
1514 5650 1660 5705 editis
1702 5657 1755 5706 et
1790 5658 1918 5717 Uss.
1950 5652 2105 5721 ηιαςὶ-

1733 290 1793 347 S.
1832 280 2197 346 AUGUSTINI
2234 280 2540 344 EPlSCOPl

3695 287 3796 345 πα

2198 396 2409 469 juvenis
2437 406 2541 465 est,
2570 396 2661 469 qui
2688 409 2797 454 non
2824 403 3025 453 castam
3054 394 3183 452 velit
3205 394 3402 456 ducere
3429 401 3695 455 uxorem?
3724 402 3789 458 Et

2204 489 2249 544 si
2274 498 2594 558 accepturus
2619 496 2702 543 est
2719 488 2998 559 virginem,
3021 487 3141 558 quis
3170 501 3275 542 non
3297 486 3551 543 intactam
3576 488 3787 547 deside-

2203 580 2322 635 ret?
2356 579 2612 635 lntactam
2649 580 2865 650 qua2ris,
2894 579 3123 634 intactus
3149 587 3285 635 esto.
3334 578 3527 635 Puram
3552 584 3750 653 quaeris
3773 626 3789 652 ,

2202 670 2311 725 noli
2337 684 2456 725 esse
2499 670 2758 740 impurus.
2810 669 2927 725 Non
2960 671 3103 726 enim
3149 671 3237 726 illa
3282 680 3478 742 potest,
3506 682 3560 728 et
3586 682 3642 729 tu
3689 690 3792 730 non

2200 770 2371 830 potes.
2404 760 2461 815 Si
2488 759 2600 815 fieri
2627 776 2731 815 non
2770 769 2969 830 posset,
3014 777 3113 817 nec
3140 762 3227 816 illa
3257 772 3461 833 posset.
3506 763 3638 832 Quia
3668 780 3795 821 vero

2201 853 2291 908 illa
2327 861 2524 923 potest,
2564 852 2753 908 doceat
2790 862 2841 910 te
2874 854 2998 925 quia
3027 854 3140 909 ﬁeri
3184 864 3377 924 potest.
3428 856 3495 910 Et
3538 856 3705 923 illam,
3741 868 3795 912 ut

2200 944 2388 1014 possit,
2422 944 2562 999 Deus
2600 944 2755 1014 regit.
2782 942 2888 999 Sed
2914 952 2970 998 tu
3008 944 3291 1014 gloriosior
3331 946 3459 1013 eris,
3501 946 3544 1000 si
3574 946 3793 1003 feceris.

2200 1033 2376 1101 Quare
2419 1034 2741 1105 gloriosior?
2782 1034 2928 1089 lllam
2971 1035 3164 1105 premit
3204 1045 3479 1106 parentum
3510 1037 3753 1093 custodia
3779 1078 3794 1101 ,

2200 1126 2433 1181 refrenat
2457 1125 2762 1181 infirmioris
2786 1141 2946 1182 sexus
2975 1128 3089 1195 ipsa
3118 1128 3438 1184 verecundia
3468 1146 3481 1183 :
3513 1140 3790 1199 postremo

2200 1217 2343 1288 leges
2372 1219 2541 1284 timet,
2588 1235 2720 1291 quas
2747 1228 2803 1275 tu
2832 1235 2937 1276 non
2978 1221 3156 1277 times.
3188 1220 3313 1278 ldeo
3352 1237 3481 1293 ergo
3506 1223 3793 1293 gloriosior

2199 1311 2328 1379 eris,
2356 1312 2403 1367 si
2427 1311 2653 1368 feceris:
2677 1313 2797 1383 quia
2824 1323 2878 1368 tu
2908 1314 2953 1369 si
2977 1312 3194 1381 feceris,
3218 1313 3382 1370 Deum
3411 1315 3587 1371 times.
3616 1315 3793 1371 Habet

2200 1403 2291 1459 illa
2314 1404 2478 1460 multa
2506 1421 2627 1476 qua:
2659 1406 2843 1463 timeat
2870 1414 3061 1477 praeter
3092 1407 3262 1462 Deum
3292 1424 3305 1462 :
3335 1415 3392 1462 tu
3418 1409 3592 1463 solum
3620 1409 3794 1465 Deum

2201 1494 2379 1553 times.
2420 1497 2523 1553 Sed
2563 1508 2618 1553 tu
2646 1514 2803 1569 quem
2835 1499 3012 1564 times,
3044 1500 3216 1570 major
3257 1510 3339 1555 est
3367 1501 3635 1556 omnibus.
3668 1499 3791 1571 Ipse

2201 1586 2469 1643 timendus
2493 1598 2577 1645 est
2614 1589 2666 1643 in
2702 1589 2933 1659 publico,
2976 1590 3089 1659 ipse
3128 1589 3184 1643 in
3210 1598 3437 1645 secreto.
3486 1589 3746 1646 Procedis
3770 1629 3791 1657 ,

2201 1677 2434 1745 videris;
2465 1679 2651 1743 intras,
2695 1679 2893 1736 videris
2916 1697 2932 1736 :
2954 1680 3169 1735 lucerna
3196 1679 3367 1747 ardet,
3398 1680 3542 1735 videt
3580 1690 3671 1740 te:
3708 1682 3795 1737 lu-

2202 1784 2361 1826 cerna
2403 1772 2660 1827 exstincta
2707 1780 2809 1840 est,
2842 1771 2984 1827 videt
3027 1780 3121 1828 te:
3155 1771 3211 1826 in
3248 1771 3545 1829 cubiculum
3576 1772 3745 1829 intras
3775 1812 3796 1841 ,

2200 1861 2345 1917 videt
2372 1869 2459 1929 te;
2486 1862 2539 1917 in
2566 1861 2729 1918 corde
2754 1862 3004 1927 versaris,
3032 1861 3175 1917 videt
3218 1870 3292 1918 te.
3324 1862 3499 1933 Ipsum
3545 1864 3692 1928 time,
3727 1863 3799 1918 il-

2203 1951 2312 2008 lum
2339 1952 2426 2008 cui
2450 1968 2576 2008 cura
2618 1962 2700 2009 est
2728 1963 2785 2008 ut
2806 1953 2999 2009 lvideat
3025 1961 3114 2018 te;
3146 1961 3202 2009 et
3226 1954 3306 2009 vel
3335 1952 3572 2009 timendo
3608 1962 3793 2009 castus

2202 2052 2338 2099 esto.
2366 2044 2474 2099 Aut
2514 2045 2557 2098 si
2589 2058 2809 2115 peccare
2833 2043 2933 2112 vis,
2963 2059 3142 2116 quaere
3176 2043 3264 2100 ubi
3297 2053 3347 2100 te
3375 2060 3483 2099 non
3508 2043 3709 2111 videat,
3738 2052 3796 2099 et

2202 2136 2286 2192 fac
2308 2136 2449 2208 quod
2476 2136 2577 2191 vis.

2273 2227 2497 2285 CAPUT
2536 2226 2621 2284 Ill.
2647 2256 2721 2269 —-
2764 2228 2816 2285 '5.
2856 2227 3185 2285 Continentia:
3225 2239 3341 2283 uoto
3387 2227 3629 2283 obstricti.
3686 2227 3798 2296 Qui

2202 2333 2332 2375 vero
2351 2318 2458 2389 jam
2486 2318 2723 2386 vovistis,
2752 2334 2945 2390 corpus
2971 2319 3169 2374 arctius
3193 2318 3471 2388 castigate,
3504 2328 3559 2373 et
3585 2332 3795 2374 coneu~

2204 2409 2475 2480 piscentia:
2498 2408 2679 2466 frenos
2704 2425 2803 2465 nec
2835 2409 2902 2465 ad
2948 2410 3060 2482 ipsa
3086 2425 3205 2481 qua:
3235 2410 3490 2481 permissa
3520 2420 3665 2474 sunt,
3700 2422 3799 2481 pa-

2206 2503 2410 2559 tiamini
2458 2504 2737 2570 relaxare;
2767 2513 2827 2559 ut
2864 2518 2972 2559 non
3017 2503 3194 2559 solum
3222 2518 3253 2557 a
3280 2503 3563 2579 concubitu
3606 2502 3799 2559 illicito

2205 2596 2500 2664 divertatis,
2527 2597 2621 2653 sed
2665 2596 2826 2652 etiam
2871 2596 3075 2652 licitum
3110 2595 3462 2651 contemnatis
3489 2604 3797 2665 aspectum.

2204 2688 2525 2745 Mementote
2550 2689 2602 2743 in
2630 2704 2964 2759 quocumque
2986 2703 3115 2743 sexu
3143 2688 3279 2754 sitis,
3309 2687 3422 2742 sive
3448 2702 3649 2753 mares,
3682 2688 3800 2742 sive

2205 2780 2440 2847 feminze,
2474 2782 2796 2852 Angelorum
2839 2781 3001 2835 vitam
3030 2780 3226 2837 ducere
3252 2796 3348 2836 vos
3376 2783 3428 2834 in
3473 2788 3636 2834 terra.
3680 2781 3799 2833 An-

2205 2873 2307 2944 geli
2355 2873 2499 2928 enim
2545 2889 2650 2928 non
2688 2873 2914 2938 nubunt,
2962 2888 3137 2943 neque
3182 2886 3372 2926 uxores
3410 2870 3629 2925 ducunt.
3686 2869 3801 2924 Hoc

2206 2963 2427 3031 erimus,
2450 2978 2569 3017 cum
2592 2963 3037 3018 resurrexerimus
3061 2961 3265 3032 (Matth.
3285 2977 3414 3027 xxn,
3437 2960 3547 3032 50).
3578 2960 3802 3026 Quanto

2207 3068 2304 3108 vos
2348 3053 2614 3118 meliores,
2648 3054 2736 3123 qui
2776 3053 2916 3123 quod
2943 3061 3101 3108 erunt
3129 3051 3373 3106 homines
3402 3059 3522 3120 post
3550 3065 3803 3105 resurre-

2208 3146 2460 3212 ctionem,
2484 3144 2584 3200 hoc
2607 3160 2700 3201 vos
2725 3142 2953 3214 incipitis
2978 3159 3097 3199 esse
3119 3152 3241 3197 ante
3267 3142 3535 3198 mortem?
3568 3141 3803 3196 Servat

2207 3239 2400 3311 gradus
2425 3247 2628 3295 vestros
2658 3255 2672 3293 :
2703 3248 2878 3293 servat
2905 3238 3047 3294 enim
3077 3237 3226 3292 vobis
3266 3237 3404 3291 Deus
3431 3236 3667 3291 honores
3698 3252 3800 3292 ve-

2208 3338 2366 3385 stros.
2394 3328 2711 3399 Comparata
2740 3338 2822 3384 est
2846 3328 3160 3383 resurrectio
3188 3336 3517 3383 mortuorum
3546 3326 3723 3383 stellis
3746 3328 3802 3382 in

2208 3420 2346 3476 caelo
2371 3418 2691 3476 constitutis.
2725 3419 2885 3474 Stella
2906 3420 3037 3473 enim
3062 3419 3123 3473 ab
3150 3416 3296 3472 stella
3324 3416 3491 3485 (li/fert
3521 3418 3572 3471 in
3600 3419 3801 3489 gloria,

2209 3522 2267 3570 ut
2284 3512 2570 3584 Apostolus
2601 3513 2761 3578 dicit;
2792 3511 2864 3567 sic
2888 3520 2934 3565 ct
2952 3510 3246 3566 resurrectio
3272 3520 3581 3564 mortuorum
3605 3509 3648 3581 (l
3673 3507 3802 3564 Cor.

2208 3624 2301 3673 xv,
2328 3608 2415 3670 Μ,
2444 3605 2556 3676 l2).
2605 3605 2774 3660 Aliter
2821 3604 2961 3658 enim
2990 3603 3061 3657 ibi
3087 3602 3286 3658 lucebit
3310 3601 3602 3671 virginitas,
3638 3600 3806 3656 aliter

2208 3698 2280 3754 ibi
2308 3695 2507 3754 lucebit
2530 3697 2745 3751 castitas
2766 3695 3076 3764 eonjngalis,
3098 3694 3255 3749 aliter
3285 3694 3353 3748 ibi
3384 3693 3579 3749 lucebit
3602 3702 3804 3749 sancta

2207 3790 2455 3845 viduitas.
2512 3789 2725 3844 Diverso
2770 3786 3018 3842 lucebunt
3060 3803 3073 3839 :
3115 3784 3210 3840 sed
3254 3800 3439 3839 onmes
3486 3783 3557 3838 ibi
3608 3792 3804 3839 erunt.

2208 3879 2470 3951 Splendor
2492 3877 2692 3948 dispar,
2723 3878 2913 3934 caelum
2946 3890 3250 3931 commune.

2278 3970 2502 4027 CAPUT
2541 3968 2627 4025 IV.
2669 3999 2742 4009 -—
2784 3969 2837 4023 4.
2877 3966 3074 4022 Gradus
3108 3967 3285 4037 cuique
3320 3982 3441 4019 suus
3490 3966 3806 4020 servandus.

2208 4061 2510 4132 Cogitantes
2536 4076 2662 4129 ergo
2690 4058 2886 4129 gradus
2912 4068 3139 4125 vestros,
3169 4064 3442 4112 servantes
3472 4066 3526 4111 et
3574 4056 3799 4125 profeso

2206 4154 2386 4208 siones
2408 4160 2632 4216 vestras,
2665 4150 2900 4206 accedite
2934 4149 3001 4203 ad
3037 4164 3250 4204 carnem
3280 4141 3808 4213 Domini,'aeccditc

2205 4244 2273 4299 ad
2324 4242 2635 4313 sanguinem
2685 4238 2913 4295 Domini.
2971 4238 3071 4308 Qui
3114 4238 3291 4294 seseit
3326 4238 3478 4292 aliter
3506 4251 3651 4301 esse,
3687 4252 3807 4293 non

2206 4333 2444 4389 accedat.
2474 4330 2894 4402 Compungimini
2924 4330 3091 4400 magis
3118 4344 3364 4384 sermone
3385 4343 3523 4381 meo.
3548 4328 3812 4399 Congra-

2208 4426 2442 4481 tutantur
2464 4423 2607 4480 enim
2633 4422 2722 4494 qui
2750 4422 2925 4476 sciunt
2960 4434 3173 4475 scrvare
3198 4418 3533 4488 conjugibus,
3583 4419 3740 4488 quod
3775 4436 3807 4473 a

2208 4514 2523 4586 conjugibns
2565 4513 2813 4583 exigunt;
2869 4511 2959 4582 qui
3002 4510 3175 4565 sciunt
3212 4524 3425 4565 servare
3453 4511 3596 4563 omni
3628 4510 3812 4565 modo

2207 4608 2608 4673 continentiam,
2629 4605 2672 4661 si
2700 4604 2837 4659 hanc
2866 4604 2975 4658 Deo
3002 4610 3256 4656 voverunt
3276 4618 3287 4653 :
3307 4600 3394 4671 qui
3419 4616 3546 4655 vero
3568 4602 3814 4656 audiunt

2206 4715 2294 4754 me
2336 4698 2631 4763 dicentem,
2682 4696 3013 4764 Quicumque
3068 4708 3173 4747 non
3216 4691 3436 4746 servatis
3465 4691 3811 4759 castitatem,

2208 4791 2369 4845 nolite
2392 4788 2645 4843 accedere
2669 4786 2734 4840 ad
2763 4787 2905 4839 illum
2929 4799 3140 4855 panem,
3166 4782 3561 4839 contristantur.
3597 4780 3672 4836 Et
3700 4799 3816 4853 εει»

2208 4881 2400 4935 nollem
2424 4878 2524 4932 hoc
2545 4877 2721 4931 dicere
2749 4894 2762 4929 :
2792 4875 2885 4931 sed
2904 4874 3028 4944 quid
3053 4873 3229 4929 facio?
3250 4871 3470 4927 Timebo
3491 4870 3815 4937 hominem,

2207 4979 2266 5026 nt
2293 4978 2495 5024 taceam
2538 4964 2853 5021 veritatem?
2901 4964 3042 5034 Ergo
3081 4964 3124 5017 si
3162 4962 3234 5017 illi
3266 4962 3405 5017 servi
3450 4976 3553 5025 non
3599 4963 3821 5018 timent

2208 5061 2511 5125 Dominum,
2547 5058 2705 5113 etiam
2753 5072 2851 5126 ego
2879 5070 2984 5109 non
3022 5053 3272 5108 timeam?
3309 5052 3459 5123 quasi
3489 5067 3593 5105 non
3623 5054 3821 5108 sciam

2208 5154 2406 5208 dictum
2454 5165 2591 5215 esse,
2625 5148 2778 5204 Serve
2806 5162 3016 5217 nequam
3062 5154 3107 5197 et
3152 5145 3310 5214 piger,
3344 5153 3395 5196 tu
3433 5142 3601 5203 dares,
3631 5153 3687 5197 et
3716 5163 3824 5217 ego

2210 5246 2454 5314 exigerem
2494 5238 2707 5311 (Matth.
2740 5254 2868 5303 xxv,
2907 5236 2999 5301 26,
3038 5234 3152 5306 27).
3194 5233 3332 5287 Ecce
3379 5232 3521 5296 dedi,
3565 5234 3826 5291 Domine

2213 5336 2351 5390 Deus
2377 5344 2555 5394 meus;
2586 5345 2711 5385 ecce
2738 5328 2789 5382 in
2820 5336 3109 5397 conspectu
3137 5334 3226 5379 tuo
3247 5323 3647 5394 etAngelorum
3689 5336 3832 5378 tuu-

2211 5443 2328 5483 rum
2357 5434 2410 5480 et
2440 5426 2490 5478 in
2520 5430 2811 5491 conspectu
2842 5420 3005 5490 ipsius
3045 5416 3212 5489 plebis
3244 5425 3346 5470 tute
3386 5414 3597 5485 erogavi
3627 5431 3826 5483 pecu-

2213 5518 2353 5574 niam
2384 5526 2528 5571 tuam
2557 5532 2570 5567 :
2605 5515 2764 5569 timeo
2813 5512 2956 5567 enim
2997 5511 3251 5582 judicium
3301 5518 3472 5563 tuum.
3509 5508 3621 5578 Ego
3646 5510 3827 5572 dedi.

2211 5620 2267 5666 tu
2297 5609 2468 5679 exige.
2486 5606 2599 5661 Etsi
2626 5620 2729 5660 non
2748 5604 2943 5673 dicam,
2967 5605 3196 5656 facturus
3224 5616 3301 5655 es.
3326 5601 3468 5670 Ergo
3488 5599 3588 5653 huc
3612 5605 3832 5669 potius

2212 5701 2335 5756 dico
2364 5718 2377 5757 :
2407 5700 2516 5770 Ego
2552 5696 2696 5763 dedi,
2740 5706 2795 5752 tu
2843 5701 3113 5760 converte,
3142 5700 3197 5747 tu
3228 5707 3404 5762 parce.
3437 5690 3541 5746 Fac
3567 5691 3830 5761 pudicos
