4098 6310
327 279 432 338 757

323 399 416 471 qui
444 396 660 454 fuerunt
679 389 951 466 impudici,
991 395 1049 444 ut
1076 385 1231 445 simul
1249 384 1302 440 in
1328 392 1418 440 tuo
1446 388 1756 451 conspectu,
1781 388 1905 477 cum

318 491 582 564 judicium
604 485 831 552 venerit,
859 482 1179 557 gaudeamus
1198 522 1213 547 ,
1240 488 1293 535 et
1320 477 1409 549 qui
1455 472 1690 546 erogavit
1732 476 1786 524 et
1808 472 1908 571 .cui

323 591 601 655 erogatum
630 589 735 636 est.
774 577 953 633 Placet
997 574 1141 629 hoc?
1167 572 1396 627 Placeat.
1426 567 1756 635 Quicumque
1808 567 1909 655 im-

325 652 504 748 pudici
555 672 707 739 estis,
755 667 1005 740 corrigite
1033 681 1148 731 vos,
1206 662 1332 718 dum
1374 660 1570 715 vivitis.
1625 657 1737 727 Ego
1765 652 1908 748 enim

324 743 547 822 verbum
567 763 661 819 Dei
690 760 835 833 loqui
862 773 1098 832 possum,
1118 753 1413 826 impudicos
1433 759 1609 805 autem
1639 748 1690 801 iu
1722 743 1907 815 nequi-

326 858 397 913 tia
428 859 850 926 perseverantes,
875 849 941 905 de
965 847 1168 921 judicio
1206 854 1259 902 et
1287 844 1628 900 damnatione
1646 840 1739 895 Dei
1770 837 1905 892 libe-

323 964 453 1005 rare
475 962 581 1003 non
608 959 847 1017 possum.

757 1076 990 1135 SERMO
1026 1071 1289 1131 CXXXIII
1329 1076 1347 1096 '
1385 1070 1485 1141 (a).

326 1174 405 1229 De
426 1174 585 1228 verbis
617 1170 877 1241 Evangelii
902 1167 1142 1231 Joannis,
1177 1164 1263 1219 ubi
1288 1163 1440 1218 Jesus
1469 1177 1570 1214 non
1596 1175 1648 1214 se
1676 1172 1909 1212 ascensu-

397 1254 515 1320 rum
539 1264 606 1317 ad
640 1263 773 1316 diem
794 1262 977 1330 festum
999 1259 1215 1323 dixerat,
1238 1264 1286 1309 et
1328 1264 1492 1308 tamen
1521 1250 1762 1314 ascendit,
1791 1264 1907 1316 cap.

400 1371 501 1419 vn,
535 1356 570 1423 ᾗ
612 1353 751 1407 2-10
774 1352 868 1423 (b).

400 1471 457 1525 1.
496 1464 815 1538 Evangelicte
857 1462 1083 1519 lectionis
1128 1460 1390 1531 expositio.
1441 1455 1777 1527 Propositum
1831 1459 1913 1508 est

330 1559 523 1623 nobis,
572 1558 625 1612 in
673 1554 939 1625 adjutorio
988 1551 1227 1618 Domini,
1275 1550 1342 1605 de
1397 1550 1499 1604 hoc
1542 1546 1912 1603 recentissimo

330 1648 600 1721 Evangelii
643 1647 874 1717 capitulo
924 1645 1215 1714 disputare,
1274 1656 1375 1697 nec
1426 1648 1509 1696 est
1553 1653 1712 1710 parva
1762 1652 1913 1707 qua:-

330 1743 467 1805 stio,
513 1755 578 1795 ne
626 1738 954 1809 periclitetur
995 1737 1225 1803 veritas,
1270 1742 1323 1789 et
1372 1734 1572 1787 falsitas
1636 1731 1910 1801 glorietur.

329 1833 439 1890 Sed
467 1847 642 1903 neque
668 1832 863 1886 veritas
892 1829 1066 1901 perire
1093 1837 1288 1898 potest,
1317 1841 1488 1897 neque
1515 1824 1716 1879 falsitas
1757 1837 1916 1893 supe-

331 1940 472 1979 rare.
523 1923 659 1992 Quid
698 1930 873 1976 autem
921 1919 1232 1991 qurestionis
1259 1917 1449 1972 habeat
1479 1917 1576 1971 ista
1608 1915 1784 1981 lectio,
1819 1927 1913 1984 pa-

334 2031 553 2086 rumper
582 2015 836 2085 accipite;
867 2020 923 2067 et
944 2012 1065 2067 facti
1096 2011 1280 2065 intenti
1311 2025 1407 2080 per
1427 2009 1750 2079 propositam
1772 2021 1917 2077 qua!-

334 2109 585 2173 stionem,
636 2115 786 2161 orate
832 2113 888 2159 ut
934 2102 1257 2158 sufficiamus
1298 2101 1363 2155 ad
1400 2101 1738 2154 solutionem.
1795 2098 1917 2152 Dies

335 2202 501 2255 festus
530 2199 961 2255 eratludreorum
989 2196 1300 2267 scenopegia
1328 2213 1340 2249 :
1367 2195 1418 2247 hi
1449 2194 1563 2249 dies
1583 2201 1727 2257 sunt,
1751 2205 1918 2261 quan-

336 2304 449 2350 tum
477 2294 705 2358 videtur,
742 2307 874 2362 quos
903 2290 1164 2358 hodieque
1204 2288 1505 2351 observant,
1536 2284 1746 2356 quando
1768 2297 1919 2338 casas

335 2385 641 2455 vocant(c).
668 2383 763 2439 Est
788 2383 930 2438 enim
953 2382 1057 2436 illis
1095 2381 1193 2435 ista
1236 2378 1543 2433 solemnitas
1578 2376 1643 2431 de
1688 2375 1916 2430 fabrica-

337 2480 485 2534 tione
516 2477 1015 2540 tabernaculorum;
1056 2471 1304 2543 quouiam
1351 2468 1744 2524 tabernaculum
1773 2478 1917 2528 σκηνή

338 2569 557 2633 dicitur,
587 2565 903 2637 scenopcgia
926 2574 1008 2619 est
1039 2561 1364 2618 tabernaculi
1395 2559 1685 2614 fabricatio.
1716 2558 1778 2612 Hi
1806 2557 1922 2613 dies

335 2659 458 2715 festi
501 2658 642 2729 apud
669 2657 884 2713 Iudaeos
912 2655 1203 2727 agebantur
1242 2670 1254 2707 :
1301 2663 1355 2708 et
1388 2651 1751 2722 appellabatur
1785 2666 1921 2705 unus

336 2752 456 2810 dies
471 2751 655 2815 festus,
680 2766 785 2805 non
801 2748 921 2821 quia
945 2762 1051 2803 uno
1069 2746 1154 2802 die
1175 2745 1352 2812 tit-bat,
1373 2745 1465 2801 sed
1484 2745 1602 2815 quia
1620 2744 1920 2799 continuata

339 2844 625 2901 festivitate
654 2843 1028 2912 peragebatur;
1057 2841 1194 2896 sicut
1220 2838 1334 2895 dies
1361 2838 1525 2894 festus
1548 2837 1783 2905 Paschm,
1812 2838 1920 2893 sic-

339 2948 398 2992 ut
424 2938 539 2993 dies
577 2936 742 2992 festus
770 2951 1097 3007 azymorum,
1116 2942 1171 2991 et
1196 2941 1395 3001 tamen,
1422 2933 1555 2988 sicut
1587 2926 1921 2987 m::nifeStum

337 3038 443 3093 est,
471 3028 559 3083 ille
588 3027 752 3082 festus
785 3026 899 3081 dies
935 3025 1106 3097 agitur
1138 3041 1232 3097 per
1255 3025 1456 3095 aliquot
1476 3023 1610 3079 dies.
1642 3023 1768 3077 Erat
1795 3037 1922 3092 ergo

339 3120 393 3176 in
424 3118 602 3175 ludzea
631 3119 727 3172 ista
779 3117 1115 3181 solemnitas;
1160 3116 1415 3170 Dominus
1441 3115 1593 3171 Jcsns
1624 3115 1678 3170 in
1706 3113 1922 3170 Galilzea

340 3216 477 3272 crat,
512 3208 599 3263 ubi
627 3218 680 3263 et
703 3208 933 3262 nutritus
961 3216 1062 3271 est,
1112 3206 1196 3260 ubi
1223 3215 1276 3260 et
1317 3205 1739 3275 consanguineos
1765 3214 1924 3275 atque

342 3313 597 3373 Cognatas
649 3301 853 3369 habuit,
924 3314 1058 3371 quos
1118 3299 1387 3368 Scriptura
1439 3299 1627 3353 fratres
1673 3298 1922 3368 appellat.

343 3392 595 3447 Dixerunt
617 3409 743 3463 ergo
770 3393 834 3457 ei,
858 3392 993 3446 sicut
1015 3392 1203 3446 lectum
1229 3390 1544 3456 audivimus,
1574 3394 1756 3461 fratres
1783 3390 1925 3458 ejus:

342 3484 533 3539 Transi
558 3485 697 3549 hinc,
725 3495 771 3538 et
801 3485 926 3537 vade
950 3486 1000 3537 in
1030 3482 1288 3548 Indicam,
1320 3492 1375 3535 ut
1420 3492 1465 3536 et
1490 3482 1725 3553 discipuli
1749 3482 1824 3534 tui
1849 3482 1924 3534 vi-

341 3577 493 3630 deant
521 3594 671 3645 opera
700 3586 785 3629 tua
812 3592 923 3645 quae
952 3577 1101 3645 facis.
1124 3574 1287 3627 Nemo
1317 3574 1448 3626 enim
1473 3574 1523 3625 in
1563 3573 1755 3626 occulto
1806 3571 1928 3642 quid

340 3670 487 3739 facit,
521 3680 566 3722 et
596 3669 773 3738 quwrit
802 3668 979 3734 ipsein
1010 3668 1180 3737 palam
1207 3682 1330 3719 esse.
1367 3664 1428 3719 Si
1458 3665 1562 3717 lucc
1584 3664 1732 3735 facis,
1761 3663 1925 3716 mani-

342 3766 476 3831 festa
502 3769 549 3813 te
578 3760 785 3812 munda.
816 3756 1015 3811 Deinde
1047 3756 1315 3826 subiungit
1342 3755 1675 3824 Evangelista
1704 3772 1715 3806 :
1752 3752 1932 3821 Neque

337 3853 473 3907 enim
506 3857 688 3922 fratres
708 3852 815 3921 ejus
834 3848 1099 3903 credebant
1118 3850 1168 3902 in
1199 3865 1327 3903 eurn.
1356 3847 1408 3900 Si
1431 3862 1558 3917 ergo
1588 3862 1691 3901 non
1724 3846 1775 3901 in
1806 3861 1927 3900 eum

339 3942 657 4006 credebant,
707 3941 963 3996 invidiosa
1013 3941 1169 3996 verba
1222 3940 1591 4010 subjiciebant.
1650 3938 1931 4009 Respondit

342 4038 415 4087 eis
442 4033 595 4087 Iesus
623 4050 641 4087 :
661 4033 883 4103 Tempus
912 4051 1074 4087 meum
1102 4033 1325 4087 nondum
1355 4033 1553 4086 advenit
1577 4048 1595 4095 ,'
1624 4042 1819 4102 tempus
1836 4047 1933 4084 au-

344 4134 444 4178 tent
474 4133 686 4178 vestrum
716 4141 909 4194 semper
937 4134 1009 4177 est
1042 4134 1293 4193 paratum.
1338 4123 1458 4178 Non
1504 4132 1660 4193 potest
1711 4123 1930 4177 mundus

343 4217 512 4270 odisse
539 4232 623 4269 vos
651 4231 668 4270 :
694 4233 773 4269 me
795 4226 959 4270 autem
986 4217 1111 4282 odit,
1135 4217 1253 4287 quia
1282 4233 1371 4287 ego
1408 4216 1740 4269 testimonium
1762 4216 1933 4286 perhi-

347 4308 437 4360 beo
470 4307 533 4359 de
562 4308 670 4371 illo,
704 4308 820 4374 quia
842 4323 993 4377 Opera
1015 4308 1125 4375 eius
1151 4307 1285 4359 mala
1304 4315 1442 4362 sunt.
1480 4305 1581 4360 Vos
1606 4306 1857 4359 ascendite
1879 4305 1930 4359 in

346 4399 480 4451 diem
512 4398 689 4467 festum
716 4399 866 4451 hunc.
894 4396 1007 4469 Ego
1027 4415 1125 4450 non
1158 4398 1236 4469 (ά)
1258 4398 1471 4451 ascendo
1489 4399 1554 4449 ad
1578 4398 1709 4451 diem
1749 4399 1931 4468 festum

346 4491 521 4551 istum,
552 4489 668 4557 quia
696 4499 890 4559 tempus
915 4506 1076 4542 nteant
1097 4490 1320 4542 nondum
1358 4488 1618 4559 impletum
1638 4498 1731 4543 est.
1769 4489 1929 4544 Dein-

350 4585 417 4637 de
465 4586 702 4653 sequitur
758 4584 1087 4654 livangelista
1133 4582 1320 4637 :ffrec
1366 4602 1479 4637 cum
1532 4582 1771 4650 (fixisset,
1826 4587 1935 4657 ipse

350 4676 533 4729 mansit
562 4676 612 4727 in
658 4674 890 4729 Galiltea.
932 4674 999 4730 Ut
1026 4686 1193 4728 autem
1220 4676 1549 4731 ascenderunt
1579 4682 1759 4748 fratres
1802 4680 1931 4749 ejus,

351 4779 469 4821 tunc
495 4776 539 4819 et
568 4769 676 4837 ipse
696 4768 918 4820 ascendit
939 4768 1004 4819 ad
1028 4768 1158 4821 diem
1186 4769 1386 4840 festum,
1417 4785 1515 4821 non
1544 4770 1821 4841 manifeste,
1847 4770 1934 4823 sed

351 4860 501 4931 quasi
531 4859 741 4914 occulte.
783 4859 893 4913 lluc
935 4875 1100 4928 usque
1127 4859 1427 4914 extenditur
1468 4862 1711 4930 qua‘stio,
1740 4870 1934 4917 caetera

351 4960 535 5019 aperta
564 4960 705 5003 sunt.

424 5040 476 5094 2.
513 5041 766 5096 Christum
787 5041 839 5095 in
861 5058 916 5095 eo
948 5040 1056 5095 loco
1081 5059 1179 5096 non
1206 5059 1310 5097 esse
1338 5043 1612 5097 mentitum.
1645 5044 1779 5114 Quid
1808 5060 1936 5115 ergo

353 5132 648 5203 quazritur?
676 5133 801 5202 quid
825 5134 1040 5187 movet?
1064 5132 1189 5203 quid
1219 5134 1269 5187 iu
1298 5133 1533 5203 periculo
1575 5136 1696 5190 est?
1722 5134 1800 5190 Ne
1829 5135 1935 5189 Do-

352 5265 437 5378 “;
462 5266 547 5316 Hic
567 5279 731 5316 sermo
765 5268 819 5319 in
854 5268 1189 5331 manuscriptis
1222 5270 1399 5319 nostris
1435 5282 1671 5333 nusquam
1713 5277 1941 5333 repertus

419 5363 494 5461 Ea)
513 5450 524 5461 .
543 5388 692 5452 Alias,
732 5390 765 5440 8
801 5392 929 5442 inter
974 5391 1130 5441 editos
1174 5402 1238 5441 ex
1294 5393 1630 5456 manuscriptis
1681 5374 1943 5446 carthustte

354 5462 815 5573 magmecensetur
838 5516 887 5563 in
908 5514 1100 5564 Possidii
1124 5513 1348 5575 tndicnlo,
1372 5528 1477 5580 cap.
1501 5515 1549 5565 9.

420 5512 499 5685 {gl
1003 5638 1284 5685 editionuml
1310 5644 1388 5685 est
1419 5638 1541 5685 om

445 5575 495 5634 e)
521 5581 675 5634 Forte,
704 5575 976 5627 Fabricant.

420 5573 495 5697 fle)
521 5581 675 5634 Forte,
704 5575 976 5650 rubricam.
1104 5640 1114 5651 .
1335 5573 1341 5575 ’
1430 5573 1445 5580 ⁷

356 5696 429 5750 de
447 5638 499 5748 i3
519 5638 1285 5762 demuoeumj
1310 5644 1388 5691 est
1419 5638 1571 5704 οιφὸ,
1606 5639 1856 5705 naiadum;
1890 5648 1943 5693 et

1655 252 1891 317 SERMO
1926 248 2211 310 CXXXII].

3482 256 3590 314 738

2012 369 2210 437 minus,
2238 369 2344 425 lmo
2368 378 2426 426 ut
2455 372 2688 444 apertius
2707 372 2969 441 dicamus,
3003 390 3069 431 ne
3093 374 3207 447 ipsa
3236 374 3442 432 Veritas
3466 392 3588 434 cre-

2011 460 2166 516 datur
2185 476 2304 517 esse
2319 464 2557 518 mentita.
2582 464 2639 520 Si
2663 466 2804 520 enim
2827 468 3069 527 volumus
3095 468 3371 523 mentitum
3394 470 3585 539 putari,

2011 554 2300 610 mentiendi
2326 557 2693 612 auctoritatem
2721 558 2962 615 inﬁmus
2996 560 3240 631 accipiet.
3278 560 3591 617 Audivimus

2011 643 2190 699 dicere
2217 646 2494 700 mentitum
2520 662 2659 702 esse.
2690 647 2786 715 Qui
2812 648 2954 704 enim
2996 658 3183 720 putant
3230 664 3350 705 esse
3400 652 3592 705 menti—

2015 744 2146 802 tum,
2171 736 2271 792 hoc
2305 737 2521 792 dicunt:
2558 739 2698 793 Dixit
2740 755 2799 795 se
2840 755 2945 795 non
2970 755 3316 797 escensurum
3353 741 3421 796 ad
3448 740 3591 796 diem

2012 826 2225 896 festum,
2256 837 2310 884 et
2335 830 2590 885 ascendit.
2623 830 2801 885 Primo
2818 847 2963 903 ergo,
2994 843 3246 903 quantum
3275 834 3329 889 in
3369 844 3593 907 angusto

2012 925 2251 989 tempore
2278 933 2592 989 possumus,
2636 921 2908 977 videamus
2944 932 3121 979 utrum
3167 926 3469 992 mentiatur,
3502 928 3591 997 qui

2012 1007 2141 1063 dicit
2167 1009 2362 1079 aliquid
2387 1020 2441 1065 et
2461 1026 2567 1066 non
2598 1012 2741 1067 facit.
2762 1012 2923 1068 Verbi
2950 1015 3092 1069 enim
3112 1030 3287 1083 causa,
3321 1017 3431 1071 dixi
3455 1018 3593 1071 ami-

2013 1114 2099 1164 co,
2128 1098 2258 1155 Cras
2287 1110 2337 1156 te
2383 1102 2572 1158 videbo
2606 1105 2873 1158 :occurrit
2902 1104 3071 1174 major
3117 1107 3424 1174 necessitas,
3474 1122 3595 1177 quze

2014 1191 2305 1258 retineret;
2331 1208 2435 1247 non
2460 1194 2578 1249 ideo
2598 1194 2788 1250 falsum
2815 1194 2946 1250 dixi.
2976 1196 3198 1263 Quando
3220 1198 3361 1252 enim
3392 1199 3593 1269 promi-

2014 1280 2081 1347 si,
2114 1281 2215 1337 hoc
2235 1284 2531 1339 sentiebam
2560 1286 2699 1355 quod
2720 1285 2980 1341 dicebam.
3008 1286 3228 1355 Quando
3250 1296 3425 1343 autem
3451 1287 3594 1343 aliud

2014 1371 2185 1440 majus
2223 1375 2473 1441 occurrit,
2515 1376 2655 1446 quod
2706 1375 2980 1446 impedivit
3022 1377 3178 1431 fidem
3228 1378 3595 1448 promissionis

2015 1475 2170 1530 meas,
2202 1480 2308 1518 non
2330 1465 2541 1520 mentiri
2564 1466 2728 1533 volui,
2764 1466 2858 1521 sed
2893 1467 3209 1537 promissum
3240 1468 3460 1539 implere
3488 1484 3595 1526 non

2016 1554 2185 1624 potui.
2212 1556 2372 1621 Ecce,
2402 1568 2654 1627 quantum
2697 1558 2947 1623 arbitror,
2980 1573 3084 1613 non
3112 1560 3367 1627 laboravi,
3396 1569 3452 1614 ut
3473 1576 3597 1631 pcr-

2016 1644 2329 1713 suaderem,
2388 1647 2482 1702 sed
2542 1648 2905 1703 tantummodo
2959 1650 3210 1704 admonui
3264 1650 3597 1721 prudentiam

2016 1744 2273 1803 vestram,
2326 1754 2430 1792 non
2460 1740 2669 1794 mentiri
2701 1756 2821 1795 eum
2869 1741 2958 1811 qui
3015 1742 3274 1812 promittit
3306 1742 3500 1813 aliquid
3544 1754 3601 1799 et

2018 1842 2122 1882 non
2153 1827 2295 1896 facit,
2323 1830 2367 1883 si
2400 1838 2456 1884 ut
2486 1846 2592 1885 non
2614 1829 2946 1898 faciat,aliud
2973 1833 3280 1900 occurrerit,
3314 1833 3451 1903 quod
3481 1836 3600 1905 ejus

2019 1918 2268 1988 impediat
2312 1920 2736 1990 promissionem,
2791 1938 2894 1978 non
2935 1924 3076 1993 quod
3131 1926 3409 1980 convincat
3453 1924 3601 1981 falsi-

2019 2018 2202 2065 tatem.

2091 2103 2145 2158 5.
2170 2102 2376 2158 Mentiri
2396 2106 2540 2176 pejus
2560 2115 2630 2160 est
2650 2123 2799 2176 quam
2819 2108 2949 2178 falli.
2968 2107 3071 2162 Sed
3102 2108 3173 2162 ait
3198 2109 3285 2177 qui
3315 2124 3401 2163 me
3420 2107 3598 2164 audit:

2020 2191 2284 2265 Numquid
2317 2195 2416 2250 hoc
2443 2206 2593 2266 potes
2629 2197 2695 2251 de
2740 2197 2952 2252 Christo
3000 2198 3195 2261 dicere,
3227 2200 3347 2269 quia
3391 2199 3472 2254 vel
3497 2214 3604 2256 non

2023 2288 2194 2359 pot‘uit
2238 2289 2458 2359 implere
2509 2306 2627 2360 qua:
2678 2290 2905 2357 volebat,
2949 2293 3031 2347 vel
3075 2292 3250 2349 futura
3299 2293 3604 2347 nesciebat?

2023 2382 2167 2438 Bene
2196 2383 2328 2454 agis,
2361 2384 2497 2439 bene
2534 2384 2788 2453 suggeris,
2842 2393 2985 2439 recte
3030 2399 3373 2441 commones:
3405 2384 3498 2439 sed
3524 2426 3540 2452 ,
3570 2400 3605 2440 ο

2025 2471 2214 2539 homo,
2239 2474 2435 2543 partire
2469 2488 2673 2528 mecum
2704 2474 3136 2529 sollicitudinem.
3166 2474 3333 2543 Quem
3372 2490 3476 2530 non
3504 2491 3604 2530 au-

2025 2563 2213 2619 demus
2241 2565 2419 2620 dicere
2445 2566 2621 2620 minus
2654 2566 2938 2633 valentem,
2967 2567 3223 2622 audemus
3250 2568 3430 2622 dicere
3457 2582 3607 2622 men-

2027 2656 2284 2711 tientem?
2310 2658 2419 2727 Ego
2459 2656 2690 2728 quidem,
2743 2666 2995 2728 quantum
3034 2659 3300 2725 existimo,
3350 2667 3607 2728 quantum

2025 2762 2123 2819 pro
2154 2763 2269 2803 mea
2322 2747 2627 2803 infirmitate
2666 2748 2905 2819 judicare
2928 2764 3161 2819 possum,
3190 2750 3328 2820 eligo
3363 2759 3419 2803 ut
3445 2750 3607 2805 homo

2027 2839 2079 2893 in
2106 2840 2283 2910 aliquo
2314 2839 2543 2906 fallatur,
2567 2857 2723 2911 quam
2755 2850 2810 2895 ut
2844 2842 2894 2897 iu
2937 2842 3113 2912 aliquo
3140 2845 3444 2899 mentiatur.
3473 2844 3609 2901 Falli

2027 2931 2167 2986 enim
2188 2932 2415 3001 pertinet
2433 2931 2499 2987 ad
2517 2931 2899 2999 infirmitatem,
2921 2934 3131 2988 mentiri
3158 2934 3223 2988 ad
3254 2934 3605 3005 iniquitatem.

2031 3020 2216 3084 Odisti,
2242 3022 2431 3093 inquit,
2460 3022 2693 3087 Domine,
2749 3040 2919 3077 omnes
2942 3025 3028 3093 qui
3054 3036 3327 3095 aperantur
3363 3027 3609 3097 iniquita—

2029 3120 2145 3166 tem.
2171 3113 2238 3167 Et
2265 3114 2515 3168 continuo
2549 3132 2563 3169 :
2590 3113 2778 3168 Perdes
2803 3131 2975 3170 omnes
2994 3116 3076 3185 qui
3100 3116 3371 3186 loquuntur
3396 3118 3608 3172 menda-

2028 3204 2159 3258 cium
2192 3203 2359 3276 (Psaf.
2382 3222 2436 3267 v.
2461 3206 2540 3277 7).
2582 3206 2684 3260 Aut
2733 3205 3057 3261 tantumdem
3086 3207 3227 3262 valet
3275 3206 3525 3277 iniquitas
3553 3215 3610 3264 et

2029 3297 2395 3363 mendacium;
2422 3308 2513 3352 aut
2541 3298 2658 3368 plus
2682 3306 2764 3353 est
2791 3296 2998 3364 Perdes,
3029 3315 3185 3369 quam
3219 3300 3402 3355 Odisti.
3428 3300 3613 3372 Neque

2030 3388 2171 3443 enim
2203 3388 2289 3457 qui
2320 3387 2442 3442 odio
2482 3388 2726 3456 habetur,
2755 3390 3006 3443 continuo
3050 3389 3346 3458 perditione
3373 3391 3609 3461 punitur.

2030 3480 2229 3536 Verum
2257 3482 2325 3535 sit
2352 3481 2436 3535 illa
2461 3482 2705 3551 qurestio,
2752 3491 2927 3534 utrum
2969 3481 3253 3550 aliquando
3279 3482 3493 3537 mentiri
3514 3497 3613 3538 ne-

2033 3585 2183 3625 cesse
2222 3570 2331 3625 sit:
2365 3587 2466 3623 non
2511 3572 2653 3625 enim
2702 3570 2860 3624 modo
2905 3571 3169 3633 discutio:
3202 3573 3462 3628 latebrosa
3506 3582 3611 3636 est.

2032 3660 2227 3714 multos
2252 3660 2400 3713 sinus
2428 3660 2615 3725 habet;
2667 3676 2771 3715 non
2800 3670 2947 3717 vacat
2998 3678 3184 3716 omnes
3216 3679 3421 3731 secare,
3450 3675 3503 3719 et
3545 3665 3612 3719 ad

2032 3750 2207 3804 vivum
2233 3752 2528 3821 pervenire.
2583 3750 2722 3822 Ergo
2758 3751 2873 3821 ejus
2902 3754 3104 3806 curatio
3142 3752 3194 3805 in
3238 3762 3443 3822 tempus
3468 3754 3613 3809 aliud

2033 3840 2340 3906 differatur;
2372 3840 2611 3896 fortassis
2636 3844 2775 3896 enim
2800 3843 2915 3897 sine
2956 3858 3202 3897 sermone
3230 3852 3413 3898 nostro
3437 3844 3613 3900 divina

2034 3932 2383 4003 opitulatione
2434 3932 2726 3988 sanabitur.
2780 3934 2882 3989 Sed
2932 3935 3057 4004 quid
3104 3935 3305 4001 distuli,
3334 3936 3458 4005 quid
3492 3936 3617 3992 volo

2036 4026 2194 4081 hodie
2222 4035 2466 4091 tractare,
2501 4027 2758 4082 intendite
2784 4036 2838 4082 et
2870 4027 3193 4099 distinguitc.
3225 4031 3303 4083 An
3332 4030 3616 4100 aliquando

2037 4116 2401 4173 mentiendum
2433 4118 2523 4184 sit,
2559 4117 2695 4173 hanc
2734 4119 2842 4173 dixi
2870 4118 3139 4173 difficilem
3184 4130 3234 4174 et
3262 4120 3617 4175 latebrosissi-

2035 4224 2176 4262 mam
2208 4210 2575 4279 qumstiouem,
2611 4209 2746 4263 hanc
2785 4208 2993 4264 differo.
3044 4210 3229 4265 Utrum
3259 4221 3436 4265 autem
3463 4211 3617 4267 Chri-

2037 4309 2149 4355 stus
2180 4301 2431 4355 meutitus
2466 4300 2554 4368 sit,
2580 4310 2753 4355 utrum
2785 4301 2990 4357 Veritas
3027 4302 3221 4373 aliquid
3251 4303 3438 4357 falsum
3470 4304 3619 4359 dixe-

2035 4393 2136 4460 rit,
2180 4394 2279 4448 hoc
2326 4392 2486 4449 hodie
2533 4394 2862 4463 suscepimus
2904 4394 3155 4452 admoniti
3205 4412 3269 4451 ex
3314 4398 3619 4467 evangelica

2034 4485 2281 4543 lectione.
2726 4476 2733 4479 “

2107 4580 2161 4635 4.
2193 4577 2332 4632 Falli
2374 4588 2418 4631 et
2458 4578 2653 4631 mentiri
2676 4577 2924 4649 quomodo
2972 4578 3229 4647 (fi/ferant.
3259 4579 3393 4646 Quid
3442 4589 3620 4635 autem

2039 4671 2247 4725 intersit
2293 4670 2427 4723 inter
2471 4669 2576 4723 falli
2608 4680 2662 4723 et
2706 4671 2939 4735 mentiri,
2982 4670 3211 4726 breviter
3232 4671 3371 4726 dico.
3400 4671 3620 4727 Fallitur

2040 4764 2128 4833 qui
2162 4771 2307 4832 putat
2337 4778 2518 4817 verum
2555 4777 2673 4816 esse
2703 4762 2844 4832 quod
2890 4762 3035 4823 dit-it,
3070 4771 3123 4817 et
3162 4763 3280 4831 quia
3315 4777 3497 4815 verum
3519 4778 3621 4833 pu-

2042 4866 2139 4923 tat,
2172 4858 2289 4911 ideo
2319 4858 2465 4915 dicit.
2504 4857 2612 4911 lloc
2662 4865 2839 4910 autem
2870 4855 3012 4926 quod
3054 4854 3181 4909 dicit
3204 4855 3295 4924 qui
3323 4853 3540 4920 fallitur,
3572 4855 3619 4910 si

2041 4965 2224 5005 verum
2254 4957 2416 5013 esset,
2446 4963 2550 5002 non
2583 4947 2854 5001 falleretur
2883 4963 2896 5000 :
2926 4947 2972 5000 si
3002 4953 3104 5000 non
3132 4945 3303 5000 solum
3330 4962 3512 5001 verum
3538 4961 3625 5002 es-

2041 5051 2143 5108 set,
2189 5040 2281 5095 sed
2311 5042 2469 5093 etiam
2511 5055 2694 5095 verum
2740 5054 2859 5093 esse
2897 5039 3078 5103 sciret,
3123 5054 3228 5091 non
3283 5039 3621 5094 mentiretur.

2042 5133 2265 5187 Fallitur
2294 5148 2442 5204 ergo,
2482 5133 2601 5202 quia
2636 5131 2822 5186 falsum
2861 5139 2963 5197 cst,
2996 5139 3049 5185 ct
3074 5147 3256 5185 verum
3286 5140 3466 5202 putat;
3499 5132 3628 5188 dicit

2045 5238 2221 5282 autem
2250 5226 2459 5281 nonnisi
2485 5226 2605 5296 quia
2635 5241 2821 5280 verum
2846 5232 3014 5294 putat.
3050 5224 3212 5278 Error
3233 5233 3315 5279 est
3359 5225 3411 5280 in
3440 5224 3627 5280 huma-

2045 5338 2110 5376 na
2151 5320 2472 5385 infirmitate,
2527 5317 2621 5373 sed
2666 5334 2770 5372 nou
2813 5330 2894 5371 cst
2924 5317 2975 5371 in
3015 5316 3352 5371 conscientiae
3378 5319 3627 5374 sanitate.

2046 5414 2296 5483 Quisquis
2326 5422 2503 5467 autem
2526 5411 2712 5465 falsum
2742 5418 2890 5479 putat
2918 5424 3037 5463 esse
3055 5418 3107 5462 et
3134 5424 3229 5478 pro
3256 5425 3385 5465 vero
3415 5411 3624 5477 asserit,

2046 5506 2159 5577 ipse
2184 5505 2451 5559 mentitur.
2480 5503 2680 5565 Videte,
2714 5500 2903 5555 fratres
2934 5500 3058 5565 mei,
3101 5498 3410 5571 distinguite
3443 5502 3628 5557 nutriti

2046 5596 2098 5652 in
2124 5596 2379 5659 Ecclesia,
2404 5594 2593 5648 eruditi
2623 5592 2672 5647 in
2693 5591 2977 5661 Scripturis
2994 5590 3292 5657 damiuicis,
3317 5608 3420 5647 non
3445 5593 3627 5659 rudes,

2051 5707 2154 5748 nou
2188 5687 2390 5754 rustici,
2432 5702 2536 5743 non
2570 5684 2767 5741 idiotae.
2800 5684 2933 5741 Sunt
2954 5684 3095 5743 enim
3123 5684 3259 5741 inter
3289 5699 3384 5741 vos
3409 5682 3551 5741 docti
3575 5694 3628 5742 et
