3978 6464
529 315 636 373 739

527 425 719 484 eruditi
748 424 845 480 viri
871 431 926 478 et
970 421 1384 492 quibuscumque
1429 417 1615 472 litteris
1637 431 1741 472 non
1771 415 2110 470 mediocriter

529 517 774 574 instructi
800 534 814 570 :
843 524 897 570 et
919 515 1010 585 qui
1055 514 1170 567 illas
1200 513 1400 566 litteras
1425 526 1541 579 quze
1567 508 1811 564 liberales
1837 517 2108 571 vocantur,

527 621 634 663 non
662 604 941 669 didicistis,
970 603 1090 673 plus
1117 611 1200 657 est
1251 600 1392 671 quod
1424 601 1477 654 iu
1505 614 1752 654 sermone
1802 599 1895 653 Dei
1931 597 2112 652 nutriti

527 698 677 754 estis.
705 696 761 752 Si
799 695 985 750 laboro
1026 694 1076 748 in
1113 690 1428 763 eXplicando
1463 689 1604 762 quod
1644 689 1839 756 sentio,
1869 688 2114 758 adjuvate

526 802 614 842 me
659 794 716 841 et
773 785 1064 840 attentione
1113 782 1360 838 audiendi
1389 791 1443 837 et
1498 780 1775 851 prudentia
1825 778 2110 850 cogitandi.

525 876 635 933 Nec
660 875 1005 945 adjuvabitis,
1053 874 1154 929 nisi
1183 872 1528 943 adjuvemini.
1560 871 1711 928 Unde
1755 871 1976 926 invicem
2018 884 2112 938 pro

525 967 681 1023 nobis
711 982 946 1030 oremus,
996 975 1051 1022 et
1099 980 1382 1021 commune
1431 964 1750 1034 adjutorium
1795 964 1993 1032 pariter
2017 977 2110 1016 ex-

524 1069 844 1130 spectemus.
878 1058 1117 1124 Fallitur,
1148 1057 1382 1127 quicum
1412 1057 1480 1112 sit
1504 1055 1718 1120 falsum,
1750 1071 1933 1110 verum
1964 1062 2114 1124 putat

524 1165 648 1206 esse
673 1149 814 1219 quod
841 1149 969 1204 dicit
992 1167 1006 1202 :
1033 1149 1284 1204 mentitur
1309 1157 1508 1214 autem,
1536 1148 1624 1217 qui
1657 1147 1843 1201 falsum
1865 1160 1983 1200 esse
2009 1145 2109 1199 ali-

522 1239 650 1310 quid
682 1247 865 1308 putat,
906 1248 961 1292 ct
988 1253 1083 1308 pro
1109 1253 1237 1292 vero
1277 1236 1437 1302 dicit,
1481 1237 1592 1291 sive
1623 1234 1748 1290 illud
1792 1250 1973 1289 verum
2019 1234 2108 1300 sit,

522 1331 636 1388 sive
662 1330 872 1385 falsum.
902 1328 1181 1384 intuemini
1208 1328 1334 1399 quid
1362 1327 1680 1383 addiderim.
1711 1327 1832 1382 Sive
1861 1325 1988 1380 illud
2017 1341 2108 1381 ve-

522 1437 642 1476 rum
658 1422 744 1486 sit,
771 1420 884 1476 sive
905 1419 1115 1484 falsum,
1143 1428 1315 1474 tamen
1345 1419 1434 1489 qui
1457 1419 1642 1473 falsum
1671 1428 1836 1488 putat,
1853 1426 1908 1472 et
1925 1433 2108 1471 verum

521 1513 736 1579 asserit,
755 1512 1007 1568 mentitur
1032 1529 1046 1566 :
1076 1509 1261 1566 fallere
1290 1511 1518 1566 allectat.
1539 1509 1676 1577 Quid
1700 1509 1842 1564 enim
1871 1508 1919 1562 ei
1947 1508 2108 1578 prod-

523 1612 626 1670 est,
659 1607 782 1672 quia
814 1618 998 1658 verum
1022 1603 1141 1657 est?
1170 1602 1390 1657 Interim
1421 1603 1532 1671 ipse
1563 1602 1663 1655 hoc
1709 1600 1897 1655 falsum
1928 1607 2107 1670 putat,

524 1705 580 1749 ct
605 1695 731 1749 dicit
763 1704 1012 1764 tanquam
1061 1709 1243 1748 verum
1288 1694 1376 1748 sit.
1433 1691 1628 1747 Verum
1655 1701 1737 1746 est
1791 1692 1842 1745 in
1892 1706 1951 1746 se
1982 1690 2108 1746 illud

527 1784 668 1853 quod
695 1784 842 1850 dicit,
875 1784 925 1837 in
962 1798 1020 1838 se
1049 1799 1231 1838 verum
1262 1793 1343 1837 cst
1375 1800 1388 1834 :
1421 1781 1559 1852 apud
1609 1782 1756 1836 illum
1787 1781 1972 1836 falsqu
2004 1789 2104 1848 est,

527 1891 635 1929 nun
656 1876 755 1928 hoc
782 1874 1280 1930 habetconscientia
1305 1875 1422 1944 ejus
1440 1874 1579 1945 quod
1607 1873 2027 1944 loquitur;aliud
2053 1874 2105 1928 in

525 1981 584 2020 se
610 1967 806 2036 cogitat
833 1982 1015 2020 verum
1036 1981 1176 2032 esse,
1201 1965 1342 2019 aliud
1362 1965 1504 2020 foras
1526 1964 1726 2036 profert
1746 1981 1840 2033 pro
1864 1966 2104 2020 veritate.

528 2055 730 2125 Duplex
750 2072 842 2110 cur
871 2065 974 2123 est,
1003 2072 1107 2110 nou
1130 2057 1352 2126 simplex
1380 2075 1393 2110 τ
1428 2072 1532 2112 non
1559 2058 1696 2128 quod
1724 2051 1792 2110 ibi
1821 2055 1978 2111 habet
2006 2057 2106 2112 hoc

525 2145 747 2216 profert.
774 2147 978 2216 Duplex
1003 2162 1098 2202 cor
1123 2146 1248 2200 olim
1290 2147 1652 2218 reprobatum.
1680 2147 1838 2200 Labia
1859 2148 2034 2202 dolosa
2053 2149 2106 2204 in

523 2239 672 2292 corde
699 2248 742 2291 et
765 2239 916 2293 corde
935 2238 1088 2293 locuti
1119 2250 1233 2293 sunt
1263 2241 1397 2293 mala
1423 2238 1592 2312 (Psal.
1623 2255 1696 2306 xt,
1725 2241 1801 2312 5).
1825 2239 2106 2296 Sulliccrct

526 2339 586 2384 ut.
612 2331 836 2395 diceret,
868 2333 919 2384 in
941 2332 1092 2385 corde
1117 2332 1271 2386 locuti
1293 2341 1408 2386 sunt
1439 2332 1610 2395 mula;
1643 2333 1730 2386 ubi
1753 2342 1833 2386 est
1852 2333 1984 2386 Iunia
2009 2334 2103 2387 do-

523 2423 634 2475 losa
653 2424 678 2476 Σ)
701 2421 834 2488 Quid
861 2434 943 2477 est
972 2422 1166 2478 dolus?
1192 2423 1326 2477 Cum
1356 2423 1498 2478 aliud
1531 2425 1720 2492 agitur,
1755 2423 1894 2478 aliud
1918 2425 2107 2479 obleu-

522 2513 684 2566 ditur.
710 2511 869 2566 Labia
891 2513 1067 2566 dolosa
1094 2529 1196 2567 nou
1221 2515 1446 2584 simplex
1467 2529 1589 2581 cor;
1621 2527 1673 2570 et
1691 2515 1814 2586 quia
1839 2532 1946 2570 nun
1972 2517 2102 2570 sim-

523 2606 642 2672 plex
672 2620 784 2669 cor,
816 2606 938 2659 ideo
978 2605 1032 2659 in
1060 2607 1210 2660 corde
1237 2618 1284 2661 et
1313 2608 1499 2674 corde;
1527 2607 1648 2663 ideo
1677 2609 1757 2664 bis
1783 2609 1954 2675 corde,
1982 2611 2105 2681 quia

520 2697 717 2768 duplex
740 2713 850 2751 cor.

593 2790 646 2844 5.
681 2787 791 2842 Nec
819 2788 932 2858 falli
963 2799 1122 2860 potest
1151 2788 1414 2857 Christus,
1455 2807 1544 2845 nec
1571 2792 1790 2846 mentiri.
1824 2793 2103 2848 Dominum

523 2895 652 2950 ergo
680 2878 862 2934 Jesum
899 2880 1170 2935 Christum
1199 2881 1325 2952 quid
1346 2882 1736 2950 existimamus,
1764 2886 1886 2954 quia
1911 2886 2104 2940 menti-

524 2981 607 3026 tus
632 2973 752 3026 est?
779 2971 834 3026 Si
858 2973 1032 3027 minus
1079 2982 1162 3028 est
1210 2975 1332 3038 falli,
1364 2990 1519 3044 quam
1551 2976 1795 3042 mentiri;
1829 2993 1986 3048 quem
2025 2977 2107 3032 di-

523 3079 646 3118 cere
673 3080 778 3119 non
820 3064 1076 3120 audemus
1124 3064 1268 3132 falli,
1319 3065 1499 3120 dicere
1550 3066 1808 3121 audemus
1847 3068 2105 3122 mentiri?

524 3155 614 3208 ille
640 3170 766 3210 vero
795 3170 892 3210 nec
920 3153 1136 3221 fallitur,
1166 3170 1263 3210 nec
1282 3157 1567 3210 mentitur:
1600 3155 1693 3210 sed
1713 3156 1951 3223 omnino,
1971 3157 2106 3212 sicut

521 3246 776 3315 scriptum
805 3255 888 3300 est
919 3245 1008 3313 (de
1034 3245 1124 3299 illo
1151 3245 1347 3315 quippe
1377 3245 1710 3316 intelligitur,
1731 3245 1797 3301 de
1829 3247 1918 3300 illo
1945 3245 2104 3301 debet

525 3336 792 3407 intelligi),
835 3333 974 3390 Nihil
1019 3334 1211 3390 falsum
1258 3336 1452 3390 dicitur
1493 3336 1629 3407 regi,
1676 3347 1726 3391 et
1757 3337 1884 3392 nihil
1911 3337 2102 3392 falsum

521 3428 663 3482 exiet
685 3427 752 3480 de
779 3442 871 3482 ore
900 3426 1032 3496 ejus.
1065 3426 1120 3481 Si
1143 3441 1320 3496 regem
1348 3426 1636 3496 quemlibet
1657 3427 1924 3482 hominem
1949 3428 2100 3497 dixit,

521 3532 700 3585 regem
730 3516 992 3570 Christum
1025 3518 1134 3586 regi
1173 3517 1371 3570 homini
1397 3532 1789 3587 prieponamus.
1815 3518 1868 3573 Si
1899 3528 2099 3586 autem,

521 3607 661 3676 quod
690 3607 865 3662 verius
893 3607 1236 3677 intelligitur,
1267 3606 1508 3662 Christus
1543 3617 1622 3662 est
1650 3607 1718 3662 de
1737 3623 1843 3678 quo
1871 3608 2009 3663 dixit
2029 3611 2102 3681 (ei

525 3700 720 3770 quippe
748 3701 940 3754 falsum
966 3700 1098 3754 nihil
1125 3699 1336 3765 dicitur,
1366 3700 1485 3769 quia
1514 3714 1620 3754 non
1652 3699 1876 3766 fallitur;
1908 3717 1971 3756 ex
1988 3702 2103 3771 ejus

523 3806 617 3844 ore
645 3790 775 3844 nihil
803 3790 917 3844 falsi
959 3789 1227 3859 procedit,
1255 3789 1376 3858 quia
1404 3805 1506 3843 non
1549 3788 1822 3862 mentitur)
1852 3808 1864 3854 ;
1897 3806 2104 3860 qumra-

523 3895 641 3934 llltlS
679 3880 946 3950 quomodo
997 3879 1282 3948 capitulum
1324 3879 1683 3949 evangelicum
1728 3881 2099 3951 intelligamus,

521 3980 577 4024 et
607 3989 711 4025 non
750 3972 1056 4043 voraginem
1084 3971 1339 4026 mendacii
1365 3972 1515 4042 quasi
1539 3972 1746 4027 caelesti
1791 3973 2102 4030 auctoritate

521 4073 913 4117 construamus.
942 4063 1033 4117 Est
1053 4071 1227 4117 autem
1256 4063 1536 4118 absurdius
1563 4078 1805 4134 qurerere
1833 4079 2102 4133 exponere

529 4155 806 4209 veritatem
859 4165 914 4210 et
967 4155 1139 4210 locum
1184 4169 1480 4224 prmparare
1526 4154 1821 4209 mendacio.
1848 4155 1982 4222 Quid
2015 4171 2101 4212 me

519 4243 702 4309 doces,
734 4259 864 4314 rogo
892 4255 963 4311 te,
995 4245 1084 4314 qui
1105 4234 1511 4313 capitulum'hoc
1540 4245 1766 4322 exponis
1788 4245 2100 4316 mihi?quid

521 4351 607 4391 me
633 4337 712 4390 vis
739 4336 965 4390 docere?
989 4335 1180 4390 Nescio
1207 4345 1380 4390 utrum
1417 4336 1615 4392 audeas
1651 4337 1848 4404 dicere,
1873 4337 2098 4392 Falsita-

523 4437 649 4480 tem.
680 4425 810 4479 Nam
843 4427 885 4480 si
917 4442 1077 4481 ausus
1104 4426 1266 4482 fueris
1284 4427 1384 4482 hoc
1406 4427 1604 4493 dicere,
1630 4436 1812 4483 averto
1841 4443 2018 4493 aures,
2047 4438 2101 4484 et

517 4518 706 4571 obturo
723 4518 910 4587 Spinis,
937 4518 1054 4572 utsi
1077 4527 1346 4573 coarctare
1369 4519 1672 4586 tentaveris,
1691 4519 1849 4573 etiam
1874 4530 2100 4590 punctus

515 4609 798 4663 abscedam
821 4611 1020 4679 absque
1065 4610 1308 4679 exposito
1360 4611 1664 4679 Evangelio.
1695 4611 1786 4665 Dic
1813 4611 1941 4665 mihi
1971 4612 2096 4681 quid

517 4719 602 4757 me
629 4701 761 4756 velis
787 4702 1005 4768 docere,
1037 4711 1090 4756 et
1113 4701 1314 4755 solvisti
1341 4703 1707 4771 qumstioucm.
1739 4704 1850 4768 Dic,
1879 4719 1975 4759 oro
2005 4713 2054 4760 te
2080 4723 2094 4758 :

515 4808 643 4848 ecce
669 4792 893 4857 adsum;
938 4807 1094 4846 aures
1131 4801 1330 4861 patent,
1375 4808 1468 4847 cor
1513 4803 1752 4862 paratum
1790 4803 1891 4859 est,
1941 4795 2095 4850 doce.

517 4885 620 4939 Sed
644 4901 824 4955 qumro
866 4885 1028 4954 quid?
1076 4884 1189 4938 Non
1216 4899 1282 4939 eo
1311 4901 1403 4955 per
1447 4887 1631 4940 multa.
1681 4887 1816 4954 Quid
1845 4887 2097 4944 docturus

519 4978 611 5030 es?
649 4980 1045 5047 Quamcumque
1089 4976 1385 5032 doctrinam
1435 4977 1486 5032 in
1541 4979 1715 5034 medio
1754 4991 2093 5048 versnturus,

519 5067 773 5138 quidquid
804 5083 1084 5122 nervorum
1127 5068 1180 5121 in
1222 5067 1580 5140 disputatione
1610 5069 1963 5137 adhibiturus,
1995 5071 2096 5127 hoc

519 5160 688 5212 Sultttll
717 5157 822 5224 die,
851 5175 1012 5212 unum
1043 5157 1110 5212 de
1136 5157 1628 5230 duobusinterrogo
1659 5179 1672 5216 :
1702 5161 1984 5216 Veritatem
2010 5175 2097 5216 me

517 5249 768 5302 docturus
789 5263 867 5316 es.
896 5264 962 5301 an
982 5248 1297 5303 falsitatem?
1317 5249 1452 5316 Quid
1472 5259 1711 5318 putamus
1735 5266 1854 5304 cum
1877 5266 2098 5322 respon-

518 5355 724 5405 surum,
754 5357 818 5395 ne
847 5340 1134 5406 abscedat;
1166 5357 1233 5396 ne
1274 5341 1506 5396 hiantem
1532 5350 1586 5397 et
1611 5342 1768 5396 verba
1794 5343 2096 5412 exprimere

517 5447 796 5502 conantem
837 5439 1088 5493 continuo
1116 5438 1395 5493 deseram?
1423 5437 1545 5510 quid
1589 5439 1944 5508 promissurus
1984 5449 2092 5503 est,

519 5531 622 5586 nisi
652 5531 959 5586 veritatem?
1004 5532 1204 5600 Audio,
1252 5541 1370 5596 slo,
1415 5540 1695 5600 exspecto,
1742 5532 2095 5589 intentissime

521 5631 792 5691 exspecto.
827 5623 970 5678 Ecce
1008 5624 1097 5679 ille
1133 5625 1220 5694 qui
1255 5623 1593 5694 promitti-bat
1617 5639 1675 5678 se
1699 5623 1978 5678 ducturum
2009 5641 2095 5681 me

525 5714 821 5778 veritatem,
851 5712 914 5768 de
943 5713 1155 5769 Christo
1186 5713 1413 5767 ittsintlul
1469 5713 1769 5769 falsitatem.
1814 5712 2093 5782 Quomodo

1735 305 1790 360 S.
1831 300 2199 360 AUGUSTlNl
2242 299 2539 358 lil’lSG'JPl

3689 305 3790 363 740

2226 413 2384 483 igitur
2414 413 2688 468 veritatem
2716 411 2988 478 docturus,
3031 411 3298 470 Christum
3348 414 3660 474 mendaeem
3689 417 3798 474 dic-

2221 503 2405 559 turus?
2431 504 2485 559 Si
2507 504 2747 559 Christus
2775 506 3044 571 mentitur,
3063 505 3381 577 sperandum
3403 517 3485 563 est
3503 507 3634 564 mihi
3658 510 3799 582 quod

2220 603 2275 649 tu
2301 593 2428 648 mihi
2459 610 2640 649 verum
2667 594 2904 650 dicturus
2927 595 3024 651 es?

2288 685 2342 739 6.
2376 683 2457 738 Ea:
2495 686 2603 758 ipsa
2644 684 2906 758 Evangelii
2942 688 3145 740 veritate
3186 687 3412 743 Christus
3455 706 3488 742 a
3529 691 3793 746 mendacio

2217 776 2521 830 vindicatus.
2585 777 2718 832 Vide
2779 778 2939 833 aliud.
2997 779 3133 848 Quid
3191 780 3354 835 dicit?
3409 781 3659 838 Mentitus
3717 797 3798 840 est

2216 866 2482 922 Christus.
2526 867 2661 934 Ubi,
2704 883 2833 939 rogo
2870 870 2959 924 te?
2989 869 3087 925 Ubi
3125 869 3258 924 dixit
3281 912 3294 933 ,
3330 869 3449 926 Non
3481 874 3702 927 ascendo
3731 875 3796 926 ad

2218 957 2351 1010 diem
2383 960 2583 1028 festum,
2615 968 2666 1011 et
2697 959 2954 1013 ascendit.
2981 960 3091 1029 Ego
3119 959 3330 1030 quidem
3358 965 3680 1032 perscrutari
3707 981 3796 1021 ve-

2217 1046 2308 1101 lim
2335 1048 2492 1102 istum
2519 1050 2692 1103 locmu
2716 1092 2728 1113 ,
2767 1065 2833 1105 ne
2861 1049 2998 1104 forte
3025 1065 3130 1105 non
3157 1051 3225 1106 sit
3249 1050 3492 1107 Christus
3518 1056 3793 1110 mentitus.

2217 1137 2329 1193 lmo
2368 1139 2489 1208 quia
2526 1155 2632 1194 non
2664 1139 2848 1195 dubito
2886 1141 3152 1196 Christum
3193 1157 3300 1196 non
3328 1157 3448 1198 esse
3478 1145 3793 1211 mentitum,

2217 1231 2392 1286 locum
2423 1233 2581 1286 istum
2609 1243 2699 1287 aut
2727 1235 3102 1302 perscrutabor
3129 1243 3184 1290 et
3213 1235 3500 1306 intelligam
3521 1276 3537 1301 ,
3569 1247 3664 1292 aut
3692 1252 3797 1294 non

2215 1320 2511 1390 intelligens
2538 1321 2799 1377 differam.
2830 1323 3102 1379 Christum
3147 1333 3322 1379 tamen
3356 1326 3637 1381 mentitum
3677 1343 3797 1384 esse

2214 1426 2321 1465 non
2342 1411 2535 1466 dicam.
2575 1412 2679 1468 Fac
2710 1429 2795 1467 me
2834 1429 2939 1468 non
2979 1415 3348 1471 intellexisse:
3385 1415 3659 1482 discedam
3701 1434 3798 1474 ne-

2212 1503 2409 1558 sciens.
2447 1503 2633 1559 Melius
2665 1513 2748 1559 est
2783 1506 2925 1560 enim
2962 1521 3084 1560 cum
3129 1507 3323 1577 pietate
3361 1508 3602 1576 nescire,
3635 1525 3797 1580 quam

2211 1610 2333 1650 cum
2358 1595 2558 1650 insania
2577 1596 2836 1666 judicare.
2867 1597 3070 1653 Tamen
3099 1608 3364 1654 tentamus
3393 1599 3695 1668 discutere,
3729 1616 3798 1656 ne

2212 1685 2349 1742 forte
2365 1688 2455 1741 illo
2477 1687 2757 1758 adjuvante
2773 1689 2862 1760 qui
2881 1689 3089 1744 Veritas
3104 1698 3205 1757 est,
3219 1690 3416 1760 aliquid
3438 1691 3793 1757 inveniamus,

2209 1779 2409 1850 aliquid
2438 1789 2493 1835 et
2520 1781 2884 1848 inveniamur,
2923 1790 2978 1836 et
3015 1781 3187 1850 ipsum
3217 1782 3417 1852 aliquid
3452 1799 3560 1860 non
3599 1785 3706 1838 erit
3743 1785 3796 1838 in

2209 1871 2431 1926 veritate
2468 1873 2822 1928 mendacium.
2863 1873 2993 1927 Nam
3023 1874 3064 1927 si
3092 1874 3379 1944 quiet-endo
3399 1917 3414 1941 ,
3456 1875 3798 1931 mendacium

2210 1963 2443 2030 invenio;
2472 1981 2577 2020 non
2605 1965 2804 2035 aliquid
2823 2006 2836 2030 ,
2867 1966 2958 2021 sed
2990 1967 3119 2020 nihil
3151 1965 3383 2022 invenio.
3416 1967 3556 2038 Ergo
3580 1984 3798 2039 qn:ch-

2209 2072 2328 2111 tnus
2362 2056 2452 2111 ubi
2495 2055 2626 2111 dicis
2659 2056 2930 2111 Christum
2971 2073 3090 2112 esse
3129 2059 3426 2113 mentitum.
3459 2058 3593 2126 Quia
3621 2058 3797 2126 dixit,

2212 2145 2400 2216 inquit,
2428 2145 2546 2200 Non
2575 2149 2792 2200 ascendo
2812 2147 2880 2200 ad
2901 2147 3033 2201 diem
3053 2147 3257 2218 festum,
3282 2155 3336 2203 et
3357 2147 3613 2202 ascendit.
3644 2148 3800 2205 Unde

2207 2237 2314 2294 scis
2341 2253 2463 2293 eum
2488 2237 2723 2294 dixisse?
2749 2238 2885 2306 Quid
2910 2280 2925 2306 ,
2955 2238 3001 2295 si
3035 2254 3134 2309 ego
3158 2239 3329 2294 dicam
3354 2281 3368 2305 ,
3399 2240 3504 2295 imo
3525 2255 3632 2295 non
3656 2256 3760 2311 ego
3780 2283 3796 2307 ,

2207 2331 2304 2387 sed
2331 2332 2554 2402 aliquis;
2585 2331 2722 2384 absit
2749 2331 2891 2385 enim
2937 2340 2994 2386 ut
3033 2330 3134 2386 hoc
3172 2346 3270 2400 ego
3310 2331 3482 2386 dicam
3513 2350 3528 2387 :
3559 2332 3717 2402 quid,
3749 2334 3798 2386 si

2208 2421 2352 2477 dicat
2379 2421 2543 2488 alius,
2568 2421 2679 2476 Hoc
2708 2421 2952 2477 Christus
2983 2439 3088 2476 non
3116 2422 3280 2478 dixit?
3311 2423 3450 2478 unde
3478 2422 3754 2479 convincis
3783 2467 3796 2490 ,

2210 2513 2350 2568 unde
2388 2512 2702 2584 probaturus
2744 2514 2842 2568 es?
2879 2514 3129 2569 Codicem
3156 2524 3437 2586 aperturus
3460 2557 3476 2582 ,
3505 2517 3797 2572 lectionem

2211 2605 2543 2672 inventurus,
2575 2604 2777 2660 homini
2806 2605 3282 2668 demonstraturus,
3317 2607 3422 2662 imo
3450 2622 3569 2663 cum
3598 2624 3796 2680 magna

2213 2695 2404 2750 ﬁducia
2431 2696 2658 2765 pectoris
2680 2696 2945 2750 resistenti
2968 2696 3203 2752 codicem
3226 2697 3552 2768 impacturus
3579 2717 3592 2752 :
3617 2699 3660 2753 Τ
3665 2715 3794 2766 ene,

2207 2788 2444 2853 attende,
2473 2789 2608 2858 lege,
2632 2788 2975 2858 Evangelium
2998 2799 3199 2862 portas.
3222 2790 3358 2858 Quid
3379 2806 3526 2862 ergo,
3556 2809 3688 2864 rogo
3716 2803 3796 2857 te,

2208 2878 2333 2949 quid
2358 2879 2645 2934 conturbas
2666 2879 2932 2950 paululum
2959 2879 3061 2953 (a)?
3080 2880 3195 2936 Noli
3220 2897 3427 2953 urgere,
3450 2882 3534 2937 dic
3556 2883 3795 2953 planius,

2209 2969 2559 3038 tranquillius.
2589 2968 2728 3025 Ecce
2766 2969 3115 3040 Evangelium
3155 2981 3342 3041 porto,
3378 2981 3432 3026 et
3468 2973 3596 3044 quid
3625 2974 3799 3028 hinc?

2207 3061 2302 3116 Ille
2332 3080 2344 3116 :
2380 3061 2722 3132 Evangelium
2751 3061 2981 3133 loquitur
3009 3062 3274 3118 Christqu
3297 3063 3495 3120 dixisse
3522 3067 3665 3135 quod
3699 3083 3799 3122 ne-

2205 3167 2321 3224 gas.
2353 3153 2419 3207 Et
2446 3152 2566 3208 ideo
2590 3153 2778 3208 credes
2800 3152 2900 3207 hoc
2919 3152 3118 3208 dixisse
3147 3152 3436 3222 Christum,
3469 3156 3590 3225 quia
3615 3156 3798 3226 loqui-

2210 3254 2293 3300 tur
2321 3245 2690 3316 Evangelium?
2718 3244 2843 3299 ideo
2864 3246 3039 3315 plane,
3074 3245 3264 3316 inquit.
3293 3247 3403 3317 Ego
3431 3247 3658 3302 multum
3690 3252 3800 3302 mi-

2207 3350 2320 3403 ror,
2347 3334 2611 3404 quomodo
2638 3335 2784 3390 dicas
2806 3336 3019 3390 mentiri
3048 3335 3319 3391 Christum
3345 3346 3398 3392 et
3430 3353 3533 3392 non
3572 3339 3798 3393 mentiri

2207 3425 2576 3495 Evangelium.
2598 3425 2702 3481 Sed
2723 3440 2791 3480 ne
2820 3425 2975 3491 forte,
3007 3442 3127 3480 cum
3153 3427 3271 3481 dico
3300 3427 3664 3497 Evangeliutn,
3694 3445 3797 3484 co-

2204 3515 2376 3570 dicem
2402 3514 2664 3580 attendas,
2693 3515 3055 3569 membranam
3102 3525 3156 3571 et
3192 3528 3543 3572 atramentum
3582 3519 3798 3588 cogitas

2206 3606 2547 3677 Evangelium
2570 3647 2584 3671 ,
2617 3606 2739 3678 quid
2767 3606 2908 3660 dicat
2933 3606 3052 3661 vide
3082 3623 3311 3678 graecum
3343 3624 3534 3664 nomen
3568 3628 3580 3662 :
3611 3611 3797 3665 Evan-

2204 3697 2398 3769 gelium
2427 3707 2508 3752 est
2534 3696 2703 3752 bonus
2722 3697 2956 3763 nuntius,
2983 3698 3066 3750 vel
3099 3697 3232 3751 bona
3254 3699 3605 3753 annuntiatio.
3633 3699 3792 3754 Nun-

2205 3789 2308 3842 tius
2334 3803 2460 3858 ergo
2482 3802 2585 3841 non
2610 3788 2884 3852 mentitur,
2915 3798 2968 3841 et
2995 3787 3083 3857 qui
3114 3804 3235 3842 cum
3268 3789 3447 3854 misit,
3489 3789 3795 3844 mentitur?

2205 3880 2308 3935 Iste
2332 3880 2565 3944 nuntius,
2599 3878 2932 3950 Evangelista
2961 3881 3181 3946 scilicet,
3207 3893 3264 3936 ut
3290 3899 3480 3938 nomen
3508 3885 3673 3938 etiam
3703 3886 3793 3942 di-

2203 3987 2425 4038 camus,
2476 3972 2574 4026 iste
2614 3971 2846 4026 Joannes
2889 3971 2977 4041 qui
3023 3972 3122 4027 hoe
3163 3974 3411 4044 scripsit,
3457 3974 3522 4030 de
3569 3973 3798 4031 Christo

2205 4064 2458 4118 mentitus
2483 4073 2584 4128 est,
2609 4078 2674 4117 an
2704 4079 2884 4117 verum
2912 4062 3080 4117 dixit?
3104 4064 3250 4134 Elige
3279 4065 3418 4134 quod
3453 4065 3552 4132 vis,
3583 4082 3691 4136 ego
3722 4068 3794 4121 ad

2205 4163 2488 4224 utrumque
2512 4163 2567 4209 te
2593 4153 2778 4210 audire
2800 4164 3012 4224 paratus
3033 4171 3171 4210 sum.
3198 4155 3252 4211 Si
3279 4139 3652 4225 mentitus'est,
3679 4176 3796 4214 non

2206 4257 2288 4301 est
2313 4247 2452 4300 ttnde
2481 4246 2672 4316 probes
2697 4245 2962 4300 Christum
2993 4247 3078 4301 illa
3100 4247 3313 4303 dixisse.
3344 4247 3398 4304 Si
3423 4265 3600 4304 verum
3626 4252 3793 4318 dixit,

2204 4338 2270 4392 de
2312 4338 2456 4392 fonte
2498 4336 2739 4392 falsitatis
2788 4337 2980 4391 veritas
3018 4353 3124 4391 non
3165 4335 3300 4392 ﬂuit.
3342 4338 3471 4405 Quis
3499 4349 3582 4393 cst
3621 4339 3799 4395 fons?

2205 4429 2446 4485 Christus
2477 4447 2490 4484 :
2515 4429 2713 4483 rivulus
2738 4428 2806 4484 sit
2827 4429 3076 4486 Joannes.
3103 4430 3259 4486 Venit
3284 4431 3350 4486 ad
3372 4448 3456 4486 me
3477 4432 3709 4500 rivulus,
3736 4445 3799 4490 ct

2204 4521 2336 4576 dicis
2373 4521 2500 4576 tuihi
2523 4563 2538 4587 ,
2567 4521 2696 4576 Bibe
2726 4536 2947 4578 securus
2981 4541 2992 4575 :
3024 4531 3080 4577 et
3113 4539 3234 4578 cum
3261 4523 3327 4578 de
3364 4525 3476 4594 ipso
3511 4524 3658 4581 fonte
3706 4545 3803 4583 me

2207 4621 2429 4678 terreas,
2452 4627 2571 4665 cum
2601 4613 2651 4665 in
2679 4613 2821 4665 fonte
2842 4628 2960 4666 esse
2981 4613 3259 4668 falsitatem
3283 4614 3598 4680 dicas,dicis
3627 4619 3797 4685 mihi,

2205 4703 2333 4757 Bibe
2369 4719 2608 4757 securus.
2635 4702 2769 4770 Quid
2799 4701 2963 4756 bibo?
2999 4703 3134 4772 Quid
3165 4704 3296 4758 dixit
3323 4705 3595 4761 Joannes?
3622 4707 3800 4763 Chri-

2203 4803 2344 4849 stum
2373 4807 2492 4847 cssc
2523 4793 2834 4846 mentitum?
2853 4791 3003 4847 Unde
3025 4793 3169 4846 venit
3190 4793 3456 4848 Joannes?
3477 4797 3518 4848 Α
3544 4796 3790 4852 Christo.

2204 4885 2341 4940 Vera
2370 4885 2498 4939 mihi
2521 4885 2758 4939 dicturus
2779 4885 2967 4954 estqui
2997 4885 3063 4939 ab
3097 4885 3186 4939 illo
3208 4887 3366 4947 venit.
3401 4903 3521 4942 cum
3554 4891 3787 4944 mentie.

2201 4975 2357 5029 batur
2399 4975 2488 5029 ille
2535 4990 2563 5028 a
2611 4989 2718 5045 quo
2761 4975 2942 5028 venit?
2985 4973 3110 5046 Legi
3161 4976 3313 5044 plane
3360 4977 3409 5029 in
3458 4977 3801 5049 Evangelia,

2200 5065 2426 5121 Joannes
2453 5084 2602 5139 super
2629 5076 2801 5138 pectus
2833 5067 3037 5122 Domini
3069 5069 3405 5123 discumbebat
3438 5068 3619 5143 (Joau.
3655 5088 3763 5128 ιιι]
3783 5114 3803 5140 ,

2199 5158 2293 5231 23)
2326 5176 2339 5214 :
2368 5158 2461 5214 sed
2486 5167 2611 5229 puto
2631 5159 2751 5229 quia
2770 5160 3046 5216 veritatem
3067 5160 3296 5216 bibebat.
3318 5161 3451 5230 Quid
3472 5163 3601 5216 vidit
3621 5178 3805 5236 super

2203 5257 2386 5319 pectus
2423 5249 2630 5303 Domini
2670 5249 3046 5307 discumbens?
3085 5251 3218 5320 Quid
3265 5253 3432 5308 bibit?
3473 5255 3632 5323 quid,
3689 5257 3810 5314 nisi

2201 5339 2342 5410 quod
2368 5341 2668 5395 ructuavit?
2698 5339 2763 5394 In
2789 5343 3035 5412 principio
3069 5353 3174 5397 erat
3204 5342 3445 5410 Verbum,
3475 5355 3522 5397 et
3566 5343 3809 5401 Verbum

2201 5441 2306 5486 emt
2345 5433 2484 5502 apud
2520 5431 2677 5486 Deum
2697 5473 2712 5498 ,
2751 5441 2795 5486 et
2835 5431 2972 5488 Deus
3008 5446 3113 5488 erat
3159 5435 3370 5490 Verbum
3402 5453 3432 5508 ,ε
3465 5437 3561 5490 Ιεοε
3588 5447 3709 5490 erat
3749 5439 3811 5494 in

2207 5523 2458 5592 principio
2506 5522 2646 5590 apud
2693 5521 2873 5577 Deum.
2925 5524 3106 5578 Omnia
3141 5543 3228 5594 per
3262 5527 3422 5595 ipsum
3465 5531 3603 5598 facta
3641 5541 3808 5597 sum,

2202 5623 2248 5667 ct
2277 5614 2384 5667 sine
2409 5614 2518 5684 ipso
2536 5617 2723 5684 factum
2749 5623 2818 5668 cst
2848 5617 2990 5672 nihil.
3015 5618 3164 5685 Quod
3192 5621 3378 5691 {tutum
3403 5607 3493 5685 est,
3520 5620 3571 5674 in
3594 5637 3656 5674 co
3696 5625 3814 5678 rita

2266 5725 2339 5790 (tt)
2375 5733 2532 5787 Forte,
2557 5724 2825 5791 penatium.
