4098 6310
336 247 427 301 ut

319 382 414 438 est.
450 382 499 428 et
528 374 628 429 vita
658 383 765 429 erat
794 370 885 427 lux
911 370 1203 436 hominum,
1235 378 1277 421 et
1299 368 1389 421 tua:
1417 366 1468 420 in
1502 363 1713 420 tenebris
1750 363 1877 417 lucet
1897 402 1912 427 ,

318 476 365 518 ct
405 468 624 520 tenebra:
642 482 751 520 eam
772 481 873 519 non
897 461 1377 533 comprehenderunt
1417 476 1434 512 :
1472 468 1647 513 tamen
1670 458 1841 521 lucet,
1864 463 1919 508 et

318 558 361 609 si
394 572 496 626 ego
519 556 654 611 forte
683 556 1021 610 obscuritatis
1065 551 1259 621 aliquid
1298 550 1500 613 habeo,
1539 564 1637 602 nec
1672 560 1918 616 compre-

321 647 569 702 hendere
609 647 673 701 ad
702 646 993 716 perfectum
1031 644 1265 707 valeam,
1296 642 1383 695 illa
1417 640 1565 693 lucet.
1610 638 1731 691 Fuit
1767 638 1916 690 homo

320 738 513 791 missus
539 756 571 791 a
602 737 708 792 Deo
730 779 744 803 ,
792 738 874 790 cui
912 752 1091 790 nomen
1135 744 1240 787 erat
1277 732 1500 786 Joannes
1534 747 1551 784 :
1580 731 1658 783 hic
1692 729 1821 782 venit
1865 738 1917 780 ut

323 831 670 883 testimoniu'n
709 828 985 899 per/liberet
1027 827 1081 879 ιιι
1132 826 1346 886 lumine,
1375 835 1427 876 ut
1456 840 1624 876 omnes
1664 820 1917 875 crederent

327 936 416 988 per
441 921 630 990 ipsum.
658 917 777 971 Non
808 928 912 971 erat
936 917 1021 971 ille
1045 916 1210 971 lumen
1242 932 1259 969 :
1287 915 1439 984 quis?
1460 914 1689 969 Joannes
1719 929 1731 976 ;
1763 908 1918 980 quis?

327 1009 565 1065 Joannes
592 1011 841 1079 Baptista.
874 1009 946 1063 De
975 1008 1088 1077 ipso
1114 1008 1254 1060 enim
1288 1006 1414 1059 dicit
1438 1006 1668 1058 Joannes
1696 1017 1920 1072 evange-

331 1099 473 1165 lista,
500 1098 618 1152 Non
645 1108 751 1152 erat
778 1099 864 1152 ille
890 1098 1057 1151 lunten
1077 1114 1094 1150 :
1112 1098 1176 1151 de
1209 1112 1313 1166 quo
1339 1096 1466 1149 dicit
1499 1095 1770 1158 Dominus,
1792 1092 1919 1146 Erat

332 1192 543 1244 lucerna
573 1192 755 1244 ardens
778 1200 825 1244 et
856 1191 1024 1264 lucens
1061 1187 1239 1256 (Joan.
1267 1204 1316 1249 v,
1338 1188 1465 1255 .53).
1502 1186 1604 1240 Sed
1632 1186 1841 1240 lucerna
1868 1192 1921 1238 et

334 1283 555 1337 accendi
591 1292 642 1338 et
666 1282 928 1352 exstingui
966 1290 1157 1351 potest.
1189 1279 1323 1347 Quid
1360 1279 1525 1349 ergo?
1563 1277 1700 1331 unde
1730 1276 1917 1330 distin-

334 1374 492 1443 guis?
513 1374 586 1429 De
603 1388 707 1443 quo
730 1374 847 1426 loco
867 1372 1060 1443 quieris
1075 1370 1148 1443 (a)
1166 1371 1187 1423 ?
1207 1370 1302 1424 Cui
1335 1371 1539 1423 lucerna
1564 1368 1921 1422 testimonium

338 1464 684 1533 perhibebat,
727 1473 831 1516 erat
875 1462 1043 1516 lumen
1077 1477 1265 1515 verum.
1312 1462 1407 1515 Ubi
1452 1460 1653 1513 addidit
1690 1459 1923 1514 Jomnes

337 1572 540 1621 verum,
580 1556 646 1610 ibi
686 1565 739 1609 tu
766 1555 959 1625 quaeris
990 1553 1342 1609 mendacium.
1372 1553 1558 1607 Adhuc
1592 1552 1713 1607 audi
1749 1552 1920 1621 ipsum

336 1646 601 1702 Joannem
641 1647 1018 1717 evangelistam
1056 1655 1387 1701 ructuantcm
1414 1645 1554 1715 quod
1582 1644 1825 1699 biberat:
1856 1642 1924 1697 Et

337 1738 562 1792 vidimus
586 1782 600 1805 ,
630 1739 833 1808 inquit,
860 1739 1078 1809 gloriam
1109 1741 1236 1806 eius.
1262 1738 1396 1805 Quid
1430 1738 1595 1792 vidit?
1626 1752 1782 1808 quam
1808 1737 1922 1807 glo‘

340 1833 477 1886 riam
500 1832 650 1886 vidit?
668 1831 895 1885 Gloriam
917 1841 1157 1901 tanquam
1193 1831 1446 1901 Unigenili
1467 1848 1497 1883 a
1522 1830 1697 1898 Patre,
1722 1830 1925 1901 plenum

340 1923 510 1992 gratia
552 1933 597 1975 et
634 1924 840 1978 veritate
877 1922 986 1997 (Id.
1015 1940 1064 1987 ι,
1102 1924 1275 1995 LM).
1309 1923 1438 1978 Vide
1478 1924 1665 1992 igitur,
1698 1922 1819 1977 vide
1860 1937 1928 1977 ne

344 2012 484 2068 forte
514 2013 801 2068 debeamus
828 2014 1212 2084 disputationes
1242 2014 1480 2068 inlirmas
1506 2014 1587 2068 vel
1620 2011 1928 2067 temerarias

343 2104 602 2159 cohibere
625 2147 639 2169 ,
668 2104 810 2159 etde
839 2106 1061 2161 veritate
1101 2105 1230 2160 nihil
1261 2106 1378 2159 falsi
1417 2120 1766 2175 praesumere,
1801 2103 1929 2159 dare

347 2197 575 2251 Domino
598 2198 737 2266 quod
766 2199 989 2254 debetur
1012 2218 1024 2253 :
1050 2199 1180 2254 fonti
1206 2200 1428 2268 gloriam
1451 2200 1657 2261 demus,
1682 2207 1739 2251 ut
1758 2196 1931 2252 securi

345 2287 687 2355 iinpleamur.
734 2288 871 2343 Deus
909 2299 1076 2343 autem
1121 2306 1274 2344 verum
1315 2306 1333 2343 :
1375 2291 1538 2344 omnis
1581 2298 1746 2343 autem
1785 2288 1931 2342 homo

348 2379 571 2431 mendax
598 2378 770 2448 (Rom.
800 2397 876 2445 ιιι,
910 2381 989 2452 4).
1022 2382 1157 2448 Quid
1185 2382 1421 2437 esthoc?
1447 2384 1583 2437 Deus
1606 2382 1796 2452 plenus
1817 2388 1930 2435 est:

350 2470 527 2523 omnis
557 2469 719 2525 homo
746 2471 918 2526 inanis
945 2482 1027 2527 est
1058 2492 1070 2522 :
1100 2474 1145 2527 si
1186 2473 1294 2527 vult
1338 2473 1581 2541 impleri,
1613 2472 1828 2525 accedat
1868 2469 1935 2523 ad

351 2560 590 2628 plenum.
606 2560 837 2615 Accedite
858 2563 924 2615 ad
944 2580 1076 2628 eum,
1096 2574 1141 2617 et
1164 2564 1522 2618 illuminumini
1541 2561 1713 2629 (Psal.
1736 2576 1931 2626 xxxiii,

352 2650 431 2720 6).
462 2650 631 2705 Porro
662 2652 704 2705 si
733 2651 891 2707 homo
937 2654 1108 2708 inanis
1151 2663 1260 2717 est,
1304 2654 1424 2723 quia
1466 2652 1693 2706 mendax
1736 2660 1850 2717 est,
1885 2660 1939 2704 et

352 2742 547 2809 quaerit
581 2741 818 2811 impleri,
857 2754 909 2798 et
949 2760 1072 2798 cum
1114 2745 1452 2798 festinatione
1490 2754 1647 2812 atque
1689 2742 1939 2795 aviditate

353 2831 519 2885 currit
538 2833 604 2886 ad
628 2834 846 2899 fontem,
877 2836 1085 2906 impleri
1108 2837 1247 2901 vult,
1271 2837 1441 2890 inanis
1462 2846 1560 2889 est.
1581 2834 1684 2890 Sed
1711 2844 1762 2887 tu
1785 2834 1937 2897 dicis,

353 2920 500 2976 Cave
534 2922 769 2990 fontem,
811 2937 895 2981 est
933 2927 1002 2981 ibi
1055 2928 1412 2983 mendacium.
1445 2928 1582 2996 Quid
1624 2926 1769 2982 aliud
1809 2925 1941 2979 dicis

354 3033 513 3088 qnam
536 3059 551 3084 ,
584 3019 675 3073 Est
702 3019 771 3074 ibi
802 3020 1102 3076 venenum?

450 3112 502 3163 7.
587 3111 785 3166 Salutio
859 3114 1166 3184 quaestionis.
1238 3113 1353 3169 Jam
1386 3155 1402 3179 ,
1474 3114 1686 3183 inquit,
1766 3112 1943 3166 omnia

358 3199 587 3265 dixisti,
644 3203 754 3274 jam
817 3220 905 3259 me
955 3203 1236 3259 cohibuiin
1270 3246 1287 3271 ,
1336 3205 1448 3275 jam
1500 3204 1790 3275 castigasti.
1849 3203 1946 3256 Die

360 3293 489 3348 mihi
542 3295 810 3364 quomodo
859 3311 961 3349 non
1010 3297 1080 3351 sit
1129 3297 1414 3362 mentitus,
1468 3297 1557 3368 qui
1603 3296 1773 3364 dixit,
1825 3294 1947 3348 Non

360 3385 621 3451 ascendo,
673 3394 727 3441 et
771 3387 1048 3441 ascendit?
1098 3388 1277 3442 Dicam
1307 3429 1322 3453 ,
1375 3388 1421 3442 si
1470 3398 1655 3457 potero
1701 3404 1714 3441 :
1760 3402 1945 3456 parum

362 3476 457 3530 tibi
510 3464 770 3542 nou‘sit,
818 3480 942 3549 quia
989 3479 1091 3534 etsi
1138 3494 1243 3534 non
1304 3489 1354 3534 te
1401 3479 1649 3533 constitui
1706 3478 1757 3531 in
1803 3477 1946 3531 veri-

364 3578 511 3635 tate,
560 3571 804 3638 prohibui
847 3580 1025 3626 tamen
1067 3587 1097 3625 a
1138 3572 1458 3626 temeritate.
1505 3571 1684 3625 Dicam
1728 3578 1947 3636 tamen,

363 3660 506 3729 quod
530 3668 585 3715 et
610 3670 663 3715 tu
681 3661 815 3730 jam,
844 3662 888 3717 si
917 3663 1203 3717 meministi
1233 3662 1391 3716 verba
1413 3676 1530 3731 qua:
1555 3660 1943 3725 commendavi,

364 3760 498 3821 puto
524 3753 645 3823 quia
673 3755 970 3824 cognoscis.
1002 3755 1118 3825 Ipsa
1149 3755 1307 3809 verba
1335 3754 1548 3808 solvunt
1575 3754 1945 3823 quaestionem.

364 3844 545 3899 Multis
567 3845 753 3901 diebus
781 3846 1038 3917 agebatur
1064 3847 1152 3901 ille
1180 3846 1295 3901 dies
1317 3846 1502 3899 festus.
1534 3846 1615 3898 Ad
1644 3846 1815 3911 istum,
1843 3846 1947 3899 uti-

367 3950 474 4005 que
515 3936 825 3991 hodiernum
867 3938 1033 4003 diem,
1075 3938 1274 4007 inquit,
1319 3938 1534 4007 festum,
1576 3937 1733 3991 istum
1772 3935 1951 4005 utique

369 4030 689 4086 hodiernum
724 4030 937 4100 quando
960 4031 1032 4084 illi
1060 4031 1380 4099 Sperabam,
1420 4047 1524 4085 non
1559 4030 1825 4095 ascendit;
1856 4031 1949 4085 sed

370 4122 585 4193 quando
615 4122 727 4192 ipse
751 4122 1087 4192 disponebat.
1116 4123 1347 4193 Denique
1368 4123 1580 4178 attende
1606 4124 1745 4194 quod
1776 4125 1953 4194 sequi-

370 4224 460 4270 tur
488 4233 501 4268 :
536 4214 663 4269 Ηιεε
690 4231 804 4267 cum
836 4214 1072 4279 dixisset,
1100 4215 1207 4285 ipse
1240 4217 1422 4269 mansit
1463 4217 1514 4270 in
1551 4215 1784 4271 Galiltea.
1813 4217 1952 4285 Ergo

375 4322 483 4362 non
522 4305 763 4361 ascendit
802 4307 869 4359 ad
910 4307 1061 4361 istum
1100 4307 1231 4360 diem
1268 4309 1470 4378 festum.
1510 4307 1773 4362 Volebam
1807 4308 1950 4362 enim

374 4400 569 4454 fratres
612 4400 763 4467 ejus,
806 4407 862 4452 ut
902 4399 1014 4467 ipse
1054 4399 1198 4467 prior
1233 4399 1368 4462 iret;
1412 4398 1531 4453 ideo
1566 4398 1640 4452 illi
1671 4398 1948 4464 dixerant,

378 4491 562 4545 Transi
595 4491 711 4545 hinc
745 4492 795 4544 in
825 4488 1081 4543 Iudaeam.
1111 4489 1223 4544 Non
1261 4489 1535 4556 dixerant,
1567 4489 1949 4555 Transeamus,

375 4582 525 4651 quasi
544 4582 764 4635 comites
782 4580 896 4649 ejus
917 4579 1071 4635 futuri
1092 4597 1106 4644 ;
1129 4589 1238 4645 aut,
1257 4580 1490 4650 Sequere
1509 4595 1605 4634 nos
1623 4580 1674 4634 in
1692 4579 1952 4645 Judaaam,

378 4682 625 4742 tanquam
656 4672 859 4741 priores
886 4671 1037 4736 ituri;
1066 4670 1159 4725 sed
1188 4682 1434 4741 tanquam
1467 4671 1812 4741 prmmissuri.
1845 4672 1957 4726 Hoc

376 4763 465 4816 ille
496 4762 684 4825 voluit,
715 4771 770 4816 ut
800 4761 873 4815 illi
900 4761 1261 4829 przecederent
1290 4780 1305 4817 :
1331 4761 1432 4816 hoc
1462 4763 1665 4829 vitavit,
1687 4778 1957 4818 commen-

375 4855 508 4909 dans
549 4854 779 4908 hominis
823 4854 1224 4918 inlirmitatem,
1271 4856 1542 4910 occultans
1585 4856 1954 4924 divinitatem;

378 4944 481 4998 hoc
518 4944 737 5011 vitavit,
769 4944 907 4999 sicut
933 4959 1053 4999 cum
1094 4945 1144 4998 in
1173 4943 1458 5017 Egyptum
1485 4945 1617 5015 fugit
1652 4946 1861 5017 (Matth.
1889 4962 1955 5013 ιι,

380 5035 490 5104 14).
517 5033 634 5089 Νοιι
659 5034 799 5088 enim
830 5043 945 5089 erat
964 5035 1288 5105 impotentia:
1318 5054 1332 5089 :
1365 5036 1458 5092 sed
1483 5045 1537 5091 et
1556 5037 1659 5091 hoc
1683 5038 1921 5092 veritatis
1939 5079 1956 5105 ,

380 5134 436 5178 ut
462 5124 616 5179 daret
634 5126 934 5195 exemplum
955 5126 1180 5180 cavendi
1205 5143 1218 5179 :
1246 5141 1313 5181 ne
1330 5128 1607 5196 quisquam
1636 5141 1821 5182 servus
1846 5128 1960 5197 ejus

378 5214 601 5281 diceret,
631 5214 745 5268 Non
770 5216 910 5285 fugio
929 5258 943 5283 ,
969 5217 1090 5286 quia
1124 5225 1273 5286 turpe
1298 5226 1408 5282 est;
1438 5232 1559 5271 cum
1586 5216 1720 5272 forte
1745 5218 1959 5287 expedi-

380 5317 463 5361 ret
490 5316 547 5361 ut
571 5310 792 5378 fugeret.
826 5308 1074 5363 Dicturus
1103 5310 1233 5374 suis,
1256 5306 1382 5365 Cum
1402 5325 1488 5364 vos
1513 5312 1757 5381 persecuti
1777 5312 1962 5381 fuerint

379 5399 431 5452 in
467 5400 560 5452 hac
593 5400 824 5466 civitate,
859 5401 1017 5471 fugite
1054 5402 1108 5455 in
1144 5402 1298 5455 aliaat
1330 5400 1442 5470 (Id.
1474 5418 1531 5470 Χ,
1559 5403 1688 5472 25);
1720 5401 1821 5458 hoc
1850 5403 1961 5473 ipse

381 5492 685 5561 exemplum
719 5493 960 5562 prurbuit.
998 5493 1131 5549 Nam
1171 5495 1383 5565 quando
1427 5495 1623 5561 voluit,
1666 5496 1962 5565 prehensus

385 5589 498 5647 est;
539 5584 750 5651 quando
796 5585 990 5652 voluit,
1035 5594 1190 5641 natas
1237 5596 1340 5642 est.
1395 5587 1508 5641 Hoc
1552 5603 1717 5657 ergo,
1768 5602 1834 5641 ne
1885 5588 1960 5643 illi

440 5695 517 5756 (α)
533 5698 711 5747 Bened.
738 5698 899 5749 ferunt
919 5699 996 5749 hic
1017 5699 1075 5749 ad
1096 5700 1381 5766 marginem,
1409 5699 1539 5751 locus
1560 5700 1827 5752 mendosus.
1900 5708 1957 5750 tu.

1706 240 1935 301 SER-MO
1970 239 2256 300 CXXXIV.

3498 247 3605 304 742

2029 362 2426 430 praevenirent,
2480 371 2533 417 et
2584 377 2703 416 eum
2750 371 3027 417 venturum
3083 376 3201 416 esse
3251 354 3603 426 nuntiarent,

2025 463 2078 507 et
2134 464 2557 523 praepararentur
2604 454 2807 508 insidim
2859 472 2872 507 :
2927 452 3047 507 Non
3094 453 3345 521 ascendo,
3392 454 3604 525 inquit,

2025 543 2093 597 ad
2131 542 2261 597 diem
2303 548 2505 615 festum.
2549 543 2691 599 Dixit
2739 561 2751 598 :
2796 542 2919 598 Non
2966 545 3212 611 ascendo,
3263 554 3320 599 ut
3366 546 3606 601 occulta-

2025 644 2174 689 retur
2199 652 2212 688 :
2236 634 2440 690 addidit
2473 635 2623 689 istum
2644 676 2658 703 ,
2697 651 2763 690 ne
2798 636 3130 691 mentiretur.
3156 637 3363 707 Aliquid
3393 639 3607 702 intulit,

2025 729 2231 799 aliquid
2272 730 2523 796 abstulit,
2566 730 2762 800 aliquid
2806 729 3009 785 distulit
3049 748 3062 783 :
3096 730 3225 785 nihil
3268 740 3445 786 tamen
3491 732 3606 787 falsi

2026 818 2192 887 dixit,
2233 820 2355 889 quia
2398 820 2526 874 nihil
2569 819 2685 874 falsi
2726 819 2791 875 de
2834 820 2950 890 ejus
2996 835 3092 876 ore
3139 822 3394 892 procedit.
3445 823 3601 876 Deni-

2026 928 2129 981 que
2171 922 2514 983 posteaquam
2554 912 2669 967 inec
2710 911 2875 977 dixit,
2931 911 3027 966 Ubi
3070 922 3235 966 autem
3274 914 3609 967 ascenderunt

2028 1004 2210 1074 fratres
2238 1004 2346 1072 ejus
2380 1018 2397 1056 :
2421 1002 2761 1072 Evangelium
2790 1002 3041 1072 loquitur;
3069 1002 3303 1068 attende,
3331 1003 3445 1074 lege
3466 1002 3606 1072 quod

2028 1093 2155 1146 mihi
2178 1092 2468 1157 olferebas;
2499 1092 2620 1148 vide
2649 1092 2694 1146 si
2719 1108 2824 1147 non
2850 1093 2963 1163 ipsa
2990 1092 3147 1147 lectio
3169 1094 3329 1148 solvit
3358 1095 3610 1164 quaestio-

2028 1198 2169 1248 nem,
2198 1184 2318 1238 vide
2348 1185 2391 1238 si
2420 1184 2635 1239 aliunde
2664 1184 2864 1254 sumpsi
2891 1183 3029 1254 quod
3060 1184 3311 1239 dicerem.
3341 1186 3452 1240 lloc
3481 1201 3609 1256 ergo

2028 1272 2285 1328 Dominus
2312 1274 2676 1343 exspectabat,
2704 1282 2763 1328 ut
2792 1274 2997 1343 priores
3022 1274 3093 1328 illi
3123 1276 3471 1331 ascendereut
3491 1318 3505 1343 ,
3526 1278 3604 1332 ne

2028 1374 2312 1419 venturum
2376 1366 2811 1435 praenuntiarent.
2876 1362 3216 1432 Posteaquam
3282 1358 3609 1421 ascenderunt

2030 1459 2212 1527 fratres
2237 1456 2347 1526 ejus
2372 1497 2387 1523 ,
2414 1456 2639 1511 ascendit
2663 1456 2811 1510 etiam
2840 1456 2949 1525 ipse
2989 1464 3105 1509 tunc
3131 1456 3198 1509 ad
3223 1456 3353 1509 diem
3388 1460 3571 1529 festum
3591 1497 3608 1522 ,

2030 1565 2130 1603 non
2159 1548 2409 1603 evidenter
2432 1591 2448 1617 ,
2485 1548 2575 1604 sed
2612 1550 2755 1619 quasi
2796 1548 3009 1602 occulte.
3039 1547 3173 1614 Quid
3200 1549 3343 1617 quasi
3381 1549 3612 1603 occulte?

2031 1641 2107 1697 lbi
2138 1640 2263 1695 facit
2289 1640 2440 1711 quasi
2469 1640 2698 1695 occulte.
2735 1638 2871 1706 Quid
2898 1639 3040 1709 quasi
3070 1637 3303 1692 occulte?
3340 1638 3473 1705 Quia
3513 1641 3612 1693 nec

2031 1732 2135 1787 hoc
2159 1740 2274 1787 erat
2298 1731 2524 1786 occulte.
2547 1730 2661 1785 Non
2687 1730 2829 1785 enim
2850 1744 2976 1785 vere
2997 1729 3163 1783 latere
3188 1728 3498 1794 conabatur,
3521 1728 3614 1798 qui

2033 1822 2087 1877 in
2120 1830 2383 1893 potestate
2405 1821 2632 1877 habebat
2656 1821 2868 1892 quando
2894 1830 3184 1877 teneretur.
3215 1820 3321 1876 Sed
3348 1822 3399 1875 in
3423 1820 3533 1886 illa,
3558 1830 3616 1876 ut

2034 1912 2164 1978 dixi,
2195 1912 2549 1967 occultatione
2587 1911 2890 1980 exemplum
2924 1910 3197 1979 praebebat
3229 1909 3448 1965 cavendi
3480 1910 3613 1965 insi-

2034 2004 2149 2061 dias
2170 2005 2504 2059 inimicorum
2529 2002 2751 2057 intirmis
2771 2000 3066 2072 discipulis,
3089 2001 3178 2071 qui
3200 2001 3485 2071 potentiam
3508 2016 3615 2057 non

2037 2096 2303 2152 habebant
2326 2137 2340 2163 ,
2370 2094 2582 2166 quando
2624 2094 2830 2150 nollent
2872 2109 2940 2149 ne
2974 2092 3451 2164 prehenderentur.
3483 2094 3616 2149 Nam

2038 2188 2129 2243 ille
2165 2188 2324 2243 etiam
2364 2186 2536 2256 palam
2566 2184 2807 2241 ascendit
2848 2194 3052 2255 postea,
3083 2194 3137 2239 et
3165 2184 3388 2239 docebat
3429 2200 3521 2240 eos
3563 2186 3617 2241 in

2040 2279 2261 2350 templo,
2293 2286 2346 2333 et
2370 2277 2617 2333 dicebant
2636 2277 2876 2332 nonnulli
2902 2295 2914 2330 :
2938 2275 3074 2330 Ecce
3098 2277 3177 2330 hic
3197 2286 3289 2342 est,
3320 2293 3429 2332 ecce
3455 2272 3616 2332 docet.

2039 2367 2183 2424 Certe
2207 2368 2434 2423 dicebant
2457 2368 2614 2422 nostri
2634 2368 2886 2438 principes
2906 2408 2921 2433 ,
2960 2367 3077 2438 quia
3109 2367 3484 2437 apprchendere
3508 2386 3620 2422 eum

2040 2459 2269 2514 uolebant
2298 2474 2315 2512 :
2345 2476 2457 2513 ecce
2480 2458 2652 2535 palam
2682 2456 2919 2528 loquitur,
2954 2466 2999 2511 et
3030 2474 3174 2511 nemo
3201 2459 3251 2510 in
3281 2475 3391 2511 eum
3418 2476 3621 2511 manum

2043 2553 2192 2605 mittit
2221 2551 2399 2621 (Joan.
2427 2568 2501 2605 vu
2524 2592 2539 2617 ,
2566 2550 2656 2614 25,
2681 2549 2798 2621 26).

2117 2644 2167 2697 8.
2201 2643 2372 2695 Altera
2419 2643 2625 2696 solutio.
2669 2640 2787 2696 Jam
2814 2656 2944 2696 vero
2978 2642 3022 2695 si
3055 2656 3150 2696 nos
3197 2642 3340 2711 ipsos
3378 2643 3622 2695 attenda—

2044 2750 2185 2800 mus,
2210 2735 2253 2788 si
2283 2749 2477 2803 corpus
2499 2733 2614 2804 ejus
2642 2733 2934 2803 cogitemus
2953 2775 2968 2800 ,
3008 2733 3127 2804 quia
3173 2741 3227 2788 et
3256 2750 3351 2787 nos
3383 2736 3493 2804 ipse
3520 2743 3622 2789 est.

2045 2825 2177 2879 Nam
2205 2824 2305 2879 etsi
2334 2840 2430 2878 nos
2475 2824 2587 2893 ipse
2628 2840 2733 2878 non
2772 2838 3041 2889 essemus,
3090 2840 3191 2878 non
3237 2836 3376 2878 esset
3409 2810 3624 2887 verum,

2046 2917 2173 2975 Cum
2238 2918 2326 2971 uni
2392 2933 2454 2970 ea:
2521 2916 2740 2969 minimis
2798 2917 2920 2969 meis
2976 2916 3199 2987 fecistis,
3263 2918 3387 2969 milii
3441 2919 3628 2987 fecistis

2049 3009 2261 3083 (Matth.
2295 3025 2419 3075 xxv,
2445 3006 2557 3079 40).
2582 3008 2636 3063 Si
2663 3023 2759 3063 nos
2782 3008 2893 3077 ipse
2922 3025 3027 3061 non
3049 3024 3288 3063 essemus
3308 3052 3322 3073 ,
3356 3026 3459 3063 non
3487 3022 3629 3066 esset

2048 3117 2254 3166 verum,
2287 3099 2462 3162 Saule,
2496 3098 2675 3166 Saule,
2706 3099 2828 3170 quid
2848 3116 2926 3152 me
2952 3101 3255 3169 persequeris
3278 3100 3412 3166 (Act.
3442 3118 3519 3165 Ix,
3547 3102 3632 3171 4)?

2052 3194 2192 3263 Ergo
2219 3202 2269 3246 et
2302 3207 2399 3246 nos
2439 3192 2570 3261 ipse,
2618 3191 2738 3261 quia
2780 3206 2876 3244 nos
2916 3190 3151 3245 membra
3191 3190 3344 3261 ejus,
3377 3192 3496 3261 quia
3535 3189 3633 3246 nos

2051 3297 2244 3354 corpus
2268 3283 2412 3351 ejus,
2446 3281 2567 3353 quia
2599 3283 2713 3352 ipse
2741 3289 2897 3351 caput
2922 3289 3161 3336 nostrum
3189 3281 3401 3353 (Ep/tes.
3434 3299 3481 3350 ι,
3512 3282 3628 3354 22),

2052 3375 2172 3445 quia
2225 3382 2364 3428 totus
2412 3372 2652 3427 Christus
2700 3380 2857 3442 caput
2906 3380 2960 3426 et
3012 3387 3225 3442 corpus.
3281 3372 3440 3427 Forte
3502 3376 3633 3442 ergo

2053 3481 2151 3519 nos
2206 3463 2528 3535 prazvidehat
2561 3505 2576 3528 ,
2637 3464 2757 3532 quia
2804 3463 2918 3517 dies
2965 3462 3124 3516 festos
3169 3462 3473 3518 Iuda-orum
3526 3479 3631 3518 non

2052 3570 2262 3610 eramus
2290 3554 2455 3609 acturi
2483 3597 2496 3620 ,
2525 3565 2575 3607 et
2608 3554 2706 3607 hoc
2735 3563 2816 3607 est
2836 3596 2850 3614 ,
2880 3551 2990 3622 Ego
3031 3571 3130 3607 non
3166 3555 3380 3607 ascendo
3407 3555 3475 3606 ad
3503 3555 3633 3609 diem

2055 3649 2083 3718 f
2105 3659 2236 3699 stunt
2287 3647 2455 3699 istum.
2504 3644 2643 3698 Ecce
2686 3652 2782 3698 nec
2830 3642 3104 3707 Christus,
3156 3659 3255 3697 nec
3296 3644 3633 3714 Evangelista

2056 3736 2307 3789 nicntitus
2337 3744 2420 3788 est
2465 3753 2477 3788 :
2520 3749 2744 3803 quorum
2794 3733 3016 3787 duorum
3056 3734 3101 3786 si
3149 3734 3372 3787 alterum
3415 3736 3634 3788 neeesso

2054 3837 2135 3882 est
2176 3827 2371 3896 eligere
2398 3869 2413 3894 ,
2456 3825 2607 3880 daret
2654 3825 2783 3879 milii
2824 3826 3029 3880 veniam
3069 3812 3401 3895 Evangelista
3427 3868 3443 3892 ,
3487 3820 3633 3902 imus

2056 3918 2215 3972 modo
2242 3932 2484 3972 veracem
2512 3916 2608 3987 ipsi
2639 3916 2845 3971 veritati
2868 3931 3252 3986 prmponerem;
3277 3918 3493 3971 missum
3525 3920 3571 3972 ei
3604 3936 3632 3972 a

2056 4029 2162 4083 quo
2189 4012 2382 4066 missus
2424 4021 2537 4076 est,
2584 4025 2687 4064 non
2736 4008 3062 4079 przeferrem.
3107 4008 3209 4064 Sed
3253 4009 3362 4063 Dco
3402 4012 3631 4079 gratias,

2056 4112 2310 4176 quantum
2358 4102 2624 4168 arbitror,
2674 4101 2988 4155 renudatum
3043 4109 3123 4154 est
3168 4101 3307 4170 quod
3349 4102 3633 4157 obscurum

2058 4205 2192 4252 erat.
2224 4192 2509 4263 Adjuvabit
2536 4191 2602 4246 ad
2633 4192 2799 4246 Deum
2842 4191 3011 4262 pictas
3054 4200 3247 4244 vestra.
3282 4190 3455 4257 Ecce,
3500 4180 3635 4245 sicut

2060 4288 2227 4359 potui,
2254 4287 2386 4341 solvi
2414 4285 2798 4356 quaestionem,
2828 4291 2883 4337 et
2908 4284 2958 4336 in
2990 4281 3200 4336 Christo
3227 4292 3278 4337 et
3308 4283 3358 4336 in
3393 4283 3638 4351 Evange-

2058 4374 2610 4450 lista.Teneqmecutn,
2637 4374 2827 4439 amice,
2859 4371 3157 4440 veritatem,
3176 4372 3495 4441 amplectere
3523 4374 3640 4450 sine

2059 4448 2402 4523 contentione
2434 4465 2771 4520 cliarilatem.

2497 4573 2724 4634 SERMO
2761 4574 3019 4632 cxxxrv
3064 4584 3077 4598 -
3121 4574 3219 4648 (a).

2061 4694 2139 4749 De
2175 4692 2333 4747 verbis
2377 4689 2641 4760 Evangelii
2680 4687 2917 4753 Joannis,
2949 4685 3003 4740 Si
3042 4684 3342 4740 manseritis
3384 4684 3436 4737 in
3480 4683 3640 4737 verbo

2134 4802 2273 4851 meo,
2319 4799 2447 4839 vere
2484 4781 2731 4853 discipuli
2760 4780 2863 4835 mei
2901 4779 3052 4845 estis,
3091 4787 3209 4845 etc.,
3254 4794 3368 4846 cap.
3403 4792 3517 4841 vni,
3560 4775 3595 4846 ᾗ
3622 4814 3638 4829 .

2133 4876 2303 4945 δι-δι
2326 4874 2422 4946 (b).

2134 4977 2361 5034 CAPUT
2401 4974 2683 5032 PRIMUM.
2722 5004 2794 5015 —-
2838 4973 2890 5026 1.
2941 4969 3185 5041 Magister
3225 4969 3447 5023 omnium
3497 4968 3643 5023 Chri-

2063 5082 2187 5128 stus.
2228 5069 2437 5124 Manere
2475 5070 2531 5122 in
2584 5066 2729 5121 verbo
2777 5064 2894 5118 Dei.
2931 5063 3086 5117 Novit
3136 5060 3379 5115 Charitas
3426 5069 3601 5115 vestra
3626 5101 3642 5130 ,

2066 5178 2255 5220 omnes
2281 5177 2378 5217 nos
2407 5175 2569 5217 unum
2599 5158 2901 5228 Magistrum
2924 5154 3140 5219 habere,
3171 5162 3227 5207 et
3259 5152 3357 5206 sub
3391 5151 3489 5206 illo
3510 5167 3642 5206 con-

2066 5252 2353 5323 discipulos
2382 5266 2521 5306 esse.
2553 5249 2664 5305 Nec
2702 5247 2821 5302 ideo
2846 5244 3082 5314 magistri
3103 5243 3263 5298 vestri
3291 5258 3494 5308 sumus,
3522 5243 3641 5312 quia

2067 5344 2133 5399 de
2161 5344 2278 5399 loco
2320 5342 2593 5411 superiore
2624 5339 2890 5409 loquimur
2929 5336 3077 5390 vobis
3105 5352 3119 5389 :
3147 5334 3243 5390 sed
3287 5336 3535 5404 magister
3564 5346 3644 5388 est

2133 5452 2450 5501 'Emendatus
2472 5451 2531 5498 ad
2555 5459 2659 5499 tres
2679 5448 2761 5496 bn.
2785 5454 2991 5509 quatuor
3014 5444 3074 5496 cl.
3100 5446 3159 5495 ad
3182 5458 3227 5494 a.
3253 5446 3331 5495 ch.
3356 5445 3387 5493 t‘.
3416 5444 3475 5494 fs.
3504 5460 3552 5506 ις.
3581 5445 3643 5495 Ir.

2067 5528 2243 5579 mspr.
2269 5527 2359 5579 rm.
2386 5513 2464 5579 vd.
2586 5571 2630 5579 Η
2676 5576 2701 5579 _
2794 5568 2804 5579 ι
2845 5568 2855 5579 ,

2130 5567 2204 5637 (ἁ)
2233 5576 2371 5637 Alias,
2405 5573 2468 5637 de
2493 5571 2660 5637 verbis
2676 5568 2856 5637 Domini
2878 5567 2954 5615 48.

2130 5628 2200 5699 (ὁ)
2225 5628 2587 5699 Itujustbrsitau
2612 5631 2850 5679 sermonis
2871 5632 3090 5680 tllCtltlnil
3125 5631 3413 5694 Augustinus
3434 5628 3573 5690 infra,
3595 5643 3643 5679 ιιι

2069 5694 2305 5755 sermone
2327 5696 2429 5757 ltiti,
2454 5709 2501 5743 ιι.
2526 5694 2572 5743 8.
