4098 6310
500 244 609 303 ’1ιὸ

500 354 739 414 omnium
768 350 862 426 qui
892 348 1096 405 habitat
1132 346 1186 402 in
1209 342 1455 401 omnibus
1485 340 1658 399 nobis.
1687 341 1806 412 ipse
1848 340 2009 398 modo
2031 341 2087 396 in

502 451 787 521 Evangelia
827 447 979 503 nobis
1007 442 1256 501 omnibus
1287 437 1621 511 loquebatur,
1656 445 1710 492 et
1738 435 1950 492 dicebat
1986 450 2088 490 no-

500 544 604 608 bis,
637 539 778 614 quod
819 539 977 595 etiam
1019 552 1119 607 ego
1159 534 1280 589 dico
1308 530 1462 587 vobis
1496 548 1507 584 :
1538 529 1667 586 dieit
1697 537 1875 584 autem
1906 527 1995 583 ille
2022 526 2090 582 de

500 634 674 699 nobis,
704 640 758 685 et
802 628 955 685 nobis
983 636 1038 683 et
1075 625 1245 692 vobis,
1290 623 1351 680 Si
1380 621 1663 676 manseritis
1690 620 1741 674 in
1770 631 1916 674 veroo
1944 635 2053 673 meo
2071 660 2085 686 ,

498 740 606 780 non
634 724 816 792 utique
857 722 908 776 in
955 735 1095 786 meo,
1128 710 1217 789 qui
1257 715 1416 773 modo
1458 715 1677 787 loquor;
1722 714 1816 769 sed
1862 712 1915 768 in
1947 712 2084 782 ejus,

498 816 586 886 qui
618 814 776 870 modo
803 829 868 869 ex
907 810 1200 881 Evangelia
1244 808 1561 879 loquebatur
1590 826 1603 862 :
1636 807 1697 863 Si
1723 806 2009 860 manseritis
2037 805 2089 859 in

499 906 646 961 verbo
680 920 813 969 meo,
844 902 1032 973 inquit,
1054 917 1167 955 vere
1187 898 1423 970 discipuli
1451 899 1548 952 ntei
1566 898 1703 953 estis.
1744 895 1824 951 Ad
1859 896 2091 966 discipu-

498 998 605 1052 lum
637 1010 825 1067 parum
866 1001 949 1047 est
984 991 1262 1058 accedere,
1291 989 1385 1044 sed
1413 1003 1650 1043 manere.
1681 986 1797 1041 Non
1836 1000 1962 1055 ergo
1990 985 2085 1051 ait,

497 1089 554 1146 Si
582 1087 857 1143 audieritis
898 1084 1116 1140 verbum
1153 1097 1366 1146 meum;
1398 1088 1509 1145 aut,
1543 1078 1600 1134 Si
1641 1075 1976 1133 accesseritis
2020 1073 2088 1128 ad

498 1182 718 1238 verbum
767 1194 979 1241 meum;
1013 1185 1122 1241 aut,
1155 1174 1211 1230 Si
1238 1170 1577 1228 laudaveritis
1603 1168 1824 1225 verbum
1867 1180 2084 1221 meum:

499 1273 593 1327 sed
623 1271 796 1326 videte
839 1268 964 1339 quid
1005 1266 1219 1331 dixerit,
1252 1262 1312 1319 Si
1354 1261 1637 1316 manseritis
1678 1259 1733 1313 in
1765 1258 1912 1313 verba
1952 1272 2082 1322 meo,

498 1380 611 1418 vere
639 1359 874 1431 discipuli
900 1358 995 1413 mei
1020 1358 1174 1420 estis;
1199 1365 1245 1409 et
1269 1352 1573 1425 cognoscetis
1594 1350 1868 1415 veritatem,
1896 1355 1944 1402 et
1970 1346 2091 1402 veri-

500 1466 579 1510 tas
627 1453 854 1509 liberabit
900 1468 1005 1506 vos.
1037 1448 1172 1518 Quid
1200 1445 1427 1503 dicimus
1450 1485 1466 1510 ,
1511 1442 1743 1498 fratres?
1785 1454 2003 1496 manere
2033 1437 2086 1492 in

500 1548 666 1603 verba
686 1545 801 1612 Dei,
828 1544 977 1599 labor
999 1549 1101 1608 est,
1124 1556 1193 1595 an
1216 1553 1321 1593 non
1345 1536 1463 1593 est?
1491 1536 1546 1591 Si
1573 1534 1722 1589 labor
1738 1540 1840 1595 est,
1869 1528 2087 1585 attende

501 1652 752 1709 magnum
784 1634 1058 1707 praemium
1099 1651 1112 1687 :
1140 1630 1185 1685 si
1214 1629 1365 1685 labor
1401 1642 1505 1682 non
1536 1632 1619 1681 est
1638 1666 1652 1689 ,
1682 1622 1848 1695 gratis
1889 1620 2088 1691 accipis

501 1728 803 1800 praemium.
832 1725 1139 1780 Maneamus
1166 1735 1294 1792 ergo
1320 1719 1373 1774 in
1401 1732 1466 1774 eo
1496 1716 1585 1786 qui
1615 1722 1796 1770 manet
1830 1713 1882 1768 in
1912 1711 2086 1767 nobis.

501 1819 632 1887 Nos,
660 1819 779 1874 siin
802 1818 893 1874 illo
923 1832 1027 1871 non
1055 1812 1429 1877 manserimus,
1463 1808 1702 1864 cadimns
1727 1825 1741 1861 :
1772 1805 1863 1861 ille
1885 1814 2086 1869 autem,

499 1913 546 1966 si
577 1912 630 1966 in
662 1910 814 1965 nobis
843 1923 948 1963 non
979 1904 1251 1969 manserit,
1281 1917 1387 1958 non
1425 1900 1548 1956 ideo
1584 1898 1804 1953 domum
1832 1894 2086 1967 perdidit.

503 2001 659 2061 Novit
682 2000 824 2056 enim
866 1998 955 2053 ille
997 2010 1215 2051 manere
1257 1993 1311 2047 in
1342 2007 1422 2058 se,
1451 1990 1541 2061 qui
1581 2002 1851 2057 nunquam
1892 1983 2092 2041 deserit

503 2108 583 2149 se.
618 2090 768 2147 Absit
788 2098 964 2144 autem
988 2088 1055 2143 ab
1082 2084 1393 2152 bomine,ut
1416 2092 1629 2136 maneat
1653 2080 1706 2133 in
1735 2093 1815 2143 se,
1849 2077 1940 2148 qui
1970 2090 2091 2145 per-

504 2183 635 2241 didit
671 2199 749 2238 se.
779 2180 921 2251 Ergo
950 2193 1049 2233 nos
1090 2178 1143 2232 in
1184 2176 1274 2231 illo
1302 2188 1581 2230 manemus
1609 2169 1896 2240 indigentia
1933 2184 1947 2220 :
1978 2166 2091 2238 ipse

504 2274 559 2331 in
584 2266 737 2329 nobis
764 2279 945 2327 manet
970 2267 1354 2325 misericordia.

518 2354 523 2359 ’
572 2363 797 2421 CAPUT
834 2362 898 2418 ll.
914 2392 984 2402 —
1005 2361 1061 2415 2.
1085 2359 1361 2415 Praemium
1377 2354 1621 2411 manentis
1641 2353 1695 2409 in
1718 2351 1865 2408 verbo
1878 2349 2088 2407 Christi.

506 2457 731 2518 Liberari
760 2454 954 2510 duobus
978 2453 1138 2507 modis
1160 2450 1364 2505 dicitur.
1391 2447 1508 2503 iam
1534 2462 1662 2518 ergo
1688 2445 1732 2501 si
1760 2443 2090 2516 propositum

504 2560 588 2607 est
627 2547 757 2620 quid
794 2546 969 2601 facere
1013 2544 1321 2609 debeamus,
1354 2539 1480 2612 quid
1508 2537 1775 2609 accepturi
1805 2552 1990 2593 sumus
2009 2535 2091 2590 vi-

505 2644 746 2699 deamus.
801 2638 996 2696 indixit
1040 2637 1183 2692 enim
1220 2649 1388 2705 opus,
1415 2643 1470 2689 et
1497 2632 1739 2703 promisit
1766 2628 2088 2685 mercedem.

505 2733 658 2802 Quod
681 2740 764 2787 est
782 2730 949 2801 opus?
973 2726 1033 2784 Si
1053 2725 1336 2781 manseritis
1360 2724 1412 2778 in
1432 2722 1577 2777 verbo
1592 2737 1721 2776 meo.
1742 2720 1910 2774 Breve
1931 2732 2090 2788 opus;

507 2824 671 2881 verbo
700 2821 880 2886 breve,
914 2832 1161 2889 magnum
1188 2830 1384 2886 opere:
1410 2813 1470 2869 Si
1491 2812 1800 2867 manseritis.
1823 2808 1960 2877 Quid
1986 2816 2089 2876 est,

508 2915 573 2972 Si
597 2912 919 2969 manseritis?
936 2911 993 2967 Si
1033 2911 1087 2965 in
1117 2918 1267 2980 petra
1290 2903 1697 2963 mdilicaveritis.
1723 2902 1768 2957 Ο
1796 2917 1954 2972 quam
1981 2915 2095 2956 ma-

506 3022 668 3079 gnum
700 3013 782 3061 est
802 3003 922 3068 hoc,
954 3001 1174 3065 fratres,
1197 3014 1358 3070 super
1384 3007 1588 3068 petram
1617 2994 1900 3062 aediﬁcare,
1932 3007 2091 3064 quam

508 3112 757 3166 magnum
787 3095 899 3149 est!
938 3092 1192 3147 Venerunt
1237 3089 1471 3162 ﬂumina,
1512 3089 1759 3158 ﬂaverant
1792 3085 1959 3151 venti,
2003 3084 2094 3139 de-

507 3187 698 3243 scendit
732 3185 901 3257 pluviu
923 3224 938 3249 ,
964 3194 1011 3237 et
1039 3183 1351 3254 impegerunt
1379 3180 1432 3233 in
1461 3178 1669 3233 domum
1707 3177 1879 3245 illam,
1918 3184 1965 3232 et
1992 3191 2093 3230 non

505 3278 684 3334 cecidit
717 3293 737 3332 :
776 3275 993 3347 fundata
1030 3274 1161 3329 enim
1200 3283 1307 3328 erat
1334 3288 1489 3343 supra
1526 3280 1720 3341 petram
1746 3268 1956 3341 (Matth.
1979 3284 2089 3336 vn,

504 3369 598 3437 Bb,
625 3368 743 3439 25).
764 3364 907 3435 Quid
927 3375 1010 3421 est
1037 3381 1165 3436 ergo
1185 3365 1238 3420 in
1259 3364 1422 3420 verbo
1449 3363 1542 3418 Dei
1572 3377 1815 3425 manere,
1846 3360 1949 3416 nisi
1970 3359 2093 3415 nul-

509 3459 576 3514 lis
604 3456 981 3514 tentationibus
1010 3455 1235 3511 cedere?
1265 3453 1549 3510 Prmmium
1583 3452 1723 3524 quod
1751 3453 1869 3508 est?
1894 3451 2093 3523 Cogno—

506 3551 655 3606 scetis
684 3550 972 3616 veritatem,
1019 3558 1065 3602 et
1102 3548 1284 3602 veritas
1318 3545 1545 3601 liberabit
1579 3561 1685 3599 vos.
1716 3543 2093 3616 Compatimini

507 3640 682 3708 nobis,
705 3640 826 3711 quia
854 3654 1038 3694 vocem
1076 3653 1249 3693 meam
1280 3630 1487 3692 sentitis
1515 3636 1761 3692 obtusam
1795 3653 1809 3689 :
1846 3635 2093 3705 adjuvate

506 3746 595 3787 me
621 3729 1022 3801 tranquillitate.
1047 3727 1092 3783 Ο
1133 3726 1440 3798 ιιι-ωιῐιίιιηιῑ
1465 3726 1785 3798 Cognoscetis
1814 3727 2089 3780 veritatem.

506 3817 669 3877 Forte
693 3820 885 3893 aliquis
911 3819 1113 3874 diceret
1144 3837 1159 3874 :
1189 3818 1257 3873 Et
1286 3817 1414 3889 quid
1450 3818 1578 3872 tnibi
1610 3816 1861 3887 prodest,
1884 3831 2093 3888 cogno-

505 3925 658 3967 scere
682 3911 1005 3965 veritatem?
1031 3906 1099 3963 Et
1129 3909 1311 3963 veritas
1331 3907 1557 3962 liberabit
1582 3924 1688 3963 vos.
1717 3908 1773 3964 Si
1800 3923 1906 3963 non
1942 3906 2093 3963 dele-

506 4010 617 4056 ctat
640 4001 858 4068 veritas,
891 4000 1121 4055 delectet
1146 4000 1384 4055 libertas.
1413 3998 1469 4054 In
1499 3999 1886 4055 consuetudine
1917 3999 2095 4055 latina:

508 4089 703 4160 lingua:
747 4089 965 4144 liberari
991 4089 1196 4145 duobus
1228 4089 1401 4145 modis
1425 4089 1620 4145 dicitur
1648 4109 1661 4144 :
1690 4099 1742 4146 ct
1771 4090 2000 4146 maxime
2040 4091 2094 4146 in

507 4195 575 4236 eo
610 4180 989 4235 consuevimus
1026 4180 1211 4236 audire
1254 4179 1356 4235 boc
1384 4181 1638 4245 verbum,
1683 4190 1739 4237 ut
1776 4183 2095 4252 quicumque

507 4270 779 4336 liberatur,
832 4270 1158 4341 intelligatur
1204 4272 1495 4343 periculum
1536 4272 1796 4340 evadere,
1833 4274 2095 4331 molestiis

507 4376 711 4417 carere.
746 4361 985 4417 Liberari
1015 4371 1192 4418 autem
1218 4362 1427 4432 proprie
1459 4362 1651 4418 dicitur
1680 4363 1906 4420 liberum
1939 4364 2049 4420 fieri
2076 4383 2090 4419 :

506 4451 777 4523 quomodo
816 4452 1044 4518 salvari,
1071 4452 1274 4508 salvum
1307 4453 1452 4521 ﬁeri;
1480 4454 1690 4520 sanari,
1718 4470 1905 4509 sanum
1938 4455 2091 4522 fieri;

506 4544 586 4598 sic
616 4543 851 4607 liberari,
884 4543 1109 4601 liberum
1154 4543 1288 4598 fieri.
1316 4542 1439 4600 Ideo
1468 4544 1595 4611 dixi,
1628 4544 1684 4601 Si
1723 4561 1828 4599 non
1866 4545 2095 4601 delectat

506 4634 722 4700 vet-itas,
746 4633 975 4688 delectet
1002 4633 1237 4688 libertas.
1265 4634 1373 4689 lloc
1403 4634 1455 4689 in
1486 4649 1656 4704 grmca
1679 4635 1855 4706 lingua
1874 4635 2093 4692 eviden-

506 4725 610 4779 tius
636 4733 822 4789 sonat,
856 4740 955 4780 nec
986 4733 1161 4794 potest
1185 4724 1340 4781 aliter
1379 4725 1619 4795 intelligi.
1648 4726 1715 4780 Et
1746 4735 1805 4781 ut
1839 4726 2091 4782 noveritis

505 4814 628 4885 quia
650 4814 803 4870 aliter
833 4814 1051 4885 intelligi
1074 4829 1180 4869 non
1206 4823 1412 4885 potest;
1441 4814 1692 4886 loquente
1722 4816 1968 4883 Domino,
2003 4832 2095 4874 re-

504 4909 836 4978 sponderunt
880 4908 1073 4973 Judmi,
1122 4906 1232 4962 Nos
1282 4908 1469 4962 nemini
1501 4909 1792 4963 servivitmts
1834 4925 2092 4981 unquam;

506 5001 759 5072 quomodo
788 5009 843 5055 tu
864 5000 1013 5068 dicis,
1049 4999 1245 5054 Veritas
1273 5000 1501 5056 liberabit
1526 5003 1648 5057 vos?
1674 5002 1731 5058 Id
1751 5012 1854 5068 est,
1885 5003 2091 5060 Veritas

508 5093 708 5149 liberos
750 5107 846 5148 vos
876 5092 1065 5160 faciet,
1092 5092 1360 5162 quomodo
1386 5093 1522 5150 dicis
1558 5094 1742 5159 nobis,
1772 5095 1863 5167 qui
1890 5096 2090 5152 nemini

511 5202 745 5258 unquam
780 5185 1128 5242 servivimus?
1154 5185 1300 5253 Quos
1338 5185 1520 5252 vides,
1552 5186 1829 5256 inquiunt,
1857 5204 1963 5243 non
2000 5188 2096 5243 ba-

510 5277 639 5333 bcre
682 5278 956 5333 servitutis
992 5276 1384 5343 necessitatem,
1422 5277 1689 5348 quomodo
1724 5278 1988 5348 polliceris
2016 5279 2095 5335 eis

508 5366 806 5424 libertatem
819 5368 843 5422 ?

581 5457 808 5515 CAPUT
847 5459 1023 5516 lll.—
1043 5459 1096 5515 5.
1131 5458 1360 5515 Servitus
1389 5460 1600 5530 peccati.
1634 5458 1930 5516 Audierunt
1949 5461 2093 5531 quod

509 5548 847 5607 debuerunt:
881 5550 973 5605 sed
1014 5566 1117 5605 non
1164 5549 1407 5606 fecerunt
1433 5550 1575 5622 quod
1612 5551 1924 5606 debuerunt.
1956 5552 2094 5619 Quid

507 5640 833 5705 audierunt?
857 5640 992 5710 Quia
1019 5640 1148 5711 dixi,
1190 5639 1383 5699 Veritas
1403 5642 1627 5703 liberabit
1648 5658 1767 5708 vos;
1796 5642 2095 5701 attendistis

1726 229 1786 285 S.
1825 222 2194 286 AUGUSTINI
2234 222 2541 281 EPiSCOPl

3687 226 3790 285 7h

2200 352 2293 392 vos
2317 338 2438 408 quia
2468 351 2572 392 non
2601 335 2812 393 servitis
2839 333 3063 405 homini,
3094 346 3147 394 et
3175 335 3385 394 dixistis
3404 381 3419 407 ,
3450 338 3659 395 Nemini
3686 360 3792 397 ser-

2197 428 2405 483 vivimus
2435 444 2677 499 unquam.
2713 427 2912 493 Omnis,
2942 427 3159 483 Judteus
3188 439 3242 484 et
3270 428 3488 486 Graecus
3510 472 3527 498 ,
3550 430 3704 491 dives
3738 439 3793 488 et

2197 532 2414 588 pauper,
2451 516 2739 574 honoratus
2781 528 2835 574 et
2876 519 3113 589 privatus
3134 562 3148 586 ,
3178 520 3467 592 imperator
3495 533 3547 577 et
3580 524 3789 579 mendi-

2196 624 2308 673 cus,
2332 607 2509 663 Omnis
2526 610 2611 681 qui
2631 611 2755 682 facit
2778 620 3054 681 peccatum,
3078 628 3247 667 servus
3267 624 3337 667 est
3356 615 3567 684 peccati.
3589 614 3785 685 Omnis,

2197 698 2387 769 inquit,
2414 701 2500 771 qui
2524 701 2647 771 facit
2686 711 2961 773 peccatum,
2996 721 3164 758 servus
3189 714 3259 760 est
3289 707 3502 776 peccati.
3541 707 3597 762 Si
3627 723 3783 778 agno-

2196 800 2347 846 scant
2391 792 2634 849 homines
2670 795 3002 859 servitutem,
3032 794 3285 850 videbunt
3317 798 3455 853 unde
3481 799 3772 868 accipiam"

2195 880 2516 937 libertatem.
2547 883 2813 954 lngenuus
2842 893 2924 940 est
2951 886 3141 956 aliquis
3177 887 3475 957 captivatns
3500 904 3530 942 a
3583 890 3767 944 barba.

2195 972 2270 1028 ris
2295 973 2337 1039 ’,
2360 988 2424 1029 ex
2448 973 2674 1043 ingenuo
2701 974 2867 1029 factus
2894 987 2976 1031 est
3000 990 3186 1031 servus
3215 995 3227 1029 :
3258 978 3404 1033 audit
3435 979 3597 1035 homo
3626 982 3761 1035 misc

2194 1053 2362 1129 ratur,
2386 1063 2690 1119 considerat
2715 1078 2772 1119 se
2800 1064 2997 1121 habere
3038 1068 3333 1136 pecuniam,
3375 1070 3432 1124 lit
3455 1070 3780 1141 redemptor,

2194 1154 2365 1223 pergit
2386 1152 2453 1207 ad
2491 1153 2762 1218 barbaros,
2792 1153 2881 1209 dat
2908 1157 3206 1225 pecuniam,
3229 1158 3442 1213 redimit
3482 1160 3777 1216 hominem.

2193 1241 2357 1299 Plane
2382 1244 2609 1299 reddidit
2638 1244 2956 1310 libertatem,
2986 1246 3030 1300 si
3049 1246 3265 1302 abstulit
3293 1248 3648 1318 iniquitatem.
3680 1250 3786 1305 Sed

2192 1332 2312 1403 quis
2336 1332 2553 1388 abstulit
2580 1334 2952 1404 iniquitatem?
2977 1335 3139 1389 homo
3169 1336 3410 1392 homini?
3438 1337 3530 1394 Ille
3554 1339 3645 1410 qui
3675 1356 3790 1394 ser-

2194 1422 2372 1477 viebat
2407 1422 2549 1493 apud
2588 1423 2880 1491 barbaros,
2908 1440 2937 1477 a
2974 1425 3314 1496 redemptore
3350 1443 3447 1484 sno
3480 1429 3788 1500 redemptus

2193 1522 2274 1570 est
2299 1532 2312 1570 :
2340 1523 2395 1571 et
2420 1516 2644 1570 multum
2676 1516 2895 1572 interest
2918 1516 3056 1572 inter
3076 1517 3468 1589 redemptorem
3488 1530 3544 1576 et
3572 1521 3787 1591 redem-

2195 1617 2380 1679 ptum;
2409 1615 2586 1663 tamen
2632 1608 2732 1663 sub
2778 1607 2994 1664 domina
3043 1609 3320 1680 iniquitate
3363 1611 3499 1667 forte
3542 1613 3787 1667 conservi

2197 1709 2342 1755 sunt.
2366 1699 2639 1772 Interrogo
2656 1699 2985 1771 redemptum
3011 1719 3025 1755 :
3054 1701 3226 1757 [labes
3249 1702 3561 1772 peccatum?
3581 1702 3655 1759 lla
3664 1703 3783 1770 beo,

2194 1791 2384 1863 inquit.
2434 1791 2708 1863 Interrogo
2755 1792 3144 1863 redemptorem
3181 1810 3194 1847 :
3246 1793 3420 1850 Habes
3458 1796 3781 1866 peccatum?

2194 1883 2399 1950 Habeo,
2432 1885 2622 1956 inquit.
2654 1885 2793 1955 Ergo
2822 1901 2919 1941 nec
2950 1896 3004 1940 tu
3033 1894 3083 1942 te
3106 1886 3275 1957 iactes
3302 1870 3655 1960 redemptum,
3680 1904 3782 1946 nec

2196 1984 2257 2031 tu
2282 1984 2333 2031 te
2358 1974 2581 2031 extollas
2607 1974 2996 2046 redemptorem
3028 1995 3042 2032 :
3069 1977 3162 2032 sed
3203 1976 3366 2047 fugite
3397 1979 3555 2033 ambo
3583 1978 3647 2033 ad
3686 1995 3785 2034 ve-

2196 2080 2314 2120 rum
2337 2064 2696 2121 liberatorem.
2725 2065 2916 2120 Parum
2933 2074 3016 2121 est
3034 2067 3155 2136 quia
3177 2067 3263 2137 qui
3282 2066 3381 2122 sub
3402 2077 3618 2137 peccato
3635 2076 3781 2133 sunt,

2195 2156 2336 2210 servi
2363 2155 2489 2209 dicti
2515 2162 2638 2209 sunt
2658 2171 2672 2219 ;
2700 2162 2755 2210 et
2773 2154 2965 2211 mortui
2982 2155 3251 2213 dicuntur.
3275 2156 3427 2224 Quod
3456 2158 3606 2215 timet
3626 2159 3787 2215 homo

2179 2261 2266 2315 .ne
2305 2243 2459 2301 faciat
2491 2245 2563 2299 illi
2591 2245 2892 2316 captivitas,
2914 2250 3024 2316 jam
3055 2247 3132 2302 illi
3175 2247 3298 2303 fecit
3336 2248 3605 2320 iniquitas.
3650 2249 3788 2319 Quid

2193 2336 2363 2399 enim,
2393 2336 2513 2406 quia
2539 2335 2785 2391 videntur
2807 2334 3013 2405 vivere,
3039 2337 3294 2409 numquid
3320 2338 3441 2396 ideo
3466 2341 3662 2396 erravit
3692 2342 3782 2397 ille

2198 2428 2286 2499 qui
2309 2429 2462 2496 dixit,
2493 2427 2703 2483 Dimitte
2719 2439 2939 2484 mortuos
2955 2431 3173 2502 sepelire
3192 2442 3418 2487 mortuos
3438 2449 3556 2490 suos
3574 2434 3788 2508 (blatth.

2198 2535 2315 2588 vttt,
2345 2518 2480 2591 22)?
2512 2520 2649 2590 Ergo
2672 2521 2865 2575 mortui
2887 2536 3073 2577 omnes
3095 2522 3193 2579 sub
3216 2533 3454 2593 peccato,
3479 2526 3619 2581 servi
3644 2541 3791 2583 mor-

2198 2611 2294 2677 ttti,
2317 2609 2601 2665 serviendo
2630 2611 2847 2677 mortui,
2872 2611 3151 2667 moriendo
3180 2614 3342 2668 servi.

2267 2702 2322 2757 4.
2351 2700 2395 2754 Α
2423 2702 2614 2773 peccati
2641 2702 2873 2756 servitum
2901 2710 2946 2756 et
2982 2713 3142 2757 morte
3168 2720 3267 2758 non
3298 2704 3475 2759 liberat
3512 2706 3611 2760 nisi
3636 2706 3788 2761 Chri-

2196 2802 2323 2847 stus.
2354 2792 2649 2848 Similitudo
2678 2794 2844 2847 carnis
2866 2795 3058 2863 peccati
3087 2801 3141 2849 in
3170 2795 3389 2851 Christo.
3416 2796 3546 2864 Quis
3568 2813 3698 2867 ergo
3721 2798 3789 2853 li-

2196 2882 2348 2938 berat
2389 2898 2419 2937 a
2463 2890 2636 2938 morte
2678 2894 2731 2939 et
2770 2898 2799 2938 a
2827 2885 3101 2951 servitute,
3133 2886 3234 2941 nisi
3266 2887 3319 2943 in
3360 2887 3584 2943 mortuis
3613 2887 3789 2945 liber?

2196 2974 2327 3045 Quis
2355 2983 2438 3031 est
2478 2975 2531 3030 in
2564 2976 2787 3031 mortuis
2810 2977 2964 3045 liber,
3001 2978 3103 3033 nisi
3140 2978 3280 3035 inter
3320 2988 3632 3052 peccatores
3672 2980 3823 3039 sine.

2199 3071 2459 3141 peccato?
2490 3069 2624 3125 Ecce
2647 3072 2777 3126 venit
2806 3073 3039 3145 princeps
3064 3074 3257 3138 mundi,
3282 3074 3394 3146 ipse
3414 3074 3544 3130 dicit
3561 3074 3793 3131 Redem-

2198 3169 2321 3233 ptor
2363 3170 2568 3230 noster,
2612 3163 2891 3220 Liberator
2928 3173 3110 3221 noster
3154 3181 3169 3219 :
3208 3162 3342 3220 Ecce
3380 3166 3512 3219 venit
3553 3166 3791 3237 princeps

2199 3254 2399 3317 mundi,
2432 3262 2480 3308 et
2515 3254 2570 3309 in
2609 3271 2687 3310 me
2716 3256 2845 3310 nihil
2870 3252 3083 3312 inveniet
3119 3256 3308 3326 (Joan.
3339 3273 3448 3324 xtv,
3477 3258 3589 3330 50).
3621 3258 3794 3315 Tenet

2197 3358 2331 3414 quos
2354 3342 2582 3414 decepit,
2606 3360 2741 3416 quos
2765 3344 2993 3411 seduxit,
3021 3345 3211 3418 quibus
3232 3357 3505 3418 peccatum
3532 3355 3793 3404 mortem-

2196 3449 2299 3506 que
2336 3436 2641 3506 persuasit;
2675 3438 2726 3492 in
2762 3454 2840 3491 me
2881 3438 3012 3492 nihil
3050 3439 3284 3494 inveniet.
3320 3440 3485 3507 Veni,
3526 3440 3788 3507 Domine;

2197 3526 2340 3590 veni,
2370 3526 2719 3597 Redemptor,
2752 3528 2872 3582 veni
2908 3546 2921 3583 :
2961 3538 3213 3598 agnoscat
3242 3538 3296 3586 te
3334 3530 3592 3600 captivus,
3624 3529 3791 3602 fugiat

2196 3624 2251 3671 te
2276 3618 2610 3687 captivator;
2641 3628 2693 3672 tu
2735 3627 2851 3673 esto
2888 3618 3017 3673 mibi
3049 3619 3320 3677 liberator.
3355 3620 3449 3678 llle
3484 3636 3570 3677 me
3609 3623 3791 3691 perdi-

2200 3714 2313 3763 tttm
2342 3708 2561 3775 invenit,
2590 3709 2645 3797 in
2677 3725 2783 3780 quo
2808 3710 3049 3767 diabolus
3075 3712 3206 3768 nihil
3233 3714 3374 3784 quod
3401 3728 3527 3771 caro
3555 3719 3665 3790 agit
3702 3718 3789 3773 in-

2198 3799 2364 3854 venit.
2411 3798 2616 3855 Invenit
2653 3800 2705 3854 in
2750 3800 2841 3856 illo
2882 3817 3096 3857 carnem
3128 3804 3373 3875 princeps
3400 3806 3559 3876 hujus
3586 3808 3788 3871 smculi,

2198 3888 2401 3945 invenit
2429 3907 2443 3945 :
2474 3898 2528 3946 et
2564 3890 2775 3962 qualem
2812 3892 3067 3948 carnem?
3094 3893 3397 3962 Mortalem,
3424 3913 3584 3968 quam
3622 3898 3794 3968 possit

2200 3987 2423 4047 tenere,
2465 3993 2623 4051 quam
2668 3980 2837 4052 possit
2874 3982 3393 4057 crucifigere,quam
3435 3990 3602 4057 possit
3644 3989 3782 4044 occi-

2199 4069 2349 4126 dere.
2381 4070 2565 4137 Erras,
2592 4070 2867 4142 deceptor,
2907 4088 3012 4128 non
3059 4074 3259 4130 fallitur
3300 4076 3665 4149 Redemptor:
3696 4093 3787 4134 er-

2204 4179 2313 4219 ras.
2344 4163 2505 4219 Vides
2528 4166 2580 4218 in
2608 4165 2835 4220 Domino
2854 4180 3068 4221 carnem
3097 4169 3398 4237 mortalem,
3427 4186 3538 4226 non
3557 4180 3639 4226 est
3665 4186 3793 4226 caro

2199 4256 2402 4328 peccati
2449 4274 2463 4310 :
2506 4256 2799 4312 similitudo
2841 4267 2923 4313 est
2966 4258 3145 4315 carnis
3191 4262 3416 4331 peccati.
3463 4260 3604 4316 Misit
3644 4262 3788 4318 enim

2198 4346 2337 4402 Deus
2362 4346 2559 4402 Filium
2582 4364 2731 4402 suum
2755 4349 2808 4402 in
2832 4349 3212 4405 similitudinem
3228 4353 3395 4407 carnis
3415 4354 3625 4424 peccati.
3652 4353 3790 4409 Vera

2200 4453 2346 4506 caro,
2380 4440 2620 4495 mortalis
2646 4455 2771 4495 cara
2801 4457 2813 4493 :
2843 4440 2935 4495 sed
2957 4457 3065 4496 non
3088 4442 3290 4512 peccati
3313 4459 3458 4499 caro.
3490 4443 3633 4500 Misit
3649 4445 3790 4501 enim

2200 4529 2341 4585 Deus
2374 4530 2565 4585 Filium
2594 4549 2740 4586 suum
2778 4533 2829 4586 in
2873 4533 3249 4589 similitudinem
3287 4538 3455 4591 carnis
3496 4539 3707 4607 peccati,
3737 4547 3795 4590 ut

2199 4621 2264 4676 de
2293 4632 2497 4693 peccato
2540 4622 2805 4677 damnaret
2847 4635 3104 4695 peccatum
3146 4626 3201 4680 in
3243 4643 3413 4683 carne.
3460 4627 3602 4682 Misit
3648 4628 3789 4684 enim

2200 4712 2339 4768 Deus
2363 4711 2558 4767 Filium
2594 4730 2740 4767 suum
2766 4715 2822 4768 in
2848 4713 3233 4771 similitudinent
3263 4719 3432 4773 carnis
3473 4720 3709 4789 peccati:
3733 4719 3788 4773 in

2199 4819 2438 4871 carnem,
2463 4819 2570 4859 non
2592 4812 2770 4859 tamen
2794 4805 2845 4860 in
2864 4821 3079 4862 carnem
3108 4809 3309 4878 peccati
3331 4826 3347 4875 ;
3366 4809 3459 4864 sed
3484 4811 3536 4863 in
3565 4810 3794 4864 similitu-

2199 4898 2367 4952 dinem
2413 4899 2581 4951 carnis
2623 4898 2832 4967 peccati.
2877 4897 3101 4968 PrOpter
3142 4900 3304 4970 quid?
3342 4901 3411 4955 Ut
3451 4900 3514 4954 de
3558 4912 3787 4970 peccato,

2200 4989 2341 5061 quod
2379 4996 2524 5045 certe
2557 4990 2755 5044 nullum
2789 4992 2841 5044 in
2870 5004 2930 5045 se
2964 5001 3098 5059 erat,
3129 4992 3397 5047 damnaret
3442 5004 3703 5065 peccatum
3732 4995 3787 5048 in

2200 5098 2353 5137 carne
2374 5098 2393 5135 :
2425 5092 2478 5136 ut
2501 5082 2705 5154 justitia
2725 5081 2872 5153 Legis
2900 5083 3192 5154 impleretur
3210 5085 3262 5139 in
3291 5085 3453 5152 nobis,
3477 5086 3564 5155 qui
3595 5102 3695 5139 non
3719 5102 3802 5140 se-

2201 5175 2423 5228 cundum
2469 5190 2672 5228 carnem
2711 5171 3028 5230 ambulamus
3051 5216 3066 5241 ,
3112 5176 3202 5230 sed
3237 5176 3514 5231 secundum
3560 5178 3798 5246 spiritum

2205 5265 2379 5339 (Rom.
2415 5282 2529 5332 vnt,
2562 5267 2615 5331 '5,
2644 5265 2731 5337 4).»
2792 5262 2795 5263 ⁷

2269 5354 2496 5412 CAPUT
2534 5356 2706 5411 lV.—
2726 5357 2779 5414 5.
2810 5355 3050 5426 Peccata,
3081 5359 3331 5429 sacriﬁcia
3360 5376 3451 5433 pro
3476 5361 3710 5430 peccatis.
3736 5357 3797 5415 Si

2267 5530 2283 5596 ξ
2310 5537 2451 5581 Juxta
2473 5536 2548 5596 Erg.
2572 5531 2719 5593 Lugd.
2742 5538 2882 5591 ven.,
2906 5531 3171 5596 accipiunt.
3235 5540 3293 5582 at.

2266 5592 2565 5663 ’λιξιοηιιιιεξιὶἱ
2585 5592 2704 5663 ven.
2732 5596 2946 5663 .l-ov.‘_sic
2969 5592 3141 5658 legunt
3168 5609 3179 5644 :
3222 5604 3459 5661 tngenuus
3492 5599 3565 5648 est
3602 5593 3804 5662 aliquis,

2203 5651 2525 5716 captivatur‘tt
2549 5651 2782 5714 barbaris.
2848 5660 2905 5703 at.
