4098 6310
355 291 466 349 745

358 420 489 476 ergo
515 405 805 461 similitudo
827 415 941 463 erat
963 409 1138 464 carnis
1168 419 1389 479 peccati,
1419 426 1523 465 non
1553 426 1678 465 caro
1701 412 1900 482 peccati
1924 429 1937 477 ;

357 500 648 569 quomodo,
686 500 752 554 Ut
781 502 845 555 de
870 512 1071 565 peccato
1097 504 1359 557 damnaret
1390 516 1645 575 peccatum
1669 507 1723 558 in
1751 507 1946 567 carne?

356 592 506 647 Solet
538 602 593 647 et
632 593 923 649 similitudo
964 610 1157 667 capere
1186 613 1377 651 nomen
1408 600 1526 666 ejus
1566 601 1641 654 rei
1677 600 1828 669 cujus
1863 610 1944 654 est

358 683 672 739 similitudo.
705 685 876 739 llomo
903 686 1095 741 dicitur
1124 704 1316 747 verus:
1351 692 1443 745 sed
1471 692 1627 746 etiam
1659 692 1702 747 si
1744 693 1943 763 pictum

360 777 412 829 in
442 778 645 846 pariete
672 779 942 844 ostendas,
966 790 1019 835 et
1041 798 1248 851 qumras
1280 784 1403 853 quid
1434 785 1533 849 sit,
1568 786 1941 855 respondetur,

360 869 550 923 llomo.
587 869 865 924 Peccatum
895 886 1025 941 ergo
1058 873 1323 942 appellata
1359 884 1441 928 est
1466 889 1592 929 caro
1632 876 1833 931 habens
1874 877 1946 929 si—

359 958 716 1013 militudinem
757 962 934 1014 carnis
962 964 1185 1031 peccati,
1217 975 1272 1018 ut
1303 975 1448 1020 esset
1490 968 1808 1021 sacrilicium
1851 985 1945 1036 pro

360 1059 599 1119 peccato.
632 1051 764 1104 Dicit
790 1052 926 1107 idem
954 1056 1227 1123 apostolus
1254 1058 1357 1110 alio
1383 1058 1498 1111 loco
1527 1076 1539 1111 :
1570 1058 1704 1111 Eum
1733 1061 1818 1126 qui
1842 1076 1941 1113 twn

357 1152 564 1195 noverat
594 1153 873 1209 peccatum,
904 1161 996 1214 pro
1025 1146 1165 1199 nobis
1196 1161 1455 1217 peccatum
1486 1150 1601 1217 fecit
1631 1150 1711 1218 (ΙΙ
1737 1151 1856 1205 Cor.
1888 1168 1939 1216 v,

356 1232 477 1302 9.1).
512 1231 643 1285 Eum
669 1234 755 1304 qui
774 1252 873 1289 non
897 1248 1099 1291 noverat
1121 1250 1376 1308 peccatum
1399 1255 1418 1294 :
1445 1257 1602 1310 quem
1628 1243 1713 1311 qui
1734 1260 1833 1296 non
1856 1260 1946 1296 no-

356 1334 495 1377 uerat
517 1336 796 1393 peccatum,
826 1327 926 1381 nisi
947 1344 1090 1391 eum,
1114 1330 1200 1399 qui
1227 1332 1378 1396 dixit,
1408 1332 1536 1387 Ecce
1557 1336 1687 1388 venit
1713 1337 1944 1404 princeps

358 1418 537 1470 mundi
557 1459 570 1479 ,
599 1426 644 1470 ct
674 1420 727 1472 in
759 1435 837 1473 me
865 1421 993 1474 nihil
1032 1422 1285 1477 inveniet?
1316 1424 1447 1477 Eum
1489 1428 1576 1494 qui
1614 1444 1715 1481 non
1742 1439 1944 1482 noverat

358 1520 637 1578 peccatum,
669 1522 927 1581 peccatum
952 1529 1044 1583 pro
1064 1514 1204 1567 nobis
1226 1518 1383 1585 fecit:
1408 1531 1532 1573 eum
1573 1519 1742 1588 ipsum
1783 1519 1941 1575 Chri-

356 1610 499 1654 stum
543 1603 865 1656 nescientem
908 1616 1201 1673 pecratum,
1232 1609 1347 1675 fecit
1373 1626 1464 1677 pro
1491 1611 1632 1664 nobis
1659 1611 1797 1665 Deus
1825 1628 1942 1679 pec-

356 1702 543 1744 catum.
573 1691 709 1758 Quid
734 1703 817 1748 est
854 1694 976 1762 hoc,
1021 1695 1249 1752 fratres?
1289 1699 1344 1753 Si
1390 1701 1676 1767 diceretur,
1720 1703 1864 1757 Fecit
1891 1705 1940 1758 in

359 1782 509 1836 illum
538 1792 842 1852 peceatum,
871 1796 994 1850 aut,
1031 1788 1176 1842 Fecit
1217 1789 1363 1844 illum
1398 1790 1593 1847 habere
1636 1805 1938 1862 peceatum;

356 1872 691 1943 intolerabile
721 1876 986 1932 videretur
1015 1896 1027 1931 :
1059 1881 1324 1949 quomodo
1363 1883 1648 1938 toleramus
1685 1886 1823 1953 quod
1864 1885 1944 1940 di-

355 1975 500 2021 ctum
525 1977 638 2033 est,
672 1967 815 2021 Fecit
853 1986 965 2023 eum
1007 1982 1290 2039 peccatum,
1336 1984 1390 2027 ut
1438 1975 1551 2045 ipse
1595 1976 1837 2031 Christus
1875 1980 1945 2033 sit

357 2061 673 2127 peceatum?
711 2061 811 2129 Qui
849 2073 1109 2118 noverunt
1157 2064 1457 2133 Scripturas
1501 2068 1704 2123 Veteris
1750 2069 1909 2126 Testa

352 2151 557 2215 menti,
586 2164 973 2222 recognoscant
1002 2154 1140 2223 quod
1172 2155 1309 2209 dico.
1352 2156 1465 2211 Non
1497 2160 1636 2213 enim
1666 2162 1830 2217 semel
1857 2162 1942 2215 di-

351 2248 500 2295 ctum
533 2251 636 2308 est,
687 2242 781 2297 sed
821 2243 1134 2315 aliquoties,
1180 2249 1501 2304 creberrime
1548 2264 1759 2320 peccata
1801 2253 1940 2308 dicta

355 2342 481 2388 sunt
508 2334 762 2389 sacriﬁcia
790 2350 887 2405 pro
914 2340 1166 2407 peccatis.
1199 2338 1551 2409 Oll'erebatur,
1580 2344 1724 2397 verbi
1751 2346 1938 2413 gratia,

356 2439 457 2493 pro
508 2432 727 2493 peccato
770 2426 967 2492 hircus,
995 2428 1167 2491 aries,
1212 2432 1483 2499 quodlibet
1518 2452 1529 2486 :
1573 2434 1683 2503 ipsa
1727 2435 1940 2490 victima

353 2516 831 2584 quteoli‘erehatur
878 2534 976 2589 pro
1008 2530 1256 2589 peccato,
1309 2535 1580 2592 peccatum
1627 2528 1940 2581 nominaba-

360 2613 468 2657 tur.
500 2606 783 2663 Peccatum
819 2623 949 2679 ergo
973 2610 1248 2667 dicebatur
1271 2615 1591 2671 sacriﬁcium
1627 2634 1720 2688 pro
1747 2634 1937 2688 pecca-

358 2706 417 2751 to
448 2696 521 2770 (a)
547 2715 560 2752 :
592 2698 661 2754 ita
686 2709 743 2755 ut
764 2701 955 2756 alicubi
981 2703 1120 2758 dicat
1149 2704 1281 2771 Lex,
1305 2707 1606 2764 sacerdotes
1629 2725 1826 2779 ponere
1845 2711 1942 2765 dc-

354 2788 487 2845 bere
513 2807 698 2847 manus
727 2809 851 2850 suas
886 2811 1051 2866 super
1088 2808 1359 2867 peccatum
1388 2799 1583 2871 (Leuit.
1613 2818 1683 2870 tv,
1707 2803 1777 2859 29
1795 2846 1809 2867 ,
1839 2821 1937 2859 sec.

356 2879 545 2953 LXX).
578 2883 738 2956 Ergo,
766 2885 898 2941 Eum
923 2888 1012 2960 qui
1034 2905 1135 2943 non
1168 2901 1371 2945 noverat
1400 2904 1677 2971 peccatum,
1701 2897 1817 2968 fecit
1851 2913 1943 2963 pro

354 2974 501 3029 nobis
528 2987 780 3043 peccatum
808 2994 827 3032 :
854 2978 903 3033 id
934 2988 1036 3046 est,
1067 2982 1382 3038 sacrificium
1402 2968 1507 3055 pro
1530 2997 1745 3056 peccato
1774 2989 1943 3047 factus

352 3078 460 3124 est.
495 3070 773 3125 Peccatum
801 3073 1037 3129 oblatum
1068 3084 1151 3129 est
1181 3076 1221 3142 ⁸,
1251 3085 1306 3132 et
1350 3078 1585 3135 deletum
1619 3092 1702 3137 est
1750 3099 1933 3153 pecca-

357 3168 495 3214 tum.
542 3161 712 3216 Fusus
750 3171 832 3217 est
859 3165 1075 3235 sanguis
1120 3165 1493 3240 Redemptoris
1517 3213 1531 3237 ,
1560 3180 1614 3228 ct
1647 3173 1819 3229 deleta
1858 3186 1942 3231 est

353 3252 535 3306 cautio
556 3252 831 3309 debitoris.
864 3254 983 3326 Ipse
1007 3264 1093 3313 est
1123 3260 1339 3330 sanguis
1362 3262 1451 3333 qui
1482 3278 1578 3334 pro
1604 3266 1784 3321 multis
1810 3267 1931 3322 cll‘u~

354 3358 449 3400 sus
472 3353 555 3400 est
580 3346 633 3400 in
659 3347 1027 3404 remissionem
1054 3362 1418 3421 peccatorum.

426 3438 651 3494 CAPUT
695 3439 759 3494 V.
789 3470 861 3481 —
887 3442 943 3497 6.
1002 3442 1289 3499 Conclusio.
1328 3446 1466 3515 Quid
1509 3458 1592 3504 est
1632 3465 1759 3522 ergo
1799 3452 1940 3522 quod

354 3529 669 3598 insipienter
686 3533 961 3589 exsultasti
985 3576 1001 3601 ,
1031 3550 1183 3591 meus
1211 3538 1533 3606 eaptivator,
1566 3543 1687 3611 quia
1723 3558 1937 3599 carnem

355 3622 633 3677 mortalem
651 3622 829 3678 habuit
845 3640 996 3679 meus
1014 3626 1289 3682 Liberator
1315 3629 1340 3681 ?
1364 3629 1419 3684 Si
1447 3632 1623 3685 habuit
1645 3646 1937 3701 peccalum,

352 3711 476 3766 vide
508 3730 522 3766 :
552 3714 595 3767 si
639 3714 835 3785 aliquid
871 3725 1017 3770 tuum
1062 3718 1115 3772 in
1159 3732 1223 3773 eo
1254 3720 1521 3787 invenisti,
1542 3732 1682 3778 tene.
1706 3723 1939 3781 Verbum

351 3820 482 3859 caro
507 3807 697 3861 factum
714 3816 795 3861 est
819 3807 992 3878 (Joan.
1022 3825 1060 3875 ι,
1081 3812 1192 3880 14).
1210 3811 1438 3867 Verbum
1464 3825 1669 3869 creator
1697 3826 1797 3879 est,
1816 3833 1942 3873 caro

350 3907 601 3951 creatura
641 3906 743 3952 est.
779 3898 915 3967 Quid
966 3900 1033 3954 ibi
1067 3909 1249 3966 tuum,
1297 3903 1555 3959 inimice?
1598 3906 1664 3961 Et
1710 3908 1936 3963 Verbum

352 3985 499 4039 Deus
527 3995 641 4050 est,
689 3996 743 4043 et
789 3989 964 4044 anima
1008 3990 1239 4046 ltominis
1286 4002 1527 4049 creatura
1571 4004 1685 4062 est,
1740 4006 1940 4054 etcaro

355 4077 588 4132 hominis
622 4091 865 4135 creatura
896 4090 1011 4149 est,
1042 4091 1095 4137 et
1137 4099 1259 4137 caro
1291 4086 1529 4140 mortalis
1567 4088 1657 4143 Dei
1697 4100 1937 4145 creatura

351 4178 455 4223 est.
496 4169 775 4224 Peccatum
807 4188 1005 4242 qurere.
1036 4173 1139 4228 Sed
1175 4176 1299 4245 quid
1331 4179 1579 4247 qnzeras?
1610 4180 1815 4236 Veritas
1856 4182 1939 4235 lo-

351 4262 535 4330 quitur
571 4280 585 4317 :
626 4262 795 4318 Veniet
839 4265 1072 4337 princeps
1099 4270 1272 4322 mundi
1300 4269 1481 4340 hujus,
1530 4282 1577 4326 et
1617 4273 1671 4327 in
1696 4291 1776 4327 me
1812 4276 1941 4329 nihil

352 4353 587 4406 inveniet.
619 4354 737 4409 Non
783 4372 912 4427 ergo
968 4374 1071 4413 non
1121 4361 1319 4415 invenit
1369 4378 1618 4429 carnem,
1666 4368 1759 4421 sed
1809 4369 1939 4423 nihil

352 4458 543 4507 suum,
573 4444 622 4498 id
658 4455 741 4500 est
766 4489 781 4512 ,
826 4449 1029 4503 nullum
1062 4461 1356 4519 peccatum.
1391 4454 1654 4524 Decepisti
1686 4457 1940 4514 innocen-

354 4546 468 4599 tes,
526 4537 696 4593 fecisti
756 4551 1029 4597 nocentes.
1080 4543 1328 4597 Occidisti
1381 4544 1715 4603 innocentem
1759 4567 1773 4616 ;
1816 4568 1939 4620 per-

351 4628 529 4681 emisti
559 4645 716 4700 quem
758 4648 862 4687 non
891 4633 1142 4701 debebas,
1176 4636 1338 4691 redde
1366 4638 1504 4706 quod
1536 4640 1772 4695 tenebas.
1804 4643 1939 4711 Quid

352 4732 481 4787 ergo
526 4720 591 4773 ad
622 4721 805 4775 horam
845 4725 1153 4789 exsultasti,
1192 4728 1314 4797 quia
1359 4729 1605 4785 invenisti
1647 4734 1697 4787 in
1728 4735 1941 4799 Christo

351 4826 565 4866 carnem
598 4816 915 4870 mortalem?
943 4817 1228 4887 Muscipula
1259 4828 1343 4874 tua
1375 4832 1489 4877 erat
1520 4841 1533 4877 :
1568 4827 1707 4882 unde
1734 4828 1942 4884 lmtatus

350 4917 411 4955 es
434 4944 448 4963 ,
482 4903 606 4957 inde
631 4914 816 4973 captus
841 4920 919 4961 es.
943 4906 1039 4962 Ubi
1066 4918 1116 4961 te
1134 4910 1408 4966 exsultasti
1430 4914 1626 4985 aliquid
1649 4918 1937 4987 invenisse,

353 4992 478 5047 inde
523 5011 662 5050 nunc
704 4996 852 5050 doles
877 4999 1018 5068 quod
1045 5001 1363 5069 possederas
1404 5006 1718 5073 perdidisse.
1759 5012 1937 5081 Ergo,

352 5082 566 5149 fratres,
586 5087 671 5156 qui
694 5088 964 5144 credimus
984 5090 1036 5144 in
1063 5092 1351 5162 Christum,
1372 5112 1679 5153 maneamus
1703 5102 1753 5155 iu
1778 5106 1941 5159 verbo

350 5178 487 5245 ejus.
535 5178 592 5233 Si
636 5182 778 5235 enim
823 5186 1176 5240 manserimus
1219 5187 1269 5240 in
1322 5190 1483 5243 verbo
1523 5193 1672 5260 ejus,
1708 5212 1830 5250 vere
1860 5198 1941 5251 di-

349 5269 537 5339 scipuli
562 5270 678 5339 ejus
720 5287 923 5328 sumus.
953 5275 1064 5330 Non
1101 5279 1241 5332 enim
1286 5281 1383 5334 soli
1412 5281 1483 5336 illi
1514 5283 1815 5353 duodecim,
1844 5291 1940 5346 sed

347 5374 540 5415 omnes
589 5361 679 5431 qui
717 5378 995 5421 manemus
1039 5368 1090 5421 in
1135 5370 1298 5423 verbo
1343 5371 1475 5441 ejus,
1530 5391 1655 5431 vere
1694 5379 1939 5451 discipuli

346 5451 462 5522 ejus
478 5468 682 5509 sumus.
705 5457 770 5510 Et
790 5472 1177 5528 cognoscemus
1206 5464 1501 5533 veritatem,
1525 5476 1580 5523 et
1599 5472 1793 5526 veritas
1813 5474 1943 5531 libc.

411 5609 429 5683 ξ
457 5614 660 5683 unuse,
684 5584 839 5674 factus
875 5627 945 5666 est
967 5622 1233 5683 peccatum,
1257 5618 1440 5672 oblatus
1461 5629 1550 5683 est.
1576 5632 1671 5678 etc.

347 5741 380 5778 Π
409 5668 486 5780 (ἕ)
512 5673 629 5723 vide
646 5668 938 5726 sermonem
967 5668 1079 5737 352,
1108 5694 1188 5728 ttn.
1221 5668 1795 5744 ἱοξῖἶξνρῖνξθῖιῖἶόιιειιι
1836 5696 1923 5749 liis

590 5819 797 5883 Sancr
866 5826 1145 5888 Accusa".
1184 5829 1259 5889 V.

1622 244 1623 247 γ
1660 262 1667 267 ’
1740 294 1972 351 SERMO
2010 293 2269 353 cxxxv.

3529 296 3631 347 "illi

2054 413 2193 468 rahit
2218 430 2313 469 nos
2345 434 2357 469 :
2393 417 2443 471 id
2478 427 2579 486 est,
2611 420 2853 479 Christus
2880 423 3040 480 Filius
3071 427 3182 492 Dei,
3214 428 3304 497 qui
3335 429 3486 493 dixit.
3526 432 3638 505 Ego

2052 521 2161 558 sum
2188 508 2365 563 veritas
2394 509 2572 581 (Joan.
2597 530 2704 581 xiv,
2724 516 2799 588 6).
2829 516 3048 573 Liberos
3077 535 3173 575 nos
3195 520 3376 588 faciet;
3405 522 3505 578 hoc
3530 536 3633 593 est,

2054 596 2297 654 liberabit
2318 618 2436 667 nos,
2470 621 2573 660 non
2601 622 2631 661 a
2677 609 2944 676 barbaris,
2976 613 3068 667 sed
3106 628 3134 667 a
3166 615 3379 670 diabolo
3407 634 3422 680 ;
3472 635 3574 672 non
3604 636 3635 675 a

2051 693 2291 760 corporis
2305 696 2627 765 captivitate,
2648 701 2739 753 sed
2761 704 2827 755 ab
2843 704 3032 758 anima:
3055 704 3349 775 iniquitate.
3372 709 3528 763 Solus
3557 723 3638 766 est

2052 785 2140 853 qui
2172 786 2247 839 sic
2274 786 2482 843 liberat.
2516 790 2681 846 Nemo
2706 809 2762 847 se
2792 795 3011 849 liberum
3038 798 3198 864 dicat,
3232 816 3296 854 ne
3325 816 3509 856 servus
3550 818 3639 858 rc-

2054 887 2284 931 maneat.
2331 878 2445 933 Non
2491 885 2785 938 remanebit
2837 887 2887 940 in
2918 889 3172 943 servitute
3211 893 3385 946 anima
3433 907 3636 962 nostra,

2050 968 2172 1035 quia
2198 971 2435 1040 quotidie
2460 972 2792 1029 dimittuntur
2817 979 2992 1034 debita
3021 992 3219 1038 nostra.

2474 1086 2699 1141 SlimtO
2737 1088 2975 1143 cxxxv
3021 1095 3040 1115 ο
3071 1092 3168 1161 (a).

2039 1190 2129 1259 De
2174 1196 2329 1248 verbis
2389 1196 2648 1267 Evangelii
2690 1200 2929 1265 Joannis,
2974 1205 3079 1269 ligo
3140 1208 3278 1269 veni,
3327 1218 3380 1262 ut
3449 1209 3637 1264 faciam

2123 1302 2281 1352 opera
2310 1287 2423 1355 ejus
2454 1292 2541 1358 qui
2574 1293 2712 1344 misit
2744 1309 2847 1346 nte.
2879 1295 3064 1349 Contra
3092 1298 3326 1353 Arianos.
3380 1300 3447 1354 Et
3491 1305 3551 1355 dc
3584 1323 3641 1356 co

2122 1378 2256 1445 quod
2294 1381 2362 1431 ait
2408 1380 2722 1436 illnminatus
2748 1385 2834 1437 ille
2870 1387 2952 1455 qui
2988 1398 3094 1440 erm
3129 1406 3291 1443 aecus
3326 1376 3491 1451 natus.
3523 1394 3637 1449 Sri—

2123 1486 2240 1525 tnus
2270 1474 2390 1542 quia
2438 1485 2743 1543 peccatores
2784 1479 2921 1533 licus
2967 1494 3071 1533 non
3122 1483 3355 1536 exaudit.
3390 1485 3514 1554 Cap.
3558 1503 3639 1541 ix.

2121 1586 2345 1641 CAPUT
2397 1589 2676 1646 PRIMUM.
2708 1622 2779 1632 -—
2826 1595 2876 1648 1.
2928 1594 3136 1651 chitas
3187 1600 3410 1652 omnium
3472 1601 3639 1654 homi-

2049 1695 2172 1731 num
2210 1696 2242 1733 α
2290 1682 2564 1736 nativitate.
2613 1684 2864 1739 Dominus
2925 1687 3099 1752 Jcsus,
3154 1692 3290 1744 sicut
3340 1691 3639 1747 audivimus

2049 1782 2167 1823 cum
2202 1781 2440 1827 sanctum
2495 1773 2839 1845 Evangelium
2892 1778 3174 1848 legeretur,
3223 1784 3430 1850 aperuit
3456 1786 3637 1841 oculos

2050 1860 2251 1915 homini
2279 1864 2367 1931 qui
2396 1879 2567 1918 caicus
2599 1876 2713 1922 erat
2738 1878 2909 1921 natus.
2944 1869 3157 1925 Fratres
3180 1914 3195 1938 ,
3227 1873 3270 1927 si
3301 1876 3640 1931 attendamus

2051 1950 2440 2008 ha'rcditariam
2482 1972 2690 2025 poenam
2739 1969 2996 2020 nostram.
3033 1970 3174 2017 totus
3213 1966 3441 2022 mundus
3466 1982 3640 2025 ca-cus

2049 2055 2149 2100 est.
2190 2046 2315 2100 Ideo
2357 2049 2501 2103 venit
2530 2050 2772 2106 Christus
2822 2054 3173 2121 illuminator,
3226 2058 3345 2126 quia
3396 2060 3639 2117 diabolus

2048 2136 2222 2193 fuerat
2250 2153 2571 2195 excarcator.
2605 2142 2802 2199 Omnes
2840 2161 3011 2200 (aecus
3043 2148 3184 2202 nasci
3216 2148 3359 2215 fecit,
3404 2152 3493 2220 qui
3535 2155 3641 2222 pri-

2050 2246 2193 2282 mum
2241 2230 2508 2285 hominem
2540 2232 2775 2303 decepit.
2824 2236 3054 2290 Currant
3089 2238 3155 2292 ad
3205 2239 3636 2309 illuminatoretn,

2050 2331 2266 2375 currant
2290 2363 2304 2386 ,
2335 2323 2599 2392 credant,
2654 2327 2913 2396 accipiant
2942 2328 3108 2383 lutum
3135 2330 3201 2384 de
3225 2333 3387 2387 saliva
3416 2333 3635 2389 factum.

2050 2411 2227 2467 Saliva
2269 2416 2419 2484 quasi
2453 2418 2679 2473 Verbum
2708 2432 2809 2486 est,
2858 2430 2995 2476 terra
3025 2438 3151 2478 caro
3194 2433 3297 2480 est.
3330 2427 3534 2484 Lavent
3561 2431 3639 2485 fa-

2049 2505 2184 2560 ciem
2212 2506 2264 2562 in
2300 2508 2498 2577 piscina
2529 2510 2710 2565 Silere.
2754 2512 3012 2568 Pertinuit
3051 2526 3228 2570 autem
3267 2518 3331 2572 ad
3352 2520 3639 2591 Evangeli-

2048 2606 2184 2651 stam
2203 2614 2469 2667 exponere
2495 2603 2646 2655 nobis
2673 2604 2795 2671 quid
2824 2605 3086 2673 significet
3111 2607 3272 2671 Siloa,
3292 2620 3344 2665 et
3368 2611 3462 2675 ait,
3492 2612 3640 2678 Quod

2049 2689 2409 2758 interpretatur
2434 2693 2637 2748 missus.
2683 2694 2816 2762 Quis
2865 2706 2946 2750 est
2998 2698 3111 2766 ipse
3163 2699 3378 2765 missus,
3423 2702 3521 2756 nisi
3547 2704 3639 2774 qui

2050 2781 2183 2837 dixit
2221 2783 2273 2837 in
2323 2784 2434 2853 ipsa
2490 2785 2737 2851 lectione,
2792 2785 2922 2858 Ego.
2958 2788 3148 2859 inqttit,
3190 2792 3320 2856 veni,
3352 2804 3408 2848 ut
3453 2798 3641 2867 faciant

2049 2890 2206 2943 opera
2248 2875 2359 2945 ejus
2401 2876 2487 2945 qui
2516 2893 2596 2930 me
2620 2877 2756 2931 misit
2785 2879 2811 2931 ?
2836 2880 2975 2935 Ecce
3004 2881 3145 2937 Siloa
3174 2900 3189 2947 ;
3223 2884 3392 2940 lavate
3418 2886 3631 2955 faciem,

2048 2966 2411 3036 baptizamini,
2467 2978 2525 3025 ut
2572 2969 2979 3041 illuminemini,
3020 2983 3077 3030 et
3099 2976 3323 3033 videatis
3360 2980 3448 3049 qui
3474 2982 3488 3013 ⁸
3516 2991 3642 3038 ante

2049 3076 2156 3115 non
2188 3059 2477 3115 videbatis.

2145 3152 2200 3207 2.
2242 3150 2408 3207 Locus
2454 3152 2517 3207 ab
2566 3154 2770 3209 Arionis
2823 3156 3131 3213 calumniosi:
3166 3169 3459 3230 usurpatas.
3506 3163 3641 3223 Ecce

2047 3243 2281 3315 primum
2328 3243 2397 3300 ad
2433 3243 2534 3300 hoc
2579 3246 2719 3315 quod
2757 3246 2955 3302 dictum
3003 3259 3081 3303 est
3110 3291 3125 3313 ,
3156 3253 3340 3307 oculos
3389 3256 3638 3324 aperite:

2047 3334 2182 3406 Ego,
2215 3335 2401 3406 inquit,
2444 3337 2555 3390 veni
2596 3348 2651 3391 ut
2690 3340 2878 3408 faciam
2903 3357 3059 3410 opera
3099 3343 3208 3412 ejus
3250 3344 3340 3415 qui
3374 3362 3456 3399 me
3482 3348 3637 3403 misit.

2046 3424 2165 3481 Jam
2235 3425 2319 3479 hic
2371 3425 2552 3480 existit
2606 3427 2856 3493 Arianus,
2905 3439 2961 3485 et
3011 3431 3141 3486 dicit
3196 3450 3209 3487 :
3273 3435 3409 3491 Ecce
3450 3436 3641 3493 videtis

2048 3517 2171 3587 quia
2210 3517 2457 3572 Christus
2502 3534 2606 3572 non
2649 3519 2772 3574 fecit
2811 3535 2974 3589 Opera
3011 3537 3106 3578 sua
3134 3564 3151 3589 ,
3201 3526 3296 3581 sed
3336 3527 3510 3585 Patris
3549 3533 3643 3602 qui

2047 3625 2170 3664 eum
2200 3610 2364 3665 misit.
2397 3610 2678 3681 Nunquam
2699 3611 2812 3669 .hoc
2836 3613 3058 3680 diceret,
3089 3617 3133 3672 si
3162 3618 3384 3686 videret,
3413 3621 3518 3677 hoc
3536 3634 3640 3691 est,

2047 3703 2091 3755 si
2120 3701 2172 3755 in
2225 3702 2341 3771 ipso
2390 3703 2479 3771 qui
2512 3704 2706 3759 missus
2751 3714 2854 3768 est,
2888 3716 3138 3776 tanquam
3166 3710 3221 3764 in
3248 3710 3420 3778 Siloa,
3450 3713 3640 3771 faciem

2047 3792 2269 3847 lavaret.
2315 3792 2451 3859 Quid
2479 3810 2607 3864 ergo
2657 3796 2791 3851 dicis
2819 3796 2842 3848 ?
2868 3797 3028 3863 Ecce,
3081 3798 3272 3869 inquit,
3327 3801 3441 3871 ipse
3484 3804 3636 3861 dixit.

2047 3882 2183 3949 Quid
2211 3884 2345 3938 dixit
2371 3885 2395 3939 ?
2438 3883 2581 3951 Veni,
2620 3896 2675 3939 ut
2705 3886 2891 3955 faciam
2918 3906 3074 3959 opera
3097 3892 3208 3960 eius
3233 3894 3321 3963 qui
3363 3912 3443 3950 me
3480 3899 3638 3954 misit.

2046 3972 2162 4029 Non
2193 3989 2323 4044 ergo
2349 3990 2443 4029 sua
2476 3976 2499 4028 ?
2524 3976 2659 4031 Non.
2691 3979 2754 4032 lit
2783 3979 2908 4048 quid
2945 3984 3191 4051 estquod
3218 3985 3294 4038 ait
3320 3986 3447 4055 ipse
3471 3989 3637 4056 Siloa,

2047 4065 2161 4134 ipse
2202 4066 2417 4129 missus,
2471 4068 2582 4136 ipse
2628 4069 2816 4136 Filius,
2849 4071 2963 4140 ipse
2989 4071 3187 4129 Unicus
3215 4091 3374 4145 quem
3407 4089 3459 4134 tu
3501 4098 3639 4153 qne-

2047 4156 2184 4210 reris
2213 4157 2232 4186 ¹
2260 4171 2379 4212 esse
2427 4157 2749 4228 degenerem
2781 4161 2804 4214 ?
2842 4162 2977 4228 Quid
3007 4173 3092 4219 est
3134 4167 3275 4235 quod
3305 4170 3416 4237 ait,
3452 4172 3641 4229 Omnia

2044 4265 2156 4318 qua:
2176 4248 2320 4303 habet
2339 4249 2513 4319 Pater,
2532 4268 2642 4306 mea
2659 4264 2775 4307 sunt
2795 4253 2905 4325 (Id.
2934 4258 3149 4329 “1.15)
3180 4259 3203 4313 ?
3229 4261 3307 4315 Tu
3331 4264 3464 4321 dicis
3509 4270 3638 4339 quia

2045 4355 2205 4408 opera
2231 4342 2401 4395 aliena
2419 4342 2676 4411 faciebat;
2704 4346 2827 4414 quia
2843 4346 2995 4411 dixit,
3019 4347 3230 4405 Faciam
3247 4369 3400 4424 opera
3416 4359 3532 4427 ejus
3550 4363 3637 4429 qui

2047 4450 2124 4485 me
2144 4433 2297 4485 misit.
2325 4434 2433 4503 Ego
2459 4434 2581 4489 dico
2600 4438 2719 4504 quia
2746 4438 2900 4493 Pater
2928 4455 3016 4496 res
3040 4442 3239 4499 alienas
3260 4445 3486 4504 habebat
3512 4468 3526 4515 ;
3550 4470 3638 4508 se—

2055 4524 2272 4579 .nndum
2299 4541 2394 4580 cor
2420 4536 2564 4581 tuum
2596 4527 2801 4597 loquor.
2834 4530 2986 4586 Unde
3025 4534 3154 4589 mihi
3177 4537 3256 4590 vis
3289 4542 3639 4607 praescribere

2058 4619 2167 4688 quia
2204 4618 2341 4673 dixit
2361 4618 2625 4687 Christus,
2676 4621 2835 4688 Veni,
2865 4634 2920 4677 ut
2944 4626 3129 4696 faciam
3152 4645 3306 4699 opera
3331 4632 3459 4700 ejus,
3488 4651 3629 4704 quas.

2049 4725 2151 4763 non
2180 4725 2320 4774 mea,
2348 4710 2442 4766 sed
2466 4712 2578 4782 ejus
2600 4713 2688 4781 qui
2713 4715 2845 4767 misit
2871 4732 2950 4769 me
2975 4717 3002 4769 ?

2117 4799 2340 4855 CAPUT
2370 4799 2435 4855 ll.
2464 4802 2604 4859 --.3.
2641 4802 2810 4871 Opera
2848 4804 3020 4859 Patris
3064 4818 3113 4861 et
3154 4806 3280 4863 Filii
3304 4812 3502 4867 eadem.
3550 4816 3625 4871 lno

2047 4899 2259 4961 terrogo
2310 4900 2380 4956 te,
2431 4892 2655 4947 Domine
2684 4893 2912 4961 Christe,
2946 4898 3094 4954 solve
3134 4904 3505 4971 quaestionem,
3541 4909 3623 4964 lini

2047 4984 2442 5041 contentionem
2472 4985 2514 5037 ³.
2547 4985 2749 5049 Omnia,
2784 4987 2970 5056 inquit,
2999 5006 3112 5059 qua:
3134 4992 3280 5047 habet
3312 4993 3490 5066 Pater,
3522 5015 3633 5056 mea

2044 5086 2182 5131 sunt.
2228 5076 2368 5146 Ergo
2408 5077 2580 5132 Patris
2619 5095 2725 5133 non
2765 5089 2908 5143 sunt,
2937 5083 2980 5135 si
3008 5092 3095 5137 tua
3122 5095 3245 5141 sunt
3284 5087 3452 5144 YNon
3489 5093 3634 5150 enim

2044 5170 2136 5230 ait,
2187 5167 2376 5223 Omnia
2405 5184 2526 5240 qum
2568 5171 2729 5227 habet
2772 5172 2946 5236 Pater,
2998 5175 3291 5232 deditmihi
3336 5198 3350 5233 :
3394 5188 3637 5251 quamvis

2045 5261 2089 5314 si
2116 5269 2168 5315 et
2197 5260 2299 5316 hoc
2320 5261 2564 5326 dixisset,
2591 5264 2943 5333 aequalitatem
2969 5267 3309 5325 ostendisset.
3337 5271 3442 5328 Sed
3473 5281 3636 5335 uiole-

2045 5359 2184 5406 stum
2226 5360 2309 5406 est
2350 5351 2491 5422 qttod
2530 5352 2683 5421 dixit,
2735 5353 2920 5409 Omnia
2963 5371 3078 5425 qua:
3118 5357 3266 5414 habet
3312 5361 3489 5432 Pater,
3522 5386 3633 5425 mea

2110 5517 2125 5582 ἓ
2152 5518 2224 5565 Sic
2245 5523 2336 5565 Mss
2393 5517 2508 5566 Editi
2534 5530 2670 5577 vero,
2694 5522 2839 5582 quod.

2109 5581 2128 5609 ι
2156 5588 2251 5626 Am.
2280 5586 2352 5650 tzr.
2382 5588 2433 5629 et
2457 5588 2581 5639 Mss,
2600 5580 2796 5689 qiiteris.

2110 5641 2218 5689 istc
2239 5641 2421 5689 aliquot
2442 5648 2549 5689 Mss.
2579 5651 2603 5689 Α
2632 5656 2659 5689 ιι
2687 5655 2796 5689 vero

2239 5641 2421 5720 aliquot
2442 5648 2549 5720 Mss.
2564 5641 2804 5720 JAliiAvet'o
2826 5657 2934 5693 cum
2958 5645 3119 5720 editis,
3144 5662 3245 5720 sine
3268 5659 3577 5707 contentione.
3619 5706 3627 5720 ,

2109 5701 2126 5768 ‘_
2152 5701 2439 5768 [amendatos
2461 5704 2518 5751 ad
2557 5703 2693 5768 duos
2716 5706 2777 5754 cl.
2805 5721 2880 5768 gr.
2905 5721 2994 5763 rm.
3022 5724 3067 5759 v.
3093 5701 3193 5761 Ᾰω.
3215 5718 3289 5762 Er.
3317 5701 3416 5765 t‘ar.
3437 5701 3548 5768 tor".

2106 5763 2181 5827 (a)
2207 5763 2348 5825 Alias,
2372 5765 2433 5813 45
2454 5779 2517 5815 ex
2549 5766 2759 5818 ttomiliis
2779 5763 2856 5819 50.

2821 5861 2854 5930 (
2870 5854 3390 5935 Vinqt—quatrc.)
