3978 6454
512 452 622 513 7L7

515 580 657 626 sunt.
706 569 763 624 Si
814 566 1099 635 intelligas,
1147 562 1336 618 Omnia
1384 576 1502 629 qua:
1557 559 1714 614 habet
1764 558 1940 625 Pater,
1990 558 2104 613 Filii

513 672 641 722 sunt
680 664 902 727 ;omnia
949 673 1068 729 qua:
1116 655 1277 713 habet
1319 654 1504 717 Filius,
1553 652 1725 709 Patris
1776 663 1920 707 sunt.
1966 650 2106 706 Audi

516 756 666 809 illum
691 752 796 806 alio
816 750 934 806 loco
966 766 980 802 :
1013 746 1199 802 Omnia
1223 763 1336 801 mea
1360 756 1447 800 tua
1473 753 1608 810 sunt,
1642 753 1690 799 et
1718 754 1808 798 tua
1834 760 1947 798 mea
1965 753 2101 797 sunt.

518 846 694 913 (Joan.
732 857 860 907 xvu,
882 839 997 912 10.)
1029 839 1200 894 Finita
1226 848 1309 893 est
1335 837 1577 909 quaestio,
1608 836 1675 892 de
1702 837 1785 892 his
1806 851 1925 905 qua:
1948 835 2105 891 habet

510 937 668 991 Pater
695 943 751 989 ct
791 931 958 987 Filius
985 948 1000 985 :
1030 929 1324 986 concordes
1352 929 1607 992 habent‘,
1638 937 1693 982 tu
1721 927 1826 981 noli
1873 926 2102 996 litigare.

510 1030 685 1096 Opera
721 1024 893 1079 Patris
930 1039 1049 1094 qum
1072 1022 1202 1077 dicit
1225 1036 1386 1093 opera
1429 1036 1563 1086 sua;
1604 1020 1727 1090 quia
1769 1028 1825 1074 et
1853 1032 1939 1074 tua
1984 1033 2103 1075 mea

508 1122 654 1174 suut‘
676 1119 823 1188 :qttia
844 1116 985 1172 illius
1002 1116 1170 1170 Patris
1190 1115 1317 1169 dicit
1332 1129 1514 1184 opera,
1533 1114 1616 1167 cui
1630 1111 1973 1177 dixil,0mm'a
1993 1127 2105 1165 mea

508 1224 598 1268 tua
636 1221 772 1274 sunt,
816 1218 863 1264 et
889 1220 977 1264 tua
1004 1225 1116 1263 mea
1143 1218 1278 1262 sunt.
1323 1208 1463 1277 Ergo
1491 1222 1651 1275 Opera
1685 1222 1801 1260 mea
1830 1214 1917 1259 tua
1948 1214 2099 1271 sunt,

507 1316 562 1360 et
588 1319 750 1375 opera
782 1313 869 1356 tua
900 1316 1015 1357 mea
1042 1311 1187 1358 sunt.
1220 1300 1557 1369 Quacumque
1596 1300 1730 1353 enim
1759 1297 1914 1353 Pater
1941 1300 2099 1370 facit:

506 1400 625 1469 ipse
666 1396 822 1462 dixit,
864 1396 1121 1450 Dominus
1173 1394 1327 1459 dixit,
1379 1393 1693 1462 Unigeuitus
1739 1392 1891 1458 dixit,
1940 1390 2103 1446 Filius

505 1489 661 1554 dixit,
690 1488 896 1544 Veritas
916 1487 1067 1542 dixit.
1091 1486 1225 1555 Quid
1242 1486 1410 1540 dixit?
1429 1485 1763 1553 Quacumque
1786 1484 1939 1538 Pater
1959 1486 2099 1556 facit,

508 1586 616 1637 lucc
637 1592 684 1637 et
716 1580 879 1635 Filius
907 1581 1029 1651 facit
1048 1580 1276 1633 similiter
1309 1577 1417 1649 (Id.
1444 1594 1498 1644 v,
1528 1578 1637 1647 l9).
1663 1579 1848 1649 Magna
1885 1594 2103 1649 expres-

505 1675 607 1738 sio,
628 1688 816 1741 magna
839 1672 1054 1735 veritas,
1081 1685 1266 1741 magna
1285 1670 1575 1738 arqualitas.
1602 1669 1785 1723 Omnia
1812 1686 1926 1742 quae
1948 1669 2103 1724 Pater

507 1765 652 1834 facit,
684 1763 792 1817 Itazc
821 1763 938 1822 facit
967 1771 1013 1815 et
1037 1760 1086 1815 F
1088 1761 1225 1815 ilius.
1256 1760 1560 1826 Sufliceret,
1594 1760 1780 1815 Omnia
1803 1777 1916 1831 quia
1944 1760 2100 1815 Pater

506 1858 653 1925 facit,
686 1856 793 1909 lucc
818 1855 940 1925 facit
970 1864 1014 1907 et
1044 1852 1091 1907 F
1093 1854 1233 1908 ilius.
1268 1852 1381 1908 Non
1430 1852 1662 1917 sufﬁcit;
1704 1853 1864 1919 addo,
1914 1854 2097 1907 simili-

508 1959 603 2002 ter.
649 1949 825 2014 Quare
868 1946 1030 2012 addo,
1062 1944 1347 1999 similiter?
1388 1944 1521 2010 Quia
1567 1944 1741 1999 solent
1786 1945 1964 1998 dicere
1993 1959 2096 1999 non

506 2040 887 2110 intelligentes.
928 2049 985 2094 et
1012 2037 1246 2092 nondum
1292 2038 1489 2106 apertis
1528 2038 1698 2093 oculis
1742 2038 2094 2103 ambulantes,

505 2133 683 2187 solent
727 2130 906 2185 dicere
957 2147 971 2183 :
1016 2130 1173 2183 Pater
1223 2118 1349 2183 fecit
1385 2128 1660 2197 jubendo,
1716 2128 1883 2182 Filius
1935 2127 2096 2182 obse-

505 2224 719 2294 quendo
744 2239 759 2289 ;
783 2238 911 2292 ergo
936 2221 1266 2277 dissimiliter
1284 2223 1324 2276 ³.
1368 2221 1423 2276 Si
1463 2231 1641 2276 autem
1680 2222 1927 2285 similiter,
1966 2236 2096 2292 quo-

504 2318 666 2375 modo
688 2317 795 2382 ille,
822 2316 901 2370 sic
928 2316 1017 2370 ille
1042 2331 1056 2368 :
1085 2315 1161 2369 sic
1187 2329 1304 2384 qtta'
1333 2314 1441 2379 ilio,
1470 2314 1583 2368 haec
1607 2314 1724 2368 iste.

482 2432 493 2435 -
575 2409 802 2467 CAPUT
831 2409 1066 2465 ιιι-ι.
1095 2407 1262 2463 Filius
1293 2407 1383 2462 Dei
1415 2406 1857 2462 consubstantiatis
1894 2414 1940 2461 et
1968 2422 2094 2460 coe-

504 2514 679 2559 ternas
703 2502 870 2557 Patri.
902 2502 1012 2559 Sed
1032 2502 1186 2571 jubet
1212 2502 1388 2562 Pater,
1420 2501 1611 2571 inquit,
1641 2510 1691 2553 ut
1724 2500 1880 2555 faciat
1901 2500 2087 2555 Filius.

499 2596 799 2652 Carnaliter
823 2594 1036 2666 quidem
1068 2595 1233 2665 sapis,
1270 2592 1362 2648 sed
1404 2594 1519 2648 sine
1544 2593 1854 2664 prmjtulicio
1892 2593 2091 2647 verita-

500 2690 590 2752 tis,
621 2688 758 2743 cedo
802 2686 914 2742 tibi.
951 2687 1086 2741 Ecce
1114 2685 1274 2740 Pater
1298 2684 1485 2754 jubet,
1520 2683 1683 2738 Filius
1730 2684 2041 2755 obsequitur
2069 2702 2087 2740 :

501 2779 759 2851 numquid
810 2779 933 2833 ideo
979 2790 1082 2832 nan
1128 2786 1211 2832 est
1251 2778 1368 2845 ejus
1395 2787 1597 2831 naturtc
1626 2776 1812 2836 Filius.
1849 2779 1970 2847 quia
2000 2778 2089 2833 ille

499 2872 690 2941 jubet,
720 2870 813 2925 ille
847 2870 1159 2938 obsequitur
1197 2870 1221 2922 ’ἰ
1253 2870 1325 2922 Da
1354 2869 1482 2922 mihi
1512 2868 1645 2922 duos
1686 2867 1947 2933 homines,
1992 2884 2085 2938 pa-

501 2974 638 3017 trem
680 2971 737 3016 et
770 2962 935 3016 lilium
967 2982 979 3015 :
1013 2961 1256 3015 homines
1279 2970 1404 3015 sunt
1443 2961 1586 3023 duo;
1616 2961 1704 3029 qui
1730 2960 1900 3027 jubet,
1927 2961 2087 3015 homo

499 3064 631 3119 est;
684 3054 775 3124 qui
823 3053 1151 3123 obsequitur,
1200 3052 1361 3106 homo
1416 3062 1501 3107 est
1530 3068 1542 3105 :
1571 3053 1661 3121 qui
1710 3052 1861 3120 jubet
1894 3061 1953 3107 et
1995 3053 2085 3120 qui

500 3147 829 3215 obsequitur,
858 3159 1019 3199 unam
1044 3142 1243 3198 habent
1266 3142 1612 3212 eamdemque
1643 3152 1903 3195 naturam.
1932 3141 2089 3197 Num-

499 3238 625 3311 quid
674 3240 762 3293 ille
790 3237 879 3307 qui
902 3236 1071 3306 jubet,
1106 3252 1210 3289 non
1240 3233 1307 3290 de
1338 3246 1522 3288 natura
1545 3248 1638 3290 sua
1664 3234 1847 3303 genuit
1872 3233 2037 3289 lilium
2062 3234 2088 3290 t

501 3331 768 3400 Numquid
814 3331 905 3385 ille
952 3329 1041 3397 qui
1086 3328 1414 3398 obsequitur,
1453 3326 1796 3394 obsequendo
1842 3336 2085 3384 naturam

501 3420 773 3492 perdidit?
799 3420 995 3488 Accipe
1022 3433 1150 3487 ergo
1176 3417 1407 3482 interim,
1431 3417 1700 3485 quomodo
1728 3418 1923 3487 accipis
1949 3418 2086 3474 duos

500 3513 767 3578 homines,
825 3511 1034 3565 Patrem
1078 3511 1372 3578 jubentem,
1428 3508 1618 3563 Filium
1677 3510 2082 3580 obsequentem,

500 3615 680 3660 tamen
708 3603 874 3657 Deum
904 3610 956 3657 et
978 3601 1168 3656 Deum.
1198 3599 1303 3656 Sed
1330 3600 1485 3655 simul
1518 3600 1604 3653 isti
1632 3600 1739 3654 duo
1764 3610 1887 3654 sunt
1910 3599 2079 3654 homi-

500 3709 619 3760 nes,
669 3692 827 3748 simul
876 3692 965 3747 ille
1010 3705 1146 3745 unus
1188 3690 1327 3744 Deus
1360 3707 1374 3744 :
1402 3689 1505 3745 hoc
1533 3699 1615 3745 est
1640 3690 1877 3744 divinum
1919 3693 2085 3746 mira-

497 3788 697 3842 culum.
726 3784 943 3841 lnterim
973 3784 1017 3837 si
1046 3783 1127 3836 vis
1153 3791 1209 3837 ut
1231 3791 1404 3837 tecum
1432 3796 1716 3853 agnoscam
1746 3782 2082 3853 obsequium,

498 3880 649 3951 prius
686 3892 894 3933 mecum
938 3890 1173 3945 agnosce
1220 3884 1483 3929 naturam.
1532 3873 1644 3929 lloc
1682 3874 1865 3944 genuit
1907 3874 2080 3938 Pater,

497 3970 639 4040 quod
667 3969 780 4037 ipse
818 3975 922 4021 est.
950 3966 1005 4019 Si
1033 3963 1177 4020 aliud
1219 3968 1401 4033 genuit
1430 3964 1607 4028 Pater,
1651 3980 1810 4032 quam
1836 3964 1974 4034 quod
2004 3974 2087 4019 est

408 4098 412 4100 γ
499 4062 635 4127 ipse,
669 4073 774 4112 non
792 4072 977 4111 verum
996 4057 1180 4127 genuit
1218 4056 1445 4111 Filium:
1470 4055 1628 4111 Pater
1651 4056 1780 4110 dicit
1798 4056 1865 4110 ad
1892 4056 2085 4111 Filium

502 4148 587 4202 Ex
607 4158 746 4202 utero
765 4156 882 4200 ante
898 4147 1162 4214 luciferum
1179 4147 1327 4217 genui
1352 4157 1399 4200 te
1416 4145 1703 4216 (Psal.crx,
1723 4148 1801 4215 5).
1820 4146 1957 4214 Quid
1979 4157 2082 4213 est,

496 4253 617 4293 ante
658 4238 970 4310 luciferum?
993 4238 1095 4294 Per
1114 4237 1392 4292 luciferum
1423 4238 1784 4308 significantur
1823 4247 2081 4309 tempora.

502 4336 641 4395 Ergo
661 4341 783 4385 ante
807 4339 1064 4400 tempora,
1083 4338 1206 4385 ante
1233 4343 1397 4384 omne
1413 4330 1554 4399 quod
1577 4340 1699 4384 ante
1720 4331 1932 4396 dicitur;
1961 4341 2086 4387 ante

502 4440 662 4479 omne
685 4421 827 4493 quod
852 4436 956 4475 non
981 4422 1171 4486 est,vel
1194 4430 1318 4475 ante
1333 4436 1492 4476 omne
1506 4422 1650 4491 quod
1672 4430 1773 4477 est.
1799 4422 1910 4477 Non
1941 4424 2083 4479 enim

499 4518 576 4572 ait
603 4514 961 4585 livangelium,
986 4512 1040 4567 ln
1066 4513 1321 4583 principio
1343 4512 1461 4568 lecit
1486 4514 1623 4568 Deus
1652 4513 1881 4569 Verbum
1906 4531 1921 4577 ;
1948 4531 2084 4586 quo.

500 4609 664 4664 modo
696 4608 850 4673 dixit,
880 4604 948 4661 In
974 4605 1223 4676 principio
1267 4607 1384 4676 fecit
1412 4605 1549 4659 Deus
1576 4606 1756 4660 caelum
1795 4617 1845 4661 et
1900 4617 2085 4661 terram

500 4701 633 4769 (Gen
660 4717 698 4765 I,
724 4701 777 4771 1)
809 4707 958 4764 :aut,
996 4698 1051 4753 In
1078 4699 1341 4768 principio
1366 4708 1547 4753 natum
1575 4708 1657 4753 est
1679 4698 1944 4765 Verbum;
1969 4713 2081 4769 aut,

500 4793 557 4849 ln
587 4793 845 4864 principio
877 4792 1016 4846 Deus
1035 4789 1218 4859 genuit
1240 4788 1491 4855 Verbum,
1515 4790 1620 4845 Sed
1648 4790 1773 4860 quid
1797 4792 1869 4845 ait
1888 4792 1912 4843 'l
1933 4790 2081 4857 Erat,

500 4900 628 4957 erat,
650 4887 800 4942 erat‘.
822 4885 988 4941 Audis
1005 4884 1150 4947 Erat,
1175 4882 1352 4938 crede.
1376 4880 1439 4936 In
1464 4884 1711 4955 principio
1729 4894 1836 4937 erat
1850 4882 2082 4949 Verbum,

499 4992 546 5034 et
573 4978 787 5033 Verbum
802 4987 909 5031 erat
926 4976 1065 5048 apud
1092 4974 1271 5038 Deum,
1295 4983 1342 5028 et
1363 4973 1501 5029 Deus
1524 4984 1630 5029 erat
1664 4972 1879 5029 Verbum
1904 4975 2081 5049 (Joan.

499 5087 539 5138 ι,
565 5072 642 5141 1).
668 5069 851 5127 Toties
887 5067 1060 5134 audis,
1093 5066 1251 5133 Erat;
1278 5066 1387 5121 noli
1420 5082 1662 5137 quaerere
1692 5077 1929 5138 tempus,
1961 5071 2083 5140 quia

499 5178 712 5236 semper
727 5166 859 5219 erat.
879 5161 971 5218 Ille
980 5175 1108 5232 ergo
1122 5160 1210 5231 qui
1223 5174 1333 5216 sem
1342 5174 1435 5230 per
1448 5170 1582 5225 erat,
1601 5170 1789 5216 etcum
1807 5162 1940 5218 Filio
1953 5178 2087 5219 sem-

499 5273 595 5328 per
614 5265 748 5323 erat,
771 5256 889 5326 quia
917 5265 1107 5325 potens
1122 5261 1205 5308 est
1222 5254 1364 5308 Deus
1391 5254 1505 5309 sine
1529 5261 1769 5324 tempore
1791 5272 2081 5327 generare;

500 5349 592 5404 ille
607 5346 741 5403 dixit
769 5349 836 5403 ad
861 5348 1074 5414 Filium,
1122 5345 1208 5402 Ea:
1233 5356 1375 5401 utero
1403 5356 1519 5399 ante
1546 5346 1812 5415 luciferum
1839 5350 1990 5419 genui
2017 5360 2082 5404 te.

500 5441 635 5510 Quid
665 5450 765 5507 est,
795 5440 875 5494 Ea:
899 5449 1041 5494 utero
1066 5440 1093 5494 1’
1122 5439 1263 5494 Deus
1288 5438 1474 5493 habuit
1501 5440 1754 5495 uterum?
1778 5441 2085 5498 Putabimus

496 5616 527 5666 ὁ
565 5554 742 5666 l‘t‘diti,
766 5551 1080 5603 concordiam
1102 5550 1288 5602 habent.
1314 5558 1371 5603 At
1390 5554 2087 5617 manuscripti,cortcordeslta-

530 5630 587 5666 eu
612 5652 624 5666 .

530 5624 624 5667 em.

565 5684 583 5710 ε
606 5677 905 5747 Manusct'ipti
928 5690 1022 5726 non
1044 5676 1243 5747 habent,
1264 5683 1460 5747 auiae!
1481 5684 1564 5728 tua
1604 5690 1714 5728 mea
1746 5686 1872 5731 sunt.
1898 5686 2085 5747 Legen-

498 5741 612 5790 dum
636 5740 779 5797 forte,
811 5737 969 5803 opera
995 5744 1147 5803 [atrus
1169 5737 1287 5803 quia
1300 5737 1435 5801 dicit,
1458 5751 1607 5803 opera
1624 5753 1713 5791 sua
1734 5749 1858 5793 sunt.

567 5805 588 5835 ³
613 5810 659 5853 tn
684 5798 949 5869 Mss.,_e'rgo
972 5798 1054 5850 die
1074 5798 1311 5869 similiter.

564 5871 584 5895 ⁸
609 5873 681 5915 cr.
708 5863 851 5928 Lugd.
879 5862 930 5928 et
956 5872 1090 5921 rem,
1117 5862 1248 5928 erat;
1274 5870 1395 5921 erat,
1420 5862 1561 5916 audis
1596 5872 1720 5926 erat,
1761 5864 1923 5918 crede.
1951 5875 2079 5926 ιον..

504 5933 634 5989 εγω,
656 5934 761 5979 erat
777 5925 1006 5977 'I’crbum.
1037 5926 1197 5981 Audis,
1227 5932 1348 5984 erat,
1373 5929 1535 5976 crede.
1600 5934 1658 5977 tl.

1756 439 1813 491 S.
1856 434 2223 493 AUGUSTI.“
2265 436 2561 494 EPISCOPI
2602 466 2603 469 η

3664 463 3753 521 748

2217 559 2383 615 Deum
2416 577 2511 631 per
2530 563 2767 618 membra
2785 563 3079 635 corporalia
3102 577 3224 617 esse
3250 562 3584 634 dispositum?
3599 570 3749 628 Absit.

2214 652 2283 708 Et
2306 668 2470 724 quare
2493 654 2645 722 dixit,
2671 653 2758 710 Ex
2781 666 2941 718 utero,
2970 656 3143 711 nisiut
3184 655 3555 727 intelligeretur
3576 659 3640 716 de
3671 678 3751 721 sua

2212 745 2509 801 substantia
2520 748 2804 817 genuisse?
2832 748 2969 817 Ergo
2988 763 3050 802 ex
3075 757 3225 803 utero
3241 747 3339 804 hoc
3355 752 3613 818 processit.
3630 755 3750 823 qnad

2212 848 2326 893 erat
2340 838 2452 909 ipse
2470 840 2562 909 qui
2584 842 2784 911 genuit.
2802 839 2935 895 Nam
2955 841 3000 895 si
3021 839 3163 894 aliud
3185 848 3299 896 erat
3320 843 3406 911 qui
3421 845 3610 913 genuit,
3633 846 3754 904 aliud

2211 941 2388 986 autem
2417 948 2484 988 ex
2506 943 2657 989 utero
2680 935 2941 1006 processit
2965 948 2981 998 ;
3015 942 3307 989 monstrum
3335 928 3448 1000 est,
3466 952 3565 992 non
3590 937 3750 995 Filius.

2281 1023 2506 1082 CAPUT
2532 1023 2777 1081 lV.—5.
2813 1024 2882 1081 Ut
2923 1024 2972 1079 F
2974 1026 3090 1080 ilius
3117 1042 3271 1094 opera
3300 1024 3487 1093 Patris,
3506 1031 3575 1084 sic
3619 1029 3756 1085 Pater

2211 1129 2365 1185 opera
2411 1115 2535 1170 Filii
2563 1117 2706 1187 facit.
2753 1118 2895 1188 Ergo
2937 1117 3095 1172 faciat
3145 1116 3305 1172 Filius
3350 1134 3505 1188 opera
3534 1120 3640 1190 ejus
3678 1123 3759 1191 qui

2213 1206 2358 1262 misit
2397 1223 2544 1274 eum,
2593 1208 2751 1264 faciat
2778 1218 2833 1263 et
2874 1209 3032 1264 Pater
3068 1224 3231 1279 opera
3256 1208 3395 1263 Filii.
3424 1209 3575 1265 Certe
3616 1212 3761 1267 voluit

2209 1296 2388 1362 Pater,
2419 1297 2587 1354 efficit
2611 1299 2799 1355 Filius.
2830 1301 2969 1357 Ecce
2993 1299 3218 1356 ostendo
3242 1301 3363 1371 quia
3390 1301 3500 1355 vult
3523 1302 3690 1367 Filius,
3715 1316 3760 1359 ct

2210 1385 2337 1443 facit
2375 1388 2552 1444 Pater.
2604 1388 2705 1445 Ubi
2756 1390 3015 1457 ostendis,
3074 1391 3247 1461 inquis
3273 1390 3299 1444 ?
3351 1390 3503 1446 Modo
3540 1394 3759 1448 ostendo.

2211 1479 2387 1548 Pater,
2410 1482 2542 1536 volo.
2568 1481 2684 1537 Jam
2708 1498 2808 1553 ego
2827 1484 2871 1538 si
2892 1484 3202 1539 calumniari
3231 1483 3444 1551 vellem,
3470 1499 3591 1540 ecce
3616 1485 3761 1540 Filius

2203 1570 2374 1639 jubet,
2405 1582 2456 1627 et
2477 1572 2636 1627 Pater
2666 1573 2805 1627 facit.
2829 1574 2963 1642 Quid
2987 1575 3064 1628 vis
3089 1574 3114 1627 ?
3145 1573 3212 1630 Ut
3241 1575 3327 1628 ubi
3348 1591 3439 1646 ego
3464 1593 3591 1641 sum,
3630 1586 3671 1629 et
3694 1577 3762 1630 illi

2207 1657 2305 1709 sint
2338 1674 2531 1711 mecum
2557 1656 2733 1727 (Joau.
2762 1675 2892 1723 xvu,
2921 1658 3036 1732 24).
3064 1660 3377 1727 Evasimus,
3429 1662 3530 1716 illic
3584 1662 3763 1717 erimus

2208 1747 2294 1801 ubi
2334 1758 2415 1804 est
2439 1749 2531 1804 ille
2562 1766 2575 1803 :
2609 1750 2717 1805 illic
2758 1751 2979 1817 erimus,
3024 1753 3312 1807 evasimus.
3345 1755 3476 1821 Quis
3502 1754 3635 1809 delet
3656 1753 3760 1810 0m-

2206 1842 2494 1911 nipotentis
2531 1841 2657 1897 Volo
2682 1842 2738 1896 ‘?
2765 1843 2931 1899 Audis
2960 1844 3287 1900 voluntatem
3333 1846 3617 1915 potestatis,
3659 1846 3766 1902 audi

2204 1941 2259 1987 et
2287 1942 2598 2003 potestatem
2628 1935 2935 1990 voluntatis.
2966 1934 3110 1990 Sicut
3141 1934 3320 2003 Pater,
3364 1937 3551 2007 inquit,
3581 1939 3766 1992 suscitat

2204 2034 2446 2090 mortuos,
2494 2035 2541 2079 et
2574 2025 2789 2094 vici/icat
2817 2043 2835 2089 ;
2863 2028 2935 2086 sic
2967 2037 3012 2081 et
3043 2026 3208 2083 Filius
3248 2045 3377 2097 quos
3410 2030 3535 2095 vult,
3568 2012 3763 2097 viviﬁcat

2203 2113 2223 2185 (
2254 2113 2338 2167 Μ.
2373 2130 2422 2178 v,
2455 2113 2519 2169 21
2551 2117 2590 2185 ).
2625 2114 2763 2183 Quos
2790 2116 2915 2170 vult.
2956 2117 3034 2172 Ne
3058 2117 3228 2183 dicas,
3283 2117 3410 2173 Illos
3435 2119 3656 2173 vivilieat
3696 2120 3748 2174 Fi

2200 2204 2323 2264 lius.
2351 2219 2483 2275 quos
2506 2205 2656 2276 jubet
2683 2208 2838 2261 Pater
2867 2216 2924 2262 ut
2953 2208 3205 2263 vivillcet.
3243 2210 3385 2277 Quos
3415 2209 3519 2263 vult
3555 2210 3768 2278 rivi/icat.

2200 2295 2342 2366 Ergo
2379 2311 2513 2366 quos
2540 2297 2651 2351 vult
2677 2298 2855 2363 Pater,
2887 2308 2943 2354 et
2978 2314 3116 2370 quos
3165 2302 3285 2355 vult
3330 2301 3488 2370 ipse;
3539 2301 3653 2371 quia
3693 2298 3773 2357 ubi

2198 2399 2279 2441 est
2308 2403 2406 2442 una
2462 2398 2698 2460 potestas
2720 2432 2735 2455 ,
2780 2407 2883 2445 una
2911 2392 3155 2447 voluntas
3180 2402 3291 2449 est.
3312 2392 3623 2465 Habeamus
3662 2408 3775 2463 ergo

2200 2479 2252 2533 in
2281 2479 2445 2534 corde
2476 2496 2581 2535 non
2627 2497 2792 2547 cteco,
2826 2482 2997 2538 Patris
3025 2493 3080 2538 et
3101 2483 3218 2539 l-‘ilii
3253 2500 3417 2540 unam
3447 2485 3773 2553 eamdemque

2198 2578 2441 2623 naturam
2492 2587 2505 2624 :
2564 2572 2685 2641 quia
2743 2587 2899 2626 verus
2948 2581 3031 2628 est
3083 2573 3270 2641 Pater,
3324 2590 3484 2630 verus
3505 2574 3774 2631 cstFilius.

2194 2661 2345 2727 Quod
2381 2670 2484 2724 est,
2517 2662 2619 2717 hoc
2642 2664 2827 2733 genuit
2854 2683 2869 2731 ;
2897 2666 3020 2734 quia
3046 2667 3270 2736 genitus
3298 2683 3409 2722 non
3440 2666 3773 2738 degeneravit.

2262 2754 2490 2811 CAPUT
2540 2755 2600 2810 V.
2626 2786 2698 2796 —
2743 2756 2797 2812 ti.
2852 2756 3186 2814 Peccatorum
3237 2761 3393 2815 etiam
3425 2761 3671 2816 orationes
3702 2776 3780 2814 ex-

2192 2849 2378 2902 audiri.
2402 2849 2593 2904 Nescio
2617 2848 2743 2919 quid
2774 2859 2949 2918 potest
2974 2867 3191 2907 movere
3241 2853 3296 2907 in
3327 2853 3511 2908 verbis
3533 2852 3669 2907 illius
3694 2850 3774 2921 qui

2190 2956 2363 2995 czecns
2402 2951 2539 3007 erat,
2588 2952 2641 2996 et
2682 2942 2817 2998 forte
2860 2945 3057 3001 multos
3102 2961 3213 3000 non
3261 2946 3405 3001 bene
3448 2945 3779 3016 intelligentes

2189 3035 2314 3089 facit
2334 3037 2641 3107 desperare.
2660 3039 2744 3092 Ait
2766 3040 2907 3093 enim
2935 3041 3073 3095 inter
3099 3050 3300 3097 caetera
3329 3056 3428 3096 sua
3458 3040 3634 3104 verba,
3655 3038 3777 3093 idem

2190 3130 2273 3181 eui
2314 3128 2448 3182 oculi
2504 3131 2671 3198 aperti
2724 3139 2847 3185 sunt
2883 3146 2898 3185 :
2930 3132 3134 3187 Scimus
3170 3134 3298 3205 quia
3344 3144 3627 3203 peccatores
3666 3129 3783 3186 Deus

2191 3233 2291 3270 non
2334 3218 2558 3273 exaudit.
2590 3220 2725 3287 Quid
2768 3221 3008 3286 facimus,
3055 3223 3099 3278 si
3161 3234 3484 3294 peccatores
3530 3224 3779 3279 Deusnon

2190 3308 2451 3364 exaudit?
2496 3310 2766 3366 Audemus
2795 3328 2982 3383 rogare
3018 3314 3211 3379 Deum,
3263 3316 3310 3370 si
3358 3326 3663 3385 peccatores
3688 3328 3781 3369 non

2191 3400 2405 3454 exaudit
2431 3399 2455 3453 ?
2486 3402 2612 3455 Date
2653 3403 2782 3457 mihi
2830 3404 2920 3474 qui
2952 3414 3119 3476 roget,
3148 3422 3284 3463 ecce
3310 3417 3398 3463 est
3421 3409 3511 3475 qui
3535 3407 3779 3462 exaudiat.

2193 3489 2322 3544 Date
2350 3491 2438 3561 qui
2478 3503 2647 3563 roget,
2681 3495 2927 3551 discutite
2966 3512 3133 3567 genus
3178 3511 3482 3554 humanum
3513 3499 3580 3554 ab
3607 3499 3783 3566 imper-

2192 3581 2344 3636 fectis
2393 3584 2458 3637 ad
2511 3584 2793 3654 perfectos.
2836 3589 3078 3642 Ascende
3117 3605 3149 3642 a
3202 3606 3381 3646 verno
3420 3592 3489 3646 ad
3515 3599 3778 3645 mStatem:

2192 3669 2293 3725 hoc
2328 3673 2468 3727 enim
2510 3677 2862 3742 cantavitnus,
2901 3676 3158 3731 lEstatcm
3200 3690 3251 3733 et
3288 3696 3505 3736 vernum
3546 3690 3598 3733 tu
3642 3677 3783 3750 fecisti

2192 3761 2362 3831 (Psal.
2414 3781 2602 3830 Lxxut,
2647 3767 2757 3839 l7).
2786 3768 2839 3823 ld
2877 3778 2979 3836 est,
3014 3770 3125 3838 jam
3158 3771 3479 3841 spirituales
3526 3781 3581 3826 et
3625 3768 3783 3823 adhuc

2189 3861 2433 3927 carnales
2460 3868 2513 3913 tu
2544 3858 2714 3914 fecisti
2745 3878 2759 3926 ;
2790 3861 2911 3930 quia
2961 3872 3015 3917 et
3046 3863 3161 3933 ipse
3205 3865 3387 3921 Filius
3414 3864 3566 3932 dicit,
3606 3862 3787 3933 Imper-

2191 3947 2375 4016 fectum
2399 3966 2563 4004 uteum
2589 3951 2818 4005 viderunt
2845 3953 2977 4007 oculi
3003 3956 3096 4007 tui.
3140 3953 3532 4027 Imperfectum
3555 3955 3690 4025 quod
3712 3961 3787 4007 eat

2191 4038 2243 4093 in
2275 4054 2503 4111 corpore
2543 4057 2684 4108 meo,
2715 4043 2942 4097 viderunt
2967 4045 3099 4098 oculi
3148 4048 3250 4099 tui.
3304 4048 3373 4102 Et
3396 4047 3527 4118 quid
3567 4043 3786 4102 deinde?

2190 4128 2398 4185 Habent
2449 4146 2596 4201 spem
2644 4134 2735 4203 qui
2789 4135 3083 4205 imperfecti
3133 4140 3322 4193 sunt?
3375 4142 3589 4195 llahent
3628 4138 3785 4208 plane.

2191 4220 2325 4274 Audi
2354 4222 2495 4292 quod
2521 4224 2762 4294 sequitur
2792 4244 2805 4280 :
2838 4226 2904 4279 Et
2932 4227 2983 4280 iu
3023 4227 3151 4281 libro
3202 4241 3297 4283 tuo
3328 4248 3509 4285 omnes
3533 4229 3789 4285 scribentur

2195 4314 2362 4385 (Psal.
2412 4331 2667 4382 cxxxvut,
2721 4318 2831 4390 16).
2876 4319 2981 4374 Sed
3023 4320 3180 4387 forte,
3231 4322 3464 4387 fratres,
3506 4320 3793 4392 spirituales

2191 4416 2383 4476 rogant
2423 4415 2476 4461 et
2524 4409 2900 4477 exaudiuntur,
2951 4415 3073 4482 quia
3115 4430 3231 4467 non
3282 4425 3421 4469 sunt
3476 4423 3786 4484 peccatores.

2190 4498 2325 4565 Quid
2382 4497 2582 4554 faciunt
2626 4502 2926 4556 carnales?
2977 4503 3103 4572 quid
3158 4503 3381 4560 faciunt
3418 4505 3442 4559 ?
3489 4504 3734 4561 Peribunt
3773 4501 3793 4553 ?

2195 4591 2371 4645 Denm‘
2392 4607 2497 4645 non
2539 4594 2848 4661 rogabunt?
2891 4595 3060 4649 Absit.
3094 4596 3167 4650 lla
3200 4597 3343 4653 mihi
3382 4599 3537 4653 illum
3567 4596 3794 4652 Publica-

2191 4696 2337 4735 num.
2370 4681 2523 4749 Veni,
2576 4682 2883 4750 Publicaue,
2933 4697 3014 4740 sta
3047 4685 3100 4740 in
3131 4689 3348 4753 medio,
3382 4690 3617 4744 oswnde
3663 4697 3792 4740 tuam

2190 4786 2360 4840 spem,
2391 4789 2459 4828 ne
2489 4775 2684 4830 infirmi
2715 4777 2940 4845 perdant
2968 4794 3139 4848 spem.
3188 4780 3341 4836 Ecce
3374 4784 3525 4837 enim
3570 4777 3791 4835 ascendit

2191 4865 2512 4922 Publicanus
2561 4883 2682 4923 cum
2727 4869 2994 4925 Pharisaeo
3019 4885 3201 4935 orare,
3236 4884 3297 4928 et
3318 4876 3537 4944 dejecta
3583 4873 3711 4927 facie
3750 4871 3793 4923 in

2191 4970 2387 5016 terram
2418 4961 2647 5028 diccbat,
2696 4962 2853 5034 longe
2892 4972 3059 5028 stans,
3094 4965 3346 5021 tuudeus
3403 4978 3595 5038 pectus
3636 4984 3650 5021 :
3702 4963 3791 5015 lto-

2190 5056 2344 5123 mine,
2378 5058 2629 5128 prapitius
2674 5067 2779 5111 esto
2818 5057 2941 5111 mihi
2982 5061 3262 5128 peccatori.
3301 5062 3369 5115 Et
3403 5060 3687 5117 descendit
3721 5059 3793 5124 jn-

2190 5146 2447 5201 stilicatus
2467 5148 2655 5217 magis,
2679 5163 2836 5217 quam
2866 5149 2952 5203 ille
2980 5149 3295 5206 Pharismns
3328 5152 3488 5222 (Luc.
3524 5168 3677 5214 xvttt,
3709 5150 3795 5202 ill-

2192 5240 2301 5308 14).
2344 5239 2442 5307 Qui
2474 5240 2626 5306 dixit,
2670 5238 2930 5309 Propitius
2953 5251 3056 5295 esto
3092 5242 3225 5296 milii
3271 5247 3543 5314 peccaturi
3581 5262 3600 5300 :
3624 5256 3796 5298 verum

2191 5332 2362 5398 dixit,
2386 5348 2452 5387 an
2483 5332 2671 5388 falsum
2697 5334 2720 5387 ?
2746 5334 2802 5388 Si
2837 5348 3020 5388 verum
3042 5332 3199 5396 dixit,
3253 5347 3525 5405 peccator
3553 5345 3707 5398 erat;
3745 5339 3796 5385 et

2193 5426 2472 5481 exauditus
2498 5436 2597 5489 est,
2631 5437 2685 5480 et
2707 5425 3026 5495 justilicatus
3050 5435 3155 5479 cst.
3190 5426 3342 5496 Quid
3383 5443 3475 5485 est
3516 5445 3649 5500 ergo
3673 5423 3804 5495 quod

2193 5520 2373 5575 dixisti
2414 5528 2491 5582 tu,
2522 5518 2609 5573 cui
2649 5518 2904 5572 Dominus
2941 5518 3122 5572 oculos
3161 5521 3418 5587 aperuit,
3456 5521 3667 5575 Scimus
3696 5517 3806 5590 quia

2195 5620 2478 5683 peccatores
2505 5608 2643 5663 Deus
2673 5626 2773 5663 non
2799 5609 3004 5663 exaudit
3050 5609 3074 5662 ?
3101 5607 3258 5666 Ecce
3308 5623 3637 5682 peccator-cs
3680 5610 3807 5665 Deus

2192 5703 2426 5759 exaudit.
2480 5700 2587 5757 Sed
2637 5701 2753 5755 lava
2784 5700 3088 5756 interiorem
3142 5697 3353 5756 faciem
3401 5713 3577 5772 tuam,
3626 5702 3715 5756 fiat
3759 5698 3805 5751 in

2254 5872 2270 5901 ι
2302 5874 2398 5916 Am.
2426 5873 2479 5917 et
2495 5872 2588 5921 π..
2614 5865 2727 5926 ouis
2745 5861 3260 5929 declinantipqtms
3286 5865 3419 5916 voto.
3448 5874 3586 5929 I.ov.,
3614 5863 3724 5927 (niis
3745 5871 3808 5911 as-

2184 5933 2245 5981 cit
2277 5933 2301 5981 2’
2320 5924 2636 5990 ouatipotcnsl
2672 5925 2799 5978 toto.
2827 5928 3102 5975 ttestituitur
3130 5924 3281 5977 locus
3306 5943 3374 5979 ex
3402 5936 3516 5979 uss.
