4098 6310
300 342 403 399 759

299 456 484 518 corde,
517 449 656 523 quod
686 448 882 503 factum
912 454 996 502 est
1035 445 1088 500 iu
1132 443 1264 498 facie
1289 451 1375 497 tua
1402 458 1417 506 ;
1446 451 1499 496 et
1527 439 1727 494 videbis
1763 437 1886 508 quia

302 551 611 616 peccatores
637 542 776 595 Deus
800 536 1036 593 exaudit.
1066 534 1277 591 Fefellit
1304 542 1355 589 te
1376 529 1683 602 imaginatio
1711 527 1890 583 cordis

300 638 398 691 tui.
446 634 635 690 Adhuc
675 639 759 687 est
787 629 925 702 quod
973 629 1066 683 tibi
1095 627 1269 681 faciat.
1302 626 1456 680 Certe
1504 623 1773 693 projectus
1806 628 1889 675 est

299 732 400 785 iste
433 730 501 783 de
545 740 811 799 synagoga
843 740 856 777 :
889 720 1108 781 audivit,
1140 719 1285 774 venit
1314 716 1379 770 ad
1410 732 1553 778 eum,
1581 724 1641 769 et
1659 712 1792 767 dixit
1815 711 1885 777 ei,

296 822 377 877 Tu
406 821 568 875 credis
586 820 639 871 in
685 817 877 871 Filium
917 813 1012 866 Dei
1042 813 1064 865 ?
1096 812 1159 866 Et
1188 810 1274 864 ille
1306 827 1318 861 :
1360 807 1485 874 Quis
1529 816 1622 871 est,
1653 804 1887 869 Domine,

295 925 355 969 ut
391 914 595 969 credam
614 912 665 965 in
688 926 801 964 eum
827 910 854 963 Ρ
896 905 1138 967 Videbat,
1171 913 1224 958 et
1262 916 1366 956 non
1395 900 1607 954 videbat
1638 916 1648 948 :
1680 896 1892 951 videbat

295 1004 489 1068 oculis,
539 1002 630 1056 sed
670 1001 843 1054 adhuc
884 998 1046 1052 corde
1073 1011 1177 1049 nou
1208 992 1437 1047 videbat.
1490 991 1577 1044 Ait
1605 989 1679 1043 illi
1707 987 1889 1041 Denti-

300 1112 403 1151 ttus
428 1115 442 1151 :
468 1095 544 1149 Et
572 1094 707 1148 uides
754 1109 888 1153 eum,
937 1090 1037 1143 hoc
1072 1098 1173 1153 est,
1225 1085 1391 1139 oculis
1424 1102 1436 1137 ε
1466 1093 1510 1136 ct
1548 1081 1634 1151 qui
1673 1081 1892 1149 loquitur

294 1201 480 1251 tecum,
527 1188 637 1257 ipse
673 1194 764 1239 est.
805 1182 951 1237 Tunc
993 1189 1273 1252 prostratus
1305 1176 1533 1229 adoravit
1576 1189 1709 1251 eum.
1742 1171 1891 1225 Tunc

294 1282 423 1335 lavit
449 1279 637 1333 faciem
668 1276 866 1331 cordis.

363 1368 593 1425 CAPUT
616 1367 697 1422 γι.
725 1397 799 1408 -—-
824 1367 875 1420 7.
905 1363 1098 1418 Nullus
1119 1363 1199 1415 hic
1219 1363 1327 1415 sine
1348 1369 1566 1428 peccato.
1598 1356 1891 1412 lucumbite

292 1476 424 1533 ergo
443 1459 773 1516 orationibus
794 1501 807 1523 ,
837 1465 1173 1528 peccatores;
1203 1453 1530 1508 conﬁtemini
1560 1459 1772 1520 peccata
1800 1466 1889 1503 ve-

293 1566 404 1610 stra
429 1596 442 1619 ,
472 1564 621 1608 orate
647 1562 705 1607 ut
741 1552 1018 1607 deleantur
1053 1551 1100 1613 ¹,
1133 1558 1281 1601 orate
1306 1555 1361 1600 ut
1387 1545 1710 1609 minuantur,
1742 1552 1890 1597 orate

293 1660 353 1703 ut
389 1648 543 1703 vobis
590 1645 988 1718 proﬁcientibus
1034 1645 1147 1712 ipsa
1191 1640 1441 1695 deﬁciant
1468 1655 1480 1691 :
1512 1647 1687 1691 tamen
1730 1636 1889 1690 nolite

292 1741 617 1810 desperare,
649 1747 705 1793 ct
734 1746 1040 1806 peccatores
1071 1744 1239 1788 orate.
1280 1732 1408 1800 Quis
1447 1733 1588 1788 enim
1630 1745 1733 1783 non
1770 1742 1891 1796 pec-

291 1829 470 1887 cavit?
489 1831 531 1884 A
553 1827 916 1883 sacerdotibus
944 1827 1135 1895 incipe.
1159 1823 1535 1879 Sacerdotibus
1561 1822 1712 1885 dixit,
1738 1821 1890 1874 Prius

294 1921 473 1987 offerte
514 1920 767 1987 sacrificia
794 1934 885 1987 pro
911 1917 1129 1987 peccatis
1156 1916 1331 1970 vestris
1350 1956 1362 1975 .
1409 1922 1453 1966 et
1478 1913 1551 1967 sic
1580 1929 1672 1983 pro
1699 1911 1888 1981 populo

294 2011 480 2085 (Leuit.
512 2027 618 2076 xvi,
649 2010 711 2076 6;
748 2009 901 2063 llebr.
926 2024 996 2063 vn
1021 2051 1035 2073 ,
1062 2008 1177 2075 27).
1206 2006 1471 2062 Sacriﬁcia
1502 2004 1889 2060 couviucebaut

292 2103 603 2160 sacerdotes
624 2120 636 2157 :
659 2111 715 2156 ut
734 2103 775 2155 si
794 2103 913 2172 quis
932 2101 1199 2171 sejustum
1214 2110 1267 2154 et
1288 2101 1403 2153 sine
1422 2106 1638 2169 peccato
1662 2098 1883 2162 diceret,

292 2196 712 2266 reSponderelur
731 2194 799 2261 ei,
818 2194 935 2249 Non
957 2193 1172 2248 attendo
1193 2192 1333 2263 quod
1357 2191 1609 2260 loqueris,
1633 2189 1725 2244 sed
1761 2188 1887 2258 quid

293 2288 526 2353 olTeras;
585 2287 795 2341 victima
834 2295 920 2339 tua
966 2286 1232 2339 convincit
1266 2294 1336 2339 te.
1384 2285 1558 2351 Quare
1604 2280 1763 2335 oﬁ‘ers
1794 2296 1888 2349 pro

294 2381 531 2451 peccatis
560 2380 662 2435 tuis
681 2421 695 2443 ,
726 2379 769 2432 si
798 2377 939 2431 nulla
974 2377 1137 2432 habes
1165 2385 1376 2445 peccata
1397 2377 1421 2429 ?
1442 2378 1520 2428 Au
1545 2374 1595 2428 iu
1627 2373 1887 2428 sacriﬁcio

294 2474 542 2529 mentiris
585 2470 735 2527 Deo?
782 2470 889 2525 Sed
935 2471 1070 2523 forte
1114 2467 1420 2521 sacerdotes
1465 2464 1661 2520 veteris
1711 2464 1886 2533 populi

295 2580 607 2638 peccatores
645 2572 829 2629 erant,
876 2565 997 2618 novi
1047 2563 1225 2633 populi
1272 2578 1377 2615 non
1407 2571 1529 2615 sunt
1557 2569 1885 2630 peccatores.

294 2660 492 2722 Certe,
544 2657 768 2724 fratres,
814 2657 936 2726 quia
984 2656 1122 2710 Deus
1165 2654 1365 2718 voluit,
1417 2653 1668 2707 sacerdos
1724 2652 1889 2720 ipsius

294 2765 418 2805 sum
437 2792 451 2816 ,
480 2760 726 2819 peccator
765 2764 882 2802 sum
904 2791 918 2814 ,
952 2748 1223 2802 vobiscum
1270 2756 1452 2815 pectus
1480 2744 1644 2798 tundo
1664 2786 1677 2810 ,
1706 2745 1886 2799 vobis-

293 2857 421 2895 cum
462 2842 670 2898 veniam
702 2856 863 2911 rogo,
895 2840 1165 2894 vobiscum
1200 2839 1364 2893 Deum
1396 2838 1678 2907 propitium
1708 2854 1885 2906 spero.

294 2932 405 2988 Sed
439 2932 573 2987 forte
603 2932 840 3001 Apostoli
874 2933 1039 2984 sancti
1060 2972 1073 2994 ,
1109 2930 1260 2999 primi
1282 2970 1297 2995 ,
1325 2929 1517 2983 summi
1546 2927 1739 2983 arietes
1766 2944 1888 2999 gre-

295 3025 380 3093 gis
400 3066 415 3087 ,
455 3024 682 3095 pastoris
711 3022 947 3076 membra
972 3031 1208 3091 pastores
1228 3063 1243 3087 ,
1278 3018 1414 3074 forte
1446 3019 1545 3087 ipsi
1574 3034 1679 3072 non
1721 3020 1889 3074 habe-

298 3118 431 3171 bant
474 3126 765 3186 peccatum.
801 3116 935 3169 Vere
982 3112 1247 3169 habebant
1290 3122 1343 3167 ct
1392 3113 1529 3182 ipsi,
1582 3113 1885 3168 habebant:

301 3224 411 3262 non
455 3208 769 3270 irascuntur,
807 3206 927 3275 quia
954 3204 1290 3260 conﬁtentur.
1325 3203 1437 3274 Ego
1476 3219 1583 3257 non
1612 3206 1886 3258 auderem.

302 3300 540 3353 Primum
571 3299 742 3368 ipsum
788 3298 1067 3351 Dominqu
1121 3296 1242 3350 audi
1291 3296 1555 3350 dicentem
1586 3298 1888 3367 Apostolis,

300 3391 395 3445 Sic
422 3400 577 3444 orate.
604 3389 881 3459 Quomodo
908 3388 981 3442 illi
1010 3388 1315 3443 sacerdotes
1345 3385 1623 3442 sacriﬁciis
1667 3388 1891 3441 convin-

299 3485 579 3543 cebanlur,
626 3483 703 3535 sic
730 3481 815 3535 isti
842 3480 1100 3535 oratione.
1136 3479 1224 3533 Sic
1250 3487 1404 3531 orate.
1442 3478 1505 3531 Et
1535 3478 1670 3531 inter
1698 3488 1891 3531 cmtera

298 3590 424 3643 quae
456 3574 611 3641 jussit
648 3586 830 3633 orare,
868 3580 921 3624 et
952 3570 1052 3623 hoc
1083 3569 1257 3639 posuit
1282 3588 1294 3623 :
1330 3568 1538 3621 Dimitte
1565 3569 1705 3621 nobis
1730 3569 1893 3621 debita

300 3678 500 3731 nostra,
514 3675 639 3719 sicut
664 3675 710 3719 et
732 3680 822 3717 nos
842 3662 1138 3715 dimittimus
1158 3660 1459 3714 debitoribus
1480 3661 1663 3713 nostris
1683 3658 1891 3730 (Matth.

304 3775 361 3813 Vl
382 3801 395 3823 ,
430 3758 497 3824 9,
530 3758 639 3829 μὶ).
684 3757 821 3825 Quid
864 3757 1047 3810 dicunt.
1076 3755 1352 3824 Apostoli?
1395 3754 1645 3822 Quotidie
1674 3754 1772 3807 sibi
1797 3754 1894 3808 de—

297 3851 414 3905 bita
460 3858 650 3922 petunt
699 3848 912 3903 dimitti.
963 3849 1238 3901 Debitorcs
1286 3848 1519 3912 intrant,
1549 3846 1773 3900 absoluti
1804 3861 1896 3901 cv-

300 3952 456 4009 euut,
500 3950 555 3996 et
593 3941 657 3995 ad
708 3940 1000 3995 orationem
1053 3940 1322 3994 debitores
1366 3939 1609 3995 redeunt.
1652 3938 1751 3994 Ista
1790 3941 1893 3993 vita

304 4051 413 4088 non
442 4042 526 4087 est
555 4033 671 4086 sine
696 4042 947 4100 peccato,
980 4040 1037 4085 ut
1081 4031 1289 4101 quoties
1336 4040 1537 4098 oratur,
1569 4031 1724 4085 toties
1768 4046 1894 4101 pec-

298 4134 420 4178 cata
446 4123 801 4177 dimittantur.

376 4215 601 4270 CAPUT
630 4215 740 4268 VII.
763 4243 835 4253 ——
859 4214 911 4269 8.
943 4213 1173 4283 Apostoli
1201 4214 1349 4267 etiam
1380 4222 1491 4284 post
1517 4213 1703 4267 Christi
1722 4231 1893 4268 resur-

301 4308 573 4363 rectionem
614 4315 818 4373 peccato
866 4305 1084 4359 obnoxii.
1113 4304 1218 4359 Sed
1258 4305 1383 4375 quid
1425 4305 1632 4359 dicam?
1657 4304 1733 4359 llli
1764 4306 1897 4361 forte

300 4398 518 4468 quando
560 4398 860 4454 didicerunt
905 4399 1201 4452 orationem
1228 4439 1241 4461 ,
1277 4399 1450 4453 adhuc
1480 4397 1672 4452 inﬁrmi
1720 4410 1891 4453 erant.

304 4491 467 4546 Forte
494 4490 634 4545 dicet
664 4491 765 4546 hoc
797 4492 987 4561 aliquis
1017 4510 1029 4545 :
1061 4491 1286 4557 Quando
1329 4493 1451 4547 illos
1490 4493 1670 4547 docuit
1700 4496 1895 4547 oratio-

305 4596 431 4637 Item
475 4582 729 4635 Dominus
773 4581 965 4647 Jesus,
1007 4582 1179 4637 adlmc
1225 4584 1426 4652 parvuli
1472 4594 1652 4648 erant,
1701 4584 1895 4639 inlirmi

298 4683 490 4738 erant,
520 4675 760 4730 carnales
785 4684 967 4737 erant;
1004 4676 1235 4729 nondum
1263 4688 1412 4730 erant
1439 4676 1740 4746 spirituales
1762 4719 1776 4741 ,
1807 4679 1894 4746 qui

299 4782 410 4820 non
437 4766 633 4821 habent
661 4776 954 4835 peccatum.
983 4766 1117 4833 Quid
1144 4782 1300 4835 ergo,
1336 4766 1522 4821 fratres
1543 4810 1558 4834 ,
1588 4767 1708 4822 facti
1740 4769 1896 4837 spiri-

301 4860 477 4913 tuales
502 4874 657 4913 orare
685 4859 995 4913 cessarunt?
1024 4858 1213 4912 Debuit
1241 4874 1370 4927 ergo
1396 4859 1641 4915 Christus
1683 4861 1857 4915 dicere
1876 4903 1892 4927 ,

304 4949 466 5004 Modo
497 4950 617 5005 talia
645 4959 813 5015 orate,
843 4958 898 5004 et
925 4949 1052 5004 dare
1072 4951 1432 5019 spiritualibus
1453 4953 1674 5006 alteram
1700 4953 1897 5009 oratio-

307 5058 449 5096 nem.
482 5042 593 5097 Una
622 5050 723 5108 est,
756 5043 866 5113 ipsa
891 5052 991 5108 est,
1018 5043 1129 5112 ipse
1146 5052 1227 5096 est
1251 5044 1339 5113 qui
1369 5044 1544 5099 dedit:
1571 5048 1738 5113 ipsam
1769 5062 1895 5116 ergo

303 5143 453 5186 orate
514 5132 566 5186 in
617 5132 878 5188 Ecclesia.
946 5133 1053 5189 Sed
1112 5135 1357 5188 tollanms
1408 5138 1823 5191 controversiam
1878 5156 1891 5193 :

304 5224 519 5293 quando
556 5224 691 5278 dicis
718 5225 1023 5294 spirituales
1049 5240 1165 5280 esse
1193 5235 1406 5280 sanctos
1428 5228 1742 5297 Apostolus,
1789 5245 1893 5298 quo

309 5331 477 5386 usque
510 5324 779 5387 pateretur
823 5317 1081 5372 Dominus
1110 5318 1351 5373 carnales
1377 5330 1555 5384 erant;
1601 5320 1700 5373 hoc
1728 5335 1785 5374 es
1808 5321 1893 5373 di-

306 5416 510 5461 cturus.
541 5408 778 5479 Denique
797 5408 939 5480 quod
964 5424 1149 5465 verum
1177 5419 1291 5477 est,
1322 5411 1411 5465 illo
1432 5411 1696 5482 pendente
1728 5412 1893 5481 trepi-

309 5500 597 5567 daverunt,
646 5510 701 5555 et
747 5511 872 5556 tunc
913 5501 1328 5571 desperaverunt
1369 5503 1643 5573 Apostuli,
1682 5503 1892 5572 quando

308 5591 535 5645 credidit
564 5593 717 5647 latro.
751 5593 940 5647 Petrus
965 5609 1126 5648 ausus
1155 5603 1238 5649 est
1258 5595 1403 5665 sequi
1428 5637 1441 5659 ,
1477 5594 1688 5665 quando
1719 5596 1895 5648 Domi-

311 5698 410 5736 nus
435 5683 502 5736 ad
530 5685 828 5750 passionem
856 5685 1045 5740 ductus
1073 5695 1183 5749 est,
1216 5701 1375 5742 ausus
1397 5697 1480 5743 est
1508 5688 1677 5760 sequi,
1707 5690 1794 5759 qui
1825 5686 1890 5742 ad

370 5797 387 5824 ³
411 5796 485 5843 Sic
506 5799 610 5843 Mss.
640 5803 693 5845 At
716 5796 850 5857 editi,
875 5795 1188 5860 depellantur.
1261 5811 1263 5813 ί

1653 319 1882 377 ΒΕΒΜΟ
1918 316 2204 373 CXXXVI.

3481 323 3586 378 τεο

1998 434 2214 489 domum
2242 436 2515 506 pervenit,
2566 446 2618 493 et
2659 437 2710 491 in
2739 438 2876 494 atrio
2903 439 3148 511 fatigatus
3173 448 3285 507 est,
3316 440 3382 495 ad
3409 441 3586 512 ignem

1995 528 2203 594 stabat,
2255 537 2309 583 et
2346 527 2524 599 friguit
2560 547 2573 583 :
2619 530 2689 585 ad
2735 531 2908 602 ignem
2951 534 3129 601 stetit,
3165 534 3355 589 timore
3395 534 3588 605 frigido

1995 619 2313 690 congelavit.
2345 620 2705 691 Interrogatus
2733 623 2801 678 ab
2826 624 3016 679 ancilla
3043 665 3057 689 ,
3084 625 3292 696 negavit
3316 624 3586 681 Christum

1993 711 2158 765 semel
2191 729 2203 766 :
2236 713 2592 781 interrogatus
2638 713 2859 777 iterum,
2914 716 3125 785 negavit
3162 732 3176 769 :
3232 716 3588 787 interrogatus

1996 802 2183 870 tertio,
2234 803 2443 872 negavit
2493 802 2699 873 (Matth
2752 822 2905 872 xxvr,
2951 806 3160 879 69-7t).
3205 807 3317 863 Deo
3353 809 3583 879 gratias.

1995 896 2115 963 quia
2159 896 2385 949 cessavit
2438 896 2783 965 intermgaﬁo
2831 915 2844 950 :
2886 898 2933 953 si
2983 915 3091 953 non
3142 911 3374 955 cessaret
3416 902 3584 955 inter-

1996 988 2222 1058 rogatio,
2259 988 2349 1042 diu
2391 997 2726 1058 repeteretur
2777 992 3007 1060 negatio.
3055 994 3195 1064 Ergo
3242 1006 3584 1066 posteaquam

1995 1079 2252 1142 surrexit,
2282 1088 2408 1133 tunc
2433 1095 2527 1134 eos
2556 1082 2888 1135 conﬁrmavit
2907 1124 2920 1144 ,
2955 1093 3080 1138 tunc
3110 1084 3232 1139 facti
3258 1094 3384 1140 sunt
3423 1087 3587 1156 spiri-

1996 1170 2184 1223 tuales.
2214 1169 2331 1224 Jam
2363 1186 2490 1240 ergo
2517 1187 2622 1224 non
2649 1171 2913 1226 habebant
2937 1184 3209 1243 peccatum
3227 1176 3250 1229 ?
3271 1176 3587 1245 Spirituales

1994 1264 2234 1331 Apostoli
2283 1263 2588 1319 scribebant
2635 1265 2937 1334 spirituales
2986 1267 3279 1337 Epistolas,
3332 1270 3586 1325 Ecclesiis

1996 1356 2274 1409 mittebant
2307 1372 2320 1405 :
2366 1372 2469 1410 non
2517 1356 2780 1411 habebant
2820 1368 3092 1427 peccatum
3114 1402 3128 1427 ,
3158 1358 3258 1415 hoc
3282 1361 3433 1417 dicis.
3465 1362 3581 1417 Non

1997 1446 2086 1501 tibi
2118 1448 2279 1501 credo
2299 1490 2312 1510 ,
2342 1448 2486 1518 ipsos
2532 1449 2823 1521 interrogo.
2874 1451 3038 1506 Dicite
3058 1493 3072 1517 ,
3108 1454 3275 1508 sancti
3305 1454 3543 1524 Apostoli
3564 1497 3582 1517 ,

1996 1548 2338 1609 posteaquam
2368 1542 2598 1595 surrexit
2622 1542 2893 1606 Dominus,
2924 1554 2977 1597 ct
3004 1543 3337 1600 conﬁrmavit
3358 1561 3452 1602 vos
3467 1546 3586 1617 5ρί-

1995 1632 2096 1685 ritu
2129 1643 2311 1686 sancto
2334 1635 2498 1689 misso
2518 1634 2586 1689 de
2610 1636 2768 1695 cmlo.
2789 1637 3037 1692 cessastis
3066 1637 3262 1694 habere
3277 1640 3586 1708 peccatum?

1995 1726 2163 1783 Dicite
2192 1728 2343 1782 nobis
2366 1770 2381 1795 ,
2421 1730 2665 1784 obsecro.
2699 1732 2988 1786 Audiamus
3007 1774 3022 1798 ,
3053 1748 3121 1787 ne
3147 1733 3427 1803 deSperent
3459 1749 3585 1803 pec-

1993 1825 2234 1882 catores,
2269 1834 2334 1874 ne
2361 1820 2611 1875 desinant
2654 1836 2845 1891 rogare
2890 1823 3056 1877 Deum
3082 1865 3097 1887 ,
3144 1826 3265 1894 quia
3312 1839 3421 1879 nou
3461 1835 3586 1880 sunt

1994 1908 2107 1963 sine
2135 1920 2369 1977 peccato.
2402 1912 2567 1967 Dicite
2593 1913 2765 1967 nobis.
2791 1915 2877 1968 Ait
2904 1931 3038 1969 unus
3060 1916 3318 1985 ipsorum.
3352 1918 3416 1971 Et
3431 1918 3585 1988 quis?

1992 1998 2160 2064 Quem
2210 2002 2463 2056 Dominus
2500 2005 2728 2072 amplius
2758 2006 3043 2076 diligebat,
3072 2016 3126 2061 et
3155 2009 3241 2078 qui
3292 2022 3453 2079 super
3495 2025 3587 2079 pe-

1997 2100 2114 2146 etus
2158 2092 2367 2148 Domini
2417 2094 2978 2168 discuntbebat(Joan.
3021 2115 3147 2163 xut,
3194 2099 3325 2168 25),
3359 2107 3412 2154 et
3438 2102 3585 2171 regni

1993 2183 2251 2238 caelorum
2297 2185 2437 2255 quod
2478 2196 2745 2241 ructuaret
2768 2198 3033 2243 secretum
3064 2189 3297 2245 bibebat.
3322 2190 3437 2261 ipse
3462 2206 3584 2247 eum

1995 2277 2264 2347 interrogo
2289 2301 2303 2330 :
2338 2277 2554 2333 Habetis
2581 2289 2853 2349 peccatum
2876 2322 2890 2345 ,
2914 2296 2979 2334 an
3011 2282 3155 2336 non?
3176 2281 3503 2351 Respondet,
3533 2294 3589 2338 et

1992 2368 2121 2422 dicit
2152 2386 2164 2420 ε
2200 2368 2262 2423 Si
2286 2369 2564 2425 dixerimus
2603 2373 2721 2442 quia
2767 2388 3024 2439 peccatum
3054 2391 3154 2428 non
3195 2377 3462 2444 habemus,
3495 2393 3587 2431 nos

1992 2463 2129 2535 ipsos
2177 2465 2487 2533 decipimus,
2534 2475 2579 2518 et
2622 2466 2804 2520 veritas
2831 2467 2882 2520 in
2913 2467 3053 2522 nobis
3082 2486 3180 2522 non
3222 2479 3311 2524 est.
3354 2469 3587 2525 Joannes

1992 2566 2168 2609 autem
2214 2556 2304 2611 ille
2347 2566 2425 2611 est
2450 2600 2465 2621 ,
2493 2558 2581 2626 qui
2611 2557 2744 2611 dixit
2774 2575 2788 2612 :
2821 2554 2885 2612 In
2913 2561 3161 2632 principio
3205 2572 3310 2615 erat
3350 2563 3582 2627 Verbum,

1994 2656 2038 2699 et
2087 2646 2298 2700 Verbum
2327 2658 2432 2701 erat
2463 2649 2603 2718 apud
2645 2648 2805 2702 Deum
2823 2691 2835 2713 ,
2861 2660 2906 2703 et
2932 2650 3069 2705 Deus
3094 2661 3199 2706 erat
3232 2651 3447 2707 Verbum
3472 2653 3582 2725 (Id.

1998 2754 2041 2797 ι,
2068 2739 2140 2807 1).
2179 2739 2363 2793 Videte
2393 2750 2588 2808 quanta
2633 2741 3064 2807 transcenderat,
3094 2754 3147 2797 ut
3174 2740 3477 2813 perveniret
3519 2746 3584 2799 ad

1998 2828 2249 2884 Verbum.
2284 2830 2427 2885 'l‘alis
2455 2846 2516 2885 ac
2542 2840 2721 2885 tantus
2741 2875 2753 2895 ,
2785 2834 2872 2902 qui
2900 2834 3093 2887 volavit
3122 2836 3259 2889 sicut
3296 2838 3468 2903 aquila
3499 2854 3590 2891 su-

1996 2935 2089 2989 per
2120 2920 2318 2983 nubes,
2360 2923 2448 2991 qui
2489 2924 2682 2976 mentis
2707 2923 2994 2978 serenitate
3023 2926 3310 2991 cernebat,
3344 2925 3410 2980 In
3443 2928 3586 2996 prin-

1994 3013 2127 3083 cipio
2154 3023 2263 3066 erat
2306 3011 2518 3066 Verbum
2544 3029 2561 3067 :
2590 3014 2704 3084 ipse
2742 3014 2901 3079 dixit,
2930 3015 2990 3069 Si
3016 3015 3290 3070 dixerimus
3316 3019 3435 3081 quia
3475 3033 3591 3085 pec-

1995 3111 2160 3157 catum
2200 3121 2301 3158 non
2328 3105 2564 3157 habemus
2585 3146 2600 3169 ,
2632 3121 2723 3159 nos
2748 3106 2886 3175 ipsos
2914 3105 3190 3175 decipimus
3209 3147 3223 3172 ,
3256 3117 3302 3160 et
3332 3108 3512 3162 veritas
3535 3109 3589 3162 in

1997 3196 2138 3250 nobis
2167 3213 2266 3249 non
2294 3206 2386 3249 est.
2434 3194 2497 3251 Si
2523 3207 2692 3250 autent
2738 3198 2954 3264 confessi
2980 3199 3225 3267 fuerimus
3268 3210 3473 3270 peccata
3499 3217 3590 3254 no-

1996 3298 2101 3341 stra
2120 3329 2135 3353 ,
2165 3288 2331 3356 ﬁdelis
2356 3297 2402 3341 et
2420 3289 2589 3356 justus
2615 3298 2685 3340 est
2708 3329 2721 3348 ,
2752 3299 2806 3341 ut
2833 3289 3049 3341 dimittat
3089 3290 3230 3343 nobis
3271 3301 3473 3359 peccata
3498 3308 3592 3344 no-

1997 3391 2103 3434 stra
2124 3422 2138 3445 ,
2171 3392 2217 3433 et
2261 3380 2467 3432 inundet
2507 3397 2597 3433 nos
2644 3380 2706 3433 ab
2734 3381 2868 3434 ontni
2895 3383 3154 3453 iniquitate
3184 3383 3225 3455 (Ι
3264 3382 3420 3438 Joan.
3450 3402 3501 3449 ι,
3533 3385 3587 3453 8,

1997 3473 2075 3540 9).
2109 3473 2247 3543 Ergo
2267 3482 2436 3527 orate.

2444 3588 2672 3644 SERMO
2715 3588 2975 3644 CXXXVI
3026 3592 3125 3664 (a).

2004 3719 2065 3773 In
2096 3721 2322 3776 eamdem
2349 3721 2607 3775 lectionem
2647 3720 2907 3790 Evangelii
2947 3723 3194 3790 Joannis,
3241 3727 3303 3781 de
3328 3728 3589 3783 illumina-

2454 3794 2581 3847 'ione
2606 3795 2726 3846 arci
2752 3795 2877 3847 nati.
2900 3794 3027 3863 Cap.
3060 3812 3130 3850 Ix.

2073 3924 2126 3976 1.
2187 3922 2320 3977 Circi
2374 3924 2481 3977 nati
2536 3923 2860 3978 illuminutio.
2930 3926 3240 3980 Audivimus
3306 3929 3589 3986 lectionem

2001 4016 2167 4071 sancti
2215 4018 2516 4084 Evangelii,
2566 4034 2723 4087 quam
2781 4020 3015 4073 solemus
3055 4037 3067 4073 :
3114 4020 3207 4075 sed
3262 4021 3453 4074 bonum
3507 4034 3591 4077 est

2000 4111 2356 4173 commoneri;
2405 4110 2599 4163 bonum
2651 4119 2733 4164 est
2772 4111 2841 4166 ab
2880 4111 3161 4167 oblivionis
3211 4124 3428 4169 veterno
3473 4131 3589 4170 tue-

2002 4202 2222 4255 nioriam
2250 4216 2525 4255 renovare.
2554 4202 2792 4273 Denique
2828 4205 3181 4258 vetustissima
3226 4206 3405 4271 lt-rtio,
3439 4210 3588 4278 quasi

2002 4306 2170 4355 nova,
2229 4309 2324 4345 nos
2375 4293 2677 4348 delectavit.
2728 4295 2936 4349 Cazcnm
2986 4311 3014 4349 a
3067 4298 3341 4353 nativitate
3393 4300 3589 4354 illumi‘

2002 4384 2144 4436 navit
2184 4382 2429 4437 Christus
2471 4402 2484 4436 :
2531 4385 2655 4453 quizl
2704 4386 3006 4440 miramini?
3043 4387 3287 4443 Salvator
3329 4400 3407 4444 est
3434 4392 3589 4443 Chri-

2001 4487 2113 4530 Slus
2159 4493 2171 4529 :
2220 4475 2321 4529 hoc
2370 4476 2601 4531 reddidit
2651 4478 2936 4545 beneﬁcio,
2981 4483 3121 4550 quod
3170 4484 3344 4537 minus
3394 4483 3590 4539 fecerat

2001 4566 2053 4620 in
2081 4575 2249 4621 utero.
2273 4567 2495 4634 Quando
2519 4579 2696 4624 autem
2721 4570 2769 4623 ei
2792 4572 2978 4625 oculos
3002 4574 3175 4627 minus
3199 4575 3453 4640 faciebat,
3482 4592 3586 4630 non

2001 4658 2183 4727 utique
2221 4658 2466 4721 errabat;
2504 4659 2598 4713 sed
2640 4660 2704 4714 ad
2734 4662 3045 4717 miraculum
3075 4663 3369 4719 diﬁ‘ercbat.
3403 4666 3589 4723 Dicitis

2003 4748 2174 4803 forte:
2207 4748 2360 4804 Unde
2388 4750 2532 4804 scis?
2561 4751 2640 4805 Ab
2672 4753 2787 4820 ipso
2827 4754 3001 4808 audivi
3037 4774 3048 4808 :
3080 4756 3237 4809 modo
3267 4757 3391 4811 illud
3420 4758 3587 4823 dixit:

2001 4841 2155 4893 simul
2187 4841 2502 4895 audivimus.
2536 4844 2761 4907 Quando
2788 4846 2928 4898 enim
2976 4847 3432 4916 interrogaverunt
3460 4865 3584 4905 eum

2000 4930 2242 5000 discipuli
2283 4932 2428 5000 ejus,
2460 4941 2514 4987 et
2554 4934 2838 5001 dixerunt,
2886 4935 3131 5003 Domine,
3179 4941 3292 5008 quis
3329 4943 3587 5010 peccavit,

1999 5022 2092 5075 iste
2124 5031 2211 5074 aut
2248 5030 2477 5092 parentes
2506 5025 2616 5095 ejus
2635 5066 2649 5090 ,
2682 5028 2918 5095 quoniam
2957 5043 3118 5082 aecus
3146 5040 3294 5084 nutus
3319 5034 3432 5087 est?
3460 5034 3586 5103 qttid

1998 5112 2303 5183 respondit,
2336 5129 2543 5168 mecum
2586 5117 2808 5172 audistis
2841 5137 2853 5170 :
2886 5117 3063 5189 Neque
3087 5122 3167 5174 hic
3212 5124 3468 5191 peccavit,
3500 5141 3587 5179 nec

1997 5220 2094 5273 que
2117 5213 2347 5274 parentes
2372 5207 2516 5275 ejus;
2546 5206 2633 5259 sed
2658 5219 2710 5260 ut
2740 5209 3068 5263 ostendantur
3092 5227 3245 5281 Opera
3268 5212 3361 5267 Dei
3378 5216 3429 5270 in
3450 5218 3582 5287 ipso.

2000 5297 2140 5353 Ecce
2157 5313 2323 5367 quare
2354 5298 2635 5353 dillerebat
2653 5340 2667 5364 ,
2691 5300 2905 5369 quando
2931 5304 3104 5359 minus
3128 5305 3315 5365 oculos
3336 5306 3582 5364 faciebat.

1998 5388 2113 5443 Non
2144 5389 2294 5451 fecit,
2322 5391 2462 5460 quod
2489 5390 2714 5457 faceret;
2748 5408 2853 5446 non
2883 5392 3000 5448 fecit
3026 5437 3039 5462 ,
3074 5397 3213 5464 quod
3238 5397 3499 5454 facturum
3525 5418 3586 5457 se

1996 5494 2116 5535 esse
2170 5482 2399 5546 sciebat,
2445 5481 2657 5551 quando
2704 5483 3002 5552 oportebat.
3054 5486 3163 5543 Nec
3215 5490 3581 5556 arbitremini,

2059 5679 2131 5741 (α)
2155 5686 2285 5729 nunc
2307 5680 2509 5741 primum
2533 5679 2689 5741 prodit
2713 5695 2777 5733 ex
2815 5686 2970 5733 veteri
3003 5685 3168 5737 codice
3205 5687 3492 5739 Colbcrtina:
3514 5689 3586 5740 bi.

1996 5741 2273 5815 btiotbeea,
2299 5748 2463 5815 notato
2496 5741 2603 5790 821.
2646 5746 2889 5815 uehentur
2916 5748 3132 5815 ejusdem
3176 5753 3414 5801 sermonis
3449 5752 3581 5815 frag-

1998 5817 2158 5853 menta
2181 5803 2276 5852 duo
2301 5803 2347 5851 in
2372 5803 2509 5853 Bedze
2533 5818 2622 5852 seu
2648 5804 2762 5854 lilori
2784 5803 3087 5859 cellaeiione.
