3978 6456
520 375 617 433 751

518 490 714 547 fnttres
737 532 749 556 ,
775 499 1020 561 parentes
1040 490 1156 560 ejus
1184 490 1383 545 nullum
1407 488 1659 543 habuisse
1688 497 1997 558 peccatum,
2022 495 2114 541 aut

519 582 693 651 ipsum
724 595 861 646 non,
899 581 1113 651 quando
1143 591 1299 636 natus
1327 589 1444 647 est,
1490 581 1821 636 contraxisse
1854 578 2113 650 originale

518 681 796 741 peccatum
816 711 833 739 ,
869 682 1085 742 pr0pter
1108 672 1252 743 quod
1279 679 1554 741 peccatum
1578 670 1953 726 remittendum
1987 684 2110 738 par-

517 762 625 817 vuli
652 762 989 832 haptizantur
1015 763 1079 817 iu-
1094 763 1464 819 remissionem
1487 770 1843 832 peccatorum.
1876 761 1981 817 Sed
2003 777 2112 815 cae-

516 854 651 909 citas
680 854 765 907 illa
798 870 903 908 non
932 854 1033 909 fuit
1069 864 1285 925 propter
1328 864 1604 925 peccatum
1647 864 1924 925 parentum
1945 897 1960 921 ,
2005 870 2110 908 non

516 944 617 999 fuit
644 954 861 1014 prapter
898 955 1169 1015 peccatum
1189 946 1399 1016 ipsius;
1441 946 1537 1002 sed
1566 945 2112 1001 utmanifestarentur

515 1052 680 1104 opera
712 1037 805 1091 Dei
832 1037 886 1092 in
909 1036 1266 1107 ipso.'0mues
1287 1039 1463 1103 enim,
1495 1036 1706 1108 quando
1745 1037 1854 1091 nati
1891 1052 2107 1105 sumus,

515 1138 799 1198 peccatum
826 1128 1083 1199 originale
1106 1128 1363 1183 traximus
1382 1138 1484 1193 ;-et
1514 1139 1688 1184 tamen
1717 1144 1821 1183 non
1848 1128 1973 1184 czeci
2002 1129 2110 1184 nati

516 1233 723 1273 sumus.
750 1219 1020 1290 Interroga
1045 1220 1329 1291 diligenter
1353 1237 1368 1273 :
1396 1229 1452 1275 et
1468 1220 1595 1275 caeci
1622 1221 1730 1275 nati
1748 1236 1956 1277 sumus.
1978 1220 2110 1289 Quis

516 1312 659 1365 enim
689 1326 794 1364 non
822 1326 996 1368 eccas
1025 1322 1179 1366 natus
1203 1312 1319 1367 est?
1338 1311 1432 1366 sed
1460 1312 1512 1365 in
1534 1310 1715 1366 corde.
1746 1312 2002 1365 Dominus
2022 1327 2109 1365 au-

518 1412 623 1455 tem
654 1401 841 1467 Jesus,
888 1402 1009 1472 quia
1041 1412 1322 1473 utrumque
1365 1411 1644 1458 creaverat
1684 1409 1969 1473 utrumque
2009 1418 2106 1457 cu-

514 1509 571 1546 ra
580 1494 671 1547 vit.

584 1587 638 1638 2.
682 1585 815 1639 Caici
853 1604 1013 1649 error,
1046 1587 1268 1657 putautis
1298 1597 1583 1657 peceatores
1614 1604 1719 1641 non
1745 1588 1994 1642 exaudiri.
2019 1586 2109 1641 Vi-

512 1679 666 1734 distis
714 1696 912 1733 caecum
966 1682 1122 1734 istum
1168 1681 1336 1735 oculis
1385 1680 1535 1744 ﬁdei,
1580 1681 1786 1735 vidistis
1830 1682 1989 1736 etiam
2038 1696 2106 1735 ex

510 1786 656 1825 caeco
689 1772 955 1827 videntem
982 1789 994 1825 :
1027 1772 1120 1827 scd
1165 1772 1387 1826 audistis
1412 1782 1701 1827 errantem.
1735 1772 1790 1826 ln
1821 1788 1926 1842 quo
1952 1787 2105 1827 erra-

512 1864 603 1918 bat
638 1878 813 1921 eiccus
863 1864 997 1930 iste,
1049 1864 1170 1919 dico
1203 1881 1217 1917 :
1252 1865 1477 1933 primum
1507 1865 1628 1934 quia
1658 1864 1928 1919 Christum
1980 1879 2106 1933 pro-

511 1954 723 2021 phetam
765 1956 1012 2024 putabat,
1052 1954 1143 2010 Dei
1172 1953 1360 2009 Filium
1394 1955 1685 2009 nesciebat.
1730 1953 1928 2008 Deinde
1955 1952 2106 2007 audi-

510 2050 684 2103 vimus
731 2064 888 2103 unam
940 2047 1340 2117 restionsionetu
1388 2047 1555 2115 ipsius
1605 2060 1822 2115 prorsus
1869 2045 2100 2100 falsam:

510 2140 585 2194 ait
609 2140 785 2203 enim,
821 2140 1021 2193 Scimus
1064 2140 1182 2208 quia
1226 2150 1510 2210 peccatores
1551 2137 1690 2193 Deus
1726 2155 1828 2192 non
1875 2136 2102 2192 exaudit.

510 2232 567 2287 Si
600 2241 906 2302 peccatores
954 2232 1092 2285 Deus
1134 2248 1238 2285 non
1284 2231 1529 2295 exaudil,
1557 2244 1715 2300 quam
1747 2245 1896 2299 spem
1934 2228 2104 2284 habe-

511 2324 668 2380 mus?
694 2322 749 2380 Si
781 2332 1091 2393 peccatores
1123 2324 1261 2377 Deus
1300 2340 1403 2376 non
1452 2320 1701 2387 exaudit,
1746 2319 1930 2391 utquid
1980 2334 2103 2374 ora-

510 2430 632 2469 mus
650 2455 666 2482 ,
694 2424 748 2469 et
773 2414 1133 2470 testimonium
1167 2414 1366 2483 peccati
1396 2412 1562 2467 nostri
1594 2412 1840 2467 tunsione
1860 2412 2102 2481 .pcctoris

508 2504 775 2561 dicimus?
821 2504 921 2561 Ubi
960 2513 1042 2560 est
1092 2516 1237 2559 certe
1290 2505 1380 2559 ille
1426 2504 1784 2571 Publicanus,
1835 2504 1925 2573 qui
1980 2519 2100 2558 cum

511 2598 781 2654 Phariszeo
804 2597 1045 2659 ascendit
1068 2599 1125 2652 in
1164 2598 1417 2668 templum
1438 2639 1453 2663 ,
1485 2606 1540 2652 et
1568 2597 1659 2651 illo
1707 2598 1976 2651 l’harisa'o
2017 2596 2102 2664 ja-

508 2698 722 2756 ctante,
752 2689 1041 2744 vetitilaute
1080 2690 1266 2742 merita
1308 2704 1434 2750 sua,
1482 2688 1572 2745 ille
1624 2697 1772 2743 stans
1819 2689 2000 2758 longe,
2049 2696 2105 2742 et

509 2781 679 2836 oculis
708 2782 827 2836 lixis
852 2783 903 2836 in
933 2790 1181 2845 terra,-et
1207 2782 1435 2836 tundeus
1461 2791 1648 2852 pectus
1676 2796 1851 2847 Suum,
1878 2783 2101 2835 conlite-

510 2872 666 2927 batur
694 2882 909 2942 peccata
946 2873 1080 2927 sua?
1110 2874 1173 2926 Et
1201 2872 1634 2939 descenditiste,
1680 2874 1768 2941 qui
1808 2872 2101 2927 confiteba-

511 2976 598 3019 tur
628 2975 842 3035 pcccata
868 2981 963 3020 sua
984 3007 998 3031 ,
1023 2964 1347 3034 justifieatus
1370 2964 1438 3018 de
1470 2965 1699 3033 templo,
1749 2964 1917 3033 magis
1944 2981 2101 3032 quant

510 3056 600 3111 ille
630 3056 931 3111 Pharisaeus
964 3055 1115 3127 (Luc.
1145 3072 1271 3110 xvut
1290 3097 1305 3117 ,
1356 3055 1569 3125 lli-li).
1598 3055 1769 3110 Certe
1784 3067 2103 3124 peceatores

510 3147 652 3201 Deus
672 3146 906 3202 exaudit.
937 3146 1041 3201 Sed
1088 3146 1173 3200 ille
1218 3146 1308 3215 qui
1352 3147 1450 3200 ista
1493 3146 1657 3211 dixit,
1692 3147 1924 3201 nondum
1956 3149 2101 3202 lave-

510 3250 597 3294 rat
626 3239 817 3294 faciem
845 3238 1023 3293 cordis
1048 3238 1118 3292 de
1139 3238 1301 3292 Siloa.
1336 3236 1389 3291 ln
1416 3238 1585 3292 oculis
1612 3238 1729 3307 eius
1743 3250 2104 3307 qmumrsscrul.

511 3342 901 3387 sacramentum
945 3347 959 3383 :
1008 3329 1101 3383 sed
1151 3330 1202 3383 in
1242 3328 1406 3384 corde
1450 3328 1685 3384 nondum
1716 3339 1830 3384 erat
1856 3329 2100 3383 ellcctuut

511 3424 695 3493 gratiae
720 3421 1055 3477 beneficium.
1083 3419 1308 3489 Quando
1335 3419 1461 3473 lavit
1482 3419 1667 3475 faciem
1694 3420 1870 3474 cordis
1893 3421 1975 3474 sui
2002 3436 2105 3474 cae-

512 3529 609 3568 cus
641 3513 779 3568 iste?
808 3511 1034 3579 Quando
1076 3527 1198 3565 cum
1232 3510 1485 3565 Dominus
1528 3511 1671 3564 foras
1704 3510 1925 3565 missum
1955 3509 2105 3564 ...ιυ-

517 3606 648 3659 dans
668 3646 681 3669 ,
708 3604 997 3658 intromisit
1020 3604 1084 3657 ad
1111 3618 1191 3659 se.
1214 3602 1421 3658 Invenit
1441 3601 1581 3658 enim
1609 3617 1762 3667 eum,
1793 3611 1848 3657 et
1871 3602 2003 3656 dixit
2030 3601 2101 3670 ei,

513 3697 652 3750 sicut
676 3694 975 3749 audivimus
1008 3712 1021 3747 :
1057 3692 1133 3747 Tu
1169 3693 1334 3747 credis
1383 3693 1435 3747 in
1479 3691 1671 3748 Filium
1709 3692 1846 3746 Dei?
1872 3692 1939 3746 Et
1967 3691 2056 3747 ille
2088 3709 2102 3746 :

518 3787 646 3855 Quis
671 3796 778 3853 est,
805 3785 1019 3841 Domine
1035 3826 1051 3852 ,
1083 3794 1139 3838 ut
1169 3786 1372 3838 credant
1399 3785 1453 3838 iu
1476 3786 1632 3839 eum?
1654 3783 1811 3840 Certe
1830 3783 1939 3854 jam
1959 3784 2108 3840 vide-

518 3878 607 3931 bat
652 3878 824 3932 oculis
846 3894 861 3929 :
885 3876 994 3947 jam
1022 3875 1235 3930 'corde?
1259 3874 1526 3931 Nondum.
1554 3875 1875 3946 Exspectate
1904 3894 1917 3930 :
1947 3876 2107 3932 modo

514 3969 734 4023 videbit.
769 3967 1065 4037 Respondit
1087 3967 1137 4021 ei
1162 3966 1317 4022 Jesus
1348 3983 1361 4021 :
1390 3967 1503 4036 Ego
1537 3983 1685 4033 sunt,
1704 3967 1803 4037 .qui
1830 3967 2008 4036 loquor
2030 3978 2106 4021 te-

516 4079 650 4115 cum.
682 4060 1273 4130 Numquid-dubitavit?
1309 4060 1572 4114 Continuo
1600 4058 1787 4114 faciem
1817 4060 1960 4115 lavit.
1994 4060 2109 4115 Lo-

516 4154 776 4223 quebatur
800 4154 942 4207 enim
964 4166 1090 4206 cum
1131 4152 1220 4205 ilio
1249 4150 1431 4216 Siloa,
1457 4150 1593 4219 quod
1615 4151 1968 4219 interpretatur
1997 4154 2109 4206 mis-

516 4265 623 4303 sus.
645 4244 877 4312 Quisest
899 4243 1111 4307 missus,
1132 4242 1242 4296 nisi
1270 4241 1557 4295 Christus?
1584 4241 1685 4308 Qui
1711 4257 1853 4311 saepe
1881 4250 2108 4300 testatus

516 4348 600 4391 est
628 4337 846 4397 dicens,
874 4332 1207 4388 sVoluntatem
1236 4331 1371 4402 facio
1402 4330 1574 4385 Patris
1607 4332 1704 4386 mei
1722 4373 1737 4398 ,
1768 4333 1853 4402 qui
1878 4350 1956 4387 me
1974 4336 2107 4389 misit

522 4430 702 4501 (Joau.
728 4444 799 4494 tv,
823 4429 921 4491 ὄις
954 4424 1101 4491 ν,30
1120 4466 1136 4487 ,
1163 4434 1211 4478 et
1239 4440 1289 4479 vt
1311 4465 1326 4489 ,
1357 4424 1468 4494 38).
1497 4424 1637 4494 Ergo
1658 4425 1770 4493 ipse
1794 4434 1909 4479 erat
1938 4426 2103 4482 Siloa.

516 4521 759 4577 ACCCaSll
801 4518 966 4574 corde
1012 4532 1217 4581 crocus,
1242 4515 1477 4583 audivit,
1519 4515 1779 4581 credidit,
1819 4516 2101 4572 adoravit:

517 4613 706 4667 faciem
733 4610 888 4676 lavit,
922 4607 1074 4662 vidit.

587 4705 639 4758 3.
679 4701 980 4756 Judteorum
1006 4699 1223 4765 catcitas,
1253 4697 1814 4753 caltunniantiumsolui
1839 4698 2104 4753 sabbatum

514 4813 545 4848 a
573 4795 795 4850 Christo.
823 4792 899 4846 llli
924 4800 1100 4845 autem
1128 4790 1217 4860 qui
1243 4806 1365 4845 eum
1393 4789 1535 4843 foras
1558 4789 1836 4855 miserunt,
1865 4791 1991 4845 cmci
2021 4806 2104 4845 re-

514 4894 860 4953 manserunt,
892 4882 1321 4955 quandoquidem
1361 4882 1586 4937 Domino
1625 4882 2101 4951 calumniabantur,

514 4983 637 5052 quia
665 4981 946 5036 sabbatum
972 4988 1115 5045 erat,
1145 4975 1359 5048 quando
1389 4977 1555 5030 lutqu
1584 4974 1709 5030 fecit
1735 4976 1804 5030 de
1827 4987 2019 5046 sputo,
2051 4986 2106 5031 et

515 5075 724 5133 inuasit
767 5075 951 5130 oculos
996 5072 1145 5128 eieci.
1189 5070 1415 5138 Quando
1460 5070 1600 5124 enim
1644 5070 1899 5125 Dominus
1940 5070 2104 5124 verbo

512 5170 754 5230 curabat,
780 5175 963 5237 aperte
987 5163 1447 5219 calumniabautur
1463 5160 1652 5217 Judaei.
1677 5160 1789 5215 Non
1815 5162 1956 5216 enim
1980 5160 2104 5216 sab-

513 5262 640 5317 bato
681 5259 1001 5329 operabatur
1044 5253 1279 5324 aliquid,
1320 5251 1532 5322 quando
1561 5252 1802 5318 dicebat,
1835 5261 1891 5307 et
1918 5252 2100 5309 flebat.

521 5355 711 5423 Aperta
752 5350 1017 5406 calumnia
1057 5356 1170 5404 erat
1209 5364 1223 5401 :
1262 5344 1470 5416 jubenti
1497 5344 1989 5411 calumniabantur,
2022 5346 2102 5399 lo-

515 5443 697 5515 quanti
727 5440 1217 5500 calunmiabantur;
1248 5437 1397 5507 quasi
1428 5435 1526 5505 ipsi
1562 5449 1656 5504 per
1687 5435 1962 5490 sabbatum
1994 5450 2100 5491 non

515 5539 878 5605 loquerentur.
910 5533 1131 5587 Possum
1159 5529 1340 5584 dicere
1363 5528 1487 5597 quia
1522 5542 1628 5581 non
1657 5526 1827 5580 solum
1860 5542 1953 5597 per
1976 5529 2101 5581 sab-

517 5631 729 5691 batum,
762 5625 856 5679 sed
889 5624 1033 5678 nullo
1060 5624 1147 5677 die
1182 5622 1500 5691 loquuntur,
1528 5619 1776 5689 quoniam
1809 5635 1836 5672 a
1870 5621 1977 5675 veri
2008 5622 2098 5675 Dei

518 5717 765 5775 laudibus
800 5724 1156 5772 recesserunt.
1185 5713 1389 5770 Tamen
1415 5721 1474 5767 ut
1496 5711 1603 5768 dixi
1624 5752 1639 5778 ,
1670 5711 1860 5768 fratres
1880 5756 1892 5777 ,
1918 5724 2099 5783 aperta

515 5812 777 5868 calumnia
802 5820 934 5867 erat.
970 5806 1185 5864 Dicebat
1213 5806 1463 5861 Dominus
1490 5805 1711 5870 homini,
1742 5804 1970 5866 Extende
1989 5824 2098 5861 ma-

1725 371 1783 426 S.
1826 367 2192 426 AUGUSTINI
2233 369 2533 428 EPISL’OPI
3652 399 3741 457 τω

2220 502 2338 582 nam
2369 497 2508 541 tuam
2536 504 2555 543 :
2584 488 2742 545 fiebat
2768 505 2929 547 sanus
2947 535 2963 556 ,
2995 502 3049 548 et
3074 495 3512 559 calumniabantur
3534 508 3640 577 quia
3665 530 3741 582 per

2217 581 2493 635 sabbatum
2514 583 2734 638 curabat
2762 583 2970 656 (Matth.
2995 602 3087 653 xu,
3112 589 3315 662 i044).
3336 592 3461 660 Quid
3483 596 3622 655 fecit?
3639 581 3744 673 quid

2217 681 2466 741 operatus
2486 673 2605 728 est?
2625 674 2764 744 quod
2787 678 3059 731 OllllSlulil
3074 678 3097 731 ?
3115 679 3220 734 Sed
3243 683 3394 738 modo
3411 701 3583 754 spuere
3602 692 3646 747 in
3667 706 3747 751 ter-

2217 778 2352 827 ram,
2369 762 2544 818 lutum
2569 765 2764 831 facere,
2790 768 3064 823 ethontini
3086 771 3267 826 oculos
3294 776 3547 847 inungere,
3568 790 3746 853 operari

2216 864 2318 909 cst.
2360 856 2527 911 Nemo
2566 858 2803 925 dubitet,
2835 864 3043 930 operari
3078 874 3210 919 erat.
3243 867 3487 927 Dominus
3510 876 3749 936 sabbatum

2216 948 2493 1003 solvebat:
2517 951 2611 1006 sed
2633 968 2738 1006 non
2765 953 2883 1007 ideo
2904 970 3047 1011 reus.
3077 956 3212 1022 Quid
3238 970 3318 1014 est
3338 964 3471 1029 quod
3495 966 3613 1031 dixi,
3639 971 3751 1025 Sab-

2217 1038 2394 1093 batum
2438 1042 2714 1099 solvebat?
2751 1045 3009 1116 Lux-ipse
3038 1061 3281 1117 venerat,
3313 1055 3516 1111 utnbras
3544 1076 3753 1119 remove-

2214 1129 2321 1221 bat.
2352 1130 2639 1188 Sabbatum
2668 1137 2809 1190 enim
2849 1153 2878 1191 a
2920 1139 3144 1194 Domino
3185 1142 3291 1197 Deo
3330 1157 3629 1219 prmceptum
3665 1167 3753 1221 cst,

2213 1220 2281 1315 ab
2303 1221 2417 1315 ipso
2441 1222 2654 1281 Christo
2680 1242 3023 1297 prreceptuut,
3050 1234 3137 1302 qui
3160 1249 3279 1289 eum
3290 1236 3451 1295 Patre
3473 1252 3595 1308 erat,
3615 1261 3758 1315 quau-

2212 1311 2283 1366 do
2315 1314 2421 1369 Lex
2453 1317 2536 1371 illa
2576 1318 2800 1375 dabatur
2829 1340 2843 1375 :
2872 1324 2941 1378 ab
2970 1324 3085 1394 ipso
3118 1339 3434 1398 pratceptum
3467 1343 3573 1401 est,
3604 1311 3687 1393 sed
3713 1340 3757 1396 in

2212 1405 2398 1460 umbra
2438 1407 2620 1463 futuri.
2654 1410 2818 1465 Nemo
2846 1430 2966 1484 ergo
3008 1432 3094 1471 vos
3127 1419 3324 1490 judieet
3364 1423 3415 1477 in
3443 1426 3585 1493 :cibo,
3619 1441 3696 1484 aut
3710 1434 3760 1486 in

2213 1504 2354 1563 potu,
2380 1508 2466 1550 aut
2492 1499 2544 1553 in
2570 1511 2710 1569 parte
2733 1504 2831 1557 diei
2856 1504 2992 1575 festi,
3023 1518 3111 1561 aut
3135 1515 3422 1579 ueomeniat,
3451 1528 3535 1571 aut
3556 1521 3759 1577 sabbata-

2211 1603 2353 1684 rum,
2385 1591 2519 1659 quod
2559 1602 2632 1647 est
2670 1594 2843 1648 umbra
2883 1599 3168 1668 futurorum
3210 1603 3427 1670 (Coloss.
3459 1624 3519 1674 tt,
3549 1611 3640 1677 16,
3669 1616 3762 1684 1⁸1).

2218 1678 2445 1734 Venerat
2472 1698 2628 1752 quem
2664 1694 2941 1742 venturum
2974 1690 3073 1745 ista
3116 1696 3445 1752 nuntiabant.
3475 1701 3601 1767 Quid
3636 1678 3763 1761 dele-

2210 1778 2354 1862 ctant
2380 1773 2620 1829 umbrae?
2645 1777 2834 1843 Judzci,
2860 1784 3063 1851 aperite
3088 1787 3275 1842 oculos
3299 1806 3313 1842 :
3341 1790 3417 1844 sol
3440 1808 3659 1862 prasens
3675 1811 3763 1854 est.

2214 1860 2324 1915 Nos
2361 1864 2570 1919 scimus.
2600 1867 2747 1935 Quid
2788 1871 2966 1939 scitis,
3004 1889 3037 1927 ο
3075 1877 3240 1932 corde
3267 1860 3580 1952 σωθεῖσινίά
3606 1888 3766 1943 scitis?

2213 1954 2345 2021 Quia
2373 1974 2473 2011 non
2502 1968 2572 2013 est
2600 1960 2692 2014 iste
2722 1963 2871 2017 homo
2898 1982 2931 2017 a
2960 1965 3065 2020 Deo
3086 2007 3101 2032 ,
3131 1970 3216 2036 qui
3245 1972 3319 2025 sic
3348 1975 3489 2027 solvit
3516 1977 3767 2035 sabbatum.

2210 2045 2497 2103 Sabbatum
2515 2052 2757 2119 ,miseri,
2779 2056 3056 2110 sabbatum
3081 2060 3255 2128 ipsum
3278 2062 3520 2122 Christus
3545 2070 3769 2138 prrctﬁca-

2208 2139 2303 2203 vit,
2331 2156 2488 2210 quem
2515 2142 2690 2198 dicitis
2719 2162 2821 2200 non
2848 2162 2967 2204 esse
2990 2166 3019 2204 a
3040 2151 3177 2207 Deo.
3201 2153 3496 2211 Sabbatum
3520 2162 3773 2218 carnaliter

2207 2233 2503 2289 observatis
2522 2276 2537 2298 ,
2566 2238 2783 2292 salivam
2814 2238 3010 2295 Christi
3040 2259 3147 2298 non
3179 2247 3413 2303 habetis.
3448 2252 3703 2308 Attendite
3727 2255 3771 2309 in

2210 2333 2349 2379 terra
2377 2327 2581 2383 sabbati
2612 2330 2769 2384 etiam
2799 2334 3016 2388 salivam
3045 2335 3272 2404 Christi,
3301 2351 3357 2396 et
3386 2344 3672 2416 intelligetis
3695 2364 3773 2417 per

2207 2418 2482 2473 sabbatum
2516 2422 2887 2489 pr0phetatum
2922 2427 3218 2483 Christum.
3251 2431 3359 2487 Sed
3395 2450 3489 2489 vos
3525 2438 3638 2506 quia
3666 2440 3773 2493 sali-

2208 2525 2325 2563 vam
2347 2511 2544 2566 Cbristi
2573 2514 2787 2568 interra
2811 2531 2971 2585 super
2995 2521 3179 2576 oculos
3206 2534 3418 2580 vestros
3446 2543 3547 2583 non
3574 2529 3774 2595 habetis,

2208 2599 2327 2654 ideo
2356 2603 2420 2655 ad
2451 2604 2648 2657 Siloam
2685 2621 2788 2660 non
2830 2610 3079 2676 venistis,
3113 2620 3169 2667 et
3200 2612 3412 2670 faciem
3442 2633 3546 2672 non
3581 2620 3775 2683 lavistis,

2207 2700 2261 2746 et
2278 2694 2403 2747 ca-ci
2428 2696 2786 2759 remansistis;
2818 2698 2955 2753 bono
2976 2702 3103 2756 caeci
3124 2702 3273 2773 ejus,
3300 2706 3409 2762 imo
3425 2708 3533 2777 jam
3555 2713 3779 2767 nonczeci

2208 2799 2305 2839 nee
2331 2802 2642 2851 (-:mte,.uec
2667 2790 2850 2845 corde.
2879 2793 3097 2861 Accepit
3123 2794 3175 2848 in
3209 2806 3371 2866 sputo
3395 2800 3580 2867 lutum,
3606 2802 3781 2857 inuncti

2206 2885 2327 2927 Sunt
2359 2875 2472 2943 ejus
2501 2878 2637 2932 oculi
2658 2919 2675 2942 ,
2719 2881 2945 2936 accessit
2973 2887 3040 2935 ad
3067 2884 3315 2953 Siloam,
3335 2889 3476 2944 .lavit
3503 2890 3711 2958 faciem,
3737 2893 3781 2946 in

2205 2966 2474 3021 Christum
2487 2969 2728 3024 veredidit
2747 3012 2762 3035 ,
2796 2972 2954 3038 vidit,
2974 2990 3091 3029 .nou
3122 2981 3392 3035 remansit
3407 2982 3473 3035 .in
3500 2983 3588 3038 illa
3608 2983 3785 3051 judicio

2207 3062 2358 3115 valde
2386 3064 2602 3117 terribili
2628 3080 2643 3118 :
2668 3064 2778 3135 Ego
2807 3066 2859 3118 in
2875 3067 3131 3137 judicium
3157 3073 3277 3126 aeni
3304 3074 3361 3128 in
3384 3075 3518 3129 [tunc
3540 3077 3779 3143 mundum,

2206 3164 2259 3205 ut
2289 3155 2372 3223 qui
2403 3170 2502 3208 non
2529 3156 2695 3209 vident
2714 3196 2729 3219 ,
2760 3158 2958 3212 videant
2975 3176 2994 3224 ;
3023 3169 3071 3214 et
3093 3163 3187 3230 qui
3215 3165 3411 3232 uident,
3444 3169 3562 3221 caci
3587 3169 3722 3237 fiant.

2276 3246 2329 3298 4.
2363 3243 2571 3299 chitas
2594 3245 2629 3298 J
2636 3247 2896 3303 admorunt
2919 3253 3173 3320 quomodo
3198 3254 3395 3310 Christi
3418 3258 3629 3312 aduentu
3654 3270 3785 3312 aucta

2206 3346 2297 3389 est.
2326 3337 2541 3406 Magnus
2567 3342 2770 3394 terror!
2808 3340 2874 3395 Ut
2901 3343 2987 3411 qui
3014 3360 3115 3397 nou
3142 3347 3352 3414 uident,
3386 3350 3623 3405 videant:
3649 3352 3786 3406 bene.

2206 3426 2498 3482 Salvatoris
2519 3428 2754 3484 ()lﬁl'ilﬂll
2775 3441 2875 3496 est,
2901 3435 3163 3502 professio
3192 3440 3606 3508 medieimcest,
3635 3441 3789 3512 thtu'

2209 3533 2309 3571 non
2335 3518 2764 3585 vident,.uideant.
2794 3521 2927 3589 Quid
2951 3532 3053 3588 est,
3086 3526 3345 3598 Domine,
3376 3532 3521 3601 quod
3545 3533 3789 3598 addidisti,

2213 3609 2281 3664 Ut
2305 3611 2391 3680 qui
2403 3612 2770 3678 uident,:cwci.
2780 3616 3027 3683 ﬂend-Si
3060 3619 3451 3695 intelligamus,
3481 3627 3789 3683 verissimum

2209 3711 2263 3756 et
2287 3703 2637 3757 rectissimum
2664 3716 2764 3758 est.
2792 3707 2927 3773 Quid
2953 3718 3245 3766 est-tamen
3266 3755 3283 3779 ,
3307 3717 3399 3785 qui
3424 3714 3795 3773 uidentuudaai

2210 3804 2354 3848 sunt.
2386 3796 2527 3866 Ergo
2556 3797 2774 3851 vident?
2802 3799 3105 3855 Secundum
3144 3807 3317 3860 verba
3346 3822 3447 3864 sua
3484 3809 3696 3865 vident:
3723 3824 3796 3862 se.

2209 3885 2440 3939 cundum
2469 3888 2742 3941 veritatem
2776 3904 2880 3943 non
2913 3891 3113 3945 vident.
3136 3894 3295 3962 Quid
3324 3907 3415 3954 est
3441 3914 3590 3971 ergo,
3616 3899 3799 3954 vident?

2210 3976 2404 4033 Videre
2431 3994 2491 4043 se
2516 3988 2728 4049 putant,
2762 3981 2940 4037 videre
2969 3998 3030 4038 se
3061 3988 3322 4042 credunt.
3362 3990 3559 4046 Videre
3595 3992 3726 4045 enim
3746 4005 3799 4045 se

2210 4067 2531 4135 credebant,
2564 4072 2775 4139 quando
2804 4083 2988 4127 contra
3019 4074 3304 4134 Christum
3325 4080 3541 4153 Legem
3571 4081 3798 4138 defende-

2210 4160 2356 4214 bant.
2389 4160 2501 4215 Nos
2522 4163 2705 4216 scimus
2732 4179 2751 4217 :
2776 4179 2902 4235 ergo
2929 4165 3127 4221 vident.
3163 4170 3311 4237 Quid
3343 4184 3451 4238 est,
3482 4174 3595 4228 Nos
3616 4175 3799 4230 scimus.

2211 4251 2346 4316 nisi,
2381 4269 2476 4305 nos
2503 4252 2779 4309 videmus?
2821 4256 2956 4322 Quid
2994 4267 3111 4323 est,
3141 4262 3272 4329 quia
3302 4265 3462 4319 homo
3492 4265 3586 4319 iste
3622 4282 3716 4318 non
3744 4274 3805 4317 est

2209 4359 2241 4395 a
2268 4342 2378 4395 Deo
2399 4384 2411 4404 ,
2439 4344 2563 4411 quia
2589 4345 2661 4397 sic
2689 4346 2832 4398 solvit
2861 4346 3167 4403 sabbatum?
3205 4352 3473 4410 Videntes
3501 4367 3626 4410 sunt
3649 4373 3661 4408 :
3683 4353 3805 4424 quod

2210 4432 2319 4486 Lex
2348 4434 2591 4499 dicebat,
2621 4436 2879 4505 legebant.
2917 4437 3263 4508 Praeceptum
3305 4456 3397 4500 est
3434 4447 3580 4502 enim
3610 4456 3665 4501 ut
3691 4446 3806 4515 lapi-

2210 4523 2426 4579 daretur
2442 4526 2542 4594 qui
2582 4527 2816 4583 solveret
2843 4529 3122 4583 sabbatum
3168 4533 3376 4602 (Num.
3416 4554 3531 4603 xv,
3555 4538 3671 4610 56).
3702 4538 3810 4591 Ideo

2210 4614 2369 4669 istum
2409 4616 2656 4672 dicebant
2696 4634 2801 4671 non
2830 4634 2960 4675 esse
3001 4636 3030 4673 a
3068 4621 3244 4680 Deo:
3276 4627 3382 4682 sed
3423 4628 3668 4684 videntes
3700 4628 3811 4683 eieci

2208 4715 2394 4771 erant,
2424 4707 2546 4777 quia
2578 4707 2642 4762 in
2678 4709 2933 4778 judicium
2978 4713 3121 4766 vertit
3156 4715 3213 4768 in
3246 4720 3524 4774 mundum
3552 4721 3644 4775 ille
3667 4720 3813 4789 judex

2210 4797 2418 4852 futurus
2453 4800 2692 4855 vivorum
2727 4810 2783 4856 et
2810 4813 3163 4860 mortuorum.
3203 4811 3401 4878 Quare
3435 4814 3625 4871 venit?
3654 4814 3717 4871 Ut
3742 4814 3816 4884 qui

2208 4906 2311 4944 non
2347 4890 2543 4954 vident,
2578 4892 2777 4945 uideant
2810 4909 2829 4946 :
2855 4895 2943 4964 qui
2987 4910 3045 4949 se
3090 4913 3205 4952 non
3260 4903 3456 4960 videre
3490 4907 3817 4967 confitentur,

2209 4982 2592 5037 illuminentur.
2631 4982 2700 5037 Et
2739 4984 2825 5055 qui
2861 4986 3061 5051 uident,
3100 4992 3239 5044 caeci
3288 4995 3427 5062 [iant
3458 5014 3477 5050 :
3508 4997 3562 5053 id
3596 5008 3710 5060 est,
3740 4995 3818 5067 qui

2207 5074 2499 5128 ozecitatem
2544 5088 2695 5129 suam
2739 5090 2847 5130 non
2888 5079 3257 5146 confitentur,
3305 5089 3534 5154 gravius
3572 5089 3821 5144 obduren-

2208 5174 2312 5219 tur.
2348 5165 2585 5235 Denique
2625 5167 2897 5236 impletum
2939 5178 3056 5236 est,
3098 5170 3212 5238 Qui
3253 5178 3474 5245 vident,
3515 5180 3638 5234 eieci
3674 5180 3822 5249 ﬁant:

2208 5255 2364 5326 Legis
2401 5255 2712 5312 defensores
2732 5299 2746 5322 ,
2780 5259 2936 5330 chis
2966 5270 3337 5334 tractatores,
3374 5269 3544 5341 Legis
3569 5273 3821 5333 doctores,

2208 5349 2364 5420 Legis
2387 5351 2743 5407 iutellectorcs
2762 5362 3032 5409 auctorem
3050 5355 3221 5427 Legis
3242 5363 3665 5420 cntcitixerunt.
3681 5362 3725 5418 0
3741 5375 3824 5416 cai-

2207 5443 2371 5497 citasl
2409 5443 2521 5512 ipsa
2551 5451 2633 5498 est
2660 5460 2779 5512 qua:
2805 5460 2869 5500 ex
2896 5455 3048 5517 parte
3075 5447 3256 5506 Israel
3290 5454 3441 5511 facta
3477 5467 3585 5512 est.
3626 5458 3690 5512 Ut
3719 5470 3830 5511 eruo

2207 5534 2510 5605 ciligeretur
2549 5536 2828 5601 Christus,
2872 5549 2926 5594 et
2963 5539 3259 5609 plenitudo
3289 5545 3561 5604 Gentium
3598 5550 3825 5609 intraret,

2207 5630 2417 5684 czecitas
2445 5645 2511 5685 ex
2541 5640 2688 5700 parte
2712 5630 2871 5687 Israel
2900 5632 3033 5688 facta
3058 5644 3169 5690 est.
3203 5636 3357 5705 Quid
3386 5653 3500 5708 est,
3535 5642 3606 5699 Ut
3628 5643 3715 5712 qui
3738 5657 3827 5694 non

2207 5726 2391 5789 rident,
2424 5725 2665 5779 rideant?
2697 5724 2765 5779 Ut
2794 5726 3051 5795 plenitudo
3077 5725 3343 5785 Gentium
3371 5735 3618 5800 intraret,
3644 5734 3828 5789 caecitas

2206 5835 2267 5871 ex
2306 5828 2445 5886 parte
2483 5816 2647 5869 Israel
2690 5820 2821 5875 facta
2862 5825 2934 5869 est
2978 5816 3159 5887 (Rom,
3198 5836 3291 5888 XI,
3323 5825 3450 5895 ‘25).
3484 5826 3658 5882 Totus
3696 5830 3829 5879 ortis
