4098 6310
318 344 424 399 κδ
1647 318 1881 382 SERMO

2020 319 2224 376 χχιιι.
3501 316 3613 399 rat

314 472 491 513 ancus
528 451 740 525 iacebat
772 468 785 507 :
816 448 910 506 sed
937 446 1228 511 venit-ille,
1255 453 1310 501 ut
1345 443 1431 515 qui
1462 458 1562 497 non
1588 439 1785 504 vident,
1825 436 1901 491 ci-

315 550 505 612 deant;
533 554 581 600 et
604 544 692 616 qui
710 541 896 607 vident,
925 539 1046 594 eieci
1065 538 1211 608 fiant.
1237 535 1512 606 ignoratus
1531 541 1614 591 est
1636 547 1665 585 a
1685 528 1899 593 Judtcis,

316 640 600 695 cruciﬁxus
633 645 716 692 est
748 650 778 689 a
805 632 1001 689 ludatis
1036 648 1052 684 :
1088 630 1155 686 de
1192 628 1447 699 sanguine
1488 640 1600 681 suo
1626 622 1904 695 collyrium

317 734 445 789 fecit
466 731 642 788 caecis.
665 729 918 785 Duriores
947 722 1232 791 facti,fc:eci
1259 721 1379 777 facti
1404 721 1493 791 qui
1510 720 1525 750 ¹
1558 734 1618 774 se
1642 715 1909 787 iactabant

317 824 500 879 videre
528 822 701 877 lucem
725 861 742 887 ,
774 817 1152 875 eruciﬁxerunt
1201 812 1393 868 lucem.
1423 811 1629 879 Quanta
1657 805 1903 863 ctecitasl

319 918 516 973 Lucem
552 913 865 971 occiderunt
902 928 917 966 :
954 906 1049 965 sed
1088 906 1342 964 cruciﬁxa
1379 904 1481 959 lux.
1500 915 1671 958 caecos
1711 898 1908 955 illumi-

317 1012 483 1066 navit.

387 1104 443 1158 5.
478 1100 634 1155 Pauli
657 1099 720 1154 de
741 1093 1205 1169 Legisimpotentia
1228 1101 1273 1147 et
1296 1090 1360 1146 de
1376 1089 1673 1145 ludiarum
1690 1086 1911 1142 cacitate

315 1193 685 1249 testimonium.
706 1190 842 1244 Audi
872 1187 1138 1242 videntem
1161 1226 1177 1249 ,
1208 1184 1298 1254 qui
1326 1189 1658 1238 oecus-erat.
1687 1177 1828 1232 Ecce
1854 1176 1907 1231 in

314 1304 475 1358 quam
502 1300 714 1341 crucem
745 1284 885 1338 male
913 1282 1250 1339 oll‘enderuut
1269 1319 1284 1343 ,
1315 1276 1406 1348 qui
1434 1275 1731 1331 ctecitatem
1757 1286 1906 1327 suam

316 1379 525 1432 medico
544 1374 1110 1432 conﬁteriuoluertmt.
1133 1373 1480 1426 Ilemanserat
1502 1368 1602 1422 illis
1620 1362 1909 1431 Lox-Quid

315 1472 439 1524 facit
470 1469 576 1523 Lex
613 1468 730 1523 sine
757 1465 967 1536 gratia?
1008 1463 1072 1519 Οει
1093 1462 1304 1517 miseri!
1337 1459 1478 1531 quid.
1502 1459 1627 1513 fecit
1655 1458 1761 1511 Lex
1792 1456 1909 1509 sine

315 1561 671 1629 gratia..Quid
701 1559 826 1615 facit
852 1569 1003 1613 terra:
1022 1558 1137 1611 sine
1160 1553 1355 1610 Cltristi
1382 1552 1584 1609 saliva?
1623 1550 1757 1619 Quid
1785 1548 1910 1604 facit

319 1657 424 1711 Lex
456 1657 572 1709 sine
598 1654 801 1723 gratia,
835 1652 935 1715 nisi
965 1650 1129 1720 magis
1166 1647 1325 1703 reos?
1351 1644 1563 1713 Quare?
1592 1643 1723 1711 Quia
1756 1641 1909 1712 Legis

315 1749 589 1803 auditores
607 1756 659 1801 et
680 1760 786 1799 non
814 1744 1064 1803 factores,
1093 1757 1154 1795 ac
1180 1755 1275 1809 per
1294 1738 1397 1793 hoc
1419 1744 1740 1806 peccatores,
1767 1748 1905 1802 prte-

318 1838 659 1892 varicatores.
701 1835 939 1890 Mortuus
981 1842 1064 1886 est
1106 1846 1238 1900 puer
1274 1828 1498 1896 ImSpitze
1529 1824 1759 1879 hominis
1790 1822 1903 1888 Dei,

315 1942 372 1987 et
397 1932 591 1985 missus
617 1937 699 1985 est
726 1927 941 1983 baculus
965 1942 1057 1995 per
1078 1939 1310 1986 servum,
1325 1928 1395 1977 .ct
1421 1919 1621 1989 positus
1643 1925 1725 1972 est
1747 1931 1908 1985 super

317 2023 506 2077 faciem
528 2021 725 2092 ipsius,
743 2031 798 2075 et
824 2033 939 2072 non
960 2015 1177 2071 revixit.
1209 2012 1344 2078 Quid
1368 2011 1493 2065 facit
1517 2010 1623 2063 Lex
1650 2008 1765 2062 sine
1788 2022 1908 2076 gra-

317 2113 429 2166 tia?
461 2110 761 2179 Apostolus.
768 2109 877 2178 jam
906 2105 1091 2161 videns
1112 2145 1128 2169 ,
1154 2103 1262 2173 jam
1293 2118 1358 2155 ex
1389 2114 1532 2155 οωεο
1558 2098 1903 2165 illutninatus,

316 2203 442 2273 quid
464 2202 631 2257 dicit?
660 2202 723 2257 Si
734 2200 874 2255 enim
895 2200 1016 2252 data
1037 2207 1159 2251 esset
1182 2194 1289 2248 Lex
1313 2209 1426 2263 qua:
1447 2200 1610 2261 posset
1632 2190 1904 2260 viui/icure,

316 2294 521 2348 omnino
560 2309 623 2346 ex
663 2292 790 2362 Lege
827 2298 954 2344 esset
980 2287 1203 2358 justitia.
1246 2284 1508 2339 lntendite
1542 2301 1555 2337 :
1587 2281 1909 2352 respondea-

318 2399 471 2448 mus,
507 2392 564 2438 ct
587 2383 824 2437 dicamus
852 2396 865 2433 :
894 2379 1019 2449 quid
1049 2385 1134 2433 est
1170 2376 1310 2447 quod
1351 2372 1521 2429 dixit?
1551 2372 1612 2427 Si
1641 2372 1768 2426 data
1782 2378 1908 2426 esset

322 2473 427 2528 Lex
445 2490 557 2543 quer
581 2483 743 2543 posset
773 2471 1057 2540 viui/icore,
1074 2468 1278 2523 onntino
1304 2482 1373 2519 ea;
1389 2464 1523 2535 Lege
1543 2473 1685 2517 esset.
1683 2463 1905 2533 justitia.

315 2566 372 2620 Si
400 2582 507 2619 non
535 2570 742 2634 poterat
764 2561 1052 2621 vivificare.
1078 2568 1134 2613 ut
1150 2557 1275 2628 quid
1298 2557 1417 2611 data
1439 2554 1556 2610 est?
1572 2553 1798 2609 Secutus
1817 2552 1911 2607 ad-

312 2658 528 2728 juuxit:
560 2657 666 2713 Sed
694 2655 937 2710 conclusit
968 2654 1235 2723 Scriptura
1260 2650 1429 2704 omnia
1463 2647 1554 2703 sub
1590 2657 1823 2717 peccato,
1856 2655 1909 2701 ut

319 2750 587 2820 promissio
612 2765 676 2802 ea:
704 2748 806 2815 ﬁde
828 2745 954 2800 Jesu
982 2744 1168 2799 Christi
1206 2743 1409 2796 daretur
1436 2740 1751 2795 credentibus
1778 2738 1908 2813 (Ga-

319 2843 413 2896 lat.
445 2857 500 2895 ιιι
520 2883 533 2906 ,
560 2840 661 2905 21',
690 2836 1129 2909 22)..Promissio
1162 2832 1593 2897 illuminationis,
1625 2831 1911 2901 promissio

319 2935 621 2990 dilectionis
640 2949 704 2989 ex
729 2932 829 2986 lide
851 2930 977 2986 Iesu
999 2928 1214 2992 Christi,
1236 2937 1294 2981 ut
1311 2926 1527 2981 daretur
1547 2922 1907 2987 credentibus,

320 3028 595 3095 Scriptura
624 3025 712 3078 illa
734 3065 747 3087 ,
778 3022 829 3077 id
860 3031 941 3076 est
960 3063 975 3083 ,
1005 3020 1135 3084 Lex,
1167 3016 1427 3073 conclusit
1452 3015 1628 3070 omnia
1660 3013 1759 3069 sub
1784 3028 1910 3084 pec-

319 3130 460 3174 cato.
494 3116 631 3184 Quid
663 3124 764 3177 est,
793 3114 1035 3168 conclusit
1073 3110 1243 3164 omnia
1267 3110 1357 3164 sub
1384 3107 1626 3179 peccato?
1653 3104 1911 3175 Concupi-

319 3212 560 3266 scentiam
591 3208 899 3271 nesciebam,
928 3205 1026 3259 nisi
1055 3203 1162 3257 Lex
1185 3203 1400 3267 diceret,
1433 3199 1556 3254 Non
1593 3198 1912 3268 concupisces

323 3303 498 3376 (fiant.
522 3317 592 3355 vtl
609 3342 623 3361 ,
653 3297 732 3369 7).
759 3296 896 3365 Quid
923 3304 1005 3350 est
1023 3336 1036 3359 ,
1064 3292 1307 3347 conclusit
1335 3291 1602 3361 Scriptura
1627 3288 1797 3342 omnia
1820 3286 1913 3341 sub

323 3404 525 3461 peccato
542 3394 567 3446 ?
592 3391 739 3446 Fecit
760 3388 1069 3444 delictorem
1091 3386 1249 3439 etiam
1272 3381 1755 3454 pr.cvaricatcrem.
1779 3377 1912 3432 Nam

320 3500 513 3539 sanare
552 3498 657 3535 non
704 3480 872 3550 potuit
917 3485 1273 3547 peccatorem.
1318 3470 1577 3527 Conclusit
1614 3471 1786 3523 omnia
1821 3468 1911 3521 sub

320 3585 524 3646 peccato
551 3590 568 3627 :
595 3573 687 3627 sed
717 3587 821 3641 qua
850 3570 984 3640 spe?
1010 3568 1113 3636 Spe
1138 3566 1321 3636 gratiae
1343 3605 1356 3626 ,
1387 3578 1481 3632 spe
1510 3559 1910 3615 misericordim.

319 3670 585 3739 Accepisti
626 3669 855 3738 Legem;
902 3666 1075 3720 facere
1116 3661 1331 3716 voluisti
1357 3661 1400 3724 ³,
1445 3672 1549 3709 non
1594 3655 1810 3725 potuisti
1840 3672 1851 3709 :
1881 3669 1911 3707 a

318 3761 571 3830 superbia
600 3758 835 3814 cecidisti
857 3756 1212 3825 ,.lauguorem
1243 3762 1403 3805 tuum
1422 3747 1619 3802 vidisti.
1651 3744 1818 3800 Curre
1845 3744 1913 3798 ad

320 3852 609 3914 medicum,
639 3850 761 3903 lava
775 3846 985 3901 faciem.
1014 3844 1146 3913 Opta
1171 3842 1462 3901 Christum.
1488 3839 1742 3894 conﬁtere
1760 3835 1916 3892 Chri-

319 3940 681 4005 stunt,.crede
710 3940 762 3993 in
790 3938 1058 3991 Christum
1090 3953 1103 3987 :
1133 3933 1339 3989 accedit
1361 3932 1587 4003 Spiritus
1613 3932 1831 3994 littera},
1860 3938 1916 3984 et

319 4038 428 4089 eris
451 4033 655 4087 salvus.
683 4031 892 4086 Namtsi
917 4028 1172 4098 Spiritum
1208 4027 1396 4081 litterae
1434 4024 1716 4087 detrahas,
1749 4023 1915 4076 littera

319 4124 503 4178 occidit
531 4122 617 4177 :.si
647 4122 872 4188 occidit,
911 4121 999 4177 ttbi
1035 4116 1196 4189 spes?
1228 4116 1455 4187 Spiritus
1490 4124 1658 4169 autem
1696 4114 1914 4182 viviﬁcat

322 4216 406 4285 (Il.
420 4214 536 4269 Cor.
569 4229 655 4281 ιιι,
687 4212 764 4283 6).

393 4308 445 4361 6.
476 4307 693 4361 Eliswus
722 4305 956 4360 baculum
992 4304 1327 4375 praamittens,
1359 4312 1466 4355 tum
1489 4302 1597 4371 ipse
1627 4298 1914 4353 veniensad

318 4400 665 4452 suscitandum
707 4411 995 4459 mortuum,
1035 4396 1159 4466 quid
1192 4395 1473 4448 adumbrat.
1518 4392 1755 4460 Accipiat
1786 4404 1913 4459 ergo

322 4492 468 4547 Giezi
511 4506 696 4546 servus
738 4490 913 4544 Elisaei
958 4490 1231 4552 baculum,
1261 4496 1506 4555 tanquam
1534 4485 1730 4554 Legem
1756 4498 1911 4538 accc-

324 4586 457 4653 perit
488 4600 675 4639 servus
702 4584 793 4638 Dei
825 4583 1055 4652 Moyses.
1086 4581 1323 4649 Accipiat
1357 4580 1633 4641 baculum,
1665 4576 1911 4645 accipiat,

321 4686 534 4743 currat,
568 4676 863 4747 pta-cedat,
896 4674 1214 4744 praeveniat,
1250 4672 1493 4726 baculum
1532 4684 1695 4738 super
1724 4668 1913 4721 faciem

322 4769 474 4837 pueri
505 4767 697 4821 mortui
729 4775 908 4836 ponat.
937 4766 1007 4820 Et
1036 4766 1227 4819 factum
1254 4769 1339 4818 est
1366 4778 1378 4813 :
1407 4760 1631 4830 accepit,
1657 4757 1912 4823 cucurrit,

323 4861 566 4916 baculum
596 4874 757 4928 super
797 4858 983 4913 faciem
1026 4856 1173 4925 pueri
1217 4854 1411 4909 mortui
1450 4852 1646 4922 posuit.
1691 4849 1796 4905 Sed
1827 4858 1913 4903 ut-

321 4952 487 5022 quid?
512 4952 595 5006 cui
626 4951 912 5005 baculum?
941 4950 999 5004 Si
1019 4950 1139 5002 data
1159 4957 1283 5002 esset
1306 4946 1413 5000 Lex
1437 4961 1551 5015 qua:
1573 4951 1734 5013 posset
1754 4943 1917 5010 uiuifi-

322 5058 456 5104 care,
486 5057 616 5110 puer
636 5040 978 5095 resuscitatus
999 5047 1143 5093 esset
1162 5036 1352 5092 baculo
1374 5054 1386 5087 τ
1411 5035 1502 5088 sed
1520 5034 1649 5103 quia
1673 5030 1915 5086 conclusit

324 5134 594 5202 Scriptura
618 5134 788 5187 omnia
809 5132 903 5186 sub
923 5139 1155 5201 peccato,
1171 5129 1343 5183 adhuc
1360 5128 1500 5196 jacet
1522 5133 1781 5179 mortuus.
1806 5123 1914 5179 Sed

322 5240 489 5295 quare
512 5224 755 5278 conclusit
778 5222 947 5276 omnia
970 5220 1059 5276 sub
1082 5228 1280 5289 peccato
1295 5221 1320 5273 Ρ
1345 5217 1412 5272 Ut
1436 5216 1698 5285 promissio
1723 5230 1787 5269 ea:
1814 5215 1917 5282 ﬁde

319 5316 448 5370 Jesu
479 5317 662 5370 Christi
692 5316 898 5370 daretur
925 5313 1255 5367 credentibus.
1297 5310 1486 5364 Veniat
1513 5324 1639 5379 ergo
1670 5309 1912 5374 Elisaeus,

323 5413 412 5480 qui
440 5412 586 5465 misit
612 5410 858 5464 baculum
886 5422 980 5478 per
1006 5421 1214 5460 servum
1241 5402 1304 5456 ad
1330 5400 1753 5457 convincendum
1776 5415 1918 5454 mor.-

326 5514 476 5557 tuum
506 5521 519 5555 :
551 5504 726 5557 veniat
764 5504 877 5571 ipse
897 5543 912 5566 ,
945 5502 1057 5569 ipse
1089 5497 1292 5561 veniat,
1328 5497 1440 5565 ipse
1472 5494 1754 5563 hospitium
1796 5508 1914 5546 mu-

327 5595 475 5652 lieris
492 5597 741 5661 introeat,
762 5593 1011 5651 ascendat
1032 5591 1095 5646 ad
1114 5605 1356 5661 puerum,
1374 5588 1605 5643 inveniat
1623 5596 1914 5653 mortuum,

393 5732 411 5797 ξ
446 5734 627 5797 ιζσοτιις,
653 5728 877 5797 cariores
901 5724 1044 5797 facti;
1071 5724 1184 5789 quia
1210 5759 1223 5784 ,
1251 5731 1345 5772 etc.

392 5794 413 5824 θ
435 5790 617 5847 Florus,
640 5798 767 5841 stare
790 5790 909 5840 t'oL'i
937 5790 990 5837 ti.

2016 434 2315 490 conformet
2340 450 2397 490 se
2424 435 2680 507 membris
2706 435 2932 500 mortui,
2964 449 3067 488 non
3097 443 3369 499 mortuus,
3399 392 3604 488 sedrvi,

2016 542 2132 581 vus.
2178 527 2287 582 lloc
2324 527 2464 581 cnim
2506 526 2625 582 fecit
2668 544 2680 581 :
2721 526 2907 581 faciem
2951 540 3111 595 super
3155 524 3374 590 faciem,
3421 525 3604 579 oculos

2017 633 2177 687 super
2206 619 2409 682 oculos,
2442 635 2630 673 manus
2655 633 2815 687 super
2846 634 3050 678 manus,
3079 616 3295 689 vestigia
3328 630 3487 686 super
3516 631 3603 685 pe-

2017 708 2113 766 des
2144 710 2346 780 posuit,
2377 709 2664 764 coarctavit
2690 725 2749 763 se
2768 750 2781 772 ,
2814 709 3084 763 contraxit
3111 722 3200 773 se,
3232 722 3351 763 cum
3381 722 3604 778 magnus

2017 811 2160 857 esset
2182 818 2399 872 parvum
2420 818 2477 857 se
2498 800 2620 856 fecit
2649 802 2664 865 (
2676 801 2740 856 IV
2765 800 2891 872 Reg.
2914 800 3011 872 tv).
3038 799 3310 855 Contraxit
3334 815 3426 865 se;
3456 808 3513 855 ut
3534 800 3603 854 ita

2016 892 2615 959 dicam,.minoravit.se.
2640 895 2772 960 Quia
2799 910 2914 947 cum
2938 894 2989 947 in
3015 893 3181 961 [arma
3204 891 3299 946 Dei
3320 900 3463 959 esset,
3490 893 3602 947 exi-

2017 986 2206 1039 nanicit
2234 1002 2317 1049 se,
2344 988 2559 1056 fgrmam
2581 986 2711 1039 servi
2730 986 2979 1054 accipiens
3001 983 3256 1055 (Philipp.
3282 1000 3337 1051 ιι,
3362 984 3441 1054 6).
3465 983 3601 1050 Quid

2018 1085 2120 1144 est,
2144 1077 2493 1132 confcrmavit
2516 1093 2578 1132 se
2603 1077 2756 1131 vivus
2780 1087 2988 1131 mortuo
3004 1078 3027 1129 ’ἒ
3055 1074 3193 1144 Quid
3221 1076 3309 1136 sit,
3332 1076 3606 1145 qumritis?

2018 1169 2329 1238 Apostolum
2360 1169 2541 1224 audite
2570 1188 2584 1224 :
2614 1169 2755 1223 Misit
2779 1167 2916 1223 Deus
2937 1167 3128 1222 Filium
3151 1186 3318 1222 suum.
3343 1169 3479 1236 Quid
3501 1179 3603 1236 est,

2018 1260 2371 1315 conformavit
2392 1276 2451 1315 se
2480 1261 2728 1314 mortuo?
2754 1260 2866 1315 Hoc
2891 1259 3063 1325 dicat,
3095 1244 3377 1328 sequatur,
3407 1269 3463 1315 et
3492 1261 3606 1331 ipse

2018 1344 2159 1406 dicat
2188 1370 2199 1405 :
2234 1351 2298 1406 Iit
2333 1352 2714 1407 similitudinem
2742 1352 2909 1406 carnis
2952 1351 3139 1421 peccati
3171 1350 3343 1423 (Rom.
3372 1368 3495 1417 vttt,
3525 1352 3601 1422 5).

2022 1442 2130 1495 lloc
2155 1443 2598 1498 estconfurmare
2626 1457 2685 1497 se
2714 1452 2924 1497 mortuo
2952 1442 3129 1497 vivum
3160 1459 3174 1496 :
3203 1443 3384 1497 venire
3410 1444 3473 1497 ad
3508 1459 3605 1497 nos

2020 1535 2071 1589 in
2102 1535 2500 1590 similitudinem
2528 1537 2706 1591 carnis
2731 1536 2957 1606 peccati,
2985 1551 3089 1590 non
3119 1534 3171 1589 in
3198 1550 3358 1589 carne
3379 1538 3600 1604 peccati.

2019 1627 2257 1683 Mortuus
2279 1610 2583 1699 jacebat'in
2614 1643 2775 1684 carne
2802 1628 3038 1698 peccati,
3066 1626 3418 1683 eonformavit
3443 1644 3501 1683 se
3531 1628 3603 1683 illi

2019 1719 2311 1775 similitudo
2335 1721 2509 1776 carnis
2535 1721 2756 1790 peccati.
2788 1720 3025 1776 Mortuus
3051 1728 3131 1775 est
3156 1720 3295 1775 enim
3322 1721 3410 1791 qui
3436 1735 3604 1791 quare

2018 1821 2317 1868 moreretur
2343 1829 2449 1868 non
2480 1812 2726 1868 habebat.
2761 1813 2997 1868 Mortuus
3021 1822 3105 1867 est
3129 1813 3179 1867 in
3208 1813 3433 1868 mortuis
3457 1813 3605 1867 solus

2019 1905 2185 1968 liber;
2213 1906 2463 1976 quoniam
2508 1906 2754 1961 universa
2792 1920 2917 1961 caro
2955 1905 3227 1960 hcmimnn
3268 1914 3386 1959 erat
3422 1905 3605 1977 utique

2017 2012 2143 2053 caro
2173 1998 2395 2067 peccati.
2428 1997 2706 2064 Quomodo
2733 1997 3106 2063 revivisceret,
3135 1996 3353 2051 nisiille
3378 1997 3466 2066 (ιιιί
3484 2012 3605 2052 ,ιιυη

2018 2089 2248 2145 habebat
2274 2098 2549 2159 peccatum
2576 2088 2915 2145 conformans
2940 2104 3000 2144 se
3036 2099 3278 2153 mortuo,
3312 2090 3516 2144 veniret
3552 2091 3603 2145 in

2017 2179 2431 2236 similitudinem.
2491 2180 2669 2235 carnis
2741 2180 2990 2251 peccati?
3040 2178 3085 2233 0
3148 2179 3369 2235 Domine
3423 2181 3548 2235 Jesu
3585 2222 3601 2241 ,

2018 2284 2173 2339 passe
2227 2286 2324 2341 pro
2372 2271 2525 2327 nobis
2544 2313 2587 2337 ,,
2606 2286 2711 2325 non
2768 2286 2864 2340 pro
2888 2279 2976 2335 te,
3011 2286 3113 2324 non
3141 2270 3343 2325 habens
3368 2273 3600 2339 culpant,

2016 2370 2071 2415 et
2116 2364 2385 2419 sustinens
2428 2378 2640 2434 ptenam
2664 2364 2703 2429 ',
2757 2372 2817 2417 ut
2855 2372 2909 2418 et
2956 2364 3167 2433 culpam
3195 2364 3370 2420 solvas
3399 2374 3452 2420 et
3490 2381 3604 2432 pte-

2018 2472 2161 2510 nam.

2445 2570 2673 2627 SEltMO
2709 2569 2995 2627 CXXXVII
3033 2573 3051 2594 α
3082 2568 3179 2643 (α).

2019 2708 2085 2761 In
2118 2707 2380 2778 Evangelii
2406 2707 2622 2762 Joannis
2661 2717 2811 2777 caput
2846 2723 2877 2762 κ
2900 2748 2913 2770 ,
2944 2706 3116 2761 1-16.
3164 2705 3241 2760 De
3283 2715 3516 2776 pastore,
3556 2714 3604 2759 ct

2468 2794 2803 2865 mercenaria,
2834 2808 2879 2853 et
2904 2798 3016 2867 [ure
3048 2798 3144 2869 (b).

2090 2932 2318 2989 CAPUT
2360 2932 2637 2989 PRIMUM.
2689 2933 2859 2986 -.1.
2911 2931 3125 2987 Sonitus
3168 2934 3503 2986 membrorum
3550 2949 3605 2989 nt

2021 3025 2213 3079 unitate
2244 3035 2303 3078 et.
2325 3025 2589 3079 oharitate.
2620 3024 2735 3078 Non
2768 3024 2974 3094 ignorat
3004 3022 3137 3079 ﬁdes
3167 3032 3366 3089 vestra,
3398 3021 3605 3077 charis—

2021 3115 2178 3181 simi,
2206 3124 2260 3170 et
2301 3116 2370 3168 ita
2405 3130 2501 3170 vos
2527 3114 2778 3169 didicisse
2803 3113 3077 3180 novimus,
3102 3112 3329 3168 docente
3357 3113 3607 3182 Magistro

2022 3205 2089 3261 de
2119 3206 2279 3273 caelo,
2312 3205 2364 3259 in
2392 3220 2498 3275 quo
2527 3220 2677 3274 spem
2707 3214 2939 3260 vestram
2970 3203 3243 3273 posuistis,
3273 3203 3397 3273 quia
3421 3203 3606 3257 Domi-

2023 3314 2124 3353 nus
2156 3307 2341 3352 noster
2366 3296 2524 3353 .lcsus
2548 3298 2823 3359 Christus,
2855 3297 2944 3367 qtti
2969 3296 3077 3365 jam
3110 3310 3205 3366 pro
3236 3296 3391 3351 nobis
3417 3311 3607 3365 passus

2022 3399 2105 3448 est
2132 3400 2183 3446 et
2213 3391 2543 3455 resurrexit,
2592 3400 2750 3461 caput
2775 3402 2858 3446 est
2889 3390 3137 3446 Ecclesize
3157 3431 3172 3453 ,
3212 3400 3267 3445 et
3302 3399 3384 3445 est
3410 3405 3608 3460 corpus

2022 3485 2139 3555 ejus
2166 3485 2403 3540 Ecclesia
2422 3527 2436 3551 ,
2479 3494 2533 3539 ct
2559 3485 2610 3539 in
2640 3485 2756 3554 ejus
2780 3499 3009 3554 corpore
3040 3485 3216 3539 unitas
3244 3484 3606 3540 membrorum

2022 3588 2077 3633 et
2105 3592 2363 3648 compago
2407 3577 2727 3643 ebaritatis,
2766 3586 3014 3646 tanquam
3070 3576 3271 3630 sanitas
3297 3579 3316 3607 ²
3374 3578 3601 3631 exsistit.

2023 3669 2572 3738 Quicuntquesautem
2603 3668 2654 3720 in
2691 3667 2961 3722 citat-itote
2991 3666 3261 3735 friguerit,
3308 3667 3608 3723 inﬁrmatur

2024 3763 2078 3817 in
2104 3778 2330 3831 corpore
2355 3761 2568 3816 Christi.
2607 3760 2710 3816 Sed
2743 3770 2928 3829 potens
2956 3770 3040 3814 est
3067 3760 3175 3826 ille,
3206 3760 3294 3829 qtti
3323 3760 3431 3827 jam
3460 3761 3581 3815 exal

2026 3857 2154 3910 tavit
2179 3864 2338 3924 caput
2363 3865 2600 3908 nostrum
2621 3895 2633 3917 ,
2679 3853 2837 3907 etiam
2868 3853 3076 3907 inﬁrma
3105 3851 3344 3907 membra
3370 3866 3559 3907 sanare
3590 3870 3605 3907 :

2022 3949 2151 4002 dum
2196 3958 2369 4000 tanien
2403 3945 2701 4000 nonsnimia
2748 3944 3022 4013 impietate
3065 3942 3461 4013 prmeidantur,
3508 3942 3607 3996 sed

2026 4038 2265 4094 haereant
2317 4036 2525 4106 corpori
2576 4037 2747 4091 donec
2808 4045 3081 4090 sanentur.
3148 4034 3414 4103 Quidquid
3462 4033 3605 4089 enim

2024 4131 2205 4186 adhuc
2238 4130 2405 4185 haeret
2448 4130 2697 4198 corpori,
2742 4145 2843 4182 non
2883 4128 3181 4209 desperatae
3209 4125 3449 4182 sanitatis
3476 4135 3559 4181 est
3590 4144 3605 4180 :

2023 4224 2165 4295 quod
2195 4232 2375 4279 autem
2408 4223 2685 4292 preecisum
2732 4220 2917 4283 fuerit,
2951 4235 3049 4274 nec
3076 4220 3273 4284 curari,
3305 4233 3403 4274 nec
3430 4218 3609 4272 sanari

2027 4329 2222 4392 potest.
2268 4318 2399 4373 Cum
2433 4332 2560 4387 ergo
2587 4316 2655 4369 sit
2684 4316 2770 4369 ille
2796 4323 2957 4385 caput
2987 4313 3269 4375 Ecclesiae,
3311 4322 3360 4367 et
3392 4313 3463 4367 sit
3489 4325 3608 4366 cor-

2025 4426 2124 4482 pus
2152 4410 2269 4478 cjns
2300 4408 2536 4463 Ecclesia
2560 4449 2574 4472 ,
2608 4416 2748 4460 totus
2775 4406 3017 4460 Christus
3045 4413 3100 4459 et
3145 4412 3305 4473 caput
3331 4412 3387 4459 et
3414 4417 3615 4472 corpus

2024 4511 2126 4557 est.
2177 4500 2491 4556 Resurrexit
2529 4500 2637 4568 jam
2688 4499 2796 4552 ille.
2860 4498 3032 4566 Caput
3080 4511 3209 4567 ergo
3250 4494 3508 4550 habemus
3557 4493 3609 4547 in

2023 4593 2181 4648 ctelo.
2234 4590 2401 4660 Caput
2442 4600 2682 4643 nostrum
2727 4588 3029 4657 interpellat
3078 4602 3175 4656 pro
3213 4586 3388 4640 nobis.
3437 4582 3612 4653 Caput

2026 4693 2233 4740 nostum
2271 4684 2388 4737 sine
2439 4689 2655 4751 peccato
2701 4690 2755 4735 et
2797 4681 2913 4733 sine
2952 4687 3155 4740 morte.
3207 4678 3318 4746 jam
3359 4676 3613 4745 propitiat

2027 4776 2191 4830 Deum
2221 4790 2317 4844 pro
2348 4773 2579 4842 peccatis
2621 4772 2820 4825 nostris
2850 4789 2862 4825 :
2896 4780 2952 4824 ut
2981 4779 3036 4823 et
3064 4784 3162 4823 nos
3197 4768 3250 4823 iu
3292 4766 3397 4821 ﬁne
3428 4781 3612 4820 resur-

2023 4876 2232 4937 gentes,
2264 4874 2319 4919 et
2358 4864 2618 4918 immutati
2653 4863 2702 4916 in
2730 4862 2950 4933 gloriam
2983 4861 3255 4916 cwlestem
3276 4900 3293 4926 ,
3323 4871 3611 4928 sequamur

2024 4972 2182 5030 caput
2210 4971 2474 5013 nostrum.
2507 4957 2997 5025 ριιο-θιιιιιιςιιςιιιιιι,
3041 4962 3095 5007 et
3122 4964 3313 5007 castora
3346 4950 3611 5006 membra.

2024 5051 2129 5107 Sed
2159 5051 2283 5105 dum
2318 5050 2407 5103 hic
2443 5063 2664 5109 sumus,
2709 5047 2947 5102 membra
2993 5059 3217 5107 sumus;
3266 5059 3334 5098 ne
3359 5043 3613 5112 despero.

2030 5157 2164 5206 mus,
2196 5141 2316 5211 quia
2344 5141 2587 5195 secuturi
2607 5154 2791 5193 sumus
2815 5146 2973 5207 caput
3004 5145 3264 5190 nostrum.

2090 5301 2106 5331 ί
2134 5299 2216 5348 Hic
2246 5298 2297 5370 ip
2319 5304 2401 5347 Ms.
2423 5295 2553 5347 σου).
2578 5294 2821 5357 repetitur
2857 5327 2872 5352 ,
2895 5304 2990 5341 non
3011 5290 3186 5341 habens
3208 5288 3418 5354 culpant,
3441 5296 3487 5340 et
3509 5302 3610 5352 poe-

2023 5374 2137 5411 nam
2158 5367 2408 5411 sustinens.

2087 5427 2107 5456 ι
2132 5430 2261 5477 ιον..
2285 5428 2514 5485 tanquam
2556 5416 2808 5478 sanitatis;
2847 5415 3196 5466 dissidentibus
3229 5415 3422 5464 eie'eris
3454 5413 3607 5463 libris.

2090 5509 2106 5526 '
2127 5507 2242 5555 Hui'
2266 5504 2569 5555 emendando
2606 5514 2753 5563 cpem
2772 5501 3043 5563 attulerunt
3066 5508 3169 5551 tres
3200 5500 3282 5548 bu.
3306 5496 3600 5562 αωωοωι.

2024 5584 2071 5620 a.
2095 5570 2173 5621 cb.
2211 5573 2240 5616 ι’.
2270 5572 2326 5616 Is.
2354 5580 2403 5629 g.
2444 5564 2502 5613 1r.
2530 5578 2594 5611 ιιι.
2643 5562 2715 5624 pr.
2741 5576 2831 5611 rm.
2862 5562 2940 5618 vd.

2088 5653 2160 5769 (αξ
2186 5650 2326 5706 Alias,
2350 5649 2415 5697 de
2440 5647 2608 5695 Verbis
2629 5645 2809 5693 nomini
2836 5643 2914 5693 49.

2088 5714 2138 5769 (b
2182 5720 2373 5759 Notatur
2397 5722 2422 5757 a
2444 5709 2651 5756 Possidio
2676 5708 2721 5755 in
2749 5707 2914 5755 Imlicul

2087 5704 2159 5775 (ἰή
2182 5704 2373 5759 Notatur
2397 5722 2422 5757 a
2444 5709 2651 5775 Possidio
2676 5708 2721 5775 in
2744 5707 2939 5775 ‘Imliculi
2963 5719 3033 5769 (χιι
3053 5708 3121 5757 ite
3144 5707 3174 5753 8
3190 5714 3345 5763 {etwa
3383 5704 3515 5756 Viam
3539 5704 3610 5763 de

2026 5771 2153 5829 ωιιιτ
2179 5776 2236 5823 ad
2265 5782 2275 5820 ι
2299 5786 2400 5820 ιᾳιιιιι.
2428 5788 2490 5828 t\,
2519 5781 2563 5819 ιιι
2591 5771 2649 5818 {ttl
2677 5772 2869 5832 Μηλίῳ.
2900 5786 2931 5818 l.

4038 6234 4073 6261 μ
