3978 6454
557 369 662 425 755

629 487 852 543 CAPUT
892 486 955 540 ll.
1005 516 1073 526 -
1116 486 1171 540 2.
1224 486 1405 542 Unitas
1448 487 1636 544 Christi
1687 501 1733 543 et
1780 489 2137 544 membrorum.

557 579 747 634 Videte
775 579 938 644 enim,
975 577 1171 635 fratres
1193 621 1206 644 ,
1238 578 1578 636 dilectionem
1622 580 1786 650 ipsius
1813 580 2004 650 capitis
2042 595 2142 634 no-

555 670 674 724 stri.
721 668 836 724 Jam
879 670 931 723 in
976 670 1114 724 cmlo
1140 680 1242 734 est,
1284 681 1339 726 et
1375 672 1460 727 hic
1505 672 1734 737 laborat,
1773 672 2022 744 quamdiu
2057 671 2142 726 hic

556 764 761 817 laborat
785 762 1047 818 Ecclesia.
1083 764 1178 820 llic
1197 765 1444 820 Christus
1471 767 1660 831 esurit,
1693 767 1777 821 hic
1806 767 1938 832 sitit,
1969 765 2140 821 nudus

553 864 656 920 est,
703 853 896 923 hospes
924 866 1026 919 est,
1058 855 1379 923 inﬁrmatur,
1413 857 1464 911 in
1494 872 1709 913 carcere
1738 866 1838 912 est.
1868 856 2139 926 Quidquid

558 945 698 1000 enim
729 945 815 1000 hic
845 947 1042 1016 patitur
1066 962 1260 1018 corpus
1289 948 1424 1019 ejus,
1455 963 1512 1004 se
1536 949 1668 1004 dixit
1697 950 1800 1019 pati
1834 967 1847 1005 :
1875 958 1929 1004 et
1959 949 2010 1002 in
2037 948 2140 1002 ﬁne

551 1052 842 1108 segregans
891 1039 1063 1106 ipsum
1091 1054 1285 1110 corpus
1314 1057 1468 1096 suum
1498 1041 1564 1096 ad
1591 1041 1889 1107 dexteram,
1935 1050 1989 1096 et
2013 1041 2141 1095 reli-

552 1144 685 1200 quos
728 1146 757 1184 a
798 1130 990 1200 quibus
1018 1131 1177 1187 modo
1212 1134 1553 1188 conculcatur
1595 1147 1881 1204 segregans
1908 1133 1973 1187 ad
2003 1133 2137 1186 sini-

551 1233 758 1287 stram,
810 1222 1048 1276 dicturus
1116 1232 1199 1278 est
1248 1223 1331 1278 his
1392 1225 1480 1295 qui
1530 1235 1655 1278 sunt
1699 1224 1763 1278 ad
1813 1223 2135 1278 dexteram:

558 1312 768 1379 Venite,
818 1315 1063 1369 benedicti
1105 1315 1277 1370 Patris
1309 1317 1435 1382 mei,
1472 1317 1712 1387 percipite
1751 1333 1960 1383 regnum
2003 1316 2138 1384 quod

551 1407 688 1458 vobis
732 1417 966 1476 paratum
1010 1417 1081 1459 est
1110 1407 1172 1460 ab
1201 1408 1395 1478 origine
1424 1408 1618 1460 mundi.
1663 1406 1866 1474 Quibus
1891 1406 2137 1460 meritis?

552 1493 751 1551 Fsuriui
788 1495 950 1562 enim,
998 1505 1045 1549 et
1073 1495 1284 1550 dedistis
1315 1497 1438 1549 mihi
1468 1495 1813 1560 manducare;
1857 1505 1909 1550 et
1945 1505 2134 1550 caatera

550 1585 628 1639 sic
658 1584 985 1656 exsequitur,
1019 1593 1270 1657 tanquam
1301 1585 1413 1655 ipse
1439 1586 1733 1655 accepisset
1764 1603 1777 1640 :
1811 1601 1976 1653 usque
2001 1585 2135 1639 adeo

551 1688 605 1733 ut
633 1679 706 1734 illi
736 1697 840 1734 non
891 1681 1250 1751 intelligentes
1291 1681 1656 1750 respondeant
1691 1690 1746 1735 et
1784 1678 1997 1743 dicant,
2027 1677 2134 1731 Do-

552 1774 688 1827 mine
711 1817 725 1841 ,
756 1774 961 1843 quando
1003 1785 1050 1830 te
1077 1775 1294 1829 uidimus
1319 1775 1618 1830 esurientem
1640 1816 1656 1840 ,
1702 1774 1967 1843 hospitem,
2004 1782 2052 1827 et
2081 1773 2134 1827 in

549 1865 790 1918 carcere?
818 1863 882 1919 Et
909 1865 1036 1919 dicit
1061 1864 1139 1920 eis
1173 1883 1185 1919 :
1217 1863 1344 1920 Cant
1382 1865 1473 1918 uni
1514 1881 1577 1919 es:
1615 1865 1834 1918 minimis
1862 1864 1982 1917 meis
2011 1862 2134 1932 [eci-

546 1955 657 2017 stis,
703 1955 827 2008 mihi
855 1956 1060 2023 fecistis.
1105 1955 1193 2010 Sic
1221 1956 1380 2009 etiam
1427 1955 1478 2010 in
1509 1962 1698 2009 nostro
1722 1969 1947 2023 corpore
1975 1962 2134 2022 caput

546 2062 759 2100 sursum
803 2054 921 2110 est,
975 2045 1138 2117 pedes
1176 2048 1227 2101 in
1261 2055 1402 2101 terra
1442 2056 1566 2101 sunt
1599 2063 1611 2099 :
1643 2056 1819 2101 tamen
1864 2045 1917 2100 in
1958 2046 2132 2115 aliqua

544 2139 932 2208 constipatione
971 2149 1025 2194 et
1061 2138 1422 2195 coarctatione
1451 2138 1724 2192 hominum
1746 2179 1760 2202 ,
1792 2135 2007 2206 quando
2035 2135 2130 2190 tibi

545 2231 738 2301 aliquis
769 2231 954 2301 pedem
985 2232 1184 2295 calcat,
1215 2246 1394 2286 nonne
1420 2231 1548 2286 dicit
1577 2240 1757 2300 caput,
1789 2228 1976 2284 Calcas
2006 2229 2131 2284 me?

545 2319 654 2376 Nec
680 2331 838 2392 caput
864 2332 1009 2376 tuum
1037 2366 1048 2384 ,
1083 2338 1180 2378 nec
1208 2323 1440 2393 linguam
1473 2335 1613 2377 tuam
1643 2323 1923 2393 quisquam
1952 2321 2127 2377 calca-

547 2416 627 2470 vit
655 2435 667 2468 :
698 2432 906 2471 sursum
961 2427 1078 2483 est,
1112 2418 1163 2472 in
1195 2425 1306 2472 tuto
1332 2427 1432 2484 est,
1471 2417 1603 2472 nihil
1637 2418 1686 2473 ei
1719 2416 1842 2472 mali
1878 2416 2128 2484 contigit;

543 2517 594 2562 et
625 2515 800 2564 tamen
832 2510 953 2580 quia
1007 2525 1102 2579 per
1126 2509 1516 2564 connexionem
1542 2509 1816 2565 charitatis
1844 2507 2021 2562 unitas
2049 2516 2131 2560 est

545 2617 574 2654 a
607 2601 779 2670 capite
819 2616 984 2672 usque
1013 2601 1078 2656 ad
1111 2601 1292 2672 pedes,
1327 2617 1432 2656 non
1463 2617 1522 2658 se
1552 2600 1674 2656 inde
1703 2601 1878 2670 lingua
1909 2613 2128 2670 separa-

543 2693 642 2758 vit,
670 2693 763 2748 sed
789 2693 938 2757 dixit,
974 2694 1160 2749 Calcas
1187 2710 1272 2749 me
1302 2712 1314 2746 :
1345 2709 1463 2749 cum
1493 2709 1610 2748 eam
1639 2708 1797 2748 nemo
1823 2691 2124 2762 contigerit.

539 2782 819 2851 Quomodo
865 2800 993 2854 ergo
1043 2785 1248 2854 lingua,
1295 2801 1454 2855 quam
1502 2799 1662 2839 nemo
1689 2784 1946 2853 contigit,
1974 2782 2124 2848 dicit,

539 2876 723 2931 Calcas
778 2892 864 2931 me
896 2895 908 2930 :
947 2877 1025 2932 sic
1052 2877 1298 2932 Christus
1336 2889 1530 2946 caput,
1580 2876 1721 2946 quod
1751 2892 1908 2931 nemo
1933 2877 2121 2940 calcat,

537 2967 691 3034 dixit,
723 2968 946 3034 Esurivi,
979 2978 1028 3022 et
1057 2969 1268 3024 dedistis
1297 2970 1424 3023 mihi
1449 2969 1775 3023 manducare.
1810 2970 1874 3022 Et
1903 2969 2007 3023 illis
2034 2970 2125 3038 qui

540 3059 642 3113 hoc
669 3075 772 3113 non
806 3059 1069 3127 fecerunt,
1101 3059 1234 3114 dixit
1265 3077 1278 3115 :
1311 3059 1534 3125 Esurivi,
1562 3068 1610 3112 et
1637 3075 1735 3112 non
1763 3058 1971 3112 dedistis
2000 3058 2123 3112 mihi

535 3152 861 3206 manducare.
911 3151 980 3206 Et
1016 3151 1284 3222 quomodo
1331 3153 1634 3206 conclusit?
1679 3151 1769 3207 Sic
1809 3168 1823 3204 :
1868 3151 2020 3206 Ibunt
2045 3152 2124 3206 illi

533 3243 587 3296 in
613 3243 972 3297 ambustionem
999 3252 1259 3309 wternam,
1278 3243 1410 3312 justi
1435 3251 1604 3295 autem
1627 3243 1679 3295 in
1699 3244 1849 3295 vitam
1875 3252 2119 3296 (sternam

534 3331 746 3400 (Matth.
781 3348 907 3394 xxv,
945 3331 1154 3402 5-1-46).

601 3423 830 3480 CU’UT
868 3423 954 3478 ιιι.
985 3454 1055 3464 -
1081 3425 1134 3479 5.
1165 3423 1339 3478 Ianua
1365 3423 1609 3479 Christus.
1660 3423 1844 3478 Petrus
1886 3425 2120 3493 inﬁrmus

533 3517 627 3570 sibi
653 3517 752 3585 ipsi
777 3517 999 3588 ignotus.
1028 3514 1161 3572 Cum
1190 3530 1320 3586 ergo
1345 3515 1596 3570 Dominus
1624 3529 1764 3570 nunc
1787 3516 2114 3586 loqueretur,

532 3606 666 3660 dixit
704 3622 762 3661 se
799 3621 920 3661 esse
963 3615 1271 3677 pastorem,
1325 3605 1460 3661 dixit
1505 3621 1565 3661 se
1613 3621 1736 3662 esse
1772 3616 1827 3661 et
1875 3607 2112 3675 januam.

532 3697 828 3767 Utrumque
857 3697 926 3752 ibi
961 3697 1125 3752 habes
1153 3715 1166 3751 :
1208 3705 1262 3750 et
1284 3738 1299 3762 ,
1351 3695 1463 3766 Ego
1489 3714 1599 3750 sum
1620 3697 1823 3766 janua;
1866 3707 1920 3752 et
1942 3739 1956 3763 ,
2003 3697 2115 3768 Ego

531 3805 644 3842 sum
684 3799 875 3857 pastor.
907 3787 1076 3843 Janua
1105 3796 1191 3844 est
1233 3788 1286 3841 in
1315 3789 1521 3858 capite,
1560 3799 1738 3858 pastor
1773 3790 1825 3844 in
1865 3806 2111 3860 corpore.

537 3881 679 3934 Dicit
722 3882 864 3935 enim
913 3881 1094 3945 Petro,
1148 3881 1201 3935 in
1245 3896 1354 3950 quo
1401 3897 1506 3934 uno
1545 3881 1740 3937 format
1771 3883 2108 3938 Ecclesiam:

532 3972 719 4036 Petro,
766 3990 906 4027 amas
941 3973 1065 4027 me?
1111 3973 1450 4043 Respondit:
1486 3974 1719 4042 Domine,
1768 3993 1904 4030 amo.
1950 3975 2116 4032 Pasce

529 4079 646 4117 oves
673 4079 826 4117 meas.
873 4065 938 4118 Et
975 4064 1133 4118 tertio
1165 4082 1178 4118 :
1215 4063 1394 4131 Petre,
1425 4082 1566 4119 amas
1592 4069 1716 4121 me?
1757 4066 2113 4123 Contristatus

527 4162 611 4208 est
639 4155 824 4209 Petrus
847 4195 861 4216 ,
893 4155 1035 4225 quod
1061 4169 1183 4210 eum
1215 4158 1374 4210 tertio
1411 4157 1761 4228 interrogavit
1786 4159 1966 4230 (Joan.
1995 4177 2105 4226 xxi,

529 4244 722 4313 15-17)
755 4263 767 4297 :
815 4245 965 4315 quasi
1007 4245 1097 4299 ille
1122 4247 1213 4315 qui
1243 4246 1373 4300 vidit
1407 4248 1788 4302 conscientiam
1821 4251 2107 4320 ncgatoris,

527 4348 634 4389 non
660 4333 867 4390 videret
895 4335 1053 4390 ﬁdem
1087 4336 1410 4392 conﬁtentis.
1443 4337 1674 4393 Noverat
1702 4340 1845 4394 illum
1872 4355 2106 4411 semper,

528 4434 750 4480 noverat
780 4426 930 4481 illum
957 4436 1013 4482 et
1043 4427 1256 4496 quando
1281 4442 1340 4483 se
1366 4428 1557 4483 Petrus
1594 4430 1706 4500 ipse
1736 4446 1840 4484 non
1869 4441 2105 4487 noverat.

523 4517 676 4572 Tunc
703 4518 850 4574 enim
887 4533 947 4572 se
973 4533 1080 4572 non
1107 4526 1347 4583 noverat,
1377 4520 1592 4590 quando
1619 4521 1774 4588 dixit,
1807 4520 1994 4577 Tecum
2023 4541 2108 4578 ero

522 4623 680 4679 usque
703 4608 772 4662 ad
800 4620 1011 4663 mortem
1039 4626 1058 4664 :
1086 4618 1141 4664 et
1162 4625 1322 4680 quam
1350 4621 1492 4665 esset
1521 4611 1786 4679 inﬁrmus,
1815 4615 2103 4671 nesciebat.

519 4700 801 4768 Quomodo
831 4701 1142 4770 plerumque
1169 4717 1357 4756 revera
1388 4711 1442 4756 et
1470 4703 1698 4760 inﬁrmis
1726 4707 2019 4776 contingit,
2049 4718 2108 4763 ut

520 4801 754 4863 aegrotus
799 4793 1004 4847 neseiat
1043 4791 1169 4862 quid
1200 4793 1251 4846 in
1283 4793 1374 4846 illo
1404 4804 1628 4863 agatur,
1663 4797 1901 4854 medicus
1926 4809 2101 4853 autem

521 4883 654 4936 sciat
683 4899 698 4937 :
726 4897 857 4937 cum
875 4883 967 4938 ille
990 4883 1358 4952 aegritudinem
1387 4884 1556 4954 ipsam
1585 4887 1834 4956 patiatur,
1867 4889 2103 4946 medicus

521 4987 628 5027 non
671 4974 920 5043 patiatur.
974 4972 1141 5045 Magis
1182 4975 1312 5030 dicit
1359 4977 1598 5034 medicus
1643 4980 1767 5049 quid
1817 4991 2002 5049 agatur
2049 4984 2099 5037 in

519 5064 716 5127 altero,
746 5081 906 5135 quam
938 5065 1028 5121 ille
1063 5068 1151 5137 qui
1179 5077 1402 5138 :egrotat
1430 5069 1557 5139 quid
1585 5080 1775 5142 agatur
1803 5072 1854 5126 in
1878 5088 1937 5127 se
1965 5074 2098 5143 ipso.

517 5153 711 5208 Petrus
736 5169 862 5224 ergo
892 5163 1016 5209 tunc
1049 5153 1314 5223 inﬁrmus,
1343 5158 1596 5214 Dominus
1622 5169 1801 5216 autem
1836 5163 2097 5218 medicus.

517 5243 622 5299 Iste
646 5244 856 5299 diccbat
878 5261 938 5300 se
967 5245 1166 5304 habere
1207 5250 1370 5316 vires,
1413 5251 1503 5319 qui
1543 5266 1648 5306 non
1691 5252 1921 5310 habebat
1955 5275 1967 5309 :
2009 5257 2098 5312 ille

516 5343 692 5389 autem
730 5345 952 5407 tangens
984 5353 1173 5394 venam
1200 5341 1378 5396 cordis
1406 5341 1543 5412 ejus,
1589 5342 1798 5398 dicebat
1836 5346 1978 5415 quod
2018 5357 2098 5403 ter

513 5441 638 5482 eum
686 5439 828 5483 esset
876 5441 1182 5500 negaturus.
1233 5434 1304 5488 Et
1349 5435 1422 5488 ita
1470 5434 1664 5490 factum
1703 5446 1787 5491 est
1825 5441 2096 5509 quomodo

516 5518 764 5586 pricdixit
791 5523 1029 5577 medicus
1049 5565 1064 5588 ,
1115 5539 1220 5579 non
1249 5527 1519 5594 quomodo
1550 5531 1892 5599 praesumpsit
1918 5547 2094 5602 aegro-

517 5617 603 5662 tus
629 5607 650 5679 (
668 5607 796 5663 Luc.
828 5625 944 5666 χιιι
966 5650 982 5676 ,
1013 5612 1104 5676 3'5.
1135 5615 1223 5678 54,
1252 5614 1468 5684 55-61).
1509 5615 1650 5687 Ergo
1690 5627 1812 5688 post
1847 5635 2094 5676 resurre-

516 5699 744 5754 ctionem
775 5714 922 5754 suam
951 5701 1206 5759 Dominus
1259 5707 1604 5778 interrogavit
1648 5725 1795 5776 eum,
1846 5727 1951 5766 non
1995 5727 2091 5768 ne-

514 5813 556 5847 si
579 5796 689 5850 iens
716 5809 823 5865 quo
871 5793 957 5849 ille
997 5797 1174 5852 animo
1217 5800 1562 5856 conliteretur
1605 5816 1842 5859 amorem
1871 5803 2089 5874 Christi,

1782 372 1838 425 S.
1880 371 2246 428 AUGUSTINI
2289 371 2596 430 EPISCOPI

3681 405 3770 465 ἠ’νῆ

2251 487 2343 542 sed
2380 499 2438 543 ut
2479 492 2614 545 trina
2640 489 2975 548 confessione
3003 497 3234 566 ameris,
3265 499 3454 560 deleret
3493 511 3664 569 trinam
3690 535 3769 575 ne.

2247 579 2514 649 gationem
2544 581 2770 637 timoris.

2311 670 2548 756 CAPUT
2587 672 2675 727 1V.
2720 705 2793 714 —
2828 676 2883 731 4.
2919 678 3055 744 Quid
3097 697 3128 733 a
3170 680 3317 737 Petro
3354 686 3573 758 exigitur.
3605 691 3775 753 Intrare

2249 780 2337 833 per
2349 765 2566 834 jamtam
2596 767 2647 820 in
2672 767 2820 822 ovile.
2846 770 2986 839 Ergo
3013 771 3115 827 hoc
3137 774 3385 831 Dominus
3403 783 3554 852 exigit
3576 800 3602 837 a
3620 786 3774 854 Petro,

2249 857 2402 914 Petre
2421 900 2434 924 ,
2467 877 2612 916 amas
2642 863 2763 917 me?
2800 866 2984 932 quasi,
3013 867 3148 932 Quid
3181 870 3304 922 mihi
3335 871 3498 937 dabis,
3527 878 3642 945 quid
3669 881 3777 938 mihi

2249 952 2548 1018 praestabis,
2576 954 2698 1023 quia
2724 969 2872 1009 amas
2899 958 3026 1011 me?
3053 959 3185 1026 Quid
3211 971 3324 1016 erat
3353 976 3674 1031 praestaturus
3692 973 3778 1028 Pe-

2248 1048 2360 1094 trus
2387 1045 2685 1112 resurgenti
2734 1045 2959 1101 Domino
2983 1089 2996 1110 ,
3045 1057 3101 1103 et
3142 1052 3284 1105 eunti
3320 1052 3372 1107 in
3397 1057 3578 1111 caelum
3601 1101 3616 1126 ,
3649 1071 3784 1132 atque

2244 1133 2450 1188 sedenti
2478 1135 2544 1189 ad
2570 1135 2842 1192 dexteram
2868 1138 3079 1194 Patris?
3116 1141 3276 1209 Quasi
3301 1144 3530 1214 diceret,
3554 1149 3652 1205 lloc
3675 1155 3782 1208 mihi

2245 1223 2430 1290 dabis,
2474 1225 2574 1280 hoc
2617 1229 2745 1281 mihi
2787 1231 3086 1299 prmstahis,
3128 1234 3173 1287 si
3215 1249 3364 1291 amas
3391 1253 3493 1302 me,
3535 1249 3590 1294 ut
3628 1257 3788 1311 pascas

2243 1329 2372 1368 oves
2398 1331 2546 1371 meas
2571 1335 2584 1372 :
2614 1334 2708 1387 per
2737 1319 2953 1389 januam
2984 1322 3168 1389 intres,
3196 1339 3301 1378 non
3325 1341 3419 1395 per
3439 1329 3588 1382 aliam
3613 1344 3786 1398 partem

2243 1409 2520 1462 ascendas.
2552 1411 2819 1479 Audistis,
2865 1429 2986 1468 cum
3015 1416 3360 1487 Evangelium
3401 1420 3682 1491 legeretur,
3710 1425 3790 1490 Qui

2241 1500 2397 1554 intrat
2421 1519 2510 1570 per
2549 1505 2787 1573 januam,
2819 1518 2996 1575 pastor
3019 1517 3090 1562 est
3120 1524 3140 1562 :
3164 1511 3253 1579 qui
3279 1520 3446 1564 autem
3472 1529 3533 1566 ea:
3553 1514 3648 1567 alia
3673 1528 3790 1583 parte

2241 1593 2486 1658 ascendit,
2514 1595 2600 1663 [ur
2627 1605 2700 1649 est
2724 1607 2769 1650 et
2793 1597 2925 1650 latro
2953 1614 2970 1662 ;
3016 1609 3064 1675 et
3088 1600 3338 1669 dissipare
3360 1603 3555 1671 quierit,
3601 1615 3641 1658 et
3669 1623 3794 1675 spar-

2241 1701 2377 1754 gere,
2409 1695 2455 1740 et
2492 1688 2682 1743 tollere.
2713 1689 2842 1758 Quis
2864 1700 2950 1746 est
2975 1693 3062 1762 qui
3094 1693 3260 1748 intrat
3301 1710 3398 1765 per
3431 1697 3672 1764 januam?
3709 1700 3790 1766 Qui

2239 1777 2399 1831 intrat
2426 1793 2521 1848 per
2539 1779 2830 1836 Christum.
2862 1782 2990 1851 Quis
3017 1795 3100 1839 est
3131 1786 3274 1841 iste?
3309 1786 3409 1854 Qui
3437 1789 3662 1844 imitatur
3687 1807 3794 1859 pas-

2239 1870 2444 1924 sionem
2473 1871 2706 1940 Christi,
2751 1876 2840 1943 qui
2881 1879 3158 1944 cognoscit
3204 1878 3552 1935 humilitatem
3581 1883 3790 1937 Christi:

2240 1970 2297 2016 ut
2320 1978 2439 2017 cum
2473 1965 2610 2019 Deus
2637 1965 2808 2021 factus
2840 1969 2908 2021 sit
2936 1968 3100 2022 homo
3128 1985 3226 2038 pro
3251 1972 3427 2037 nobis,
3457 1985 3723 2043 cognoscat
3747 1990 3794 2027 se

2239 2053 2398 2110 homo
2424 2072 2528 2111 non
2559 2072 2680 2113 esse
2712 2059 2875 2114 Deum
2900 2102 2915 2126 ,
2948 2061 3042 2116 sed
3069 2061 3365 2117 hominem.
3413 2063 3510 2129 Qui
3540 2067 3672 2118 enim
3701 2067 3794 2119 vult

2240 2145 2382 2201 Deus
2405 2147 2576 2203 vidEri
2597 2191 2610 2212 ,
2641 2164 2762 2203 cum
2790 2151 2859 2204 sit
2886 2151 3081 2216 homo,
3111 2169 3220 2207 non
3251 2155 3488 2209 imitatur
3513 2157 3683 2222 illum,
3722 2159 3796 2226 qui

2235 2250 2356 2290 cum
2387 2237 2525 2292 Deus
2555 2249 2738 2304 esset,
2788 2242 2950 2296 homo
2995 2243 3164 2298 factus
3205 2254 3311 2299 est.
3357 2247 3476 2301 Tibi
3507 2258 3671 2303 autem
3709 2265 3795 2302 non

2234 2327 2449 2393 dicitur,
2481 2331 2609 2384 Esto
2633 2332 2834 2402 aliquid
2863 2334 3036 2388 minus
3067 2351 3230 2406 quam
3271 2352 3334 2394 es
3365 2357 3379 2392 :
3412 2339 3525 2403 sed,
3552 2339 3797 2410 Cognosce

2235 2419 2375 2488 quod
2404 2437 2482 2475 es.
2529 2422 2804 2493 Cognosce
2843 2436 2895 2480 te
2936 2425 3206 2482 inﬁrmum
3226 2472 3240 2494 ,
3274 2445 3540 2500 cognosce
3569 2440 3617 2486 te
3647 2432 3796 2486 homi-

2235 2527 2391 2578 nem,
2437 2528 2701 2584 cognosce
2751 2526 2802 2572 te
2847 2529 3222 2587 peccatorem;
3276 2538 3544 2595 cognosce
3578 2527 3691 2595 quia
3725 2525 3800 2581 ille

2228 2602 2518 2672 justiﬁcat,
2549 2621 2814 2676 cognosce
2839 2611 2962 2679 quia
3001 2614 3313 2670 maculosus
3341 2632 3421 2671 es.
3468 2618 3718 2686 Appareat
3755 2618 3798 2672 in

2232 2693 2570 2751 confessione
2604 2706 2692 2752 tua
2720 2701 2923 2754 macula
2968 2703 3148 2759 cordis
3195 2707 3308 2774 tui,
3353 2716 3410 2762 et
3450 2709 3722 2777 pertinehis
3745 2709 3799 2763 ad

2231 2802 2444 2856 gregem
2487 2788 2707 2845 Christi.
2763 2792 2900 2859 Quia
2945 2797 3217 2852 confessio
3261 2809 3600 2868 peccatorum
3642 2802 3801 2855 invitat

2232 2878 2494 2934 medicum
2541 2891 2850 2937 sanaturum
2891 2903 2905 2938 :
2951 2889 3226 2956 quomodo
3277 2890 3332 2944 in
3379 2892 3693 2962 :rgritudine
3725 2892 3801 2962 qui

2231 2969 2393 3038 dicit,
2438 2972 2613 3028 Sanus
2655 2992 2806 3042 sum,
2849 2994 2954 3033 non
2997 2982 3192 3050 qumrit
3222 2984 3520 3039 medicum.
3564 2983 3801 3054 Numquid

2229 3075 2335 3115 non
2365 3062 2430 3116 ad
2465 3066 2718 3134 templum
2749 3069 3065 3125 ascenderat
3095 3068 3414 3128 Pharismus
3443 3077 3533 3130 ille
3557 3085 3609 3130 et
3643 3073 3802 3129 Publi-

2229 3153 2437 3208 canus?
2475 3153 2568 3210 llle
2593 3155 2660 3211 de
2689 3172 2782 3212 sua
2815 3161 3044 3215 sanitate
3071 3163 3444 3232 gloriabatur,
3486 3167 3584 3221 iste
3612 3167 3802 3219 vulnera

2227 3257 2322 3296 sua
2349 3245 2556 3300 medico
2583 3248 2916 3304 ostendebat.
2952 3252 3171 3310 Dicebat
3197 3257 3347 3311 enim
3377 3258 3469 3312 illc
3493 3276 3507 3310 :
3529 3258 3680 3322 Deus,
3703 3275 3803 3327 gra-

2228 3335 2324 3388 tias
2352 3351 2448 3406 ago
2480 3336 2587 3404 tibi,
2628 3341 2746 3408 quia
2771 3358 2870 3396 non
2899 3359 3009 3396 sum
3039 3346 3169 3398 sicut
3195 3345 3524 3403 Publicanus
3550 3351 3656 3404 iste.
3695 3350 3805 3404 Glo-

2226 3426 2460 3482 riabatur
2485 3444 2648 3499 super
2671 3429 2919 3487 alterum.
2952 3435 3094 3506 Ergo
3118 3437 3164 3492 si
3193 3439 3528 3496 Publicanus
3555 3442 3642 3496 ille
3663 3455 3805 3496 sanus

2224 3525 2401 3581 esset,
2449 3519 2712 3577 invideret
2760 3524 2834 3578 illi
2880 3525 3226 3597 Pharisasus;
3281 3535 3568 3603 quianon
3613 3535 3808 3588 haberet

2211 3621 2385 3676 super
2427 3626 2584 3680 quem
2639 3615 3004 3671 exlolleretur.
3060 3620 3360 3688 Quomodo
3412 3641 3542 3695 ergo
3585 3635 3802 3686 vent-rat,

2221 3700 2310 3767 qui
2338 3700 2416 3755 sic
2442 3701 2765 3758 invidebat?
2798 3706 2913 3760 Νοη
2938 3719 3053 3764 erat
3079 3711 3272 3782 utique
3299 3731 3470 3769 sanus
3505 3735 3518 3771 :
3549 3726 3731 3771 etcum
3758 3729 3809 3768 se

2221 3804 2409 3844 sanum
2439 3791 2662 3855 diceret,
2695 3812 2800 3850 non
2833 3798 3111 3857 descendit
3136 3817 3391 3860 curatus.
3441 3809 3532 3862 Ille
3558 3819 3722 3861 autem
3751 3806 3806 3858 ad

2223 3891 2418 3937 terram
2459 3885 2643 3942 oculos
2683 3888 2973 3958 dejiciens,
3021 3902 3074 3948 et
3119 3911 3234 3951 non
3282 3899 3497 3954 audens
3541 3901 3594 3954 in
3636 3900 3806 3956 etclam

2222 3973 2430 4037 tollere,
2462 3979 2791 4044 percutiebat
2823 3991 3006 4050 pectus
3032 3999 3214 4052 suum,
3247 3989 3446 4044 dicens
3482 4009 3495 4044 :
3530 3991 3680 4055 Deus,
3707 4006 3808 4059 pro-

2219 4067 2372 4135 pitius
2419 4079 2524 4122 esto
2553 4071 2677 4124 mihi
2725 4076 2999 4142 peccatori.
3054 4078 3118 4131 Et
3165 4083 3303 4148 quid
3355 4083 3492 4139 dicit
3536 4082 3810 4139 Dominus?

2219 4158 2376 4210 Amen
2403 4160 2514 4214 dico
2549 4162 2719 4230 vobis,
2760 4166 2880 4235 quia
2904 4166 3161 4222 descendit
3198 4175 3536 4242 justiﬁcatus
3561 4177 3621 4229 de
3645 4173 3809 4243 templo

2219 4246 2552 4318 Publicanus,
2577 4257 2740 4325 magis
2763 4275 2916 4327 quam
2938 4258 3236 4316 Pharisreus
3270 4281 3290 4318 :
3319 4267 3450 4334 quia
3481 4268 3642 4322 omnis
3666 4266 3744 4335 qui
3767 4281 3812 4317 se

2216 4342 2439 4406 exaltat,
2484 4343 2871 4413 humiliabitur;
2909 4359 2955 4404 et
2989 4354 3078 4422 qui
3105 4371 3160 4406 se
3187 4356 3444 4410 humilia!
3466 4401 3481 4422 ,
3529 4356 3811 4413 exaltabitur

2217 4432 2372 4498 (Luc.
2401 4451 2554 4503 xvnt,
2577 4437 2788 4508 lO-M).
2820 4441 2918 4507 Qui
2945 4457 3072 4514 ergo
3100 4459 3161 4498 se
3187 4449 3465 4512 exaltant,
3490 4465 3588 4518 per
3611 4449 3810 4504 alteram

2217 4534 2422 4592 partem
2450 4529 2634 4580 volunt
2662 4532 2951 4586 ascendere
2976 4532 3041 4585 ad
3073 4535 3219 4591 ovile
3252 4555 3265 4591 :
3301 4541 3397 4607 qui
3433 4551 3616 4594 autem
3642 4556 3696 4593 se
3721 4538 3813 4592 bu-

2215 4615 2443 4683 miliant,
2485 4633 2582 4687 per
2620 4618 2838 4688 januam
2882 4622 3082 4678 intrant
3120 4627 3191 4680 ad
3241 4631 3414 4686 ovile.
3469 4633 3593 4687 Ideo
3630 4631 3695 4687 de
3733 4630 3814 4685 illo

2212 4706 2378 4769 dixit,
2406 4709 2561 4762 intrat
2587 4726 2605 4764 :
2630 4711 2700 4765 de
2728 4713 2817 4766 illo
2836 4755 2850 4776 ,
2885 4717 3130 4770 ost-endit.
3161 4720 3275 4788 Qui
3304 4725 3584 4789 ascendit,
3615 4723 3809 4784 videtis.

2212 4799 2300 4866 qui
2330 4800 2434 4852 alta
2463 4802 2626 4870 petit,
2658 4818 2760 4856 non
2802 4804 2986 4870 intrat,
3020 4808 3113 4863 sed
3157 4812 3340 4866 cadit.
3393 4815 3490 4871 Ille
3517 4825 3694 4871 autem
3734 4813 3814 4883 qui

2212 4904 2271 4942 se
2297 4889 2596 4960 submittit,
2649 4904 2707 4948 ut
2731 4910 2829 4965 per
2860 4897 3078 4967 januam
3107 4901 3320 4973 intret,
3371 4922 3486 4962 non
3519 4909 3693 4971 cadit,
3731 4905 3814 4960 sed

2210 4987 2392 5049 pastor
2415 4991 2518 5036 est.
3639 5019 3644 5022 ·

2279 5071 2506 5129 CAPUT
2545 5073 2608 5128 V.
2638 5103 2711 5116 —-
2735 5076 2787 5132 5.
2817 5077 2940 5134 Tres
2973 5096 3216 5149 persona:
3246 5087 3324 5140 ad
3360 5091 3502 5144 ovile
3538 5091 3818 5144 venientes:

2210 5171 2400 5231 pastor,
2424 5168 2530 5236 fur,
2557 5171 2915 5223 mercenarius.
2943 5169 3259 5243 Diligendus
3291 5190 3371 5233 est
3408 5191 3612 5249 pastor,
3641 5196 3818 5236 merce-

2206 5255 2380 5308 narius
2408 5255 2732 5322 tolerandas,
2761 5263 3016 5318 cavendus
3041 5265 3198 5319 latro.
3244 5268 3365 5325 Sed
3414 5283 3532 5330 tres
3575 5287 3820 5345 personas

2204 5347 2340 5403 dixit
2369 5349 2642 5415 Dominus,
2675 5364 2728 5407 et
2751 5353 3012 5412 debemus
3036 5358 3151 5413 illas
3181 5360 3538 5437 investigare
3567 5368 3620 5422 in
3655 5367 3819 5422 Evan-

2203 5440 2375 5508 gelio;
2408 5443 2637 5510 pastoris
2657 5485 2672 5506 ,
2706 5449 3020 5503 mercenarii
3045 5459 3100 5504 et
3130 5449 3301 5507 furis.
3353 5455 3500 5512 Cum
3539 5459 3820 5529 legeretur,

2205 5541 2334 5600 puto
2359 5532 2501 5601 quod
2529 5535 3002 5603 animadvertistis,
3033 5541 3355 5611 designavit
3396 5559 3698 5618 pastorem,
3729 5548 3819 5604 de-

2201 5623 2429 5692 signavit
2471 5630 2896 5696 mercenarium,
2931 5629 3240 5703 designmit
3285 5637 3500 5695 furem.
3550 5643 3819 5697 Pastorem

2199 5717 2334 5772 dixit
2358 5721 2589 5776 animam
2618 5736 2765 5776 suam
2791 5740 2988 5794 ponere
3031 5743 3125 5796 pro
3148 5731 3363 5787 ovibus
3390 5743 3451 5789 et
3497 5735 3704 5790 intrare
3732 5747 3821 5804 per

2194 5809 2429 5878 jauuam.
2456 5811 2646 5867 Furem
2671 5813 2803 5868 dixit
2827 5825 2880 5870 ct
2907 5817 3162 5872 latronem
3195 5825 3522 5881 ascendere
3552 5842 3652 5896 per
3669 5829 3819 5882 aliam
