4098 6310
360 272 455 330 751

1672 246 1902 309 SERMO
1938 244 2251 302 CXXXVII.

3521 244 3643 304 758'

356 401 586 468 partem.
634 391 1017 446 Mercenarium
1044 387 1200 452 dixit,
1246 384 1426 455 lupum
1456 379 1536 433 vel
1580 377 1738 431 etiam
1771 372 1938 427 furem
2040 377 2190 468 suam
2228 374 2421 468 printer
2445 362 2692 468 «Ιιιίιιιείξεζ
2723 373 2861 468 sicut
2898 363 3059 468 modo
3080 362 3346 429 videmus,
3372 364 3629 468 numquid

354 467 407 543 εἰ
430 485 635 548 videat,
680 483 899 554 fugere;
941 482 1063 553 quia
1091 493 1194 534 non
1224 488 1308 534 est
1356 477 1429 529 illi
1457 488 1581 527 cura
1612 470 1680 525 de
1704 467 1894 521 ovibus
1924 481 1937 518 :

356 579 723 635 mercenarius
758 588 843 633 est
883 577 1027 631 enim
1054 617 1069 642 ,
1120 589 1226 628 non
1266 581 1465 642 pastor.
1517 568 1607 622 Ille
1646 565 1806 619 intrat
1845 574 1943 631 per

358 675 596 744 ianuam,
624 673 746 743 quia
776 679 957 741 pastor
981 680 1096 733 est;
1140 667 1228 721 ille
1251 663 1492 720 ascendit
1519 676 1612 730 per
1637 658 1794 713 aliam
1823 668 1944 723 par-

361 779 502 831 tem,
533 764 657 834 quia
689 764 771 817 fur
792 770 876 817 est
905 779 919 815 :
950 762 1039 817 ille
1067 758 1254 814 videns
1281 772 1373 813 eos
1412 755 1503 825 qui
1545 752 1731 807 volunt
1758 748 1943 803 tollere

358 872 511 917 oves,
545 856 696 909 timet
719 864 774 908 et
799 852 926 924 fugit
945 894 959 917 ,
992 852 1114 921 quia
1142 848 1504 905 mercenarius
1533 852 1617 900 est
1639 886 1655 910 ,
1684 842 1808 913 quia
1836 854 1942 893 non

361 957 445 1003 est
488 946 562 1001 illi
609 960 734 999 cura
775 944 844 998 de
878 942 1099 1007 ovibus;
1153 938 1514 996 mercenarius
1550 944 1635 992 est
1678 933 1841 989 enim.
1886 930 1943 985 Si

364 1037 727 1091 invenerimus
770 1044 878 1089 tres
924 1036 1053 1087 istas
1093 1045 1351 1105 personas
1376 1072 1391 1098 ,
1439 1028 1640 1083 invenit
1678 1025 1946 1081 Sanctitas

364 1139 542 1184 vestra
580 1138 636 1184 et
674 1143 811 1198 quos
848 1127 1115 1197 diligatis,
1163 1133 1219 1181 et
1258 1137 1392 1194 quos
1433 1120 1688 1184 toleretis,
1721 1127 1775 1172 et
1813 1130 1948 1187 quos

363 1220 616 1277 caveatis.
668 1219 974 1290 Diligeudus
997 1227 1080 1272 est
1107 1222 1322 1286 pas'tor,
1361 1211 1668 1269 tolerandos
1692 1219 1774 1265 est
1804 1224 1948 1263 nter-

364 1314 634 1380 cenarius,
666 1311 943 1368 cavendus
963 1321 1045 1365 est
1070 1309 1228 1363 latro.
1260 1308 1397 1363 Sunt
1420 1305 1666 1360 homines
1687 1303 1740 1357 in
1764 1301 1951 1357 Eccle-

366 1407 468 1468 sia,
494 1404 563 1459 de
585 1403 777 1475 quibus
799 1402 931 1458 dicit
954 1402 1258 1472 Apostolus,
1283 1400 1371 1470 qui
1400 1413 1466 1454 ex
1491 1397 1771 1452 occasione
1790 1410 1953 1449 evan-

368 1497 638 1566 gelizant,
696 1504 996 1566 quaerentes
1042 1493 1111 1549 ab
1166 1492 1472 1546 hominibus
1521 1488 1803 1544 commoda
1857 1501 1951 1541 sua

368 1586 633 1657 (Philipp.
662 1602 708 1652 t,
748 1585 864 1659 2|),
896 1586 1008 1641 sive
1037 1585 1340 1656 pecuniaria
1364 1625 1378 1649 ,
1422 1584 1536 1637 sive
1580 1581 1842 1635 bonorum
1869 1578 1954 1633 vel

371 1677 545 1733 laudis
595 1678 862 1733 humanae.
927 1677 1342 1744 Quomodolibet
1403 1676 1648 1731 volentes
1709 1673 1955 1743 accipere

372 1789 595 1827 munera
622 1773 1008 1844 evangelizant,
1049 1782 1103 1827 et
1133 1788 1243 1826 non
1270 1782 1377 1826 tam
1406 1771 1633 1825 salutent
1658 1767 1778 1837 ejus
1804 1781 1958 1836 qute~

371 1877 496 1921 runt
534 1868 618 1921 cui
663 1868 1019 1933 annuntiant,
1062 1881 1220 1937 quam
1260 1864 1599 1920 commodum
1642 1876 1818 1915 suum.
1869 1859 1957 1913 llle

372 1968 551 2015 autem
573 1960 662 2029 qui
690 1959 839 2013 audit
865 1959 1091 2014 salutem
1115 1958 1184 2012 ab
1206 1972 1272 2012 eo
1297 1958 1384 2026 qui
1409 1971 1514 2009 non
1546 1954 1707 2009 habet
1730 1953 1957 2007 salutem

371 2052 417 2106 si
452 2052 501 2107 ei
547 2050 839 2107 crediderit
864 2066 1022 2121 quem
1067 2050 1159 2105 ille
1201 2047 1524 2112 annuntiat,
1566 2060 1739 2114 neque
1784 2045 1835 2097 in
1866 2042 1959 2097 illo

373 2158 522 2213 spem
557 2143 824 2213 posuerit,
857 2157 951 2211 per
974 2157 1133 2213 quem
1165 2142 1241 2195 illi
1270 2140 1614 2194 annuntiatnr
1650 2137 1795 2192 salus
1822 2154 1835 2190 :
1868 2136 1958 2206 qui

374 2237 685 2302 annuntiat,
733 2234 953 2291 habebit
997 2234 1416 2298 detrimentum;
1463 2231 1549 2287 cui
1590 2228 1957 2296 annuntiatur,

376 2330 592 2385 habebit
618 2331 843 2383 lucrum.

446 2422 677 2479 CAI’U'I‘
720 2423 800 2478 Vl.
846 2452 918 2463 —
963 2423 1014 2479 6.
1074 2421 1276 2476 Dictum
1323 2421 1510 2476 Christi
1554 2422 1611 2475 in
1641 2418 1956 2485 Pharisteos,

375 2526 603 2586 spectare
630 2526 677 2569 et
700 2517 769 2569 ad
794 2516 955 2570 malos
979 2517 1043 2570 de
1067 2514 1299 2571 Ecclesia
1328 2524 1575 2585 pastores.
1608 2513 1838 2568 Ecclesia
1860 2528 1962 2568 una

375 2624 442 2661 ea:
461 2606 661 2662 Judteis
702 2618 749 2663 et
788 2607 1048 2663 Gentibus.
1078 2609 1253 2663 Habes
1278 2609 1558 2663 Dominum
1602 2607 1868 2663 dicentem
1896 2606 1964 2662 de

377 2699 687 2766 Pharisaeis,
718 2700 1020 2756 Cat/tedram
1049 2701 1217 2773 Moysi
1241 2701 1411 2757 sedent
1438 2700 1653 2774 (Matth.
1686 2717 1838 2767 χχιιι,
1878 2700 1962 2769 2).
1992 2720 2006 2729 ·

376 2792 494 2849 Non
535 2809 629 2849 eos
657 2794 801 2849 solos
837 2795 1175 2865 signiﬁcabat
1206 2794 1463 2850 Dominus
1493 2811 1508 2849 :
1534 2794 1688 2864 quasi
1713 2808 1843 2849 vero
1868 2807 1964 2848 eos

377 2890 468 2959 qui
495 2888 783 2943 crederent
828 2889 881 2943 in
921 2887 1233 2956 Christum,
1282 2889 1347 2943 ad
1376 2888 1683 2967 Iudaeorum
1723 2886 1963 2942 scholam

276 2985 287 2991 ‘
378 2978 651 3039 mitteret.
686 2990 742 3035 ut
771 2980 841 3035 ibi
874 2980 1145 3037 discerent
1172 2979 1621 3051 quemadmodum
1648 2980 1750 3034 iter
1790 2979 1861 3034 sit
1898 2978 1965 3032 ad

380 3087 604 3142 regnum
632 3073 912 3127 caelorum.
937 3071 1124 3126 Nonne
1151 3071 1270 3127 ideo
1301 3070 1558 3126 Dominus
1582 3071 1726 3126 venit
1743 3109 1760 3132 ,
1794 3078 1857 3125 ut
1884 3069 1968 3123 in-

380 3165 626 3219 stitueret
646 3164 965 3231 Ecclesium,
994 3165 1248 3234 ipsosque
1275 3163 1490 3219 Judzcos
1523 3163 1660 3218 bene
1684 3161 1968 3217 credentes

382 3267 438 3311 et
471 3256 606 3311 bene
638 3267 917 3326 sperantes
942 3265 995 3312 et
1030 3257 1170 3313 bene
1198 3257 1479 3327 diligentes
1506 3263 1810 3327 segregaret
1845 3263 1967 3308 tan-

380 3362 542 3417 quam
586 3346 849 3403 frumenta
889 3364 929 3403 a
963 3349 1162 3417 paleis,
1208 3358 1263 3402 et
1293 3347 1492 3403 faceret
1518 3363 1679 3402 unum
1712 3331 1967 3416 parietem

380 3441 842 3507 circmncisionis,
893 3440 981 3495 cui
1030 3442 1446 3511 conjungeretur
1493 3441 1628 3494 alius
1680 3441 1856 3509 paries
1903 3455 1969 3493 ex

384 3533 646 3601 prteputio
684 3533 959 3599 Gentium,
994 3533 1185 3601 quibus
1216 3532 1423 3586 duobus
1462 3530 1751 3601 parietibus
1778 3532 1845 3586 de
1882 3530 1968 3584 di-

384 3641 543 3681 verso
572 3626 908 3681 venientibus
935 3634 1079 3679 esset
1119 3625 1235 3692 ipse
1274 3624 1409 3694 lapis
1440 3622 1752 3692 augularis‘!
1788 3621 1973 3677 Nonne

382 3733 514 3788 ergo
550 3718 689 3772 idem
722 3716 980 3771 Dominus
1003 3716 1070 3769 de
1095 3715 1302 3770 duabus
1342 3716 1458 3768 istis
1493 3713 1734 3783 plebibus
1773 3714 1824 3766 in
1866 3729 1973 3766 uno

382 3809 579 3863 futuris
606 3809 780 3863 dixit:
825 3806 1001 3861 Habeo
1028 3816 1072 3860 et
1102 3807 1231 3860 alias
1269 3823 1413 3872 oves,
1459 3821 1571 3876 qua:
1613 3822 1713 3859 non
1756 3815 1874 3858 sunt
1914 3821 1976 3859 ex

382 3903 483 3954 hoc
510 3901 673 3954 ovili?
716 3900 1055 3969 Loquebatur
1096 3907 1273 3953 autem
1319 3898 1520 3952 Judreis
1559 3915 1572 3951 :
1626 3896 1834 3968 Oportet
1872 3914 1971 3962 me,

382 3993 593 4062 inquit,
642 4002 692 4046 et
730 4009 817 4048 eas
857 3992 1142 4058 adducere,
1189 4001 1245 4045 ut
1285 3992 1353 4045 sit
1393 4008 1524 4045 unus
1558 4007 1719 4062 grex,
1755 4000 1801 4045 et
1843 4007 1976 4044 unus

386 4093 580 4155 pastor.
628 4082 752 4138 Ideo
775 4083 894 4138 dum
922 4098 1083 4137 naves
1111 4091 1294 4145 erant,
1336 4081 1477 4136 unde
1500 4090 1784 4137 vocaverat
1810 4080 1975 4135 disci-

386 4176 560 4247 pulos.
628 4175 767 4229 Duas
824 4177 967 4245 ipsas
1012 4175 1195 4243 plebes
1248 4172 1621 4244 signiﬁcabant
1650 4173 1668 4203 ¹
1698 4214 1714 4236 ,
1762 4172 1977 4243 quando

388 4273 649 4323 mi~eruut
675 4270 807 4323 retia
830 4312 843 4335 ,
874 4278 928 4323 et
962 4269 1272 4323 levaverunt
1305 4277 1503 4321 tantam
1542 4267 1647 4322 vim
1679 4275 1734 4322 et
1772 4274 1989 4321 tantum.

391 4376 671 4414 numerum
712 4361 969 4429 piscium,
1012 4361 1081 4413 ita
1123 4368 1182 4412 ut
1216 4374 1349 4427 pene
1387 4359 1525 4412 retia
1559 4368 1931 4427 rutnpereutur
1957 4374 1978 4412 :

392 4453 459 4507 Et
497 4461 862 4515 oneraverunt,
896 4452 1094 4521 inquit.
1137 4452 1264 4504 duas
1311 4467 1463 4505 nares
1503 4450 1525 4520 (
1547 4448 1667 4504 Luc.
1706 4466 1771 4515 v,
1810 4448 1974 4520 2-7).

390 4548 521 4602 Duae
564 4560 729 4600 naves
779 4544 1152 4615 signiﬁcabant
1193 4559 1350 4598 uuam
1399 4542 1724 4606 Ecclesiam,
1770 4540 1864 4596 sed
1908 4540 1978 4597 de

390 4637 596 4691 duabus
646 4636 886 4707 plebibus
954 4636 1143 4691 factam
1172 4679 1186 4700 ,
1249 4634 1587 4704 conjunctam
1634 4634 1686 4688 in
1739 4632 1973 4700 Christo,

390 4730 634 4799 quamvis
659 4729 726 4784 de
757 4728 967 4783 diverso
994 4729 1315 4784 venientem.
1354 4727 1466 4783 lloc
1491 4727 1793 4797 signiﬁcant
1815 4727 1974 4781 etiam

390 4825 509 4877 «huc
552 4838 787 4888 uxores,
839 4823 1099 4878 habentes
1136 4840 1299 4877 unum
1345 4823 1516 4878 virum
1542 4824 1747 4888 Jacob,
1788 4824 1881 4879 Lia
1923 4834 1979 4880 et

391 4917 591 4971 Rachel
628 4916 778 4988 (Gen.
814 4917 992 4987 nix).
1038 4916 1145 4971 llas
1183 4916 1316 4970 duas
1356 4916 1657 4985 signiﬁcant
1686 4918 1844 4972 etiam
1872 4916 1978 4971 duo

389 5013 542 5076 czeci,
569 5012 659 5081 qui
687 5010 943 5064 sedebant
969 5011 1120 5077 juxta
1150 5010 1309 5073 viam,
1335 5024 1468 5076 quos
1498 5008 1753 5061 Dominus
1784 5009 1977 5063 illumi-

392 5104 538 5157 navit
561 5100 776 5171 (Matth.
806 5116 905 5161 ιι,
931 5099 1140 5169 50-54).
1170 5099 1235 5153 Ει
1265 5100 1308 5153 si
1339 5098 1633 5153 advertatis
1651 5099 1973 5169 Scripturas,

391 5195 444 5249 itt
478 5194 658 5247 multis
699 5192 831 5247 locis
873 5193 1154 5247 invenietis
1188 5192 1471 5259 signiﬁcari
1518 5173 1649 5245 duas
1688 5192 1973 5256 Ecrlesias,

392 5301 510 5356 quae
534 5301 641 5340 non
668 5293 792 5338 sunt
825 5284 966 5350 dum,
994 5283 1085 5338 sed
1111 5298 1231 5336 una.
1262 5280 1341 5336 Ad
1371 5281 1473 5337 hoc
1506 5282 1649 5336 enim
1672 5283 1812 5337 valet
1842 5282 1978 5353 lapis

393 5378 659 5448 angularis
686 5417 700 5439 ,
740 5386 797 5430 ut
826 5392 889 5429 ex
926 5375 1131 5430 duabus
1176 5375 1329 5427 faciat
1374 5390 1555 5427 unam.
1588 5374 1666 5427 Ad
1708 5374 1807 5428 hoc
1837 5375 1979 5430 valet

393 5468 484 5524 ille
515 5479 713 5539 pastor,
757 5477 812 5521 ut
839 5467 906 5522 de
931 5466 1139 5521 duobus
1165 5466 1416 5536 gregibus
1440 5465 1592 5520 faciat
1626 5481 1808 5519 unum.
1838 5466 1979 5537 Ergo

396 5559 655 5615 Dominus
692 5557 950 5614 docturus
986 5557 1311 5623 Ecclesiam,
1353 5566 1408 5613 et
1437 5556 1715 5613 habiturus
1741 5555 1977 5611 scholam

395 5694 920 5811 mﬁ‘mnuscripti.
939 5693 1052 5744 Ιίήὶιὶ
1077 5699 1258 5753 autem,
1281 5700 1405 5741 Duas
1419 5702 1648 5757 personas
1668 5688 1819 5756 plebis
1840 5687 1982 5754 signs"

2042 456 2325 513 credentes
2355 458 2408 513 in
2444 475 2501 514 se
2521 498 2538 525 ,
2568 458 2632 513 ad
2664 457 2877 514 Judzcos
2903 457 3162 513 missurus
3186 464 3324 522 erat,
3360 463 3419 510 ut
3449 453 3631 511 disce-

2044 560 2156 604 rent
2179 549 2202 604 ?
2225 550 2331 605 Sed
2368 552 2583 606 nomine
2606 551 2998 607 Pharisaeorum
3022 561 3078 606 et
3096 549 3412 606 Scribarum
3426 549 3637 620 signiﬁo

2043 644 2185 698 cavit
2221 643 2480 713 quosdam
2522 644 2578 697 in
2617 643 2852 699 Ecclesia
2874 657 2967 698 sua
3002 643 3229 708 futuros,
3255 641 3635 713 quidicerent.

2045 745 2100 791 et
2146 753 2250 791 non
2298 736 2532 791 facerent
2571 753 2585 789 :
2622 751 2682 792 se
2723 747 2904 791 autem
2947 734 3266 807 ﬁguraverat
3311 737 3363 789 in
3405 750 3635 805 persona

2046 829 2235 900 Moysi.
2280 828 2489 883 Etenim
2514 843 2797 897 personam
2823 830 2940 898 ejus
2968 829 3187 899 gerebat
3206 828 3437 900 Moyses,
3458 838 3519 883 et:
3545 844 3637 882 ve-

2050 921 2159 975 lum
2186 932 2308 974 ante
2329 937 2388 976 se
2413 921 2534 977 ideo
2561 920 2810 991 ponebat,
2834 924 3049 994 quando
3069 924 3383 994 loquebatur
3406 924 3643 994 populo;

2048 1013 2168 1083 quia
2199 1012 2451 1083 quamdiu
2482 1014 2554 1068 illi
2586 1015 2636 1067 in
2669 1013 2809 1084 Lege
2845 1014 3148 1069 carnalibus
3168 1014 3375 1085 gaudiis
3399 1025 3452 1069 et
3483 1017 3637 1068 voltu-

2050 1104 2283 1173 ptatibus
2313 1104 2477 1159 dediti
2522 1115 2714 1171 erant,
2760 1114 2815 1161 et
2862 1122 3083 1177 regnum
3115 1115 3638 1177 terrenum-quaere-

2053 1196 2209 1262 bant;
2232 1197 2476 1251 velamen
2510 1199 2739 1265 positum
2766 1207 2882 1252 erat
2903 1207 3089 1252 contra
3117 1197 3305 1253 faciem
3331 1214 3540 1266 eorum,
3570 1214 3650 1253 nc-

2054 1289 2295 1344 viderent
2321 1288 2590 1343 Christum
2639 1289 2691 1343 in
2736 1289 3048 1359 Scripturis.
3085 1290 3274 1346 Ablato
3315 1291 3458 1346 enim
3489 1292 3640 1346 vela-

2055 1381 2237 1444 mine,
2289 1391 2865 1453 posteaquampassus
2913 1391 2995 1436 est
3038 1382 3328 1446 Dominus,
3374 1384 3487 1438 visa
3519 1396 3643 1439 sunt

2055 1484 2261 1529 secreta
2295 1476 2498 1544 templi.
2530 1475 2655 1531 Ideo
2680 1491 2801 1530 cum
2830 1477 2881 1531 in
2907 1491 3064 1532 cruce
3090 1477 3383 1546 penderet,
3416 1480 3658 1534 scissum.

2056 1575 2141 1620 est
2152 1567 2324 1622 velum
2344 1567 2525 1638 templi
2538 1582 2568 1621 a
2582 1583 2791 1621 sumtno
2807 1583 2973 1639 usque
2988 1568 3238 1622 deorsum
3252 1568 3656 1639 (Μαιιιωωανιιν

2057 1658 2149 1729 5i)
2186 1677 2200 1713 :
2233 1668 2288 1714 et
2333 1670 2518 1729 aperte
2559 1659 2687 1714 dicit
2728 1658 3003 1730 apostolus
3030 1659 3224 1715 Paulus
3248 1701 3263 1726 ,
3305 1659 3433 1713 Cum
3473 1670 3642 1714 autem

2060 1755 2322 1809 transieris
2351 1754 2419 1807 ad
2446 1752 2723 1821 Christum,
2764 1757 3023 1825 auferetur
3050 1753 3297 1808 velamen.
3328 1752 3427 1821 Qui
3467 1763 3665 1809 autern-

2061 1863 2168 1903 non
2197 1848 2468 1903 transierit
2509 1847 2576 1902 ad
2603 1846 2875 1901 Christum
2896 1887 2911 1913 ,
2959 1847 3202 1917 quamvis
3245 1846 3384 1916 legat
3407 1844 3647 1918 Moysen,

2060 1940 2285 1997 uelamen
2332 1942 2549 2010 positum
2595 1950 2666 1995 est
2706 1957 2858 2010 super
2900 1956 2987 1994 cor
3019 1939 3159 2010 ejus,
3189 1939 3480 1995 sicutdicit
3506 1941 3659 2009 Apo-

2061 2034 2234 2088 stolus
2285 2032 2359 2105 (ll
2384 2032 2502 2087 Cor.
2531 2049 2608 2096 tu,
2642 2033 2887 2103 16,l5).
2933 2031 3066 2088 Cum
3113 2046 3242 2103 ergo
3283 2032 3659 2103 prteﬁguraret‘

2061 2126 2320 2196 quosdam
2353 2126 2485 2181 tales
2515 2126 2719 2181 futuros
2747 2126 2999 2181 Dominus
3032 2128 3081 2181 in
3112 2127 3349 2181 Ecclesia
3376 2142 3492 2190 sua,
3521 2124 3665 2193 quid

2062 2220 2181 2274 ait?
2247 2219 2442 2275 Scribte
2485 2230 2532 2274 et
2582 2219 2835 2274 Pliaristei
2878 2220 3172 2273 cathedram
3218 2217 3388 2289 Moysi
3433 2217 3652 2271 sedent:

2063 2327 2177 2383 qua:
2204 2313 2398 2376 dicunt,
2432 2312 2625 2383 facite;
2659 2313 2751 2366 sed
2774 2327 2887 2379 qua:
2914 2312 3137 2382 faciunt,
3175 2310 3339 2379 facere
3366 2308 3540 2362 nolite.

2134 2405 2361 2461 CAPUT
2378 2404 2823 2460 .Vll.-—-7.Clerici
2840 2404 2961 2457 mali
2972 2411 3249 2473 pervertere
3264 2401 3471 2456 nitentes
3482 2398 3658 2453 Evan-

2064 2498 2249 2569 gelium
2269 2539 2283 2562 ,
2321 2496 2444 2549 dum
2478 2495 2708 2565 exemplo
2734 2512 2825 2549 suo
2853 2494 3009 2549 laieos
3028 2494 3096 2547 ad
3123 2503 3380 2565 peccatum
3425 2491 3650 2545 trahunt.

2064 2587 2427 2659 Quandoillud
2451 2587 2865 2643 audiuntelerici
2887 2587 3009 2640 mali
3027 2585 3165 2656 quod
3196 2585 3250 2639 in
3279 2585 3422 2655 ipsos
3437 2582 3653 2647 dicitur,

2066 2682 2251 2735 volunt
2297 2688 2622 2750 pervertere.
2650 2678 2780 2734 Nam
2829 2678 3003 2733 audivi
3055 2676 3312 2749 quosdam
3353 2684 3659 2747 pervertere

2066 2774 2205 2830 velle
2242 2774 2399 2829 istam
2421 2772 2760 2829 sententiam.
2783 2771 3048 2842 Numquid
3069 2786 3196 2836 non,
3219 2771 3265 2826 si
3291 2771 3394 2825 illis
3432 2770 3621 2825 liceret
3640 2810 3661 2832 ,

2066 2880 2173 2919 non
2191 2865 2432 2920 delerent
2447 2865 2589 2919 illam
2607 2863 2675 2919 de
2694 2864 3003 2934 Evangelio?
3018 2862 3151 2930 Quia
3169 2878 3295 2918 vero
3311 2862 3492 2917 delere
3512 2861 3661 2916 illam

2069 2972 2174 3012 non
2205 2966 2446 3026 possunt,
2473 2965 2785 3027 pervertere
2807 2956 2950 3010 illam
2977 2953 3362 3026 qumruut.Sed
3379 2952 3534 3008 adest
3553 2951 3657 3007 Do-

2068 3052 2195 3106 mini
2221 3051 2390 3121 gratia
2410 3059 2466 3105 et
2495 3049 2895 3115 misericordia,
2913 3064 3016 3104 nec
3039 3049 3165 3103 sinit
3189 3062 3283 3103 eos
3310 3047 3509 3113 lacere;
3533 3046 3658 3119 quia

2067 3146 2443 3215 circumsepsit
2466 3146 2685 3201 veritate
2728 3161 2823 3200 sua
2870 3158 3057 3200 omnes
3098 3142 3390 3199 sententias
3414 3157 3575 3207 suas,
3601 3150 3658 3197 ct

2070 3240 2313 3305 libravit;
2341 3246 2401 3293 ut
2429 3238 2670 3309 quisquis
2702 3238 2827 3294 inde
2854 3238 3050 3307 aliquid
3088 3237 3380 3309 pra-cidere
3409 3236 3656 3301 voluerit,

2070 3339 2161 3385 aut
2185 3330 2436 3385 inducere
2462 3331 2600 3385 male
2643 3329 2871 3400 legendo
2894 3329 2983 3385 vel
3008 3329 3427 3397 interpretando,
3456 3329 3541 3384 ille
3567 3328 3658 3399 qui

2071 3437 2169 3477 cor
2211 3420 2402 3484 habet,
2426 3420 2568 3491 quod
2622 3421 2898 3489 praecisum
2930 3428 3014 3475 est
3058 3420 3124 3473 de
3163 3418 3434 3487 Scriptura
3472 3419 3662 3489 jungat

2071 3513 2376 3581 Scripturm,
2400 3521 2454 3565 et
2480 3512 2619 3581 legat
2642 3512 2923 3580 superiora
2941 3512 3022 3565 vel
3054 3511 3322 3577 inferiora,
3345 3520 3399 3564 et
3428 3511 3663 3566 inveniet

2072 3619 2289 3660 scnsum
2312 3621 2470 3675 quem
2492 3605 2697 3659 volebat
2716 3604 2803 3659 ille
2829 3604 2966 3659 male
2988 3604 3292 3675 interpretat
3310 3606 3343 3658 i.
3369 3604 3505 3673 Quid
3531 3619 3662 3675 ergo

2076 3699 2270 3768 putatis
2316 3697 2496 3752 dicere
2544 3698 2673 3750 istos
2700 3697 2768 3751 de
2797 3698 2987 3767 quibus
3034 3696 3246 3758 dicitur,
3285 3694 3411 3763 Quae
3451 3695 3661 3759 dicunt,

2075 3790 2267 3863 facile?
2300 3790 2431 3858 Quia
2478 3805 2663 3843 revera
2688 3789 2833 3842 Iaicis
2861 3788 3054 3842 dicitur
3085 3789 3123 3840 ¹.
3157 3787 3347 3841 Laicus
3396 3785 3539 3841 enim
3570 3786 3661 3856 qui

2076 3884 2189 3936 vult
2226 3884 2362 3937 bene
2389 3883 2605 3946 vivere,
2642 3896 2763 3936 cum
2812 3878 3097 3935 attenderit
3126 3878 3378 3933 clericum
3429 3877 3661 3942 malum,

2076 3975 2202 4045 quid
2246 3974 2345 4029 sibi
2394 3974 2559 4028 dicit?
2610 3974 2869 4028 Dominus
2892 3972 3059 4037 dixit,
3096 3971 3222 4037 Qum
3242 3972 3447 4034 dicunt,
3471 3971 3664 4041 facile;

2076 4084 2189 4137 qua:
2229 4070 2456 4139 faciunt,
2488 4070 2654 4140 facere
2707 4068 2877 4120 nolite.
2912 4065 3191 4119 Antbulcm
3234 4066 3374 4119 viam
3410 4064 3663 4130 Domini,
3718 4094 3723 4099 ι

2077 4176 2182 4215 non
2218 4175 2413 4229 sequar
2438 4159 2589 4214 istius
2615 4173 2813 4213 mores.
2844 4156 3068 4211 Audiam
3114 4156 3180 4209 ab
3207 4156 3337 4221 illo,
3368 4172 3473 4210 non
3503 4155 3663 4211 verba

2077 4252 2245 4322 ipsius
2267 4292 2287 4318 ,
2310 4251 2402 4307 sed
2445 4250 2561 4305 Dei.
2590 4250 2797 4319 Sequar
2825 4249 2993 4304 Deum
3012 4290 3026 4312 ,
3054 4258 3309 4318 sequatur
3336 4247 3426 4303 ille
3454 4246 3665 4317 cupidi-

2079 4354 2240 4399 tatem
2262 4358 2433 4399 suam.
2466 4342 2601 4409 Quia
2642 4342 2687 4396 si
2722 4343 2940 4396 voluero
2978 4338 3117 4409 apud
3152 4339 3317 4395 Deum
3356 4340 3433 4393 sic
3460 4354 3546 4394 me
3574 4338 3668 4393 de-

2079 4437 2314 4500 fendere,
2346 4444 2403 4491 ut
2430 4436 2626 4499 dicam,
2654 4434 2897 4497 Domine,
2929 4432 3035 4488 vidi
3065 4433 3205 4487 ntale
3226 4433 3487 4486 viventem
3515 4431 3664 4485 illum

2076 4529 2331 4585 clericum
2361 4538 2529 4592 tuum,
2556 4536 2608 4582 et
2637 4525 2757 4580 ideo
2787 4525 2924 4585 male
2952 4524 3054 4579 vixi
3085 4542 3098 4578 :
3131 4538 3308 4579 nonne
3338 4522 3465 4577 mihi
3495 4521 3670 4577 dictu-

2076 4635 2170 4676 rus
2193 4629 2276 4676 est
2293 4660 2307 4684 ,
2335 4618 2502 4675 Serve
2522 4633 2748 4688 nequam
2768 4658 2784 4683 ,
2811 4632 2916 4671 non
2954 4632 2984 4671 a
3015 4632 3099 4671 tne
3127 4616 3372 4670 audieras
3389 4656 3406 4680 ,
3439 4614 3566 4681 Qui:
3588 4613 3670 4667 di-

2078 4724 2237 4778 cunt,
2268 4714 2454 4785 facile;
2482 4729 2595 4784 qua:
2632 4720 2800 4765 autem
2826 4710 3053 4784 faciunt,
3080 4712 3247 4779 facere
3287 4708 3477 4764 nolite?
3498 4707 3668 4762 Malus

2078 4819 2256 4861 autem
2304 4807 2499 4871 laicus,
2551 4804 2812 4868 inﬁdelis,
2867 4818 2972 4857 non
3017 4802 3290 4872 pertinens
3335 4800 3400 4854 ad
3444 4815 3663 4872 gregem

2077 4900 2310 4963 Christi,
2343 4916 2446 4952 nun
2491 4899 2762 4968 pertinens
2814 4896 2879 4950 ad
2933 4896 3260 4950 frumentum
3302 4892 3538 4955 Christi,
3572 4893 3664 4961 qui

2079 5003 2329 5065 tanquam
2377 4993 2523 5062 palea
2573 4993 2627 5045 in
2681 5006 2803 5046 arca
2850 4990 3124 5051 toleratur,
3168 4985 3294 5057 quid
3344 4983 3442 5041 sibi
3495 4984 3666 5046 dicit.

2078 5084 2291 5156 quando
2320 5083 2545 5153 coeperit
2568 5082 2714 5137 illum
2735 5093 2960 5151 arguere
2986 5077 3204 5133 verbum
3229 5076 3361 5132 Dei?
3389 5075 3515 5129 Exi:
3538 5074 3665 5146 quid

2077 5177 2209 5233 mihi
2232 5176 2499 5248 loqueris?
2533 5175 2637 5247 Ipsi
2662 5171 2932 5245 episcopi,
2964 5170 3064 5241 ipsi
3092 5168 3270 5224 clerici
3293 5183 3399 5223 non
3427 5168 3556 5223 illud
3586 5167 3667 5223 fa-

2077 5271 2264 5339 ciunt,
2286 5279 2341 5328 et
2383 5285 2471 5326 me
2496 5269 2643 5342 cogis
2666 5276 2727 5324 ut
2749 5266 2977 5323 faciam?
2998 5264 3200 5336 Quaerit
3219 5262 3318 5319 sibi
3345 5277 3450 5319 non
3482 5269 3666 5333 patro-

2075 5377 2209 5423 num
2230 5363 2299 5420 ad
2318 5378 2533 5421 causam
2554 5361 2771 5426 malam,
2801 5358 2895 5415 sed
2924 5357 3170 5413 comitem
3192 5355 3257 5411 ad
3285 5369 3514 5427 pinnam.
3531 5352 3659 5409 Nam

2079 5472 2350 5529 nunquam
2386 5472 2509 5514 eum
2536 5454 2628 5511 ille
2646 5453 2967 5509 defensurus
2976 5459 3060 5507 est
3087 5451 3139 5505 in
3153 5449 3241 5506 die
3253 5448 3460 5519 judicii,
3478 5460 3669 5519 quem-

2080 5565 2309 5623 cumque
2333 5549 2530 5604 malum
2559 5544 2788 5601 voluerit
2819 5543 3037 5600 imitari.
3073 5539 3353 5611 Quomodo
3379 5539 3523 5596 enim
3548 5537 3674 5594 dtav

2147 5693 2161 5723 ³
2190 5694 2255 5751 tta
2278 5683 2689 5751 Msxolbcrtinus.
2712 5679 2794 5731 Alii
2819 5677 3012 5751 quidam
3031 5683 3376 5751 ptsswferera
3396 5688 3427 5725 a
3448 5667 3673 5740 ﬁdelibus

2088 5746 2223 5802 laici;
2247 5749 2442 5800 eicitur.
2469 5748 2583 5796 εόὶιί
2613 5742 2751 5803 vero,
2773 5757 2801 5793 α
2827 5739 2952 5792 sine
2976 5739 3112 5792 luitis
3136 5739 3333 5791 dicitur.
