3978 6450
405 442 559 495 holus
599 451 786 494 omnes
827 451 962 506 quos
1007 432 1247 499 seducit,
1279 445 1384 486 non
1427 428 1636 484 seducit
1655 443 1776 483 cum
1799 425 1996 498 quibus

406 542 620 601 regnet,
649 529 743 586 sed
771 543 896 583 cum
916 525 1113 596 quibus
1129 525 1415 579 damnetur
1443 539 1457 575 :
1484 523 1562 577 sic
1579 535 1767 577 omnes
1789 519 1878 590 qui
1907 534 1994 574 se-

405 631 642 691 quuntur
679 620 848 675 malos
865 659 883 684 ,
908 618 1132 674 comites
1157 617 1259 672 sibi
1287 616 1353 670 ad
1381 614 1676 684 gehennam
1707 620 1951 684 qumrunt
1972 651 1989 678 ,

407 728 517 767 non
543 709 830 780 patrocinia
856 709 923 764 ad
947 723 1170 780 regnum
1197 707 1476 763 caelorum.

478 801 704 858 CAPUT
733 799 867 856 VIII.
888 829 962 841 --
983 800 1038 856 8.
1065 797 1311 854 Perversa
1338 797 1681 870 interpretatio
1706 794 1990 867 Evangelii.

406 889 687 959 Quemodo
705 907 832 963 ergo
846 899 1153 962 pervertunt
1171 891 1257 946 isti
1275 890 1411 946 hanc
1425 890 1764 954 sententiam,
1782 886 1994 958 quando

408 985 516 1039 illis
545 984 740 1039 dicitur
769 983 908 1039 male
933 983 1232 1040 viventibus
1248 1024 1268 1050 ,
1290 981 1481 1038 Merito
1503 982 1705 1037 dictum
1732 990 1814 1036 est
1836 995 1865 1033 a
1891 981 1995 1033 Do-

413 1078 582 1142 mino,
603 1077 730 1142 Qute
741 1079 930 1143 dicunt,
947 1077 1097 1148 facile
1113 1094 1132 1143 ;
1151 1093 1264 1143 quw
1280 1076 1491 1147 faciunt,
1507 1076 1673 1144 facere
1685 1074 1876 1128 nolite?
1893 1073 1997 1127 Be-

407 1180 494 1226 cte
510 1169 710 1224 dictum
734 1179 837 1235 est,
857 1168 1120 1238 inquiunt.
1139 1169 1346 1223 Dictum
1361 1176 1441 1222 est
1464 1167 1606 1222 enim
1620 1166 1788 1230 vobis,
1804 1173 1862 1219 ut
1875 1179 1996 1235 qua:

405 1263 655 1328 dicimus,
669 1261 895 1327 faciatis;
909 1277 1028 1333 quae
1042 1270 1218 1317 autem
1236 1277 1333 1317 nos
1349 1261 1591 1326 facimus,
1603 1274 1700 1314 vos
1720 1273 1823 1313 non
1838 1259 1998 1312 iacia-

411 1354 501 1409 tis.
530 1353 640 1408 Nos
669 1353 810 1408 enim
827 1352 1100 1408 ollerimus
1112 1351 1448 1416 sacriﬁcium,
1461 1352 1613 1406 vobis
1629 1365 1733 1405 non
1756 1351 1896 1404 licet.
1909 1349 1997 1402 Vi-

413 1445 536 1499 dete
553 1445 816 1499 versutias
837 1443 1109 1498 hominum
1127 1461 1139 1496 :
1157 1442 1282 1511 quid
1295 1442 1466 1496 dicam
1482 1443 1505 1494 ?
1523 1442 1998 1496 mercenarinrum.

408 1537 541 1592 Nam
563 1537 605 1590 si
623 1546 861 1606 pastores
871 1543 1068 1599 essent,
1092 1536 1186 1588 ista
1206 1550 1309 1589 non
1323 1534 1580 1590 dicerent.
1599 1533 1721 1587 Ideo
1742 1532 1998 1586 Dominus

407 1639 467 1684 ιιι
485 1646 547 1684 os
575 1629 679 1683 illis
698 1629 1000 1693 clauderet,
1032 1640 1248 1682 secutus
1281 1637 1401 1691 est,
1429 1624 1630 1680 etdixit
1649 1665 1670 1690 ,
1696 1623 1999 1678 Cathedram

409 1721 577 1790 Moysi
615 1723 786 1776 sedent
817 1737 836 1776 :
861 1736 974 1791 qua:
998 1721 1194 1783 dicunt,
1219 1719 1404 1790 facile;
1428 1733 1541 1788 qua:
1566 1726 1732 1772 autem
1779 1717 1997 1788 faciunt,

406 1819 575 1886 facere
615 1814 769 1868 nolite
795 1829 814 1867 :
843 1813 1017 1867 dicunt
1057 1812 1225 1876 enim,
1253 1820 1298 1864 et
1341 1827 1441 1864 non
1485 1810 1698 1878 faciunt.
1727 1808 1864 1876 Quid
1912 1817 2002 1864 est

407 1925 536 1975 rt'go
561 1948 577 1974 ,
608 1907 832 1962 l'mtrcs?
857 1906 911 1962 Si
956 1905 1160 1961 diceret
1185 1905 1254 1961 de
1293 1903 1554 1959 sacriﬁcio
1569 1902 1882 1966 otl‘erendo;
1914 1901 1999 1956 di-

409 2007 594 2063 ceret,
625 1996 813 2051 Dicunt
841 1997 976 2052 enim
995 2038 1013 2063 ,
1032 2005 1081 2050 et
1107 2011 1208 2049 non
1251 1995 1483 2063 faciunt?
1504 1993 1727 2049 Faciunt
1745 1993 1887 2049 enim
1917 2008 2002 2048 sa.

412 2089 696 2153 crilicium,
726 2090 836 2144 Deo
863 2087 1112 2144 oll‘erunt.
1145 2086 1282 2154 Quid
1307 2095 1391 2142 est
1415 2085 1557 2156 quod
1584 2086 1786 2150 dicunt,
1815 2094 2000 2140 etnon

412 2181 654 2234 facium?
695 2179 834 2235 Audi
882 2179 1010 2250 quid
1059 2187 1356 2248 sequatur:
1385 2178 1614 2249 Alligant
1668 2177 1803 2231 enim
1849 2193 2003 2232 onera

410 2274 583 2343 gravia
606 2282 652 2326 et
682 2271 1044 2342 importabilia,
1067 2281 1111 2326 et
1136 2273 1401 2342 imponunt
1420 2287 1480 2326 ea
1503 2287 1651 2343 super
1675 2271 1887 2325 cervices
1907 2271 2001 2322 ho-

412 2365 628 2426 minum,
653 2380 767 2432 qua:
785 2363 884 2434 ipsi
903 2379 1006 2418 uno
1021 2363 1177 2434 digito
1197 2365 1372 2417 nolunt
1391 2361 1823 2433 tangereUlatth.
1847 2378 2002 2425 mu,

411 2457 554 2525 2-4).
603 2458 800 2524 Aperte
837 2455 1214 2524 exprobravit,
1239 2454 1520 2524 descripsit
1541 2463 1596 2508 et
1619 2453 1868 2508 ostendit.
1897 2453 2001 2507 Sed

411 2551 487 2605 illi
513 2549 727 2620 quando
755 2550 834 2604 sic
859 2549 1043 2604 volunt
1079 2557 1390 2617 pervertere
1429 2547 1746 2602 sententiam
1770 2588 1786 2613 ,
1817 2555 2002 2600 osten-

408 2641 542 2698 dttnt
569 2643 691 2713 quia
735 2642 864 2698 nihil
907 2642 1232 2712 qumruntin
1285 2641 1563 2704 Ecclesia,
1593 2641 1694 2696 nisi
1715 2639 2004 2695 commoda

412 2748 529 2798 sua;
559 2750 656 2790 nec
677 2734 1022 2804 Evangelinm
1052 2733 1294 2803 legerunt
1323 2749 1336 2786 :
1361 2732 1405 2786 si
1435 2731 1558 2786 enin
1588 2741 1806 2784 nossent
1831 2731 1999 2799 ipsam

413 2826 688 2897 paginam,
713 2834 768 2882 et
788 2834 956 2881 totum
976 2825 1268 2895 legissent,
1293 2837 1561 2893 nunquam
1583 2823 1684 2876 hoc
1713 2823 1891 2876 dicere
1915 2836 2005 2876 au-

412 2914 622 2970 dcrent.

485 3008 540 3062 9.
567 3007 734 3062 Malos
757 3017 978 3078 pastores
1003 3023 1108 3062 esse
1149 3008 1204 3060 in
1234 3005 1463 3060 Ecclesia
1489 3005 1679 3060 similes
1710 3004 2001 3058 Pharisazo-

415 3118 549 3154 rum.
583 3100 768 3156 Pastor
794 3102 906 3170 quis
926 3101 1292 3162 mercenarius,
1317 3099 1432 3168 quis
1453 3109 1641 3152 castus.
1675 3098 1816 3154 Uxor
1841 3108 2001 3150 casta.

416 3192 520 3248 Sed
549 3191 786 3260 apertius
811 3191 1068 3246 attendite
1087 3231 1109 3257 ,
1133 3190 1254 3259 quia
1285 3190 1444 3245 habet
1474 3191 1611 3244 tales
1639 3191 1892 3243 Ecclesia.
1925 3189 2004 3244 Ne

415 3285 536 3353 quis
588 3283 729 3340 dicat
787 3283 1238 3338 nobiszprorsus
1289 3283 1356 3338 de
1405 3283 1687 3338 Pharisaeis
1733 3282 1902 3346 dixit,
1933 3283 2002 3338 de

415 3375 619 3430 Scribis
659 3375 830 3440 dixit,
875 3375 940 3430 dc
962 3373 1159 3429 Judzcis
1207 3373 1380 3429 dixit:
1417 3391 1544 3428 nam.
1592 3373 1726 3427 tales
1753 3389 1857 3428 non
1908 3373 2003 3427 Ita—

415 3467 508 3522 bet
561 3467 818 3522 Ecclesia.
860 3466 959 3533 Qui
997 3475 1122 3520 sunt
1167 3479 1294 3535 ergo
1321 3465 1430 3530 illi,
1473 3465 1542 3520 de
1588 3465 1780 3533 quibus
1826 3466 2000 3518 omni-

415 3557 515 3612 bus
542 3557 803 3612 Dominus
841 3557 970 3612 dicit
1000 3575 1014 3612 :
1041 3555 1164 3611 Non
1210 3557 1372 3611 omnis
1411 3558 1496 3628 qui
1542 3557 1666 3610 mihi
1705 3558 1862 3622 dicit,
1895 3555 2004 3609 Do-

417 3652 553 3706 mine
571 3693 586 3714 ,
617 3650 834 3706 Domine
856 3693 872 3719 ,
899 3651 1102 3706 intrabit
1130 3651 1181 3704 in
1212 3667 1421 3722 regnum
1451 3651 1734 3705 caelorum?
1760 3651 1826 3706 Et
1853 3651 2004 3706 addi-

419 3751 492 3806 tlit
520 3769 530 3804 :
564 3750 718 3804 Multi
758 3751 921 3804 dicent
961 3750 1084 3803 mihi
1132 3750 1186 3803 in
1229 3750 1319 3804 illa
1340 3750 1421 3804 die
1440 3792 1454 3814 ,
1479 3748 1713 3810 Domine.
1742 3750 1957 3804 Domine
1982 3792 2003 3816 ,

419 3858 584 3896 nonne
606 3842 658 3895 in
707 3851 792 3894 tuo
832 3841 1033 3894 nomine
1073 3840 1501 3910 prophetavimus,
1529 3853 1576 3894 et
1609 3842 1662 3895 iu
1692 3841 1891 3895 nomine
1919 3851 2003 3895 tuo

421 3933 623 3985 rirtutes
652 3935 834 3985 multas
863 3931 1090 4000 fecimus,
1120 3941 1166 3984 et
1186 3931 1239 3984 in
1267 3933 1468 3985 nomine
1493 3942 1574 3985 tuo
1596 3932 2004 4005 manducavimus

422 4035 469 4077 et
494 4025 742 4078 bibimus?
769 4025 1030 4096 Numquid
1075 4027 1128 4081 in
1179 4029 1398 4084 nomine
1441 4024 1675 4090 Christi,
1719 4028 1888 4082 Juda‘i
1929 4030 2004 4082 la-

424 4117 572 4170 ciunt
601 4117 738 4170 ista?
767 4117 924 4172 Certe
948 4118 1284 4173 manifestum
1310 4129 1392 4174 est
1415 4121 1536 4190 quia
1563 4119 1628 4174 de
1655 4119 1736 4172 bis
1761 4120 1889 4174 dicit
1914 4121 2002 4189 qui

427 4224 622 4263 nomen
644 4207 840 4262 Christi
866 4207 1081 4263 habent.
1111 4209 1214 4265 Sed
1240 4211 1365 4280 quid
1390 4211 1652 4280 sequitur?
1675 4210 1812 4264 Tunc
1841 4212 2008 4264 dicam

425 4300 530 4353 illis
553 4315 571 4353 :
602 4299 881 4368 Nunquam
909 4314 994 4353 vos
1031 4301 1259 4369 cognovi.
1285 4301 1519 4355 Reccdite
1545 4318 1576 4353 a
1598 4318 1676 4354 me
1693 4341 1710 4364 ,
1732 4302 1904 4355 omnes
1921 4304 2008 4368 qui

426 4392 705 4462 operamini
742 4392 1053 4460 iniquitatem
1085 4391 1193 4462 (Id.
1222 4408 1333 4459 vn,
1362 4393 1574 4460 21-23).
1620 4393 1755 4448 Audi
1783 4397 2010 4463 Aposto-

426 4485 534 4539 lmn
588 4493 889 4554 gementem
945 4484 1013 4538 de
1065 4484 1279 4538 talibus.
1335 4483 1469 4537 Dicit
1519 4484 1654 4538 alios
1694 4486 2010 4539 annuntiat-e

425 4575 769 4645 lirangelium
792 4590 886 4645 per
905 4575 1238 4636 cbaritatcm,
1268 4574 1401 4628 alios
1423 4590 1518 4643 per
1544 4575 1875 4630 occasionem
1904 4593 1914 4626 :
1944 4575 2011 4630 de

427 4667 621 4732 quibus
648 4665 816 4730 dicit,
845 4665 1160 4719 Annuntiaut
1183 4665 1516 4736 Evangelium
1560 4683 1659 4720 nou
1683 4677 1814 4720 recte
1847 4666 2012 4734 (Phi-

429 4759 555 4827 lipp.
587 4773 636 4822 l,
672 4756 800 4828 I7).
833 4757 964 4812 Item
991 4766 1186 4812 rectam
1214 4797 1229 4821 ,
1275 4757 1369 4812 sed
1411 4758 1508 4826 ipsi
1547 4773 1657 4811 non
1686 4757 1833 4812 recti.
1863 4759 2012 4826 Quod

429 4849 745 4902 annuntiant
763 4890 778 4913 ,
803 4858 1006 4904 rectum
1028 4855 1133 4911 est;
1151 4846 1244 4902 sed
1265 4848 1353 4916 qui
1381 4850 1696 4901 annuutiant
1716 4888 1736 4914 ,
1762 4863 1866 4902 non
1892 4858 2018 4903 sunt

432 4943 584 4997 recti.
611 4941 787 5010 Quare
812 4956 917 4996 non
945 4949 1027 4996 est
1052 4940 1266 4995 rectus?
1298 4939 1431 5007 Quia
1456 4940 1597 4995 aliud
1619 4940 1809 5010 quaerit
1835 4941 1885 4994 in
1915 4941 2017 4997 Εε-

436 5033 597 5086 clesia
619 5074 633 5098 ,
658 5048 764 5088 non
792 5031 957 5087 Deum
981 5030 1208 5106 quaarit.
1237 5029 1297 5085 Si
1327 5031 1492 5086 Deum
1518 5044 1780 5101 qumreret
1799 5074 1813 5094 ,
1838 5043 2018 5088 castus

434 5133 610 5189 esset;
639 5123 762 5194 quia
798 5122 1092 5194 legitimum
1138 5123 1386 5178 maritum
1415 5123 1592 5178 anima
1638 5125 1804 5199 Deum
1837 5127 2017 5182 habet.

435 5215 685 5286 Quisquis
710 5229 741 5268 a
768 5214 879 5270 Deo
899 5222 1090 5283 prmtcr
1109 5213 1276 5268 Deum
1295 5213 1494 5286 aliquid
1515 5217 1726 5286 quierit,
1747 5234 1851 5272 non
1875 5228 2021 5274 caste

440 5307 603 5363 Deum
634 5307 841 5376 qmerit.
876 5306 1094 5374 Videte,
1116 5305 1309 5361 fratres
1333 5324 1348 5360 :
1375 5305 1421 5362 si
1448 5322 1582 5362 uxor
1600 5318 1742 5363 amet
1770 5309 2020 5364 maritum

439 5401 564 5480 quia
611 5400 758 5456 dives
791 5410 912 5464 est;
943 5415 1050 5455 non
1089 5408 1182 5473 est
1207 5410 1376 5455 casta.
1423 5399 1538 5454 Non
1584 5401 1726 5456 enim
1772 5401 2054 5472 maritum“

440 5499 620 5559 amat.
650 5491 742 5547 sed
792 5506 979 5546 aurum
1021 5491 1219 5545 mariti.
1260 5490 1314 5547 Si
1341 5500 1518 5546 autem
1553 5492 1801 5545 maritum
1842 5502 2020 5559 amat,

444 5593 499 5637 ct
521 5584 717 5638 nudum
742 5593 885 5638 amat
909 5625 923 5650 ,
955 5596 1009 5639 et
1029 5598 1317 5655 pauperem
1339 5596 1502 5639 amat.
1531 5583 1586 5640 Si
1615 5586 1754 5639 enim
1784 5594 2026 5655 proptere

446 5691 510 5730 ca
535 5683 710 5742 amat,
740 5675 864 5744 quia
894 5673 1045 5730 dives
1065 5683 1146 5729 est
1169 5691 1184 5741 ;
1213 5674 1337 5745 quid
1355 5717 1370 5740 ,
1403 5674 1446 5728 si
1474 5673 1762 5746 (quomodo
1786 5685 1909 5729 sunt
1937 5692 2025 5729 ca-

445 5783 540 5825 sus
567 5767 816 5839 humani)
844 5759 1206 5840 proscribatur
1234 5776 1287 5823 ct
1313 5763 1491 5823 subito
1529 5781 1691 5840 egens
1717 5772 2023 5824 remaneat?

1643 311 1700 367 S.
1743 301 2107 366 AUGUSTINI
2151 304 2447 363 liPlSCOl’l

3578 314 3681 371 τω

2103 423 2390 478 llenuntiat
2417 422 2491 476 illi
2517 421 2688 489 brte;
2717 425 2840 496 quia
2876 427 3022 496 quod
3044 427 3286 492 amabat,
3314 443 3420 484 non
3462 442 3684 487 luamus

2103 525 2240 583 erat,
2263 517 2356 573 sed
2386 532 2474 572 res
2493 518 2630 588 ejus.
2657 518 2714 575 Si
2735 530 2910 576 autem
2934 535 3062 577 vere
3077 521 3324 577 maritum
3345 532 3510 587 amat,
3522 525 3685 580 etiam

2101 624 2386 681 pauperem
2416 611 2535 681 plus
2575 622 2754 678 amat;
2795 613 2918 684 quia
2960 630 3082 674 cum
3122 616 3483 671 misericordia
3520 629 3684 671 amat.

2171 702 2396 760 CAPUT
2425 704 2604 759 lX.—-
2621 707 2706 762 I0.
2739 707 2874 762 Deus
2900 718 3035 762 caste
3059 709 3376 777 querenda.
3399 709 3466 763 Et
3484 717 3684 774 tamen,

2102 795 2499 863 fratres,Deus
2547 807 2730 854 noster
2761 815 3027 869 nunquam
3076 815 3278 870 pauper
3320 815 3441 855 esse
3487 810 3684 870 potest.

2104 891 2261 946 Dives
2284 898 2406 957 est,
2435 891 2547 961 ipse
2573 892 2695 946 fecit
2712 891 2912 956 ouinia,
2935 893 3128 947 coelum
3177 901 3232 946 et
3274 903 3468 947 terram
3494 934 3509 956 ,
3540 908 3689 948 mare

2102 991 2158 1037 et
2179 983 2430 1052 Angelos.
2461 982 2721 1053 Quidquid
2749 984 3011 1049 videmus,
3033 983 3288 1055 quidquid
3317 999 3423 1040 non
3443 984 3690 1042 videmus

2103 1074 2155 1129 in
2176 1075 2333 1140 caelo,
2367 1075 2482 1144 ipse
2507 1076 2653 1130 fecit.
2685 1074 2789 1131 Sed
2817 1085 2992 1130 tamen
3018 1092 3123 1131 non
3158 1077 3370 1132 divitias
3394 1093 3577 1132 amare
3595 1079 3693 1133 de-

2104 1165 2331 1232 bemus,
2363 1167 2456 1221 sed
2485 1183 2608 1222 eum
2653 1167 2742 1236 qui
2779 1168 2904 1222 fecit
2948 1168 3084 1222 illas.
3125 1167 3242 1222 Non
3271 1168 3414 1224 enim
3437 1168 3532 1222 tibi
3559 1184 3691 1238 pro-

2105 1260 2249 1314 misit
2289 1261 2390 1314 nisi
2434 1275 2513 1316 se.
2546 1261 2725 1316 Inveni
2749 1261 2944 1331 aliquid
2979 1261 3261 1331 pretiosius
3285 1303 3302 1326 ,
3336 1270 3392 1317 et
3443 1261 3548 1317 hoc
3592 1263 3691 1318 tibi

2103 1351 2267 1405 dabit.
2299 1352 2525 1406 Pulchra
2555 1362 2638 1407 est
2664 1363 2805 1408 terra
2829 1394 2844 1418 ,
2870 1354 3066 1407 caelum
3107 1361 3163 1408 et
3188 1353 3374 1422 Angeli
3400 1371 3414 1408 :
3443 1353 3538 1410 sed
3570 1355 3693 1423 pul-

2103 1444 2283 1498 chrior
2307 1445 2502 1514 estqui
2529 1443 2657 1500 fecit
2685 1447 2819 1499 lucc.
2845 1445 2952 1512 Qui
2969 1461 3098 1516 ergo
3126 1446 3446 1501 annuntiunt
3473 1447 3648 1501 Deum
3671 1487 3694 1513 ,

2104 1546 2346 1604 amantes
2376 1537 2562 1601 Deum;
2593 1537 2682 1606 qui
2703 1539 3020 1593 aunuutiant
3042 1539 3229 1605 Deum,
3252 1547 3472 1610 propter
3499 1539 3696 1604 Nam,

2105 1636 2330 1697 pascunt
2346 1644 2494 1696 oves,
2520 1638 2574 1684 et
2599 1645 2703 1684 non
2735 1639 2860 1685 sunt
2893 1630 3230 1687 mercenarii.
3271 1629 3444 1700 Ipsam
3472 1630 3698 1684 castita-

2106 1727 2212 1773 tem
2241 1719 2487 1790 exigebat
2511 1721 2580 1776 ab
2605 1721 2782 1776 anima
2811 1722 3068 1777 Dominus
3117 1730 3300 1778 noster
3335 1722 3491 1778 Jesus
3531 1722 3698 1777 Chri-

2105 1819 2226 1864 stus
2246 1851 2262 1876 ,
2307 1810 2526 1880 quando
2563 1811 2772 1867 dicebat
2806 1813 2964 1867 Petro
2991 1855 3006 1879 ,
3043 1811 3222 1879 Petre,
3245 1831 3388 1869 antas
3407 1831 3486 1868 me
3504 1815 3530 1868 .’
3554 1814 3695 1881 Quid

2105 1909 2207 1967 est,
2231 1900 2386 1956 Amas
2405 1903 2512 1958 me?
2526 1903 2715 1958 Castus
2731 1904 2816 1958 es?
2835 1904 2949 1959 Non
2975 1913 3058 1960 est
3074 1920 3168 1964 cor
3193 1915 3340 1960 tuum
3367 1905 3702 1961 adulterum?

2105 1993 2222 2049 Non
2263 2005 2350 2050 tua
2369 1996 2570 2065 quaeris
2613 1997 2667 2051 in
2714 1996 2954 2053 Ecclesia
2982 2038 2999 2064 ,
3037 1998 3134 2053 sed
3155 1999 3310 2054 mea?
3340 1998 3394 2055 Si
3422 2015 3550 2070 ergo
3571 2000 3702 2055 talis

2106 2100 2190 2154 es,
2224 2096 2280 2142 et
2310 2103 2459 2144 amas
2479 2104 2602 2154 me,
2646 2105 2796 2157 pasce
2838 2106 2952 2144 ores
2996 2090 3346 2160 meas(Joan.
3401 2107 3533 2157 xxi,
3578 2091 3701 2162 I5).

2106 2179 2221 2235 Non
2247 2181 2390 2236 enim
2417 2186 2523 2236 eris
2544 2183 2923 2247 mercenarius,
2979 2183 3072 2238 sed
3099 2184 3208 2240 eris
3238 2193 3434 2253 pastor.

2181 2273 2266 2326 II.
2294 2271 2596 2326 Mercenarii
2615 2274 2867 2345 quomodo
2897 2275 3062 2329 utiles.
3092 2273 3332 2329 Pastores
3349 2277 3498 2345 pauci
3517 2317 3532 2340 ,
3559 2291 3705 2328 nter-

2108 2365 2298 2417 cenarii
2326 2366 2490 2418 multi.
2532 2366 2612 2420 Illi
2642 2375 2818 2420 autem
2847 2381 2952 2421 non
2982 2375 3127 2422 caste
3176 2367 3595 2431 ammntiabaut,
3628 2367 3710 2422 de

2107 2455 2300 2524 quibus
2339 2457 2504 2526 gemit
2547 2459 2852 2527 Apostolus.
2884 2458 2987 2513 Sed
3014 2458 3139 2528 quid
3165 2459 3327 2513 dicit?
3355 2458 3491 2525 Quid
3517 2461 3653 2512 enim
3673 2461 3709 2512 ?

2107 2548 2231 2602 dum
2256 2550 2393 2603 omni
2416 2549 2566 2602 modo
2584 2591 2606 2614 ,
2626 2549 2727 2604 sive
2750 2551 3010 2604 occasione
3031 2592 3046 2616 ,
3077 2551 3180 2605 sive
3220 2551 3424 2605 veritate
3465 2550 3709 2606 Christus

2107 2644 2432 2697 annuutictur
2457 2642 2715 2714 (Philipp.
2747 2659 2797 2705 ι,
2827 2643 2944 2711 18)..
2977 2644 3222 2699 Permisit
3247 2658 3375 2713 ergo
3402 2658 3523 2698 esse
3544 2659 3704 2697 mer-

2107 2737 2377 2791 cenarios.
2397 2736 2588 2791 Pastor
2611 2737 2832 2792 veritate
2852 2737 3123 2792 Christum
3145 2737 3421 2791 annuntiat
3437 2778 3452 2800 ,
3484 2752 3705 2791 merce-

2109 2829 2291 2884 narius
2316 2830 2596 2885 occasione
2616 2828 2890 2885 Christh
2920 2831 3225 2893 annuntiat,
3255 2830 3394 2884 aliud
3422 2846 3705 2899 quaerens.

2108 2921 2306 2975 Tamen
2342 2930 2399 2974 et
2420 2921 2508 2976 ille
2545 2920 2812 2976 Christum
2857 2921 3166 2984 annuntiat,
3199 2930 3252 2976 et
3281 2921 3371 2976 ille
3397 2920 3707 2977 Christum.

2108 3011 2242 3064 Audi
2272 3027 2456 3064 vocem
2505 3013 2736 3080 pastoris
2766 3011 2913 3066 Pauli
2945 3030 2958 3066 :
2986 3011 3106 3067 Sive
3131 3013 3420 3079 occasione,
3441 3013 3544 3067 sive
3561 3015 3706 3067 veri-

2107 3111 2207 3155 tate
2249 3101 2475 3156 Christus
2519 3103 2861 3157 annuntietur.
2918 3104 3035 3172 Ipse
3074 3113 3252 3173 pastor
3290 3103 3453 3158 voluit
3493 3104 3708 3160 habere

2108 3195 2516 3250 mercenarium.
2540 3195 2763 3250 Faciunt
2803 3197 2943 3250 enim
2972 3196 3058 3249 ubi
3085 3205 3306 3265 possunt
3327 3239 3342 3259 ,
3369 3196 3527 3250 utiles
3569 3207 3709 3250 sunt

2106 3296 2363 3355 quantum
2391 3296 2631 3356 possunt.
2666 3287 2888 3355 Quando
2926 3296 3104 3342 autem
3147 3288 3219 3340 ad.
3243 3289 3373 3341 alios
3395 3302 3523 3340 usus
3547 3303 3708 3355 qua:-

2109 3379 2258 3433 rebat
2281 3380 2570 3448 Apostolus
2589 3419 2604 3445 ,
2627 3380 2778 3448 cujus
2807 3380 2917 3432 vias
2945 3380 3275 3434 imitarentur
3313 3379 3507 3433 inﬁrmi
3534 3397 3547 3432 :
3574 3378 3709 3432 Misi

2106 3473 2240 3528 vobis
2265 3513 2280 3537 ,
2305 3473 2509 3542 inquit,
2542 3471 2856 3526 Timotheum
2875 3513 2890 3536 ,
2917 3472 3003 3542 qui
3029 3489 3114 3526 vos
3155 3473 3566 3540 commonefaciat
3595 3472 3712 3524 vias

2106 3580 2240 3617 uaeas
2271 3563 2326 3635 (I
2355 3563 2473 3619 Cor.
2501 3579 2552 3618 tv
2571 3605 2588 3630 ,
2613 3564 2742 3632 I7).
2766 3565 2830 3617 Et
2855 3564 2980 3632 quid
3006 3564 3116 3616 ait?
3143 3562 3257 3617 Misi
3295 3575 3559 3630 pastorem
3609 3563 3706 3630 qui

2106 3669 2204 3708 vos
2231 3664 2594 3710 cummoneret
2618 3656 2736 3708 vias
2753 3670 2898 3709 meas
2927 3673 2938 3708 :
2965 3655 3014 3708 id
3044 3665 3127 3709 est
3145 3695 3160 3714 .
3191 3655 3278 3722 qui
3303 3653 3572 3722 quomodo
3597 3670 3710 3724 ego

2107 3748 2322 3802 ambulo
2341 3787 2356 3810 ,
2383 3757 2438 3802 et
2467 3747 2580 3816 ipse
2608 3747 2863 3801 ambulat.
2899 3748 2961 3800 Et
3004 3748 3222 3801 mittens
3245 3756 3509 3813 pastorem
3529 3787 3542 3804 ,
3568 3747 3712 3814 quid

2107 3841 2212 3895 ait?
2242 3841 2509 3894 Neminem
2537 3840 2668 3894 enim
2695 3842 2850 3893 habeo
2887 3851 2989 3893 tam
3015 3841 3301 3894 unanimem
3328 3881 3341 3903 ,
3373 3842 3458 3908 qui
3501 3842 3712 3893 sincera

2108 3932 2373 3999 a/fcctioue
2400 3948 2490 4001 pro
2514 3932 2652 3986 vobis
2676 3931 2922 3985 sollieitus
2951 3933 3034 3984 sit.
3078 3931 3262 3986 Nonne
3285 3948 3402 3986 cum
3430 3931 3519 3984 illo
3544 3942 3710 3984 erant

2110 4024 2283 4078 multi?
2305 4023 2408 4077 Sed
2430 4023 2552 4093 quid
2581 4023 2817 4092 sequitur
2831 4024 3043 4076 ?0mues
3064 4025 3195 4077 enim
3217 4040 3308 4077 sua
3327 4033 3578 4092 quaerunt,
3598 4040 3710 4078 non

2108 4132 2222 4185 qua:
2245 4125 2359 4169 siml
2385 4114 2511 4168 Jesu
2531 4115 2719 4168 Christi
2745 4113 2996 4186 (Philipp.
3025 4132 3080 4178 ll,
3099 4115 3183 4181 20,
3215 4115 3306 4184 21)
3335 4134 3348 4168 :
3381 4115 3429 4168 id
3461 4127 3564 4179 est,
3589 4117 3710 4186 Ego

2111 4207 2261 4261 vobis
2306 4215 2574 4275 pastorem
2605 4207 2816 4260 mittere
2845 4207 3014 4270 volui;
3047 4222 3166 4260 nam
3197 4206 3344 4280 mnlti
3381 4208 3708 4260 mercenarii

2112 4307 2271 4352 sunt:
2301 4296 2394 4351 sed
2431 4313 2537 4350 non
2565 4305 2874 4366 oportuerat
2899 4305 2956 4350 ut
2981 4299 3342 4351 mercenarius
3376 4296 3710 4350 mitteretur.

2112 4389 2192 4443 Ad
2206 4389 2338 4443 alias
2358 4403 2443 4442 res
2460 4397 2513 4442 et
2529 4388 2736 4457 negotia
2757 4389 3051 4456 peragenda
3066 4388 3288 4442 mittitur
3304 4388 3673 4442 mercenarius
3695 4408 3710 4443 :

2113 4481 2177 4534 ad
2207 4481 2323 4535 illas
2349 4489 2525 4534 autem
2556 4496 2686 4549 quas
2720 4489 2858 4533 tunc
2885 4480 3092 4533 volebat
3136 4480 3357 4540 Paulus,
3388 4491 3569 4548 pastor
3591 4492 3714 4534 erat

2115 4572 2470 4646 necessarius.
2506 4572 2568 4624 Et
2595 4571 2680 4624 vix
2711 4571 2910 4626 invenit
2931 4586 3091 4626 unum
3120 4579 3388 4640 pastorem
3411 4572 3549 4626 inter
3573 4575 3717 4624 mul-

2118 4671 2200 4718 tos
2240 4663 2597 4716 mercenaries
2626 4679 2638 4715 :
2671 4663 2790 4732 quia
2819 4663 2968 4731 pauci
3014 4673 3281 4731 pastores,
3314 4663 3461 4716 multi
3494 4678 3714 4717 merce~

2121 4739 2276 4809 uarii.
2305 4756 2409 4810 Sed
2440 4755 2565 4824 quid
2593 4755 2785 4809 dicitur
2806 4755 2873 4808 de
2894 4755 3272 4810 mercenariis?
3298 4755 3452 4807 Amen
3481 4756 3596 4808 dico
3625 4773 3720 4808 vo-

2122 4849 2194 4902 bis
2216 4890 2230 4913 ,
2263 4857 2586 4917 perceperunt
2628 4846 2905 4900 mercedem
2947 4846 3342 4918 suam(1llutth.
3375 4861 3454 4906 VI,
3498 4847 3590 4915 2).
3641 4848 3722 4898 Ile

2121 4949 2332 5012 pastore
2379 4947 2555 4993 autem
2601 4938 2726 5008 quid
2771 4939 2844 4991 ait
2888 4939 3209 5007 Apostolus?
3256 4937 3492 5007 Quisquis
3540 4950 3724 4992 autem

2122 5031 2436 5084 mandaverit
2460 5045 2514 5083 se
2545 5029 2606 5082 ab
2636 5029 2926 5100 hujusmodi
2951 5070 2964 5091 ,
2993 5030 3084 5082 erit
3125 5046 3209 5083 vas
3234 5029 3285 5082 iu
3313 5030 3552 5082 honorem
3583 5046 3723 5082 stm-

2123 5125 2416 5194 ctiﬁcatum,
2438 5131 2484 5174 et
2513 5121 2633 5174 utile
2654 5120 2890 5183 Domino,
2918 5121 2986 5174 ad
3014 5138 3159 5174 omne
3184 5137 3309 5191 opus
3349 5118 3535 5173 bonum
3561 5139 3729 5190 paru-

2126 5226 2232 5270 tum
2257 5231 2452 5285 semper
2490 5214 2556 5285 (Il
2577 5212 2710 5266 Tim.
2741 5229 2805 5277 ιι,
2831 5213 2948 5283 21).
2971 5211 3086 5266 Non
3117 5213 3183 5268 ad
3213 5212 3467 5281 quasdam
3505 5228 3596 5266 res
3626 5230 3730 5282 pa-

2123 5319 2298 5364 ratum
2318 5350 2334 5376 ,
2365 5317 2419 5363 et
2445 5307 2510 5362 ad
2533 5306 2784 5376 quasdam
2813 5321 2918 5360 non
2948 5317 3207 5376 paratum;
3239 5305 3332 5361 sed
3361 5307 3429 5359 ad
3447 5323 3594 5360 omne
3631 5307 3736 5359 bo-

2126 5417 2248 5453 num
2276 5416 2402 5466 Opus
2428 5407 2680 5466 paratum.
2706 5396 2827 5451 Ilmc
2847 5396 2914 5452 de
2941 5395 3239 5463 pastoribus
3267 5396 3396 5449 dixi.

2198 5489 2425 5544 CAPUT
2465 5488 2532 5542 Χ.
2565 5519 2635 5528 —
2667 5487 2764 5550 12.,
2785 5486 3130 5542 Mercenarius
3161 5489 3378 5559 fugiens.
3411 5487 3732 5554 Donatista,

2133 5581 2241 5650 lupi
2271 5592 2315 5635 et
2343 5581 2582 5634 latrones.
2631 5581 2704 5633 De
2749 5581 3093 5633 mercenariis
3121 5591 3296 5634 autem
3323 5581 3431 5649 jam
3459 5581 3733 5634 dicemus.

2136 5673 2475 5729 Illerceuarius
2521 5671 2725 5741 quando
2754 5671 2883 5723 videt
2926 5672 3101 5741 lupum
3151 5672 3467 5724 insidiantem
3507 5671 3690 5726 ovibus

2133 5769 2282 5842 fugit.
2311 5767 2419 5822 Hoc
2472 5764 2730 5820 Dominus
2759 5761 2911 5819 dixit.
2939 5763 3172 5830 Quare?
3221 5763 3352 5828 Quia
3407 5781 3506 5816 non
3543 5752 3623 5817 est
3685 5767 3729 5819 αἱ
