4098 6310
353 242 450 300 761

350 372 478 416 cura
521 358 585 412 de
613 357 802 412 ovibus.
833 355 1060 412 Tamdiu
1099 370 1228 428 ergo
1257 364 1341 410 est
1367 353 1513 410 utilis
1537 351 1932 412 mercenarius.

351 450 606 523 quamdiu
634 466 741 506 non
766 449 909 505 videt
938 451 1142 521 lupum,
1169 447 1422 518 quamdiu
1461 461 1566 501 non
1595 443 1740 499 videt
1763 445 1938 497 furem

354 529 408 600 et
444 546 703 599 latronem
729 561 743 598 :
770 559 890 598 cum
903 553 1080 598 autem
1111 542 1336 607 viderit,
1361 539 1512 611 fugit.
1541 540 1606 594 Et
1631 539 1750 609 quis
1770 547 1858 593 est
1873 535 1942 590 de

353 635 818 706 mercenariis,qui
846 651 950 690 non
981 635 1113 704 fugit
1133 635 1148 666 ³
1178 633 1245 689 de
1269 633 1532 699 Ecclesia,
1560 631 1772 703 quando
1792 629 1940 684 videt

355 731 535 799 lupum
549 739 602 783 et
629 728 924 783 latronem?
945 727 1230 783 Abundant
1244 727 1375 798 lupi,
1391 727 1661 782 abundant
1681 726 1939 780 latrones.

354 817 459 890 Ipsi
487 827 611 874 sunt
635 819 724 889 qui
753 817 1052 873 ascendunt
1085 833 1179 888 per
1206 817 1428 872 alteram
1448 817 1788 887 partem.Qui
1819 825 1943 872 sunt

358 910 447 968 isti
457 911 543 981 qui
564 910 885 966 ascendunt?
895 909 994 976 Qui
1007 909 1073 965 de
1091 919 1239 980 parte
1252 910 1440 964 Donati
1453 911 1636 964 volunt
1647 908 1942 978 depraedari

355 1017 484 1056 oves
512 1001 727 1066 Christi,
759 1002 859 1071 ipsi
886 1017 983 1072 per
1006 1001 1230 1056 alteram
1265 1010 1467 1072 partem
1496 999 1810 1056 ascendunt.
1826 999 1941 1054 Non

358 1108 454 1162 per
478 1093 747 1147 Christum
790 1093 988 1146 intrant
1022 1111 1036 1146 :
1067 1093 1190 1162 quia
1241 1109 1345 1146 non
1375 1101 1501 1146 sunt
1539 1091 1786 1146 humiles.
1809 1091 1943 1159 Quia

356 1182 572 1252 superbi
599 1192 760 1246 sunt,
801 1183 1112 1239 ascendunt.
1144 1183 1280 1251 Quid
1310 1193 1392 1239 est
1417 1226 1432 1251 ,
1478 1184 1813 1239 ascendunt?
1841 1184 1945 1238 Ex-

358 1274 631 1328 tolluntur.
663 1273 818 1330 Unde
875 1275 1210 1330 ascendunt?
1257 1275 1365 1330 Per
1412 1275 1634 1330 alteram
1690 1284 1942 1346 partem:

359 1367 502 1422 unde
521 1367 589 1423 de
621 1377 775 1437 parte
799 1368 902 1423 dici
933 1369 1138 1424 volunt.
1169 1369 1268 1436 Qui
1309 1369 1364 1424 in
1409 1369 1611 1424 unitate
1640 1384 1743 1424 non
1775 1377 1897 1424 sunt
1927 1411 1942 1434 ,

355 1459 426 1512 de
449 1461 615 1514 altera
641 1470 794 1530 parte
819 1470 982 1527 sunt,
1017 1470 1072 1516 et
1098 1461 1165 1517 de
1207 1463 1320 1532 ipsa
1347 1469 1496 1531 parte
1529 1462 1859 1526 ascendunt,
1894 1463 1944 1518 id

357 1563 481 1618 est,
514 1555 862 1610 extolluntur
888 1597 902 1621 ,
946 1565 1000 1611 et
1035 1556 1222 1611 volunt
1267 1557 1454 1612 tollere
1491 1571 1639 1611 oves.
1669 1556 1948 1623 Quomodo

357 1651 671 1717 ascendunt,
699 1651 895 1708 videte.
927 1651 1056 1720 Nos,
1087 1653 1373 1724 inquiunt,
1402 1652 1821 1720 sanetilicamus,
1848 1668 1947 1708 nos

351 1742 704 1812 justificamus
736 1784 752 1808 ,
804 1759 900 1798 nos
931 1743 1153 1799 facimus
1168 1743 1363 1814 justos.
1397 1743 1537 1799 Ecce
1563 1759 1669 1813 quo
1691 1744 1948 1800 ascende-

358 1846 482 1889 runt
500 1837 541 1889 '.
570 1834 676 1892 Sed
700 1837 788 1906 qui
810 1852 871 1892 se
897 1837 1114 1900 exaltat,
1141 1836 1506 1891 humiliabitur
1528 1835 1676 1908 (Luc.
1701 1853 1811 1904 xlv,
1831 1836 1946 1907 11).

361 1928 558 1984 Potens
577 1937 659 1984 est
682 1929 937 1984 Dominus
965 1929 1104 1984 Deus
1133 1939 1316 1985 noster
1335 1929 1615 1984 humiliarc
1632 1944 1748 1984 eos.
1771 1928 1949 2000 Lupus

359 2029 536 2075 autem
567 2019 813 2076 diabolus
841 2030 923 2076 est
951 2039 963 2074 :
991 2021 1274 2076 insidiatur
1297 2030 1356 2076 ut
1389 2021 1640 2090 decipiat,
1673 2029 1728 2076 et
1752 2022 1844 2092 qui
1878 2022 1946 2076 il-

360 2112 468 2165 lum
499 2122 826 2182 sequuntur;
859 2130 979 2168 nam
1025 2113 1219 2168 dictum
1259 2122 1373 2181 est,
1404 2113 1551 2184 quod
1598 2114 1768 2169 induti
1827 2115 1948 2186 qui-

358 2201 482 2256 dem
524 2205 751 2272 pellibus
781 2205 956 2259 ovimn
991 2247 1006 2269 ,
1049 2206 1189 2259 intus
1217 2217 1394 2260 autetn
1434 2214 1561 2260 sunt
1592 2205 1699 2274 lupi
1729 2221 1948 2276 rapaces

363 2295 574 2365 (Matth.
613 2312 684 2349 vlt
709 2339 724 2361 ,
759 2298 870 2366 15).
899 2297 956 2351 Si
988 2297 1178 2352 viderit
1208 2297 1570 2352 mercenarius
1611 2299 1842 2368 aliquem
1873 2297 1950 2351 lo-

361 2391 449 2460 qui
482 2406 638 2459 prava
671 2391 711 2452 ³,
745 2401 837 2446 aut
875 2392 1074 2446 sentire
1102 2392 1396 2448 secnndum
1440 2392 1730 2462 perniciem
1757 2391 1950 2446 anima:

361 2498 474 2536 sua:
496 2525 510 2546 ,
537 2492 628 2536 aut
654 2483 851 2554 aliquid
877 2483 1052 2539 facere
1083 2482 1403 2540 sceleratum
1434 2493 1488 2538 et
1513 2482 1824 2538 obscaenum
1849 2525 1864 2547 ,
1896 2493 1952 2539 et

362 2585 538 2627 tamen
561 2573 683 2644 quia
707 2573 916 2629 videtur
939 2575 1134 2630 habere
1149 2574 1372 2644 alicujus
1389 2575 1641 2629 momenti
1663 2589 1951 2646 personam

363 2665 416 2717 in
450 2663 686 2720 Ecclesia
713 2707 728 2730 ,
774 2665 914 2720 unde
934 2665 978 2720 si
1012 2675 1193 2736 sperat
1227 2665 1507 2720 commoda
1530 2708 1548 2732 ,
1589 2665 1952 2722 mercenarius

361 2763 487 2810 est:
521 2763 576 2810 et
602 2771 721 2809 cum
769 2756 912 2810 videt
953 2755 1224 2810 hominem
1249 2757 1425 2826 perire
1453 2758 1506 2812 in
1537 2767 1777 2827 peccato,
1806 2758 1952 2813 videt

363 2847 514 2901 illum
539 2848 689 2918 sequi
723 2847 903 2918 lupum
929 2890 944 2912 ,
974 2849 1118 2903 videt
1139 2849 1278 2904 illius
1303 2861 1486 2921 guttur
1519 2866 1700 2905 morsu
1724 2851 1862 2906 trahi
1883 2851 1950 2906 ad

362 2938 723 3007 supplicium;
773 2955 878 2992 non
911 2939 984 2994 illi
1011 2939 1172 3007 dicit,
1224 2941 1454 3007 Peecas;
1503 2956 1609 2996 non
1655 2942 1806 2997 illum
1852 2943 1951 2998 ob-

359 3031 571 3101 iurgat,
599 3048 667 3087 ne
697 3033 880 3101 perdat
921 3033 1204 3088 commoda
1238 3051 1353 3089 sua.
1384 3035 1494 3090 Hoc
1520 3045 1602 3092 est
1630 3051 1760 3107 ergo
1779 3077 1798 3104 ,
1825 3036 1950 3092 Cum

363 3123 543 3176 viderit
566 3122 766 3192 lupum,
787 3125 950 3194 fugit:
969 3141 1072 3178 non
1095 3124 1166 3178 illi
1193 3125 1341 3193 dicit,
1369 3124 1640 3182 Scelerate
1671 3126 1950 3182 facis.Nou

364 3215 605 3284 corporis
630 3258 645 3280 ,
675 3217 768 3269 sed
799 3215 990 3269 animae
1027 3215 1143 3270 hzec
1169 3214 1288 3286 fuga
1317 3226 1419 3270 est.
1448 3217 1616 3284 Quem
1650 3218 1798 3272 vides
1825 3233 1948 3272 eor-

369 3324 498 3377 pore
524 3317 665 3362 stare
687 3350 701 3372 ,
746 3308 879 3377 fugit
906 3310 1084 3363 animo
1109 3351 1122 3374 ,
1163 3325 1282 3364 cum
1310 3310 1452 3364 videt
1481 3321 1816 3380 peceatorem
1841 3351 1856 3375 ,
1900 3319 1954 3364 ct

369 3415 473 3453 non
501 3400 572 3454 illi
600 3400 729 3455 dicit
752 3442 768 3464 ,
799 3400 994 3456 Peccas
1019 3416 1033 3466 ;
1077 3416 1196 3455 cmn
1224 3403 1382 3456 etiam
1409 3403 1692 3457 consilium
1715 3420 1835 3458 cum
1865 3403 1956 3458 illo

368 3490 546 3546 habet.

441 3581 665 3638 CAPUT
705 3582 794 3636 XI.
825 3613 896 3623 —
923 3583 1009 3637 15.
1043 3581 1150 3636 Uva
1177 3583 1240 3638 de
1272 3584 1430 3654 spinis
1459 3589 1709 3652 quomodo
1739 3587 1953 3656 legatur.

371 3673 589 3729 Fratres
629 3675 774 3740 mei,
821 3674 1076 3744 nmnquid
1126 3689 1230 3727 non
1255 3675 1495 3728 ascendit
1541 3677 1825 3746 aliquando
1869 3688 1960 3733 aut

371 3765 652 3834 presbyter
676 3775 765 3818 aut
792 3765 1072 3832 cpiscopus
1095 3806 1107 3827 ,
1133 3774 1186 3818 et
1215 3780 1318 3818 non
1347 3764 1475 3819 dicit
1503 3765 1643 3820 aliud
1687 3767 1754 3820 de
1797 3784 1959 3837 supe-

370 3857 514 3909 riorc
540 3855 662 3908 loco
684 3895 698 3917 ,
735 3853 834 3908 nisi
866 3869 933 3908 nc
972 3855 1244 3923 rapiantur
1269 3873 1352 3910 res
1378 3857 1566 3910 alienze
1591 3899 1605 3922 ,
1648 3875 1716 3912 ne
1747 3859 1960 3916 fraudes

371 3948 502 4001 fiant
527 3989 541 4012 ,
572 3962 638 4001 ne
679 3947 880 4002 scelera
925 3948 1313 4003 admittuntur?
1352 3949 1468 4003 Non
1511 3961 1735 4020 possunt
1779 3952 1960 4008 dicere

371 4035 516 4090 aliud
539 4079 554 4100 ,
585 4037 674 4105 qui
705 4037 1013 4091 cathedram
1059 4038 1222 4108 Moysi
1256 4039 1447 4094 sedent
1473 4082 1485 4104 ,
1515 4049 1568 4094 ct
1595 4042 1706 4110 ipsa
1751 4041 1819 4096 de
1860 4043 1962 4098 illis

372 4131 636 4198 loquitur,
666 4145 770 4183 non
804 4130 923 4198 ipsi.
954 4130 1090 4198 Quid
1118 4140 1201 4184 est
1229 4148 1356 4201 ergo
1381 4175 1395 4198 ,
1430 4132 1692 4204 Numquid
1719 4135 1961 4206 colligunt

373 4221 440 4274 tle
464 4221 623 4288 spinis
651 4237 772 4275 unus
796 4263 810 4286 ,
857 4231 943 4274 aut
973 4222 1036 4274 de
1066 4222 1262 4277 tribulis
1286 4226 1413 4293 licus
1431 4227 1456 4278 Ρ
1481 4235 1536 4280 et
1558 4267 1572 4291 ,
1607 4227 1784 4281 Omnis
1813 4229 1964 4284 arbor

375 4329 440 4366 ex
471 4317 640 4384 [ructu
681 4314 998 4382 cognoscitur
1047 4313 1207 4384 (Ibid.
1262 4315 1394 4384 16)?
1446 4316 1744 4372 Phariszcus
1787 4329 1963 4388 potest

376 4405 514 4458 bona
541 4404 723 4473 loqui?
750 4405 1046 4458 l’harismus
1079 4406 1227 4473 spina
1257 4416 1339 4461 est
1372 4425 1384 4460 :
1415 4409 1684 4476 quomodo
1711 4411 1780 4465 de
1803 4415 1955 4480 spina

377 4497 495 4566 lego
522 4497 719 4550 uvam?
757 4497 886 4564 Quia
915 4505 967 4550 tu
991 4540 1005 4562 ,
1040 4498 1282 4562 Domine,
1331 4500 1544 4563 dixisti,
1576 4502 1702 4566 Qua:
1745 4505 1918 4558 dicunt
1944 4546 1960 4569 ,

381 4587 559 4657 facile;
587 4603 700 4658 qua:
737 4599 902 4641 autem
931 4589 1124 4656 faciunt
1145 4631 1158 4650 ,
1186 4591 1352 4658 facere
1376 4593 1546 4644 nolite.
1578 4593 1650 4647 De
1681 4595 1848 4663 spinis
1878 4613 1962 4652 me

373 4678 532 4746 jubes
558 4695 711 4734 uvam
741 4681 1028 4750 decerpere
1049 4724 1062 4745 ,
1110 4699 1230 4736 cum
1259 4683 1457 4738 dixeris
1477 4726 1490 4747 ,
1524 4685 1784 4756 Nmuquid
1813 4689 1962 4741 colli-

378 4780 501 4840 gunt
527 4771 592 4825 de
625 4773 785 4839 spinis
831 4790 976 4826 uram
998 4775 1024 4826 ?
1051 4774 1357 4844 Respondet
1378 4776 1468 4830 tibi
1511 4777 1766 4833 Dominus
1797 4797 1809 4832 :
1846 4779 1961 4834 Non

373 4863 509 4929 jussi
540 4871 590 4917 te
631 4863 698 4916 de
739 4865 905 4933 spinis
936 4881 1090 4919 uvam
1135 4867 1345 4936 legere;
1399 4868 1492 4923 sed
1539 4869 1658 4924 vide
1682 4910 1696 4934 ,
1748 4872 1963 4928 attende

379 4953 537 5018 bene,
571 4971 638 5010 ne
659 4955 795 5010 forte
817 4998 831 5021 ,
864 4966 921 5011 ut
948 4957 1059 5011 lieri
1085 4958 1260 5023 solet,
1294 4959 1418 5014 vitis
1463 4976 1584 5014 cum
1616 4962 1966 5019 circumerrat

379 5061 478 5116 per
523 5056 717 5101 terram
745 5089 760 5113 ,
809 5049 1040 5103 involuta
1071 5050 1140 5104 sit
1169 5049 1220 5104 in
1263 5051 1451 5119 spinis.
1499 5051 1632 5108 Nam
1679 5050 1980 5123 aliquando’

381 5139 681 5193 invenimus
710 5139 862 5205 illud,
895 5141 1086 5196 fratres
1107 5143 1232 5206 mei,
1263 5144 1422 5196 vitem
1446 5145 1668 5212 positam
1701 5161 1864 5216 super
1887 5163 1969 5202 ea-

380 5229 567 5294 ricem,
600 5233 722 5299 quia
751 5230 820 5285 ibi
851 5231 1010 5286 habet
1048 5245 1228 5301 sepem
1261 5233 1530 5302 Spinosam
1550 5278 1566 5302 ,
1593 5237 1830 5292 extendit
1858 5241 1969 5308 pal-

381 5325 538 5378 mites
563 5339 691 5379 suos
715 5367 730 5391 ,
762 5334 817 5379 et
846 5325 1032 5380 inserit
1059 5327 1110 5380 in
1139 5341 1320 5388 sepem
1348 5329 1618 5397 Spinosam
1642 5369 1658 5396 ,
1691 5339 1744 5384 et
1773 5332 1968 5399 pendet

383 5435 590 5546 ngam.
616 5441 690 5484 Er.
716 5443 770 5487 et
790 5450 964 5487 omnes
984 5445 1113 5502 Mss,
1137 5438 1219 5504 qui
1240 5439 1395 5539 fugit;
1417 5442 1604 5506 absque
1627 5451 1842 5508 negante
1861 5460 1970 5510 par-

448 5562 466 5624 ξ
490 5558 704 5624 nonnulli
727 5565 854 5617 Mss,
876 5569 999 5624 iEcce
1021 5563 1256 5624 quomodo
1275 5565 1553 5616 ascendunt.

448 5623 709 5698 inicimus
743 5636 775 5698 ξε
810 5623 1390 5698 (Inlliet‘titti§_pulicibus.
1431 5629 1599 5677 ueteri
1639 5635 1965 5698 manuscritti,

391 5681 600 5742 aliquem
624 5680 755 5735 1εήιὶ
775 5695 986 5742 necata.
1015 5689 1128 5737 Editi
1155 5702 1292 5745 vero,
1315 5689 1524 5744 aliquem
1554 5703 1772 5745 peccare.

1977 179 2100 189 ..ο-ρ

1658 233 1887 294 SERMO
1921 231 2234 288 CXXXVII.

3521 227 3630 285 76%

2051 350 2190 404 inter
2215 348 2395 418 spinas
2424 352 2607 406 botrus
2630 360 2725 416 :et
2747 351 2837 422 qui
2857 349 3001 407 videt
3031 349 3240 406 botrum
3269 349 3449 418 carpit
3468 389 3482 412 ,
3515 364 3629 404 non

2050 452 2225 496 tamen
2253 441 2320 496 de
2345 442 2514 512 spinis
2537 483 2552 511 ,
2595 443 2690 498 sed
2717 444 2784 499 de
2809 444 2919 500 vite
2942 485 2957 509 ,
3001 459 3120 514 qua:
3147 441 3503 512 circumplexa
3542 449 3630 496 est

2048 535 2238 604 Spinis.
2288 534 2378 591 Sic
2436 551 2564 606 ergo
2617 537 2696 591 illi
2758 537 2959 606 spinosi
3001 545 3126 592 sunt
3179 553 3196 591 :
3243 535 3338 590 sed
3390 533 3632 590 sedendo

2051 627 2103 681 in
2133 625 2384 681 cathedra
2417 628 2584 698 Moysi
2609 669 2623 694 ,
2665 629 2884 684 involvit
2908 645 3003 684 eos
3029 630 3158 684 vitis
3182 669 3196 693 ,
3223 638 3276 683 et
3304 627 3538 698 pendent
3561 627 3630 681 ad

2047 731 2144 772 eos
2171 717 2311 772 botri
2335 758 2351 782 ,
2383 718 2436 773 id
2465 729 2547 773 est
2575 759 2592 786 ,
2632 720 2794 774 verba
2821 721 2959 775 bona
2983 759 2999 786 ,
3051 729 3311 791 prmeepta
3357 720 3516 773 bona.
3549 718 3630 772 Tu

2049 812 2166 884 lege
2195 826 2348 866 uvam
2369 853 2383 876 ,
2426 827 2532 866 non
2563 821 2616 867 te
2645 813 2828 882 pungit
2850 814 3022 882 spina,
3051 812 3265 883 quando
3303 811 3433 881 legis
3452 853 3468 877 ,
3503 811 3634 876 Qui:

2048 905 2253 970 dicunt,
2284 905 2470 975 facite;
2497 906 2584 959 sed
2607 920 2720 974 quae
2741 905 2970 974 faciunt,
3016 905 3182 974 facere
3221 905 3396 959 nolite.
3443 905 3634 974 Pungit

2047 1010 2226 1055 autem
2248 1007 2300 1055 te
2323 999 2472 1070 spina
2494 1041 2507 1062 ,
2557 999 2602 1053 si
2627 999 2767 1069 quod
2796 997 2996 1054 faciunt
3037 998 3186 1053 fucis.
3222 997 3295 1054 Ut
3320 1013 3450 1069 ergo
3481 997 3630 1066 legas

2050 1107 2249 1159 uvam,
2291 1101 2346 1147 et
2381 1107 2486 1146 non
2513 1091 2780 1146 inluereas
2803 1091 2992 1160 spinis,
3029 1091 3156 1155 Qua:
3197 1089 3412 1153 dicunt,
3443 1089 3635 1160 facile;

2049 1183 2139 1239 sed
2176 1200 2290 1254 quae
2325 1185 2516 1254 faciunt
2542 1225 2556 1249 ,
2603 1185 2767 1255 facere
2794 1183 2968 1238 nolite.
3011 1181 3170 1238 Facta
3201 1183 3434 1252 ipsorum
3464 1181 3636 1252 spinae

2050 1284 2194 1342 sunt,
2218 1276 2378 1330 verba
2403 1277 2637 1346 ipsorqu
2663 1291 2763 1330 uva
2790 1284 2908 1344 est,
2941 1275 3036 1331 sed
3055 1274 3123 1331 de
3150 1275 3257 1331 vite
3279 1317 3295 1342 ,
3326 1275 3378 1330 id
3405 1285 3486 1330 est
3505 1316 3522 1343 ,
3561 1274 3631 1331 de

2051 1369 2300 1424 cathedra
2323 1369 2506 1440 Moysi.

2126 1463 2192 1516 14
2231 1459 2534 1516 Mercennrii
2559 1461 2824 1530 fugientes,
2841 1461 2961 1514 dum
2976 1460 3158 1530 iniquis
3183 1459 3367 1528 favent.
3391 1457 3636 1528 Augusti-

2053 1571 2147 1608 nus
2167 1570 2274 1608 non
2291 1555 2647 1608 mercenarius.
2671 1554 2896 1624 Fugiunt
2921 1567 3050 1623 ergo
3077 1552 3185 1619 isti,
3210 1551 3423 1622 quando
3449 1551 3634 1606 vident

2064 1647 2266 1715 lupum,
2295 1645 2508 1716 quando
2534 1645 2716 1700 vident
2743 1647 3022 1700 latronem.
3067 1644 3182 1699 lloc
3229 1650 3406 1698 autem
3454 1642 3638 1698 dicere

2053 1752 2342 1806 coeperam,
2374 1741 2496 1807 quia
2525 1737 2594 1792 de
2624 1737 2740 1791 loco
2769 1737 3043 1805 superiore
3074 1750 3179 1790 non
3206 1743 3429 1805 possunt
3455 1733 3640 1790 dicere

2055 1831 2179 1897 isti,
2209 1830 2307 1884 nisi
2333 1874 2346 1894 ,
2375 1831 2520 1886 Bene
2541 1830 2700 1885 facite
2723 1873 2736 1894 ,
2766 1831 2930 1886 nolite
2958 1829 3255 1900 perjurare,
3287 1829 3450 1884 nolite
3488 1827 3637 1883 frau-

2053 1923 2204 1989 dare,
2235 1923 2402 1979 nolite
2439 1924 2668 1995 aliquem
2695 1925 3102 1980 circumvenire.
3131 1923 3431 1994 Aliquando
3459 1931 3637 1978 autem

2054 2021 2132 2073 sic
2160 2018 2376 2082 vivunt,
2404 2026 2463 2072 ut
2486 2017 2554 2073 dc
2584 2018 2813 2073 tollenda
2842 2019 3016 2074 aliena
3044 2018 3166 2072 villa
3191 2059 3206 2082 ,
3237 2032 3358 2072 cum
3385 2017 3641 2087 episcopo

2055 2112 2338 2167 consilium
2379 2111 2653 2175 habeatur,
2685 2124 2740 2166 et
2769 2121 2981 2180 petatur
3032 2110 3100 2166 ab
3146 2111 3262 2180 ipso
3312 2110 3418 2164 tale
3457 2109 3640 2164 consi-

2057 2209 2206 2263 lium.
2263 2209 2564 2279 Aliquando
2610 2209 2764 2263 nohis
2807 2207 3063 2279 contigit,
3109 2205 3312 2276 experti
3364 2205 3637 2259 dicimus:

2057 2316 2178 2354 nam
2233 2317 2337 2355 non
2367 2300 2730 2355 crederemus.
2771 2299 2917 2354 Multi
2966 2315 2996 2353 a
3039 2298 3193 2352 nobis
3245 2295 3464 2352 consilia
3493 2295 3630 2349 mala

2058 2400 2282 2465 petunt,
2313 2393 2535 2448 consilia
2569 2391 2858 2447 mentiendi
2885 2434 2898 2457 ,
2927 2388 3412 2452 circumveniendi;
3447 2396 3640 2458 putan-

2059 2496 2140 2542 tes
2184 2486 2306 2557 quia
2353 2486 2563 2554 placent
2613 2486 2780 2539 nobis.
2815 2485 2920 2540 Sed
2964 2485 3014 2538 in
3058 2483 3275 2538 nomine
3319 2481 3550 2545 Christi,
3595 2481 3641 2534 si

2059 2581 2285 2634 Domino
2317 2579 2487 2648 placet
2515 2579 2655 2648 quod
2682 2579 2938 2642 dicimus,
2972 2578 3146 2631 nullus
3178 2575 3297 2630 talis
3340 2589 3438 2628 nos
3469 2581 3643 2628 tenta-

2057 2671 2134 2726 vit
2157 2713 2171 2734 ,
2207 2682 2263 2726 et
2305 2671 2503 2725 invenit
2545 2671 2683 2739 quod
2712 2670 2925 2724 volebat
2967 2669 3020 2723 in
3053 2667 3209 2722 nobis
3235 2669 3273 2722 ¹.
3301 2667 3433 2735 Quia
3455 2665 3501 2721 si
3531 2666 3645 2719 vult

2058 2766 2172 2835 ipse
2191 2765 2284 2835 qui
2307 2781 2403 2818 nos
2426 2765 2656 2827 vocavit,
2681 2772 2922 2834 pastores
2949 2776 3151 2823 sumus,
3177 2777 3280 2814 non
3304 2758 3640 2814 mercenarii.

2060 2855 2164 2910 Sed
2191 2855 2314 2926 quid
2341 2855 2416 2908 ait
2450 2855 2780 2924 Apostolus?
2820 2853 2952 2906 Mihi
2973 2853 3233 2906 minimum
3258 2860 3331 2905 est
3360 2859 3416 2903 ut
3445 2867 3476 2902 a
3501 2849 3640 2902 vobis

2049 2947 2286 3017 judicer,
2314 2957 2401 2998 aut
2434 2947 2495 3000 ab
2540 2947 2760 3000 humano
2787 2946 2870 2999 die
2897 2961 2922 2999 τ
2944 2945 3031 3000 sed
3072 2960 3228 3013 neque
3269 2959 3360 3013 ego
3399 2941 3644 3011 meipsum

2051 3039 2250 3108 judico.
2283 3038 2432 3091 Nihil
2457 3037 2590 3090 enim
2609 3037 2735 3090 mihi
2757 3037 2984 3090 conscius
3017 3051 3128 3089 sunt
3154 3051 3173 3099 ;
3200 3035 3288 3089 sed
3329 3049 3428 3086 non
3453 3033 3507 3085 in
3546 3033 3642 3085 hoc

2051 3131 2367 3202 justiﬁcatus
2394 3147 2526 3185 sum.
2571 3130 2676 3196 Qui
2697 3142 2865 3182 autem
2899 3130 3101 3199 judicat
3129 3146 3210 3182 me
3237 3169 3251 3194 ,
3295 3127 3544 3181 Dominus
3571 3136 3646 3181 est

2062 3224 2102 3290 (Ι
2137 3225 2252 3277 Cor.
2284 3240 2354 3286 Iv,
2382 3225 2436 3286 5,
2479 3224 2555 3292 4).
2585 3223 2699 3277 Non
2733 3222 2850 3276 ideo
2881 3223 3012 3276 bona
3037 3231 3118 3278 cst
3146 3222 3468 3276 conscientia
3498 3236 3640 3286 mea,

2062 3320 2182 3385 quia
2215 3333 2308 3371 vos
2335 3316 2477 3370 illam
2507 3317 2749 3370 laudatis.
2774 3317 2907 3384 Quid
2933 3317 3074 3369 enim
3101 3315 3342 3377 laudatis,
3373 3313 3513 3383 quod
3539 3329 3644 3368 nou

2063 3408 2297 3462 videtis?
2345 3407 2432 3464 ille
2477 3408 2655 3462 laudet
2683 3449 2697 3472 ,
2729 3409 2815 3473 qui
2849 3407 2990 3460 videt
3018 3423 3031 3459 :
3067 3407 3154 3459 ille
3183 3407 3342 3459 etiam
3372 3405 3642 3473 corrigat,

2064 3500 2107 3553 si
2151 3499 2277 3568 quid
2326 3499 2394 3553 ibi
2439 3499 2582 3554 videt
2611 3499 2750 3568 quod
2780 3499 2894 3567 ejus
2919 3498 3103 3551 oculos
3149 3496 3389 3551 oll‘endit.
3417 3497 3548 3562 Quia
3591 3505 3650 3549 et

2065 3606 2164 3645 nos
2191 3605 2297 3644 non
2346 3589 2573 3645 dicimus
2604 3590 2838 3659 perfecte
2863 3603 2959 3642 nos
3011 3603 3209 3642 sanos:
3249 3587 3344 3641 sed
3378 3585 3648 3640 tundimus

2067 3692 2252 3752 pectus
2279 3690 2516 3736 nostrum
2543 3722 2556 3744 ,
2584 3690 2638 3735 ct
2661 3681 2888 3735 dicimus
2915 3680 3022 3734 Deo
3043 3720 3058 3743 ,
3089 3678 3354 3746 Propitius
3381 3685 3502 3730 esto
3522 3715 3537 3739 ,
3580 3690 3649 3729 ne

2067 3792 2306 3846 peccem.
2339 3775 2539 3828 Tamen
2570 3781 2697 3843 puto
2721 3815 2735 3835 ,
2759 3789 2937 3828 coram
2967 3772 3056 3826 illo
3086 3771 3227 3825 enim
3257 3770 3444 3839 loquor
3466 3809 3482 3834 ,
3515 3766 3649 3820 nihil

2067 3868 2210 3921 aliud
2241 3882 2272 3920 a
2301 3865 2451 3919 vobis
2472 3881 2716 3934 qumrens
2749 3865 2844 3916 nisi
2875 3863 3100 3918 salutem
3147 3872 3379 3916 vestram
3409 3877 3423 3924 ;
3470 3866 3524 3914 ct
3548 3874 3648 3929 ge-

2069 3958 2262 4011 mimus
2295 3958 2605 4030 plerumque
2634 3957 2683 4008 in
2718 3955 2949 4024 peccatis
2981 3958 3197 4007 l‘ratrum
3229 3961 3530 4006 nostrorum
3550 3990 3566 4015 ,
3595 3957 3650 4004 et

2069 4053 2172 4106 vim
2201 4052 2492 4122 patimur‘,
2539 4059 2592 4103 et
2643 4059 2950 4117 torquemur
3002 4048 3181 4100 animo
3210 4089 3224 4112 ,
3272 4055 3326 4100 et
3368 4043 3652 4114 aliquando

2068 4143 2385 4212 corripiunts
2415 4140 2533 4194 illos
2560 4157 2573 4192 :
2604 4141 2711 4193 imo
2739 4153 3005 4208 mmquam
3036 4155 3138 4190 non
3164 4137 3506 4206 corripimus.
3541 4135 3650 4189 Te-

2069 4246 2180 4290 stes
2206 4245 2329 4288 sunt
2353 4249 2540 4288 omnes
2565 4233 2654 4302 qui
2684 4232 3031 4286 rcciirdautur
3058 4229 3200 4299 quod
3230 4229 3351 4283 dico
3381 4269 3396 4290 ,
3443 4227 3656 4298 quoties

2069 4336 2195 4380 sunt
2217 4342 2245 4380 a
2275 4327 2428 4380 nobis
2457 4324 2685 4392 correpti
2715 4324 2902 4378 fratres
2934 4328 3213 4392 peccantes
3237 4360 3253 4378 .
3284 4329 3340 4374 et
3359 4320 3654 4374 vehemen-

2072 4430 2152 4473 ter
2179 4418 2431 4487 correpti.

2141 4509 2366 4565 CAPUT
2406 4509 2520 4563 Xll.
2548 4538 2620 4550 —-
2648 4509 2735 4563 15.
2787 4506 2862 4560 De
2889 4508 3059 4561 ovibus
3087 4522 3200 4576 qua:
3227 4505 3356 4559 ratio
3397 4501 3658 4557 reddenda

2070 4621 2102 4656 a
2127 4614 2342 4673 pastore.
2359 4602 2512 4656 Modo
2531 4602 2810 4657 Consilium
2841 4611 3078 4654 nostrum
3108 4607 3278 4652 tracto
3301 4613 3421 4651 eum
3449 4596 3658 4650 Sancti-

2071 4713 2179 4757 tate
2225 4713 2421 4756 vestra.
2456 4701 2508 4754 In
2541 4705 2755 4755 nomine
2780 4699 2974 4753 Christi
3001 4699 3149 4768 plebs
3177 4697 3270 4751 Dei
3306 4695 3437 4749 estis
3459 4735 3473 4758 ,
3506 4693 3659 4762 plebs

2071 4797 2330 4852 catholica
2358 4787 2488 4850 estis
2507 4835 2522 4860 ,
2554 4795 2793 4848 membra
2820 4792 3020 4846 Christi
3063 4789 3191 4844 estis
3219 4807 3232 4842 :
3272 4787 3388 4840 Non
3417 4786 3546 4840 estis
3576 4784 3659 4838 di-

2072 4891 2168 4943 visi
2198 4891 2266 4944 ab
2290 4889 2509 4942 unitate.
2537 4885 2953 4941 Communicatis
2979 4881 3232 4938 membris
3257 4879 3655 4949 Apostolorum,

2073 4981 2479 5036 communicatis
2507 4980 2778 5034 memoriis
2804 4987 3108 5033 sanctorum
3135 4984 3428 5044 martyrum
3450 5014 3465 5037 ,
3503 4971 3660 5025 dill'u-

2074 5089 2254 5127 sorum
2301 5088 2396 5142 per
2433 5073 2619 5127 orbem
2662 5081 2920 5125 terrarum
2945 5110 2961 5135 ,
2991 5077 3046 5123 et
3077 5067 3351 5138 pet-tinctis
3379 5064 3454 5120 ad
3475 5077 3658 5118 curam

2077 5175 2312 5220 nostram
2343 5205 2357 5228 ,
2409 5173 2467 5218 ut
2513 5165 2775 5218 rationem
2814 5160 2882 5216 de
2918 5160 3068 5214 vobis
3112 5159 3303 5212 bonam
3349 5155 3659 5211 reddamus.

2076 5257 2208 5311 Tota
2236 5266 2412 5310 autem
2443 5255 2580 5309 ratio
2609 5263 2789 5309 nostra
2820 5268 2938 5322 qure
2959 5261 3060 5320 est,
3087 5251 3251 5305 scitis.
3283 5248 3524 5313 Domine,
3556 5245 3662 5301 scis

2077 5350 2197 5418 quia
2229 5349 2336 5401 dixi
2364 5389 2378 5412 ,
2412 5349 2518 5402 seis
2547 5346 2670 5415 quia
2698 5361 2803 5398 non
2828 5343 2962 5398 tacui
2983 5385 2997 5409 ,
3034 5342 3139 5397 seis
3166 5357 3272 5412 quo
3301 5339 3479 5394 animo
3509 5337 3616 5392 dixi
3641 5376 3660 5406 ,

2077 5439 2182 5494 scis
2211 5439 2333 5509 quia
2363 5437 2484 5492 ﬂevi
2531 5436 2656 5500 tibi,
2689 5451 2809 5490 cum
2847 5435 3116 5500 dicerem,
3163 5441 3216 5488 et
3269 5447 3373 5510 non
3425 5430 3661 5486 audirer.

2141 5574 2156 5603 ³
2184 5579 2312 5628 διες..
2336 5569 2495 5620 nullus
2510 5569 2632 5620 illud
2649 5570 2860 5628 tentavit,
2886 5577 2931 5619 et
2952 5570 3125 5622 inuenit
3145 5570 3196 5620 in
3233 5567 3366 5621 nobis
3409 5570 3481 5619 sic
3518 5569 3664 5618 etiam

2077 5644 2178 5685 Am.
2203 5642 2253 5682 et
2277 5640 2349 5682 Er.
2378 5635 2466 5682 nisi
2489 5632 2616 5695 quod
2643 5646 2747 5694 pro,
2770 5631 2920 5690 illud,
2952 5635 3149 5694 habent,
3173 5631 3328 5685 illum.

2140 5701 2157 5728 ²
2181 5695 2485 5746 ωιυυι-ιιηυδ
2509 5704 2610 5751 .‘.!s.,
2633 5701 2677 5746 ct
2701 5695 3036 5752 compatimar.
