3978 6450
464 305 570 361 765

469 420 585 488 Ipsa
635 423 763 486 puto
816 409 957 482 quod
1009 411 1214 480 integra
1266 406 1405 461 ratio
1426 411 1608 460 nostra
1660 411 1763 458 est.
1818 399 2049 456 Securos

467 511 609 567 enim
638 523 736 563 nos
776 506 898 562 fecit
926 502 1156 574 Spiritus
1179 509 1394 556 sanctus
1424 513 1519 568 per
1555 495 1891 552 Ezechielem
1922 508 2051 562 pro-

466 608 702 676 phetam.
759 601 935 656 Nostis
988 599 1157 666 ipsam
1213 595 1498 650 lectionem
1552 591 1619 647 de
1674 588 2047 660 speculatore:

468 696 593 759 Fili,
618 696 710 756 ait,
740 692 978 757 hominis,
1005 689 1370 759 speculatorem
1393 685 1540 756 posui
1575 693 1621 738 te
1644 683 1817 737 domui
1841 680 2004 735 Israel
2031 696 2052 734 :

466 790 510 843 si
537 804 616 840 me
639 785 833 840 dicente
861 782 928 835 ad
950 782 1169 848 impium
1191 820 1205 840 .
1236 777 1403 848 Impie
1425 819 1441 843 ,
1472 785 1632 830 morte
1657 773 1884 828 morieris
1903 813 1919 837 ,
1948 786 2049 824 non

463 880 652 934 dixeris
681 876 825 931 :hoc
853 883 937 929 est
967 915 983 940 ,
1015 888 1144 943 ergo
1171 871 1312 928 enim
1345 869 1436 924 tibi
1472 868 1594 924 dico
1618 907 1633 931 ,
1681 875 1736 919 ut
1778 865 1962 928 dicas;
2004 861 2049 915 si

466 989 570 1028 non
597 969 993 1026 annnntiaveris
1026 985 1039 1020 :
1069 965 1352 1034 veneritque
1375 962 1596 1033 gladius,
1630 969 1674 1012 et
1717 958 1884 1012 tulerit
1913 971 2046 1019 eum,

464 1067 516 1122 id
544 1075 628 1122 est
649 1107 662 1128 ,
689 1064 830 1134 quod
857 1062 1088 1115 minatus
1129 1074 1245 1114 sum
1274 1055 1577 1128 peccatori;
1610 1054 1697 1108 ille
1720 1051 1922 1123 quidem
1947 1050 2048 1103 im-

463 1159 576 1228 pius
639 1157 693 1210 in
750 1154 1010 1224 impietate
1054 1167 1150 1207 sua
1194 1149 1438 1204 morietur
1461 1189 1478 1213 ,
1526 1145 1825 1245 sanguinem
1866 1151 2050 1245 oautem

460 1251 569 1321 ejus
610 1247 674 1301 de
697 1262 851 1300 manu
874 1242 1204 1316 speculatoris
1229 1240 1502 1310 requiram.
1541 1235 1755 1305 Quare?
1779 1235 1910 1336 Quia
1941 1247 2044 1287 nou

459 1340 612 1395 dixit.
645 1337 707 1393 Si
735 1346 903 1390 autem
946 1333 1231 1404 speculator
1261 1330 1440 1384 viderit
1468 1328 1697 1400 gladium
1725 1328 2000 1379 venientem
2025 1363 2040 1389 ,

460 1441 506 1486 et
535 1429 768 1485 cecinerit
797 1427 914 1482 tuba
933 1469 946 1491 ,
978 1435 1031 1479 ut
1061 1426 1224 1497 fugiat
1249 1439 1267 1488 ;
1307 1433 1352 1476 et
1383 1439 1484 1476 non
1513 1437 1566 1475 se
1595 1419 1922 1474 observaverit
1947 1434 1966 1483 ;
1996 1415 2047 1470 id

461 1531 546 1578 est
569 1563 584 1586 ,
612 1536 718 1576 non
750 1535 809 1574 se
835 1517 1132 1574 correxerit
1156 1558 1169 1578 .
1199 1525 1257 1569 ut
1286 1529 1393 1569 non
1423 1528 1545 1567 eum
1577 1511 1808 1566 inveniat
1834 1509 1884 1562 in
1917 1523 2045 1578 sup-

459 1615 656 1687 plicio.
700 1612 842 1682 quod
890 1610 1122 1664 minatur
1162 1608 1344 1667 Deus;
1383 1605 1668 1674 verteritque
1711 1601 1956 1673 gladius,
2001 1609 2047 1654 et

461 1705 630 1760 tulerit
657 1704 908 1773 aliquem;
929 1701 1016 1755 ille
1030 1699 1231 1768 quidem
1246 1697 1429 1767 impius
1449 1697 1500 1748 in
1523 1694 1784 1765 iniquitate
1805 1706 2045 1746 suamor-

459 1810 577 1854 tuus
624 1807 696 1853 est
727 1814 745 1851 :
780 1808 834 1850 tu
881 1805 1049 1850 autem
1077 1835 1092 1860 ,
1124 1792 1330 1862 inquit,
1381 1790 1606 1844 animam
1657 1797 1794 1841 tuam
1821 1783 2047 1840 liberasti

463 1891 686 1963 (Ezech.
734 1905 902 1944 χχχιιι
929 1927 944 1951 ,
978 1886 1116 1956 7-9).
1149 1886 1214 1940 Et
1257 1885 1312 1938 in
1343 1883 1448 1946 illo,
1473 1882 1590 1938 loco
1621 1879 1890 1950 Evangelii
1919 1876 2046 1948 quid

457 1985 599 2040 aliud
641 1983 770 2038 dicit
807 1981 1002 2037 servo?
1031 1995 1151 2034 cum
1177 1977 1416 2040 diceret,
1461 1974 1675 2028 Domine
1698 2015 1713 2038 ,
1754 1972 1970 2026 sciebam
1999 1978 2049 2024 te

458 2076 724 2131 molestum
751 2073 852 2127 sive
880 2071 1066 2124 durum
1095 2070 1366 2131 hominem,
1395 2066 1515 2137 quia
1539 2066 1681 2119 metis
1707 2063 1792 2117 ubi
1833 2079 1935 2116 non
1965 2078 2046 2115 sc-

457 2167 663 2222 ntinasti
683 2207 696 2226 ,
740 2175 787 2218 et
835 2162 1033 2232 colligis
1060 2162 1145 2215 ubi
1169 2177 1271 2214 non
1299 2160 1528 2230 sparsisti
1554 2176 1572 2225 ;
1603 2168 1649 2212 et
1689 2157 1867 2210 timens
1903 2153 2042 2216 abii,

456 2271 504 2315 et
535 2259 774 2314 abscondi
827 2255 1072 2310 talentum
1103 2263 1243 2308 tuum
1289 2253 1343 2306 in
1387 2261 1520 2305 terra
1545 2268 1562 2303 :
1591 2267 1708 2303 ecce
1731 2248 1884 2302 habes
1909 2247 2044 2317 quod

457 2365 599 2408 tuum
629 2363 720 2406 est.
753 2351 821 2404 Et
873 2349 961 2403 ille
996 2366 1008 2401 :
1041 2347 1227 2412 Serve,
1258 2344 1465 2415 inquit,
1517 2360 1729 2414 nequam
1772 2352 1819 2395 et
1858 2341 2002 2411 piger
2025 2381 2041 2404 ,

455 2445 624 2515 magis
645 2443 768 2513 quia
796 2458 873 2496 me
897 2439 1089 2495 sciebas
1114 2438 1381 2492 molestunt
1409 2445 1454 2489 et
1484 2435 1668 2488 durant
1689 2450 1795 2488 esse
1815 2475 1830 2496 ,
1849 2441 2042 2535 .rnetere

455 2539 542 2592 ubi
582 2553 682 2590 non
730 2532 1004 2596 seminavi,
1050 2540 1097 2584 et
1138 2529 1375 2600 colligere
1420 2527 1502 2580 ubi
1547 2543 1647 2579 non
1694 2527 1895 2595 sparsi,
1931 2527 2042 2592 ipsa

453 2630 671 2685 avaritia
698 2642 813 2681 mea
835 2625 1017 2679 debuit
1047 2633 1097 2676 te
1127 2621 1321 2676 docere
1365 2620 1486 2689 quia
1529 2617 1733 2672 lucrum
1765 2630 1947 2686 quer
1973 2613 2041 2670 de

455 2721 676 2790 pecunia
701 2734 838 2774 mea.
867 2715 1102 2788 Oportuit
1130 2725 1176 2767 te
1198 2729 1316 2784 ergo
1339 2720 1391 2764 ut
1416 2711 1566 2763 dares
1597 2708 1864 2779 pecuniam
1881 2722 2042 2759 meam

453 2811 809 2866 nummulariis
837 2819 882 2864 et
932 2825 1024 2878 ego
1050 2807 1250 2860 veniens
1278 2820 1397 2858 cum
1423 2804 1590 2856 usuris
1617 2803 1886 2871 exegissem
1910 2800 2045 2868 quod

457 2921 623 2959 meum
651 2913 722 2957 est
753 2901 902 2972 (Luc.
936 2917 1022 2954 χιχ
1045 2942 1058 2966 ,
1081 2899 1289 2968 20-25).
1322 2896 1590 2966 Numquid
1619 2895 1770 2958 dixit,
1809 2896 1969 2948 Dares
1991 2901 2045 2947 et

453 2995 728 3064 exigeres?
757 2993 865 3048 Nos
902 3007 1030 3060 ergo
1055 3032 1070 3056 ,
1103 2990 1327 3055 fratres,
1359 2987 1582 3052 damus;
1613 2988 1792 3041 veniet
1821 2985 1908 3038 ille
1950 2984 2041 3054 qui

453 3087 650 3156 exigat.
687 3083 868 3150 Orate,
899 3091 954 3136 ut
973 3089 1188 3164 paratos
1215 3093 1314 3134 nos
1343 3078 1593 3132 inveniat.

876 3194 1104 3250 SERMO
1137 3190 1487 3248 CXXXVIII‘
1513 3189 1612 3261 (α).

454 3332 531 3387 De
557 3330 714 3386 verbis
760 3329 1024 3400 Evangelii
1047 3326 1264 3382 Joannis
1287 3369 1302 3391 ,
1343 3327 1453 3397 Ego
1479 3342 1595 3380 sum
1624 3335 1805 3396 pastor
1835 3324 2005 3379 bonus
2025 3363 2039 3377 .

593 3434 713 3489 etc.,
739 3432 914 3476 contra
941 3421 1251 3475 Donatistas.
1281 3418 1407 3489 Cap.
1442 3435 1506 3500 χ,⁷
1546 3419 1581 3489 ᾗ
1607 3458 1620 3472 .
1645 3419 1814 3473 11-16
1839 3417 1935 3489 (ὁ).

523 3559 747 3617 CAPUT
786 3557 1072 3615 PRIMUM.
1119 3589 1193 3599 —
1236 3559 1287 3612 1.
1337 3556 1512 3611 Bonus
1556 3567 1730 3627 pastor
1776 3573 1868 3611 cur
1905 3573 2042 3611 com-

451 3653 715 3708 mendatus
758 3653 811 3705 in
861 3651 1130 3722 singulari.
1177 3649 1492 3704 Audivimus
1541 3649 1825 3704 Dominum
1858 3648 2040 3705 Jesum

457 3741 920 3798 connnendantem
989 3741 1143 3796 nobis
1202 3740 1327 3794 boni
1377 3740 1603 3810 pastoris
1655 3739 1912 3794 ofﬁcium.
1981 3738 2038 3795 ln

454 3850 556 3903 qua
609 3832 1072 3888 commendatione
1120 3831 1396 3886 admonuit
1434 3845 1534 3885 nos
1587 3831 1806 3900 utique,
1853 3840 1910 3884 ut
1952 3831 2037 3886 in-

454 3924 614 3993 telligi
641 3924 802 3978 datur
826 3966 840 3989 ,
869 3923 1041 3988 [bonos
1083 3938 1204 3978 esse
1245 3929 1504 3992 pastores.
1537 3922 1604 3976 Et
1633 3931 1808 3976 tamen
1849 3939 1917 3978 ne
1954 3923 2039 3976 in-

453 4017 778 4086 telligeretur
800 4031 1057 4085 perverso
1084 4015 1242 4069 modo
1265 4014 1548 4068 multitudo
1578 4023 1850 4083 pastorum
1883 4033 1896 4070 :
1931 4013 2040 4084 Ego

453 4127 596 4174 sum,
627 4110 828 4178 inquit,
862 4118 1034 4177 pastor
1064 4110 1242 4162 bonus.
1271 4109 1339 4163 Et
1365 4108 1506 4163 unde
1535 4109 1604 4162 sit
1635 4118 1818 4177 pastor
1844 4108 2035 4170 bonus.

451 4209 839 4270 consequenter
859 4199 1094 4254 ostendit
1117 4215 1136 4253 :
1167 4199 1372 4265 Pastor,
1407 4200 1610 4269 inquit,
1636 4201 1792 4254 bonus
1815 4201 2040 4253 animant

453 4314 602 4351 suam
627 4300 768 4367 ponit
795 4314 886 4366 pro
913 4296 1104 4351 ovibus.
1157 4296 1501 4350 Mercenarius
1528 4306 1694 4350 autem
1715 4337 1729 4360 ,
1758 4307 1805 4350 et
1827 4297 1912 4366 qui
1937 4313 2038 4349 non

451 4397 522 4441 est
550 4397 740 4458 pastor,
767 4389 898 4442 videt
929 4388 1105 4458 lupum
1140 4389 1452 4453 venientem,
1479 4399 1525 4441 et
1571 4389 1702 4460 fugit
1746 4404 1766 4442 :
1799 4388 2041 4458 quoniam

453 4495 555 4533 non
584 4489 656 4532 est
677 4480 721 4532 ei
746 4496 870 4532 cura
892 4481 956 4534 de
981 4481 1186 4544 ovibus;
1216 4481 1552 4534 mercenarius
1581 4491 1653 4534 est
1674 4482 1824 4535 enim.
1854 4481 2042 4534 Pastor

453 4585 583 4640 ergo
597 4570 767 4624 bonus
783 4569 1188 4638 Christus.Quid
1211 4572 1396 4626 Petrus
1412 4571 1633 4627 ?Nonne
1647 4572 1819 4628 bonus
1837 4574 2058 4643 pastor?

452 4679 631 4717 nonne
663 4673 717 4717 et
756 4665 868 4732 ipse
895 4665 1127 4718 animam
1157 4681 1252 4733 pro
1279 4667 1467 4720 ovibus
1493 4666 1707 4734 posuit?
1736 4666 1872 4734 Quid
1907 4667 2042 4720 Pau-

452 4755 576 4809 lus?
603 4754 737 4821 Quid
765 4756 941 4810 ca‘teri
959 4757 1197 4826 Apostoli
1211 4759 1234 4811 ’ἶ
1247 4757 1381 4823 Quid
1398 4773 1584 4812 eorum
1604 4767 1841 4828 tempora
1860 4773 2042 4813 conse-

458 4856 687 4916 quentes
721 4847 864 4901 beuti
894 4849 1127 4919 episeopi
1154 4851 1453 4922 martyres?
1479 4851 1614 4917 Quid
1649 4852 1806 4906 etiam
1827 4863 2041 4907 sanctus

454 4940 561 4994 iste
589 4939 917 5010 Cyprianus?
937 4941 1122 4995 Nonne
1135 4959 1324 4998 omnes
1341 4953 1580 5013 pastores
1603 4945 1723 5000 boni
1742 4963 1757 5010 ;
1775 4961 1878 5000 non
1898 4962 2034 5002 mer-

452 5030 675 5097 cenarii,
708 5030 776 5085 de
805 5032 999 5101 quibus
1027 5033 1242 5100 dicitur,
1273 5036 1433 5089 Amen
1471 5036 1584 5090 dico
1613 5038 1769 5103 vobis,
1803 5056 2041 5109 percepe-

450 5132 572 5177 runt
598 5123 879 5178 mercedem
907 5141 1054 5179 suam
1083 5125 1104 5199 (
1128 5125 1314 5180 Matth.
1343 5144 1393 5181 vr
1418 5170 1432 5193 ,
1464 5129 1761 5195 2).0mnes
1801 5147 1930 5201 ergo
1958 5132 2042 5186 isti

452 5223 696 5285 pastores
721 5217 848 5271 boni
879 5259 893 5285 ,
927 5234 1032 5273 non
1057 5219 1230 5274 solum
1262 5221 1382 5291 quia
1410 5224 1723 5293 sanguinem
1749 5224 2039 5293 fuderunt,

516 5368 533 5386 ‘
559 5370 859 5448 Emendatus
886 5371 944 5448 ad
984 5380 1088 5424 tres
1123 5375 1207 5424 lin.
1233 5383 1438 5439 quatuor
1463 5377 1525 5428 cl.
1551 5378 1610 5427 ad
1633 5391 1678 5428 a.
1704 5380 1782 5430 cl).
1807 5380 1842 5432 f.
1886 5381 1943 5433 l's.
1991 5398 2040 5448 g.

452 5430 508 5479 Ir.
539 5443 604 5479 m.
632 5444 704 5492 pr.
729 5444 820 5480 rm.
849 5434 926 5481 vd.

537 5494 588 5552 a)
613 5492 752 5549 Alias,
775 5493 840 5544 de
863 5497 1033 5546 verbis
1054 5499 1234 5550 Domini
1253 5500 1330 5552 50.

537 5506 567 5540 a
613 5493 752 5549 Alias,
775 5493 840 5544 de
863 5497 1033 5546 verbis
1054 5499 1234 5550 Domini
1253 5500 1330 5552 50.

513 5493 588 5616 ibi
610 5559 836 5621 enatura
866 5554 1002 5621 t-‘loro
1035 5561 1094 5608 ad
1133 5567 1143 5607 t
1181 5568 1284 5611 Cor.
1325 5579 1424 5613 xm.
1459 5564 1680 5615 Habitum
1718 5581 1830 5618 esse
1854 5571 2046 5621 Cartha-

487 5615 575 5692 ine
595 5622 706 5692 inst
723 5615 1032 5692 collationem
1048 5636 1164 5692 cum
1187 5628 1457 5692 Donatistis,
1495 5615 1826 5692 intelligimus
1846 5615 2043 5683 rei-3}}

491 5676 548 5727 lis
570 5676 754 5749 verbis.
779 5689 838 5756 η·Δ
870 5679 911 5740 1,
958 5699 979 5728 α
1003 5683 1096 5733 iste
1133 5676 1461 5750 Cyprianum;
1503 5676 2045 5756 etvufgmiquiveiiaiu

453 5744 759 5800 convictus,»
791 5749 887 5791 etc.
969 5788 971 5790 .
1050 5777 1062 5790 κ
1167 5744 1209 5750 "
1409 5744 1416 5749 '
1796 5744 1825 5790 '.

1705 286 1762 343 S.
1796 281 2160 342 AUGUSTINI
2201 283 2500 340 EPISCOPI

2121 4983 2240 5036 'sed
2299 4998 2566 5054 pastorem
2631 4989 2848 5046 bonum.

2164 396 2260 451 sed
2287 398 2406 466 quia
2438 413 2532 468 pro
2560 400 2746 454 ovibus
2777 399 3043 460 fuderunt.
3067 404 3182 461 Non
3205 406 3346 462 enim
3369 407 3617 466 fuderunt
3641 414 3752 471 ela-

2163 488 2329 552 tione,
2349 489 2444 543 sed
2473 492 2751 547 charitate.

2232 581 2456 638 CAPUT
2495 583 2559 637 11.
2597 614 2672 625 —-
2710 585 2766 640 ‘2.
2825 586 3131 659 Martyrium
3180 593 3289 648 sine
3329 593 3581 650 charitate
3621 599 3750 652 nihil

2163 671 2383 738 prodest.
2411 671 2545 726 Nam
2582 684 2635 728 et
2672 675 2811 746 apud
2841 674 3152 748 ltmreticos,
3181 683 3270 751 qui
3315 693 3530 754 propter
3559 687 3763 757 iniquiv

2163 771 2302 817 tates
2341 772 2396 818 et
2438 780 2651 820 errores
2693 782 2816 821 suos
2855 769 3052 838 aliquid
3096 772 3461 830 molestiarum
3507 758 3765 850 perpessi.

2161 853 2390 922 fuerint,
2422 859 2641 914 nomine
2686 861 2923 932 martyrii
2973 877 3032 918 se
3075 865 3306 932 iactant,
3350 877 3409 924 ut
3457 868 3560 924 hoc
3588 872 3748 941 pallio

2158 947 2385 1003 dealbati
2419 949 2624 1005 facilius
2662 953 2940 1019 furentur,
2971 957 3093 1027 quia
3141 958 3251 1029 lupi
3297 971 3442 1016 sunt.
3483 962 3538 1019 Si
3566 974 3746 1020 autem

2158 1039 2295 1094 scire
2323 1041 2482 1094 vultis
2512 1044 2560 1095 in
2607 1060 2713 1113 quo
2741 1062 2962 1100 numero
3007 1049 3234 1105 habendi
3281 1063 3437 1119 sunt,
3475 1066 3744 1124 pastorem

2155 1129 2353 1185 bonum
2379 1131 2601 1187 Paulum
2625 1137 2924 1206 apostolum
2960 1139 3140 1196 audite
3172 1144 3459 1212 :quon'rain
3489 1163 3594 1202 non
3622 1164 3744 1202 om-

2142 1237 2256 1277 -nes
2280 1225 2369 1293 qui
2419 1241 2645 1296 corpora
2674 1243 2770 1284 sua
2817 1230 2870 1284 in
2921 1233 3165 1300 passione
3210 1237 3370 1291 etiam
3409 1238 3621 1308 ignibus
3647 1250 3751 1296 tra-

2155 1315 2324 1382 dunt,
2352 1319 2652 1374 :estimandi
2695 1331 2819 1376 sunt
2848 1325 3124 1394 sanginem
3153 1325 3351 1382 fudisse
3378 1344 3474 1399 pro
3512 1331 3742 1399 ovibus,

2155 1405 2249 1460 sed
2282 1409 2457 1475 potius
2487 1420 2673 1465 contra
2708 1427 2856 1468 oves.
2893 1413 2956 1469 Si
2994 1415 3178 1488 linguis
3201 1458 3218 1485 ,
3249 1421 3450 1490 inquit,
3480 1423 3747 1478 hominum

2153 1496 2334 1566 loquar
2358 1509 2404 1553 et
2447 1501 2757 1572 Angelorunt
2779 1546 2793 1570 ,
2825 1507 3119 1562 charitatem
3149 1520 3318 1566 autem
3344 1529 3444 1568 non
3487 1515 3703 1570 habeant
3725 1557 3744 1584 ,

2152 1589 2318 1658 [actus
2367 1608 2479 1646 sum
2523 1594 2657 1649 velut
2699 1609 3025 1654 (erantetttum
3069 1619 3288 1668 sonans,
3317 1615 3405 1658 aut
3457 1607 3749 1678 cymbalum

2153 1679 2391 1736 tinniens.
2422 1681 2482 1736 Si
2508 1684 2666 1739 sciero
2695 1691 2866 1741 omnia
2912 1704 3231 1748 sacramenta
3254 1736 3270 1762 ,
3301 1706 3346 1750 et
3374 1697 3594 1754 habuero
3635 1717 3750 1754 om-

2153 1787 2266 1824 nem
2291 1775 2630 1844 prOphetiam,
2664 1788 2712 1832 et
2739 1796 2936 1835 omnem
2958 1784 3142 1852 ﬁdem,
3169 1787 3239 1840 ita
3265 1797 3320 1842 ut
3345 1801 3538 1846 montes
3567 1802 3748 1848 trans-

2152 1866 2344 1933 ferant,
2403 1867 2696 1923 charitatem
2749 1881 2915 1925 autem
2981 1892 3080 1930 non
3127 1876 3366 1945 habeant,
3433 1882 3562 1936 nihil
3603 1901 3747 1939 sum.

2150 1953 2336 2025 Magna
2382 1972 2509 2028 ergo
2558 1975 2645 2014 res
2669 1969 2752 2016 est
2793 1974 3062 2031 postremo
3106 1967 3240 2024 ﬁdes
3279 1981 3486 2026 montes
3508 1973 3751 2030 transfe—

2153 2060 2301 2100 rens.
2337 2046 2428 2102 llla
2471 2049 2685 2118 quidem
2717 2068 2902 2124 magna
2932 2066 3053 2112 sunt
3087 2076 3099 2112 :
3129 2059 3223 2115 sed
3249 2061 3293 2114 si
3344 2077 3443 2132 ego
3481 2062 3597 2119 lure
3625 2065 3752 2121 sine

2151 2137 2412 2194 charitate
2456 2141 2717 2209 habeam,
2772 2146 2974 2218 inquit,
3035 2166 3140 2204 non
3171 2152 3287 2218 illa,
3341 2153 3435 2208 sed
3466 2169 3567 2226 ego
3607 2156 3750 2213 nihil

2152 2243 2291 2283 sum.
2319 2230 2422 2286 Sed
2447 2232 2621 2288 adhuc
2650 2235 2781 2291 istos
2821 2254 2928 2292 non
2969 2241 3176 2311 tetigit,
3217 2243 3304 2313 qui
3337 2243 3470 2300 falso
3495 2249 3749 2320 martyrii

2153 2323 2368 2376 nomine
2391 2324 2443 2378 in
2468 2326 2800 2394 passionibus
2828 2330 3143 2399 gloriantur.
3186 2335 3378 2391 Audite
3407 2324 3465 2392 ut
3504 2354 3600 2393 eos
3627 2349 3752 2395 tan-

2153 2424 2278 2485 gat,
2304 2416 2410 2470 imo
2438 2419 2614 2487 potius
2642 2430 2699 2475 ut
2723 2423 3057 2479 transfodiat.
3089 2426 3150 2480 Si
3170 2428 3468 2485 distribuere
3488 2473 3503 2498 ,
3535 2433 3708 2503 inquit
3731 2476 3750 2501 ,

2153 2506 2323 2559 omnia
2350 2525 2460 2562 mea
2501 2513 2840 2579 pauperibus,
2890 2525 2934 2569 et
2965 2518 3223 2574 tradidero
3276 2538 3462 2592 corpus
3486 2542 3651 2579 meum
3687 2536 3753 2580 ut

2153 2597 2380 2653 ardeam.
2428 2600 2544 2657 Jam
2583 2596 2693 2673 ipsi
2741 2609 2926 2661 sunt‘.
2970 2609 3074 2665 Sed
3125 2612 3245 2668 vide
3291 2615 3416 2686 quid
3463 2618 3749 2688 sequitur:

2154 2687 2458 2745 Charitatem
2493 2704 2658 2749 autent
2707 2714 2806 2751 non
2847 2699 3088 2768 habeam,
3141 2705 3271 2759 nihil
3306 2709 3429 2760 inihi
3468 2687 3672 2780 prodest
3699 2713 3753 2782 (1

2155 2777 2273 2834 Cor.
2323 2797 2448 2849 xm,
2496 2784 2634 2856 1-5).
2673 2787 2811 2843 Ecce
2855 2792 3068 2848 venitur
3113 2795 3178 2849 ad
3224 2797 3562 2867 passionem,
3613 2818 3756 2860 ecce

2155 2874 2371 2926 venitur
2389 2883 2444 2928 et
2468 2875 2533 2929 ad
2561 2881 2833 2949 sanguinis
2879 2881 3138 2940 fusionem
3159 2929 3174 2950 ,
3205 2890 3415 2944 venitur
3446 2901 3500 2946 et
3524 2893 3589 2948 ad
3617 2910 3752 2950 cor-

2158 2963 2302 3030 poris
2357 2963 2721 3023 incensionem
2771 2989 2784 3023 :
2823 2982 2876 3026 et
2919 2983 3093 3030 tamen
3141 2978 3269 3034 nihil
3315 2982 3568 3052 prodest,
3618 2989 3749 3056 quia

2155 3054 2387 3112 charitas
2434 3058 2604 3114 deest.
2648 3062 2801 3118 Adde
2843 3066 3194 3136 charitatem,
3235 3083 3461 3142 prosunt
3497 3054 3684 3133 omnia
3732 3098 3751 3134 :

2150 3145 2372 3202 detrahe
2395 3152 2739 3220 charitatem,
2772 3157 2903 3212 nihil
2932 3173 3152 3228 prosunt
3176 3174 3388 3220 cetera.

2222 3240 2448 3298 CAPUT
2505 3243 2592 3298 lll.
2629 3277 2688 3286 —
2723 3250 2775 3304 5.
2804 3249 3035 3308 Charitas
3060 3265 3306 3324 quantum
3334 3259 3538 3315 bonum.
3571 3261 3752 3331 Quale

2152 3329 2350 3385 bonum
2398 3343 2481 3388 est
2520 3335 2751 3392 charitas
2797 3341 2925 3408 ista,
2977 3343 3208 3402 fratres?
3237 3349 3372 3414 Quid
3421 3329 3754 3421 pretiosius?

2151 3421 2274 3490 quid
2305 3422 2658 3481 luminosins?
2685 3430 2810 3500 quid
2839 3431 3082 3489 firmius?
3108 3437 3234 3506 quid
3260 3439 3474 3496 utilius?
3501 3445 3629 3513 quid
3652 3461 3750 3502 ses

2151 3513 2373 3567 curius?
2408 3515 2566 3571 Multa
2599 3530 2722 3575 sunt
2755 3523 2842 3577 Dei
2874 3523 3042 3591 dona,
3071 3544 3190 3598 qua:
3230 3538 3404 3587 tamen
3448 3535 3649 3591 habent
3693 3549 3752 3594 et

2151 3607 2311 3673 mali,
2344 3609 2432 3678 qui
2467 3610 2660 3666 dicturi
2705 3624 2858 3681 sunt,
2907 3617 3159 3686 Domine,
3190 3623 3243 3676 in
3274 3626 3474 3680 nomine
3501 3638 3585 3682 tuo
3620 3648 3751 3702 pro-

2151 3697 2463 3768 phetavintus
2488 3743 2501 3766 ,
2540 3704 2598 3758 in
2625 3708 2826 3762 nomine
2860 3719 2944 3764 tuo
2971 3711 3220 3769 dwmonia
3247 3717 3483 3786 ejecimus
3500 3761 3517 3784 ,
3565 3722 3621 3775 in
3645 3740 3750 3779 no-

2149 3789 2284 3844 mine
2308 3801 2393 3844 tuo
2418 3794 2620 3849 virtutes
2647 3798 2830 3852 multas
2855 3801 3084 3871 fecimus.
3118 3804 3226 3860 Nec
3254 3810 3599 3876 respondebit
3627 3813 3748 3882 illc,

2149 3880 2265 3935 Non
2311 3882 2532 3940 fecistis.
2582 3886 2696 3942 Non
2743 3891 2886 3945 enim
2935 3893 2986 3947 in
3038 3908 3324 3966 conspectu
3373 3903 3504 3956 tanti
3539 3880 3751 3973 judicis

2149 3974 2360 4028 mentiri
2390 3977 2691 4046 audebunt,
2718 3992 2808 4036 aut
2832 3983 3034 4052 jactare
3060 4003 3178 4058 qua:
3209 4008 3314 4046 non
3337 3992 3597 4052 fecerunt.
3631 3999 3747 4054 Sed

2149 4064 2273 4132 quia
2304 4065 2619 4124 charitatem
2660 4087 2766 4126 non
2813 4075 3147 4142 habuerunt,
3195 4084 3538 4150 respondebit
3563 4090 3750 4145 omni-

2145 4153 2244 4209 bus
2272 4155 2375 4210 illis
2406 4175 2418 4211 :
2453 4156 2574 4212 Non
2605 4163 2720 4216 novi
2759 4179 2844 4218 vos
2872 4165 3080 4237 (Matth.
3113 4187 3202 4234 vn,
3231 4173 3326 4236 22,
3351 4174 3466 4248 23).
3499 4178 3752 4244 Quomo-

2146 4245 2215 4301 do
2241 4258 2418 4303 autem
2465 4249 2627 4307 habet
2665 4255 2748 4309 vel
2781 4259 3026 4328 exiguam
3069 4245 3533 4338 charitatempqui
3574 4272 3748 4328 etiam

2147 4340 2422 4395 conviCtus
2449 4358 2555 4397 non
2584 4355 2727 4400 amat
2756 4349 3054 4405 unitatem?
3085 4353 3231 4410 l‘lanc
3263 4357 3524 4415 Dominus
3562 4363 3752 4417 unita-

2147 4442 2253 4488 tem
2303 4437 2686 4496 cnmmendans
2709 4444 3012 4512 pastoribus
3050 4447 3203 4503 bonis
3228 4452 3271 4517 ’,
3317 4452 3489 4508 noluit
3539 4455 3750 4512 multos

2145 4527 2415 4596 appellare
2461 4540 2722 4598 pastores.
2772 4533 2955 4605 Neque
2997 4539 3173 4604 enim,
3204 4551 3260 4595 nt
3299 4543 3406 4597 dixi
3447 4544 3595 4614 jam,
3629 4563 3751 4604 non

2147 4627 2263 4670 erat
2292 4628 2470 4688 pastor
2492 4623 2664 4677 bonus
2707 4623 2929 4693 Petrus,
2976 4629 3200 4699 Paulus,
3248 4636 3486 4706 Apostoli
3511 4641 3701 4696 ceteri
3727 4683 3748 4710 ,

2147 4717 2201 4763 et
2247 4711 2568 4778 posteriores
2625 4716 2795 4770 sancti
2847 4720 3116 4791 episcoiii,
3175 4725 3468 4797 beatuSque
3521 4730 3754 4802 Cypriae

2149 4816 2268 4853 nus.
2320 4802 2519 4858 Omnes
2570 4804 2620 4858 hi
2666 4818 2906 4876 pastores
2958 4812 3080 4867 boni
3148 4833 3162 4869 :
3205 4825 3258 4870 et
3293 4827 3467 4872 tamen
3511 4820 3601 4875 ille
3646 4839 3752 4893 pa-

2149 4891 2380 4945 storibus
2433 4893 2585 4948 benis
2642 4913 2746 4951 non
2794 4903 3189 4959 commendavit
3224 4917 3465 4976 pastores
3529 4891 3752 4979 bonos,

2915 4992 3026 5066 Ego
3088 5014 3228 5064 sum,
3296 5000 3500 5071 inquit,
3563 5016 3759 5074 pastor

2149 5073 2329 5128 bonus.
2915 5101 2918 5104 ’

2223 5167 2449 5226 CAPUT
2491 5170 2578 5226 IV.
2623 5202 2695 5213 -—-
2738 5175 2790 5229 4.
2836 5175 3044 5232 Petrum
3073 5181 3295 5251 aliosque
3321 5185 3533 5241 existere
3564 5198 3760 5258 pasto-

2150 5274 2231 5311 res
2265 5259 2437 5314 bonas.
2466 5262 2859 5336 Interrogemus
2899 5270 3176 5326 Dominum
3202 5275 3577 5347 qualicumque
3608 5295 3758 5337 seno

2150 5363 2211 5404 su
2237 5393 2251 5415 ,
2299 5361 2350 5405 et
2397 5353 2687 5411 humillima
2734 5359 3116 5430 disceptatione
3157 5380 3277 5419 cum
3310 5375 3457 5423 ιειιιιο
3499 5371 3762 5439 putrefa-

2153 5443 2325 5498 milias
2361 5446 2747 5516 colloquantur.
2777 5451 2913 5519 Quid
2947 5456 3112 5521 dicis,
3145 5457 3400 5524 Domine,
3457 5461 3598 5516 bone
3647 5480 3758 5534 pa-

2215 5579 2234 5651 :
2261 5585 2338 5651 its.
2363 5577 2666 5651 colbertiznis
2699 5583 2962 5651 ett‘brus,
2984 5588 3232 5651 numquid
3252 5587 3362 5650 jam
3382 5589 3504 5644 nihil
3525 5606 3639 5644 sum
3671 5593 3700 5645 .’

2214 5641 2234 5670 ²
2262 5649 2359 5687 All].
2382 5649 2432 5689 et
2456 5648 2528 5716 Er.
2554 5644 2732 5696 addunt
2754 5647 2849 5716 hic,
2874 5641 2964 5716 non
2989 5641 3322 5700 conuizendtins
3345 5641 3762 5712 msceres

2150 5709 2447 5787 ιθνλίηξίνη)
2471 5705 2657 5787 abimu-
2683 5713 2848 5773 nttgazi
2881 5709 2961 5772 n'o,
2986 5715 3318 5765 conumrdans
3333 5705 3768 5787 mamma;

2155 5763 2281 5828 quod
2308 5766 2446 5815 abest
2470 5781 2495 5816 a
2523 5763 2627 5818 MSS.
