4098 6310
409 272 514 329 765

412 388 565 445 stor?
584 386 663 442 'I‘u
689 386 832 442 enim
877 385 1045 440 bonus
1075 391 1256 456 pastor
1274 425 1289 451 ,
1313 383 1400 454 qui
1431 384 1603 437 bonus
1623 396 1820 452 agnus;
1850 380 1990 435 idem

410 491 591 554 pastor
616 490 671 538 et
697 495 889 552 pascua
909 521 924 546 ,
954 478 1094 533 idem
1122 493 1289 545 agnus
1314 484 1369 533 et
1393 480 1497 532 leo.
1528 476 1663 545 Quid
1690 475 1857 530 dicis?
1887 474 1993 527 Au.

408 573 651 638 diamus,
674 582 727 627 et
753 570 943 641 adjuva
988 578 1042 624 ut
1070 569 1445 639 intelligamus.
1478 566 1591 640 Ego
1617 585 1762 634 sum,
1788 566 1990 637 inquit,

410 674 582 737 pastor
608 665 786 719 bonus.
818 661 957 731 Quid
996 660 1217 718 Petrus?
1248 664 1351 715 Aut
1384 676 1488 716 non
1515 668 1729 731 pastor,
1762 668 1853 715 aut
1880 673 1993 711 ma-

407 758 525 812 lus?
557 756 845 811 Videamus
883 755 929 808 si
970 769 1075 809 non
1120 761 1319 823 pastor.
1363 753 1519 807 Amas
1558 753 1670 807 me?
1706 752 1786 807 Tu
1828 752 1875 806 ei
1905 751 1991 805 di-

410 851 534 906 xisti
552 891 567 913 ,
592 848 817 903 Domine
838 890 853 914 ,
884 848 1039 902 Amas
1068 848 1187 902 me?
1213 856 1268 903 et
1306 845 1611 915 respondit,
1642 846 1792 900 Amo.
1839 845 1908 900 Et
1935 854 1989 899 tu

405 941 453 996 ei
474 982 490 1005 ,
522 939 686 995 Pasce
723 956 836 994 oves
880 956 1035 993 meas.
1059 939 1138 994 Tu
1158 979 1174 1005 ,
1205 949 1259 993 tu
1288 938 1543 1004 Domine,
1577 938 1992 1006 interrogatione

405 1044 522 1097 tua,
553 1032 890 1087 firmamento
917 1032 1028 1086 oris
1055 1032 1127 1086 tui
1148 1074 1164 1099 ,
1186 1040 1478 1087 amatorem
1502 1030 1669 1087 fecisti
1700 1040 1987 1100 pastorem.

406 1125 597 1181 Pastor
624 1134 708 1180 est
749 1140 877 1195 ergo
899 1164 915 1190 ,
941 1124 1025 1179 cui
1055 1124 1351 1195 pascendas
1376 1139 1505 1181 oves
1532 1123 1826 1179 credidisti.
1873 1124 1992 1193 Ipse

402 1216 821 1283 commendasti,
855 1230 1037 1286 pastor
1075 1226 1177 1273 est.
1218 1217 1509 1273 Videamus
1543 1220 1653 1286 jam
1686 1226 1860 1272 utrum
1883 1233 1990 1272 non

400 1311 594 1367 bonus.
620 1311 737 1381 Ipsa
766 1310 817 1364 id
846 1310 1257 1381 interrogatione
1290 1318 1346 1365 et
1373 1309 1727 1380 responsione
1767 1310 1884 1379 ejus
1910 1311 1992 1365 in-

400 1403 663 1456 venimus.
687 1402 934 1468 Qtuesisti
956 1443 970 1468 ,
1005 1413 1180 1457 utrum
1203 1411 1348 1458 amet
1378 1412 1429 1457 te
1462 1420 1474 1456 :
1502 1402 1813 1473 respondit,
1837 1402 1987 1456 Amo.

402 1494 591 1548 Vidisti
634 1509 762 1560 cor,
816 1494 938 1563 quia
984 1510 1170 1550 verum
1226 1494 1521 1564 respondit.
1559 1495 1673 1549 Non
1728 1504 1812 1550 est
1861 1510 1989 1564 ergo

399 1583 607 1649 bonus,
634 1584 724 1655 qui
749 1594 891 1639 amat
916 1595 1120 1640 tantum
1154 1585 1391 1640 bonum?
1420 1584 1573 1641 Unde
1603 1586 1687 1639 illa
1712 1587 1990 1655 reSponsio

400 1691 464 1730 ex
495 1675 698 1731 intimis
738 1675 946 1745 prolata
992 1675 1328 1731 visceribus?
1363 1675 1517 1732 Unde
1553 1676 1641 1731 ille
1685 1677 1875 1732 Petrus
1906 1685 1989 1731 te-

399 1776 511 1823 stes
536 1767 720 1823 oculos
773 1777 892 1821 tuos
934 1767 1138 1823 habens
1169 1768 1218 1821 in
1262 1768 1424 1823 corde
1474 1783 1606 1834 suo,
1648 1768 1991 1822 contristatus

400 1857 540 1928 quod
568 1874 691 1912 eum
729 1874 834 1912 non
866 1858 1037 1912 solum
1062 1858 1227 1913 semel
1248 1900 1261 1922 ,
1292 1859 1384 1914 sed
1415 1859 1604 1913 iterum
1637 1868 1687 1913 et
1714 1858 1872 1913 tertio
1902 1858 1988 1911 in-

401 1949 711 2019 terrogasti,
755 1958 811 2004 ut
842 1950 975 2003 trina
1020 1950 1357 2006 confessione
1401 1952 1632 2018 amoris,
1661 1950 1864 2007 deleret
1892 1952 1988 2006 tri-

400 2055 527 2094 num
558 2049 829 2110 peccatum
868 2042 1199 2111 negationis;
1243 2042 1383 2097 unde
1425 2057 1557 2113 ergo
1600 2044 1942 2098 contristatus
1967 2083 1983 2109 ,

398 2133 542 2204 quati
584 2150 727 2203 sazpe
766 2134 1122 2205 interrogatus
1175 2143 1318 2190 esset
1342 2136 1410 2190 ab
1446 2150 1513 2190 eo
1536 2134 1627 2205 qui
1654 2136 1814 2191 sciret
1846 2136 1987 2206 quod

400 2228 791 2298 interrogabat,
857 2238 909 2282 et
954 2228 1247 2282 donaverat
1297 2227 1438 2297 quod
1490 2228 1774 2291 audiebat;
1845 2229 1987 2282 unde

398 2321 773 2385 contristatus,
801 2320 919 2373 talia
947 2320 1105 2373 verba
1144 2320 1321 2374 retulit
1346 2338 1357 2373 :
1391 2318 1638 2381 Domine,
1668 2328 1722 2372 tu
1756 2320 1854 2372 scis
1878 2336 1979 2372 om-

400 2413 516 2480 nia,
558 2413 668 2480 ipse
712 2412 845 2465 nosti
882 2413 1119 2480 quoniam
1159 2421 1207 2466 te
1229 2428 1342 2465 anto
1382 2410 1560 2482 (Joau.
1596 2428 1714 2476 χιι,
1756 2411 1985 2480 15-17)2

400 2504 546 2561 Itane
575 2505 662 2560 ille
703 2505 825 2559 talia
867 2505 1162 2571 conlitens,
1196 2508 1303 2559 imo
1335 2504 1589 2574 prolitens
1626 2503 1986 2558 mentiretur?

400 2596 670 2652 Veraciter
698 2612 826 2667 ergo
853 2597 1126 2666 respondit
1150 2611 1390 2651 amorem
1420 2606 1599 2662 tuum,
1628 2606 1679 2651 et
1705 2596 1772 2650 de
1800 2596 1986 2650 iutimo

399 2689 561 2744 corde
608 2689 825 2759 protulit
869 2689 1097 2743 amantis
1139 2705 1346 2744 vocem.
1395 2688 1471 2743 Tu
1515 2697 1692 2743 autem
1743 2689 1920 2743 dixisti
1969 2705 1983 2742 :

398 2780 571 2835 Bonus
596 2782 745 2835 homo
775 2781 837 2834 de
864 2782 993 2835 bono
1041 2781 1279 2835 thesauro
1317 2781 1483 2835 cordis
1508 2782 1589 2834 sui
1617 2786 1809 2852 profert
1857 2781 1987 2835 bona

400 2872 614 2944 (Matth.
648 2890 717 2928 χιι
739 2917 753 2938 ,
780 2874 892 2944 55).
927 2874 1067 2944 Ergo
1101 2884 1157 2928 et
1199 2882 1411 2945 pastor,
1458 2883 1513 2929 et
1552 2875 1721 2929 bonus
1751 2883 1934 2944 pastor
1966 2890 1980 2926 :

399 2967 531 3023 nihil
567 2968 781 3038 quidem
829 2967 897 3022 ad
943 2976 1257 3037 potestatem
1305 2982 1369 3023 ac
1419 2967 1705 3021 bonitatem
1754 2966 1982 3036 pastoris

398 3070 706 3131 pastorum;
756 3062 850 3117 sed
897 3071 1072 3116 tamen
1095 3062 1253 3115 etiam
1287 3061 1399 3131 ipse
1451 3068 1507 3116 et
1556 3068 1768 3130 pastor,
1807 3070 1860 3115 et
1889 3059 1985 3115 bo—

396 3169 501 3209 nus
531 3170 545 3208 :
573 3162 626 3209 et
649 3154 827 3209 cteteri
852 3153 982 3209 tales
1008 3163 1247 3223 pastores
1272 3153 1416 3208 boni.

464 3243 690 3301 CAPUT
733 3246 791 3299 Υ.
821 3276 892 3286 -
911 3246 965 3301 5.
993 3245 1136 3299 Unus
1157 3256 1320 3299 tamen
1352 3246 1512 3299 bonus
1539 3254 1711 3315 pastor
1731 3245 1982 3299 Christus.

396 3336 537 3405 Quid
584 3347 667 3393 est
703 3354 864 3410 ergo,
906 3338 1046 3409 quod
1094 3338 1394 3407 pastoribus
1439 3338 1593 3392 bonis
1634 3337 1983 3392 commendas

395 3447 557 3486 unum
587 3441 886 3500 pastorem,
918 3431 1017 3485 nisi
1044 3431 1163 3501 quia
1211 3431 1262 3484 in
1304 3447 1408 3484 uno
1436 3441 1646 3499 pastore
1665 3430 1825 3484 doces
1857 3431 1981 3485 uni-

399 3523 598 3576 tatem?
618 3523 690 3576 Iis
723 3522 940 3591 exponit
966 3521 1199 3591 apertius
1219 3522 1330 3590 ipsc
1356 3521 1611 3575 Dominus
1630 3537 1723 3590 per
1745 3522 1985 3576 ministe-

394 3614 532 3667 rium
551 3624 811 3681 nostrum,
831 3629 894 3668 ex
914 3613 1028 3682 ipso
1043 3613 1329 3682 Evangelio
1349 3627 1775 3667 commemorans
1796 3612 1985 3665 Chari-

395 3715 556 3759 tatcm
584 3716 837 3769 vestram,
876 3713 930 3759 et
958 3702 1163 3767 dicens,
1206 3703 1399 3756 Audite
1428 3701 1554 3771 quid
1590 3701 1981 3767 commendavi,

395 3793 507 3865 Ego
530 3812 640 3849 sum
659 3811 830 3864 pastor
845 3793 1021 3859 bonus,
1045 3794 1153 3848 dixi
1185 3812 1200 3848 :
1222 3794 1343 3864 quia
1364 3806 1550 3847 omnes
1571 3794 1773 3857 caeteri,
1795 3808 1984 3849 omnes

392 3895 640 3955 pastores
672 3886 795 3939 boni
824 3885 1065 3941 membra
1097 3901 1211 3940 mea
1241 3894 1381 3939 sunt.
1419 3884 1588 3940 Unum
1617 3895 1793 3955 caput,
1820 3902 1980 3941 unutn

389 3990 621 4045 corpus,
651 3993 786 4031 unus
813 3977 1079 4032 Christus.
1122 3977 1262 4048 Ergo
1287 3986 1343 4032 et
1366 3987 1547 4048 pastor
1585 3987 1858 4049 pastorum
1881 4021 1895 4046 ,
1929 3988 1983 4034 ct

394 4079 636 4139 pastores
682 4072 909 4140 pastoris
933 4114 948 4134 ,
995 4081 1047 4126 et
1077 4087 1204 4127 oves
1230 4088 1350 4127 cum
1384 4072 1685 4142 pastoribus
1727 4072 1827 4127 sub
1885 4089 1981 4143 pa-

394 4169 541 4214 store
560 4161 597 4211 ¹.
620 4159 754 4228 Quid
776 4170 898 4215 sunt
923 4161 1055 4228 hmc,
1085 4163 1183 4216 nisi
1207 4162 1346 4232 quod
1373 4163 1500 4218 dicit
1525 4164 1813 4233 Apostolus
1842 4182 1855 4218 :
1890 4165 1983 4220 Si-

397 4260 482 4303 cut
512 4251 643 4304 enim
671 4267 856 4320 corpus
896 4269 1051 4306 unum
1092 4263 1195 4318 est,
1226 4264 1272 4308 et
1323 4253 1543 4308 membra
1594 4254 1741 4309 habet
1786 4256 1980 4321 multa;

397 4343 567 4395 omnia
594 4353 759 4395 autem
802 4344 1022 4397 membra
1050 4346 1277 4414 corporis
1310 4363 1423 4399 cum
1453 4346 1551 4400 sint
1587 4348 1780 4412 multa,
1822 4365 1982 4401 unum

396 4445 467 4489 est
505 4452 689 4505 corpus
715 4452 732 4488 :
758 4437 830 4491 sic
856 4447 900 4490 ct
949 4436 1175 4492 Christus
1198 4437 1240 4505 (Ι
1269 4437 1388 4493 Cor.
1425 4454 1497 4493 xu
1520 4481 1535 4506 ,
1586 4440 1718 4510 12)?
1747 4440 1886 4510 Ergo
1934 4441 1979 4495 si

395 4526 473 4581 sic
494 4535 551 4581 et
575 4525 851 4593 Christus,
879 4530 1069 4589 merito
1092 4527 1338 4585 Christus
1368 4530 1420 4585 in
1452 4546 1510 4586 se
1553 4530 1755 4587 habens
1792 4546 1982 4588 omnes

396 4626 634 4685 pastores
677 4618 881 4682 bonos,
913 4635 1075 4675 unum
1103 4620 1443 4676 commendat
1482 4621 1664 4676 dicens
1688 4664 1703 4688 ,
1735 4621 1846 4693 Ego
1866 4640 1982 4677 sum

394 4716 568 4774 pastor
582 4708 760 4762 bonus.
794 4708 905 4779 Ego
929 4725 1082 4777 sum,
1116 4727 1254 4765 unus
1292 4728 1431 4778 sum,
1464 4726 1673 4766 mecum
1708 4727 1898 4768 omnes
1924 4714 1977 4768 iu

396 4798 597 4854 unitate
641 4816 805 4855 unum
836 4810 978 4856 sunt.
1007 4803 1105 4871 Qui
1151 4813 1301 4857 extra
1332 4820 1417 4859 me
1444 4805 1639 4874 pascit,
1670 4817 1855 4861 contra
1892 4823 1980 4863 me

394 4891 583 4958 pascit.
612 4889 711 4959 Qui
738 4907 947 4947 mectun
991 4910 1095 4947 non
1124 4895 1361 4965 colligit,
1386 4897 1605 4965 spargit.
1636 4897 1775 4968 Ergo
1800 4898 1981 4955 audite

393 4981 561 5048 ipsam
588 4983 841 5038 unitatem
872 4984 1243 5041 vehementius
1267 4987 1694 5042 commendatam
1721 5005 1733 5040 :
1766 4988 1973 5053 Habeo,

396 5071 595 5143 inquit,
626 5074 756 5129 alias
782 5092 895 5129 oves
911 5117 926 5143 ,
948 5092 1175 5145 quazuon
1195 5088 1313 5130 sunt
1334 5078 1395 5130 de
1424 5077 1518 5132 hoc
1537 5079 1676 5132 ovili.
1702 5079 1979 5150 Loqueba-

395 5173 481 5217 tur
505 5164 648 5218 enim
689 5166 861 5234 primo
903 5165 1028 5220 ovili
1065 5166 1132 5221 de
1173 5182 1370 5236 genere
1390 5169 1566 5222 carnis
1594 5168 1778 5223 Israel.
1813 5170 1981 5227 Erant

393 5263 571 5308 autem
621 5256 711 5310 alii
753 5256 819 5312 de
867 5273 1064 5327 genere
1115 5257 1238 5313 ﬁdei
1283 5260 1448 5328 ipsius
1494 5260 1687 5328 Israel,
1732 5270 1787 5317 et
1826 5272 1977 5319 extra

392 5357 544 5401 erant
568 5347 779 5418 adhuc,
816 5351 868 5404 in
901 5350 1159 5406 Gentibus
1185 5362 1372 5419 erant,
1417 5354 1775 5423 praedestinati
1798 5397 1813 5422 ,
1843 5372 1979 5411 non-

393 5437 520 5493 dum
564 5442 889 5512 congregati.
920 5442 1031 5500 IIos
1078 5453 1297 5499 noverat
1327 5446 1415 5515 qui
1467 5446 1976 5516 prwdestinaverat:

455 5595 469 5624 ι
496 5594 700 5671 εἰςιιῇ
725 5600 1066 5671 athon-Ergo
1087 5602 1132 5671 et
1153 5601 1314 5671 pastor
1334 5596 1436 5659 ipse
1458 5605 1529 5650 est
1550 5606 1812 5671 pastorum,
1828 5607 1875 5653 et
1895 5615 1977 5665 pa-

390 5655 700 5768 stigrmlti
720 5663 828 5708 sunt
854 5658 990 5712 tutius
1006 5655 1232 5721 "pastoris,
1253 5665 1299 5710 et
1322 5655 1427 5710 ores
1451 5655 1561 5711 cuni
1581 5655 1847 5725 pastoribus
1870 5655 1977 5716 situt

390 5731 440 5765 su
632 5731 701 5769 re.

1747 268 1975 325 SEBMO
2010 269 2344 329 CXXXVIII.

3585 292 3687 348 766

2101 392 2323 439 noverat
2361 386 2448 456 qui
2475 386 2740 446 redimere
2765 393 3022 461 sanguine
3048 409 3146 449 suo
3182 396 3303 453 fuso
3327 408 3565 456 venerat.
3596 402 3661 457 γι
3693 424 3695 428 ⁴

2100 475 2258 530 debat
2285 493 2409 544 eos,
2444 481 2678 537 nondum
2708 484 2944 541 videntes
2967 503 3089 541 eum
3122 505 3135 541 :
3163 500 3386 546 noverat
3405 507 3521 558 eos,
3551 510 3690 549 non-

2100 567 2227 621 dum
2273 570 2556 626 credentes
2596 574 2648 627 in
2702 590 2843 629 eum.
2878 576 3084 645 Habeo,
3118 580 3319 652 inquit,
3362 584 3493 639 alios
3536 602 3689 646 oves.

2098 677 2212 730 quae
2235 679 2334 716 non
2379 675 2492 718 sunt
2532 665 2595 720 de
2619 667 2711 721 hoc
2746 671 2865 724 ovili
2892 688 2911 726 :
2937 674 3057 741 quia
3101 690 3207 729 non
3247 686 3371 731 sunt
3396 677 3464 733 de
3492 694 3691 747 genere

2097 752 2276 808 carnis
2314 753 2495 811 Israel.
2544 757 2647 813 Sed
2677 768 2852 815 tamen
2886 778 2989 817 nou
3020 775 3175 820 erunt
3195 777 3341 823 extra
3375 768 3477 824 hoc
3503 770 3644 825 ovile
3669 809 3689 835 .

2097 843 2217 912 quia
2240 854 2434 915 oportet
2458 863 2536 902 “te
2558 866 2641 904 eas
2677 851 2927 907 adducere
2947 896 2962 922 ,
2992 866 3046 910 ut
3071 856 3136 910 sit
3173 875 3307 913 unus
3332 876 3456 930 grex
3488 871 3534 915 et
3555 878 3690 916 unus

2097 946 2291 1006 pastor.

2169 1026 2392 1085 CAPUT
2431 1030 2519 1085 VI.
2567 1062 2640 1074 —
2684 1035 2738 1089 ti.
2785 1036 3005 1104 Sponsae
3045 1039 3112 1093 ad
3153 1039 3409 1097 Christum
3452 1043 3690 1111 affectus.

2096 1117 2284 1175 Merito
2322 1120 2447 1177 huic
2489 1127 2685 1193 pastori
2730 1138 3031 1197 pastorum,
3081 1143 3253 1187 amata
3298 1134 3446 1205 ejus,
3490 1152 3686 1206 sponsa

2095 1210 2241 1279 ejus,
2272 1213 2487 1281 pulchra
2514 1216 2661 1285 ejus,
2692 1219 2789 1273 sed
2832 1221 2898 1275 ab
2926 1220 3044 1292 ipso
3085 1224 3305 1294 pulchra
3337 1226 3472 1282 facta
3494 1269 3509 1292 ,
3538 1228 3688 1299 prius

2095 1302 2327 1370 peccatis
2356 1303 2496 1362 {teda
2518 1348 2534 1375 ,
2574 1318 2693 1377 post
2737 1310 3063 1383 indulgentia
3109 1325 3163 1370 et
3192 1319 3359 1387 gratia
3408 1320 3641 1375 formosa
3666 1361 3684 1387 ,

2094 1393 2330 1465 loquitur
2378 1414 2563 1454 amans
2590 1410 2645 1457 et
2692 1403 2886 1460 ardJus
2918 1406 2971 1459 in
3024 1424 3185 1476 eum,
3217 1418 3273 1463 et
3306 1411 3436 1467 dicit
3461 1414 3544 1479 ei,
3587 1412 3687 1469 Ubi

2096 1490 2304 1557 pascis?
2346 1492 2413 1546 Et
2458 1494 2631 1551 videte
2674 1498 3155 1565 quemadmodum,
3201 1506 3325 1571 quo
3352 1505 3545 1561 affectu
3600 1506 3689 1561 hic

2094 1580 2330 1650 erigatur
2364 1598 2515 1639 amor
2558 1587 2869 1656 spiritualis.
2918 1590 3106 1646 Melius
3132 1593 3300 1647 multo
3347 1596 3448 1649 isto
3492 1596 3686 1652 affectu

2093 1670 2456 1741 delectantur,
2494 1678 2582 1747 qui
2609 1680 2807 1749 aliquid
2843 1697 2909 1736 ex
2939 1682 3096 1752 hujus
3137 1687 3336 1741 amoris
3366 1686 3688 1746 dulceduine

2093 1774 2456 1833 gustaverunt.
2482 1769 2559 1823 Illi
2596 1769 2698 1825 hoc
2743 1778 2877 1829 bene
2902 1775 3157 1841 audiunt,
3203 1778 3292 1847 qui
3320 1788 3500 1834 amant
3527 1779 3688 1834 Chri-

2092 1863 2252 1910 stum.
2277 1856 2333 1912 In
2377 1859 2506 1928 ipsis
2534 1863 2674 1916 enim
2713 1864 2851 1932 hoc,
2884 1876 2938 1921 et
2961 1866 3028 1922 de
3056 1867 3188 1938 ipsis
3225 1878 3406 1924 cantat
3444 1872 3683 1929 Ecclesia

2092 1947 2144 2000 in
2172 1947 2406 2005 Canticis
2431 1954 2760 2009 canticorum
2796 1975 2807 2010 :
2836 1958 2925 2027 qui
2970 1970 3150 2015 amant
3191 1958 3495 2030 Christum,
3530 1964 3684 2035 quasi

2093 2037 2292 2094 fmdum
2315 2083 2329 2107 ,
2361 2051 2416 2097 et
2442 2044 2615 2098 solum
2639 2044 2953 2102 formosum.
2990 2048 3218 2106 Vidimus
3254 2053 3397 2108 enim
3422 2071 3535 2110 eum
3556 2096 3569 2120 ,
3604 2056 3686 2111 in-

2092 2130 2225 2200 quit,
2250 2142 2294 2185 et
2320 2149 2418 2187 non
2464 2135 2675 2189 habebat
2700 2139 2918 2208 speciem
2949 2156 3105 2209 neque
3126 2140 3356 2211 decorem
3378 2143 3529 2213 (lsui.
3556 2161 3643 2201 LIII
3669 2186 3685 2212 ,

2090 2219 2170 2291 ‘2).
2205 2221 2351 2276 Talis
2391 2223 2445 2278 in
2491 2240 2648 2280 cruce
2679 2230 2952 2296 apparuit.
2979 2231 3137 2286 talem
3182 2246 3241 2288 se
3273 2234 3440 2303 spinis
3460 2250 3687 2291 corona-

2092 2320 2176 2366 tus
2201 2312 2475 2378 exhibuit,
2522 2316 2717 2371 findunt
2772 2330 2826 2372 et
2872 2319 2988 2374 sine
3033 2320 3260 2389 decore,
3305 2326 3455 2393 quasi
3488 2327 3685 2382 amissa

2092 2406 2355 2473 potentia;
2389 2407 2539 2475 quasi
2578 2423 2683 2463 non
2716 2409 2908 2465 Filium
2953 2410 3074 2467 Dei.
3120 2413 3264 2468 Talis
3294 2415 3439 2469 visus
3478 2425 3560 2470 est
3584 2431 3688 2471 ca:-

2090 2496 2187 2549 cis.
2222 2498 2296 2551 Ex
2339 2514 2566 2565 persona
2602 2502 2797 2571 quippe
2841 2502 3144 2558 .ludtcornm
3190 2505 3291 2560 hoc
3320 2507 3453 2562 dixit
3484 2508 3684 2576 Isaias,

2101 2585 2329 2640 Vidimus
2365 2606 2506 2654 eum,
2552 2602 2597 2644 et
2625 2610 2723 2645 non
2755 2592 2964 2647 habebat
2992 2596 3205 2665 speciem
3247 2613 3405 2666 neque
3429 2598 3682 2651 decorem.

2090 2678 2315 2746 Quando
2357 2682 2669 2749 dicebatur,
2722 2683 2783 2738 Si
2823 2683 2987 2738 Filius
3033 2684 3130 2740 Dei
3181 2697 3281 2751 est,
3313 2688 3581 2742 descendat
3623 2690 3687 2743 de

2089 2785 2255 2823 crure.
2301 2771 2444 2826 Alios
2470 2774 2635 2828 salvos
2664 2775 2817 2844 fecit,
2856 2794 2909 2829 se
2936 2778 3103 2847 ipsum
3142 2776 3240 2832 neu
3270 2790 3445 2848 potest.
3476 2782 3540 2836 Et
3566 2797 3688 2852 per-

2089 2864 2355 2919 cutientcs
2397 2866 2463 2920 de
2521 2868 2728 2922 calamo
2789 2871 2841 2923 iu
2896 2880 3083 2939 caput,
3135 2871 3445 2943 PrOphetiza
3498 2876 3682 2944 nobis,

2088 2951 2314 3023 Christe,
2366 2958 2479 3026 quis
2522 2968 2569 3011 te
2619 2962 2865 3028 percussit
2919 2961 3128 3033 (Matth.
3189 2980 3368 3033 xxvu,
3417 2966 3518 3031 40,
3576 2969 3681 3031 4i;

2089 3062 2250 3115 xxvi,
2278 3048 2409 3118 68)?
2450 3050 2583 3117 Quia
2623 3068 2727 3106 non
2775 3053 3003 3109 habebat
3032 3057 3263 3125 speciem
3295 3073 3468 3128 neque
3518 3060 3683 3117 deco-

2089 3153 2224 3191 rem.
2256 3138 2437 3193 Talem
2459 3183 2476 3207 ,
2506 3141 2673 3196 Jttdmi
2697 3184 2711 3209 ,
2742 3144 3020 3199 videbatis.
3056 3146 3189 3215 Quia
3219 3149 3435 3204 caecitas
3463 3167 3530 3205 ex
3560 3167 3684 3221 par-

2090 3237 2141 3283 te
2168 3229 2326 3285 Israel
2362 3231 2493 3287 facta
2535 3244 2650 3299 est,
2675 3236 2844 3291 donec
2885 3239 3155 3307 plenitudo
3182 3240 3428 3297 Gentium
3459 3245 3682 3302 intraret

2090 3324 2266 3393 (Rom.
2291 3342 2340 3378 χι
2362 3368 2377 3391 ,
2405 3327 2495 3397 ‘25)
2518 3369 2532 3392 ,
2562 3328 2736 3384 donec
2776 3331 2895 3385 alim
2944 3347 3072 3387 oves
3126 3336 3389 3391 venirent.
3421 3337 3554 3406 Quia
3598 3355 3685 3395 er-

2087 3433 2154 3486 go
2178 3418 2389 3474 eu-citas
2419 3419 2552 3475 facta
2583 3432 2694 3489 est,
2729 3423 2848 3477 ideo
2876 3424 3130 3481 decorum
3158 3429 3273 3483 sine
3303 3429 3498 3485 decore
3538 3432 3677 3487 vidi-

2088 3512 2204 3564 stis.
2235 3510 2288 3565 Si
2313 3513 2453 3566 enim
2481 3516 2895 3581 cognovissetis,
2937 3535 3204 3587 nunquam
3236 3520 3521 3577 Dominum
3560 3524 3680 3593 glo-

2087 3602 2182 3657 ria:
2207 3606 2607 3662 cruciﬁxissetis
2634 3606 2674 3680 (I
2704 3608 2821 3662 Cor.
2852 3625 2921 3676 II,
2955 3611 3031 3679 8).
3055 3610 3277 3668 Fecistis
3307 3625 3483 3669 autem
3508 3659 3521 3680 ,
3552 3618 3675 3684 quia

2088 3709 2194 3748 non
2238 3699 2580 3767 cognovistis.
2625 3700 2689 3754 Et
2734 3709 2908 3755 tamen
2952 3703 3041 3759 ille
3069 3705 3155 3774 qui
3186 3721 3282 3759 vos
3312 3709 3462 3776 quasi
3508 3708 3681 3764 ftedos

2089 3788 2370 3853 toleravit;
2396 3806 2495 3859 pro
2518 3792 2667 3846 vobis
2698 3791 2968 3849 formosus
2991 3797 3163 3850 oravit
3189 3815 3200 3850 :
3235 3796 3393 3852 Pater
3414 3841 3429 3865 ,
3474 3801 3677 3870 inquit,

2086 3878 2290 3948 ignosce
2336 3881 2467 3944 illis,
2497 3883 2615 3950 quia
2656 3886 2885 3938 nesciunt
2930 3887 3051 3955 quid
3082 3890 3273 3958 faciunt
3317 3889 3465 3959 (Luc.
3503 3908 3635 3946 χχιιι
3662 3933 3679 3960 ,

2088 3968 2200 4038 54).
2233 3968 2287 4025 Si
2319 3972 2459 4024 enim
2505 3973 2618 4027 sine
2662 3974 2891 4041 decore,
2920 3977 3042 4046 quid
3073 3988 3154 4032 est
3202 3978 3343 4048 quod
3374 3989 3516 4034 amat
3543 3982 3640 4036 ista
3662 4023 3677 4047 ,

2086 4075 2206 4129 qua:
2236 4060 2394 4126 dicit,
2427 4064 2687 4116 Annuntia
2713 4066 2869 4129 mihi,
2913 4084 3058 4136 quem
3108 4069 3287 4123 dilexit
3325 4071 3495 4123 anima
3524 4089 3634 4125 mea
3655 4072 3683 4126 1'

2086 4151 2227 4217 Quid
2267 4161 2349 4206 est
2374 4154 2514 4222 quod
2544 4156 2723 4209 amat?
2756 4157 2879 4224 quid
2910 4170 2991 4213 est
3035 4160 3175 4229 quod
3220 4161 3408 4226 ardet,
3438 4162 3561 4232 quid
3597 4172 3681 4218 est

2085 4242 2225 4312 quod
2267 4252 2471 4299 tantum
2518 4262 2584 4300 ne
2633 4248 2702 4302 ab
2747 4248 2837 4303 illo
2901 4250 3140 4315 aberret,
3195 4253 3383 4306 timet?
3421 4256 3547 4325 quid
3596 4266 3681 4311 est

2085 4335 2227 4405 quod
2276 4346 2478 4391 tantum
2523 4338 2815 4395 delectatur
2858 4343 2908 4395 in
2941 4343 3089 4414 ipso,
3119 4346 3203 4399 cui
3247 4347 3359 4400 sola
3389 4364 3545 4416 ptena
3591 4359 3676 4406 est

2086 4439 2207 4480 esse
2232 4425 2349 4481 sine
2394 4428 2549 4497 ipso?
2575 4429 2707 4497 Quid
2733 4441 2876 4486 eSset
2906 4433 3047 4489 unde
3076 4446 3379 4501 amaretur,
3429 4439 3528 4491 nisi
3557 4438 3670 4492 for-

2086 4530 2268 4571 mosus
2315 4520 2501 4574 esset?
2531 4520 2727 4575 Verum
2771 4524 3040 4593 quomodo
3087 4526 3173 4581 illa
3223 4528 3302 4582 sic
3345 4538 3581 4593 amaret,
3631 4533 3675 4586 si

2087 4606 2175 4662 ille
2212 4608 2285 4662 illi
2317 4609 2396 4664 sic
2434 4621 2747 4681 appareret,
2797 4616 3066 4685 quomodo
3112 4619 3271 4672 cazcis
3310 4623 3676 4689 persequenti-

2087 4698 2217 4765 bus,
2261 4708 2317 4755 et
2342 4701 2467 4771 quid
2514 4704 2708 4759 iaciant
2746 4708 3144 4763 nescientibus?
3171 4712 3392 4777 Qualem
3435 4727 3563 4782 ergo
3589 4714 3675 4769 illa

2085 4791 2317 4845 amavit?
2361 4793 2674 4862 Speciosum
2707 4796 2877 4853 forma
2921 4816 3030 4869 pra:
3072 4801 3192 4855 ﬁliis
3220 4801 3514 4857 hominum.
3549 4804 3677 4871 Spe

2086 4881 2249 4937 ciosus
2275 4882 2440 4952 forma
2487 4903 2593 4955 prae
2621 4888 2744 4956 ﬁliis
2774 4889 3066 4955 hominum,
3118 4891 3305 4959 cli/fusa
3331 4904 3404 4947 est
3434 4895 3598 4964 gratia
3631 4903 3681 4949 in

2087 4972 2235 5027 labiis
2283 4975 2381 5029 tuis
2414 4974 2585 5048 (Psal.
2619 4995 2775 5045 κων,
2814 4982 2890 5052 5).
2938 4983 3079 5051 Ergo
3118 4984 3186 5039 de
3236 4986 3364 5055 ipsis
3396 4986 3549 5041 labiis
3577 4990 3678 5044 tuis

2086 5064 2335 5117 annuntio
2356 5066 2510 5133 mihi,
2540 5085 2686 5139 quem
2707 5071 2882 5124 dilexit
2903 5074 3075 5126 anima
3102 5092 3232 5129 mea.
3260 5076 3524 5132 Auuuntia
3549 5122 3562 5143 ,
3599 5080 3679 5133 iu-

2086 5156 2232 5225 quit,
2256 5157 2413 5222 mihi,
2443 5176 2472 5212 ο
2502 5177 2651 5231 quem
2676 5163 2886 5230 dilexit,
2922 5180 3025 5218 non
3050 5180 3173 5220 caro
3197 5184 3312 5222 mea
3334 5211 3348 5231 ,
3383 5170 3474 5225 sed
3499 5172 3671 5226 anima

2087 5265 2217 5302 mea.
2244 5250 2503 5306 Annuntia
2525 5255 2648 5308 mihi
2680 5256 2764 5309 ubi
2791 5258 3075 5325 pascis,ubi
3101 5262 3316 5315 cubasin
3342 5264 3548 5318 meridie
3570 5283 3587 5318 :
3619 5283 3679 5319 ne

2087 5342 2217 5411 forte
2232 5342 2355 5409 ﬁam
2372 5342 2501 5397 sicut
2521 5356 2694 5416 operta
2712 5364 2769 5401 su
2778 5366 2863 5416 per
2877 5366 3049 5421 grrges
3063 5352 3315 5407 sodalium
3345 5365 3543 5411 tuorum
3571 5359 3671 5429 (a).

2157 5432 2386 5489 CAPUT
2427 5435 2537 5491 VII.
2559 5470 2631 5479 --
2647 5440 2698 5494 7.
2722 5440 2939 5510 Sponsa:
2954 5444 3099 5499 verba
3121 5455 3172 5498 ut
3201 5448 3545 5519 intelligenda.
3572 5450 3677 5505 So-

2085 5524 2225 5579 dales
2247 5567 2259 5591 ,
2288 5529 2435 5597 quasi
2474 5530 2625 5585 simul
2652 5532 2837 5586 edales.
2870 5533 3162 5591 Obscurum
3210 5539 3447 5608 videtur,
3479 5542 3673 5596 obscu-

2087 5635 2204 5676 rmu
2235 5632 2317 5677 est
2342 5642 2354 5677 :
2379 5625 2500 5694 quia
2527 5625 2741 5682 thalami
2764 5630 2898 5685 sacri
2922 5636 3230 5704 mysterium
3259 5648 3359 5694 est.
3389 5637 3506 5709 Ipsa
3527 5636 3670 5695 enim

2151 5732 2223 5794 (a)
2249 5732 2364 5784 \‘itle
2385 5747 2534 5785 serm.
2564 5736 2641 5800 46,
2668 5752 2717 5788 ιι.
