3978 6442
399 319 502 376 767

400 432 550 500 dicit,
579 428 875 486 Introduxit
890 441 971 482 me
988 440 1079 481 rex
1095 424 1150 479 in
1172 419 1457 478 cubiculum
1483 432 1653 474 suum
1671 412 1821 471 Talis
1834 409 1986 468 cubi-

402 524 511 580 culi
558 524 660 578 hoc
686 528 952 577 secretum
1000 524 1105 572 est.
1136 513 1243 571 Sed
1264 527 1362 568 vos
1385 511 1476 583 qui
1516 510 1584 565 ah
1611 511 1713 565 isto
1738 506 1989 563 cubiculo

409 615 619 686 profani
646 628 753 670 non
768 612 920 677 estis,
938 608 1120 666 audite
1142 606 1283 679 quod
1312 606 1463 673 estis,
1479 611 1534 659 et
1549 602 1711 659 dicite
1729 617 1852 658 cum
1873 600 1985 665 illa,

401 706 448 761 si
493 704 685 760 amatis
733 718 857 759 cum
886 702 976 756 illa
1004 718 1018 755 :
1043 698 1439 755 amatisautem
1468 709 1591 751 cum
1621 693 1747 762 illa,
1775 691 1835 747 s'r
1858 691 1997 748 estis

400 797 453 851 in
486 795 595 851 illa.
629 793 801 849 Dicite
827 806 1016 848 omnes
1035 830 1054 859 ,
1086 800 1142 846 et
1164 798 1346 845 tamen
1389 802 1494 844 una
1517 778 1661 842 dicat
1680 827 1698 854 ,
1721 785 1844 856 quia
1868 782 1990 839 unis

398 895 482 942 tas
531 885 660 941 dicit
700 901 719 939 :
747 882 1010 938 Annuntia
1044 882 1197 949 mihi,
1246 896 1395 950 quem
1419 878 1597 934 dilexit
1633 879 1807 933 annua
1851 891 1984 930 mea.

400 978 530 1034 Erat
576 977 721 1034 enim
771 975 878 1031 illis
921 976 976 1030 in
1023 974 1190 1031 Deum
1237 988 1341 1029 una
1369 972 1544 1027 anima
1593 977 1650 1027 et
1690 984 1786 1026 cor
1821 982 2002 1023 unum:

399 1068 537 1138 (Aet.
564 1082 656 1135 tv,
702 1064 819 1137 δεμ
846 1064 1250 1120 Αηηυηιὶανηεϋιὶ
1274 1063 1373 1118 ubi
1631 1058 1896 1143 ubi‘eubas
1932 1058 1987 1112 in

399 1161 629 1215 meridie.
659 1159 799 1227 Quid
835 1158 1099 1230 significat
1125 1157 1420 1214 meridies?
1444 1156 1695 1227 Magnum
1724 1154 1984 1209 fervorem

400 1266 758 1323 magnumque
803 1250 1173 1321 splendorem.‘
1224 1248 1368 1319 Ergo
1404 1255 1587 1303 notum
1615 1245 1699 1301 fac
1732 1245 1862 1300 mihi
1895 1246 1985 1315 qui

403 1344 512 1399 sint
536 1343 807 1414 sapientes
829 1342 939 1409 tui,
971 1341 1163 1413 spiritu
1202 1340 1504 1407 ferventes,
1532 1348 1586 1394 et
1610 1336 1997 1419 doctrina!ng

398 1445 607 1513 gentes.
652 1434 926 1490 Demteram
952 1444 1093 1489 tuam
1138 1440 1308 1488 notam
1355 1436 1438 1504 [ac
1464 1432 1625 1497 mihi,
1673 1439 1721 1484 et
1763 1429 1995 1485 eruditos

398 1528 551 1583 corde
575 1528 630 1582 in
658 1528 907 1599 sapientia
934 1526 1104 1599 (Psal.
1133 1542 1370 1592 Luxu,
1394 1525 1509 1597 12).
1532 1523 1666 1595 Ipsis
1696 1524 1985 1579 inhazream

402 1619 455 1673 in
481 1632 707 1688 corpore
731 1626 856 1685 tuo,
900 1618 1030 1689 ipsis
1071 1617 1272 1685 socier,
1299 1632 1420 1673 cum
1447 1617 1577 1688 ipsis
1621 1627 1674 1672 te
1701 1615 1865 1671 fruar.
1894 1615 1988 1670 Dic

404 1710 531 1764 mihi
558 1725 717 1780 ergo,
749 1709 1246 1765 annuntiamiltivubi
1270 1710 1437 1781 pascis
1455 1750 1469 1776 ,
1497 1709 1584 1763 ubi
1607 1708 1773 1763 cubas
1794 1708 1849 1763 in
1877 1724 1985 1762 meo

400 1802 568 1865 ridie;
597 1815 665 1856 ne
693 1801 957 1856 incurram
1000 1801 1052 1855 in
1080 1815 1177 1857 eos
1201 1801 1292 1871 qui
1318 1800 1420 1856 alia
1445 1800 1516 1856 de
1559 1808 1612 1856 te
1635 1798 1852 1866 dicunt,
1882 1799 1987 1853 alia

402 1895 473 1951 de
500 1905 558 1950 te
577 1895 850 1961 sentiunt;
880 1894 983 1948 alia
1009 1893 1077 1950 de
1115 1903 1166 1949 te
1189 1892 1442 1961 credunt,
1471 1893 1573 1948 alia
1602 1893 1669 1948 de
1700 1902 1771 1948 te'
1792 1891 1988 1962 praedii-

403 1996 533 2042 cant
558 2004 572 2040 :
601 1995 877 2057 ergrcges
912 2001 1040 2042 suos
1079 1985 1313 2052 habent,
1347 1994 1403 2041 et
1443 1985 1657 2041 sodales
1700 1985 1775 2039 tui
1822 1992 1946 2039 sunt
1968 2000 2001 2050 ς’

402 2080 525 2151 quia
551 2080 634 2136 de
659 2095 843 2135 mensa
870 2089 956 2135 tua
979 2080 1195 2146 vivunt,
1220 2087 1274 2135 et
1314 2094 1514 2134 mensae
1545 2089 1648 2133 tua:
1676 2078 1990 2134 Sacramen-

398 2183 457 2229 ta
496 2181 843 2245 pertractant.
885 2172 1109 2229 Sodales
1137 2174 1280 2229 enim
1309 2173 1437 2227 dicti
1462 2182 1620 2239 sunt,
1652 2171 1792 2242 quod
1831 2171 2004 2227 simul‘

405 2264 613 2333 edant,
644 2265 794 2335 quasi
841 2265 1000 2319 simul
1047 2265 1246 2321 edales.
1291 2265 1450 2321 Talits
1502 2265 1894 2336 exprobrantur
1935 2264 1989 2319 in

410 2356 619 2410 Psalmo
651 2356 756 2411 :‘Si
792 2356 938 2410 enim
962 2357 1198 2412 inimicus
1240 2373 1380 2411 meus
1406 2373 1559 2428 super
1585 2374 1663 2411 me
1682 2373 1867 2429 magna
1910 2357 1990 2411 lo-

405 2459 552 2502 cutus
576 2449 785 2519 fuisset,
823 2449 1197 2503 abseondissem
1238 2466 1319 2504 me
1341 2451 1512 2520 utique
1553 2450 1623 2504 ab'
1663 2467 1720 2505 eo
1746 2468 1765 2507 :
1788 2463 1836 2506 et
1880 2451 1927 2505 si
1949 2451 1998 2505 is

404 2524 687 2609 quiaderat
708 2556 788 2595 me
809 2583 826 2608 ,
854 2556 1005 2612 super
1031 2558 1110 2595 me
1139 2557 1324 2612 magna
1344 2540 1541 2597 locutus
1566 2544 1745 2615 fuisset
1776 2543 1991 2622 abscon-

405 2632 583 2686 derem
601 2649 679 2688 me
704 2633 873 2703 utique
906 2633 969 2687 ab
994 2650 1072 2688 eo.
1106 2633 1182 2687 Tu
1208 2650 1322 2688 vero
1345 2675 1361 2700 ,
1390 2636 1647 2689 unanimis
1672 2652 1838 2701 meus,
1887 2635 1994 2689 dua:

407 2739 575 2786 mens,
602 2732 648 2777 et
676 2735 826 2778 notus
845 2739 1009 2788 meus,
1047 2724 1133 2791 qui
1160 2724 1327 2779 simul‘
1341 2741 1535 2779 mecum
1562 2726 1733 2780 dulces
1760 2724 1994 2795 cupiebas

405 2816 574 2881 cibos,
597 2815 819 2870 iit-domo
847 2815 941 2869 Dei
982 2816 1346 2872 amltulavimus
1388 2834 1504 2872 cum
1530 2834 1777 2872 consensu
1820 2816 1993 2890 (Psal.

416 2922 501 2960 uv
518 2946 535 2972 ,
567 2905 771 2979 i545).
796 2908 974 2975 Quare
997 2917 1193 2963 contra
1213 2909 1430 2964 domum
1457 2910 1845 2966 Dotniniimodo
1871 2926 1992 2967 cum

409 2996 687 3064 dissensu,
715 2998 818 3053 nisi
837 2999 960 3069 quia
989 3015 1053 3054 ex
1084 3000 1239 3055 nobis
1281 3001 1560 3067 exierunt,
1592 3002 1686 3056 sed
1709 3012 1996 3057 nouerant

406 3104 475 3144 ex
501 3090 656 3145 nobis
680 3089 723 3161 (1
748 3090 906 3147 Joan.
936 3107 1011 3145 xu
1035 3133 1049 3156 ,
1077 3091 1205 3163 19)?
1236 3092 1393 3161 ideo,
1439 3110 1472 3148 ο
1525 3102 1610 3159 tu,
1649 3112 1797 3164 quem
1819 3096 1996 3150 dilexit

409 3181 582 3233 anima
618 3197 759 3250 mea,
788 3197 857 3237 ne
903 3182 957 3236 in
997 3184 1130 3238 tales
1158 3184 1420 3249 incidam,
1463 3184 1674 3239 sodales
1705 3195 1853 3252 tuos,
1901 3185 1997 3242 sed

407 3275 592 3343 quales
621 3272 837 3329 fuerunt
860 3268 1070 3329 sedales
1096 3276 1321 3353 Samson
1342 3320 1359 3345 ,
1391 3292 1497 3331 non
1524 3286 1800 3332 servantes
1822 3278 1996 3331 amico

413 3364 605 3430 tidem,
645 3365 738 3420 sed
781 3366 1031 3421 volentes
1072 3367 1189 3436 ej‘us
1231 3382 1575 3437 corrumpere
1600 3383 1816 3422 uxorem
1843 3366 1995 3440 (Iud.

415 3456 552 3524 χεν).
617 3458 756 3527 Ergo
800 3473 867 3512 ne
898 3444 962 3512 in
1004 3460 1147 3514 tales
1193 3446 1497 3528 incurram,
1553 3477 1616 3514 ne
1665 3462 1788 3529 ﬁam
1844 3477 2000 3531 super

411 3562 528 3613 eos,
571 3547 620 3602 id
651 3557 762 3613 est,
797 3549 1024 3605 incidam
1064 3551 1126 3607 in
1155 3565 1284 3617 eos,
1337 3551 1706 3622 velutoperta,
1737 3551 1897 3606 velut
1922 3551 2001 3606 la-

413 3647 533 3693 tens
560 3649 614 3694 et
635 3641 863 3695 obscura
887 3683 901 3707 ,
936 3658 1040 3696 non
1075 3642 1225 3697 velut
1250 3644 1300 3697 in
1347 3652 1529 3698 monte
1553 3643 1862 3698 constituta.
1884 3642 1996 3697 An-

412 3730 597 3789 nuntia.
615 3745 743 3801 ergo
769 3731 896 3785 mihi
914 3772 929 3798 ,
960 3748 990 3786 ο
1017 3749 1165 3803 quem
1194 3732 1370 3787 dilexit
1397 3734 1569 3788 anima
1594 3750 1738 3800 mea,
1764 3734 1851 3787 ubi
1899 3751 1996 3803 pa-

411 3822 543 3888 scis,
582 3823 665 3876 ubi
689 3823 844 3878 cubas
868 3825 922 3879 in
949 3826 1196 3890 meridie;
1222 3826 1311 3897 qui
1337 3835 1461 3881 sunt
1487 3827 1755 3898 sapientes
1781 3835 1845 3882 ct'
1863 3828 1997 3882 fide-

413 3915 518 3979 les,
568 3915 620 3970 in
669 3917 861 3987 quibus
901 3920 1133 3975 maxime
1184 3920 1476 3991 requieseis
1523 3936 1634 3976 :ne
1672 3920 1807 3975 forte
1862 3921 2000 3975 sicut

413 4007 586 4061 latens
627 4009 893 4065 incurram
939 4011 992 4065 in
1019 4024 1210 4082 greges
1230 4054 1245 4079 ,
1271 4028 1377 4067 non
1405 4021 1559 4078 tuos,
1609 4012 1701 4068 sed
1733 4013 1996 4068 sodalium

415 4107 649 4152 tuorum.
678 4099 808 4154 Nam
837 4109 893 4155 tu
924 4100 1082 4157 Petro
1109 4118 1215 4157 non
1236 4103 1416 4158 dixisti
1438 4145 1452 4167 ,
1494 4104 1658 4159 Pasce
1681 4119 1810 4159 oves
1837 4114 1954 4159 tuas
1980 4120 1996 4171 ;

413 4189 506 4243 sed
528 4230 543 4253 ,
574 4189 735 4243 Pasce
761 4207 875 4245 oves
900 4208 1036 4246 meas
1067 4192 1243 4263 (Joan.
1275 4210 1368 4248 xx:
1388 4235 1404 4259 ,
1437 4194 1548 4263 15).

484 4281 712 4337 CAPUT
742 4281 874 4337 Vlll.
914 4314 983 4323 —
1008 4287 1062 4339 8.
1094 4284 1285 4355 Sponsi
1311 4268 1627 4355 responsum.
1660 4286 2003 4356 Respondeat

413 4388 543 4443 ergo
584 4381 777 4428 amata;
821 4374 945 4430 huic
990 4384 1171 4446 pastor
1209 4377 1400 4444 bonus,
1432 4385 1487 4433 et
1529 4378 1802 4446 speciosus
1832 4379 1998 4434 forma

412 4480 524 4533 prze
554 4464 674 4519 filiis
704 4465 978 4521 hominum
1010 4486 1023 4521 :
1054 4468 1371 4538 respondeat
1416 4470 1467 4524 ei
1507 4486 1667 4541 quam
1712 4471 1998 4526 formosam

415 4557 537 4611 fecit
562 4572 630 4611 ex
667 4557 788 4613 filiis
818 4557 1117 4614 hominum.
1165 4561 1359 4616 Audite
1386 4562 1509 4632 quid
1541 4564 1882 4632 respondeat,
1915 4563 2000 4617 in-

413 4649 668 4720 telligite;
709 4660 895 4706 cavete
946 4651 1086 4720 quod
1132 4659 1328 4719 terret,
1387 4661 1562 4708 amate
1612 4655 1754 4724 quod
1796 4664 1997 4710 monet.

411 4742 547 4809 Quid
571 4757 702 4814 ergo
727 4744 1054 4813 respondet?
1077 4745 1243 4811 Quam
1286 4760 1389 4799 non
1422 4746 1634 4811 blande,
1665 4748 1759 4802 sed
1788 4748 1998 4802 blandi-

408 4832 499 4888 tiis
541 4835 876 4890 severitatem
919 4835 1112 4890 reddit.
1158 4837 1414 4907 Corripit,
1466 4846 1527 4892 ut
1565 4840 1912 4909 constringat,
1945 4848 2002 4895 ut

410 4935 609 4982 servet.
633 4926 754 4982 Nisi
778 4930 1067 5000 cognoveris
1105 4930 1444 5002 temetipsum,
1474 4932 1675 5002 inquit,
1715 4950 1746 4987 ο
1790 4933 2003 5003 pulchra

410 5018 544 5073 inter
568 5020 801 5074 mulieres
832 5038 850 5075 :
879 5022 1286 5091 quamtumlihet
1312 5024 1454 5078 enim
1493 5024 1600 5079 sint
1624 5025 1741 5078 alim
1766 5025 2001 5094 pulchra:

412 5111 568 5167 donis
598 5113 696 5167 viri
738 5114 848 5181 tui,
889 5113 1125 5171 hmrcses
1154 5126 1309 5183 sunt;
1338 5127 1530 5173 ornatu
1570 5133 1677 5173 non
1707 5119 2001 5175 visceribus

414 5204 649 5272 pulchra:
677 5212 821 5272 sunt,
874 5205 1006 5262 foris
1058 5216 1111 5261 et
1154 5208 1487 5263 extrinsecus
1538 5210 1738 5276 nitent,
1787 5210 2003 5265 nomine

408 5294 628 5364 iustitiae
671 5310 731 5352 se
768 5296 1019 5354 dealbant
1050 5316 1063 5352 :
1099 5298 1277 5354 Omnis
1313 5311 1489 5355 autem
1531 5302 1853 5371 pulchritudo
1881 5302 2005 5373 ﬁlia:
2041 5297 2045 5302 ’

414 5389 546 5460 regis
570 5390 869 5445 intrinsecus
895 5389 1067 5462 (Psal.
1100 5407 1244 5459 κων,
1272 5392 1382 5463 il).
1418 5392 1536 5447 Nisi
1563 5409 1690 5465 ergo
1714 5394 2003 5466 cognoveris

416 5484 729 5554 temetipsum
749 5526 763 5550 ,
790 5485 911 5555 quia
941 5501 1046 5541 una
1073 5502 1153 5553 es,
1184 5487 1308 5558 quia
1336 5502 1435 5559 per
1460 5503 1648 5544 omnes
1675 5498 1860 5560 gentes
1902 5504 1960 5546 es
1984 5530 2000 5555 ,

413 5577 536 5646 quia
563 5585 709 5632 casta
735 5592 795 5633 es
814 5619 830 5643 ,
856 5578 978 5647 quia
1007 5580 1274 5649 colloquio
1320 5595 1572 5651 perverso
1608 5580 1871 5637 malorum
1910 5598 2005 5638 so-

413 5668 616 5723 dalium
658 5669 927 5740 corrumpi
976 5685 1080 5726 non
1110 5671 1292 5727 debes.
1341 5671 1461 5727 Nisi
1505 5673 1795 5746 cognoveris
1831 5683 2002 5729 temet-

416 5763 621 5836 ipsam,
661 5764 781 5836 quia
813 5774 959 5822 recte
999 5777 1052 5823 te
1092 5766 1222 5822 mihi
1261 5767 1603 5837 desponsavit
1629 5769 1717 5828 illc
1745 5768 2002 5838 virginem

1634 302 1694 358 S.
1735 290 2101 354 ΑυουετιΝι
2138 292 2442 355 Εριεουινι

3577 314 3691 373 768

2092 421 2294 470 castam
2332 415 2594 475 exhibere
2632 415 2876 488 Christo;
2921 431 3190 496 reeteque-
3226 423 3358 482 mihi
3408 435 3462 485 te
3509 429 3695 501 ipsam-

2093 506 2369 575 exhibeas,
2416 525 2483 565 ne
2518 512 2673 568 malis
2716 515 3027 586 colloquiis,
3069 518 3203 574 sicut
3251 534 3475 591 serpens
3514 522 3685 580 Evam

2092 597 2303 654 seduxit
2327 601 2521 656 astutia
2545 618 2661 670 sua,
2694 604 2773 660 sic
2799 616 2855 661 et
2886 610 2958 662 tui
2989 623 3180 665 sensus
3207 622 3623 683 corrumpantur
3646 630 3691 670 ι·

2092 691 2336 749 castitate
2369 709 2489 751 mea
2515 695 2590 767 (ll
2626 695 2745 753 Cor.
2788 714 2864 766 XI,
2902 699 2959 768 2,
2992 702 3073 772 ὅ).
3106 701 3380 776 Nisi‘ergo
3406 706 3566 763 talem
3595 725 3683 763 eo.

2090 784 2322 854 quereris
2355 777 2795 860 temetipsam,eri
2823 802 2918 857 tu;
2952 795 3054 848 exi.
3091 794 3224 851 Aliis
3255 798 3400 853 enim
3434 797 3682 859 dicturus

2090 888 2230 937 sum.
2260 868 2501 934 Intra-in
2530 880 2787 951 gaudium
2818 882 3026 940 Domini
3059 887 3135 941 tui
3170 887 3191 960 (
3207 887 3394 943 Hattlt;
3429 891 3679 961 311,21,

2089 964 2207 1037 25).
2235 966 2354 1025 Tibi
2382 974 2486 1026 no'n
2513 971 2711 1041 dicam,
2736 975 2877 1030 Intra
2904 993 2919 1031 :
2947 977 3064 1044 sed,
3087 978 3223 1047 Exi“,
3245 982 3404 1038 ursis
3424 982 3682 1042 intereas

2090 1057 2180 1126 qui
2205 1073 2270 1113 ex
2301 1061 2457 1117 nobis
2482 1063 2745 1120 exierant.
2776 1064 2981 1123 Exitu.
3013 1068 3119 1127 Sed
3152 1072 3249 1128 nis‘i
3271 1076 3563 1147 cognoveris
3600 1087 3678 1132 ta-

2091 1148 2379 1219 metipsant,
2408 1160 2534 1209 tunc
2557 1157 2659 1209 exi.
2684 1154 2741 1212 Si
2762 1166 2940 1215 autem
2964 1163 3280 1232 cognoveris
3310 1165 3677 1236 temetipsam,

2090 1238 2250 1296 intra.
2286 1242 2350 1298 Si
2385 1254 2560 1300 autem
2589 1263 2693 1302 non
2718 1252 3040 1321 cognoveris,
3071 1254 3154 1307 exi
3171 1255 3301 1309 tuin
3324 1256 3544 1326 uestigiis
3560 1273 3681 1328 gre-

2089 1349 2230 1403 gum,
2274 1344 2324 1390 et
2364 1353 2515 1408 pasce
2554 1338 2729 1396 luest
2777 1350 2890 1397 tuos
2932 1343 2990 1397 in
3031 1345 3371 1404 tabernaculis
3415 1357 3695 1419 pastorum

2092 1422 2262 1495 (Cant.
2294 1443 2339 1493 ι,
2364 1428 2416 1492 6,
2449 1429 2528 1498 7).
2558 1425 2743 1486 ετξ-δη
2767 1433 3005 1505 vestigiis,
3034 1451 3140 1492 non
3167 1438 3381 1509 gregis.
3425 1439 3522 1495 sed
3562 1456 3683 1512 gre-

2089 1532 2212 1587 gum
2240 1534 2261 1573 :
2286 1528 2333 1572 et
2358 1536 2526 1589 pasce,
2550 1537 2656 1577 non
2677 1522 2829 1579 sicut‘
2839 1525 3031 1582 Petrus
3052 1542 3188 1584 oves
3200 1544 3367 1597 meas,
3388 1529 3484 1586 sed
3504 1531 3690 1587 hcdos

2092 1619 2206 1663 tuos
2236 1625 2256 1663 :
2280 1610 2334 1665 in
2375 1612 2737 1682 tabernaculis,
2780 1631 2886 1673 non
2914 1619 3145 1688 pastoris
3167 1663 3185 1688 ,
3232 1622 3327 1677 sed
3370 1631 3632 1692 pastorum
3656 1637 3699 1688 ξ’

2092 1714 2197 1755 non
2227 1702 2466 1771 unitatis,
2488 1705 2583 1760 sed
2612 1706 2989 1775 dissensionis;
3021 1699 3129 1767 non
3158 1712 3229 1768 ibi
3258 1715 3449 1785 posita,
3485 1714 3574 1770 ubi
3595 1724 3683 1771 est

2091 1805 2231 1848 unus
2277 1808 2405 1864 grex
2438 1804 2492 1852 et
2538 1811 2678 1854 unus
2707 1811 2905 1869 pastor.
2930 1800 3260 1859 Conﬁrmata
3284 1816 3387 1871 est,
3418 1804 3680 1861 aediﬁcata

2092 1892 2176 1939 est
2193 1926 2207 1948 ,
2250 1898 2423 1942 amata
2461 1888 2646 1945 fortior
2672 1889 2811 1947 facta
2837 1901 2941 1960 est,
2974 1902 3154 1964 parata
3176 1897 3314 1953 mori
3338 1912 3437 1968 pro
3464 1898 3601 1966 viro,
3624 1906 3699 1953 er

2092 1990 2271 2031 Vivere
2294 1992 2416 2032 cum
2446 1995 2583 2034 νιτο.

2118 2104 2123 2111 ε
2162 2064 2392 2145 CAPUT
2434 2067 2526 2123 IX.
2566 2100 2638 2112 -—
2665 2070 2718 2125 9.
2766 2072 2987 2143 Sponsa:
3025 2074 3176 2131 verba
3201 2094 3356 2147 praue
3378 2092 3699 2152 usurpatam

2094 2154 2396 2213 Donatistis.
2457 2159 2583 2218 litec
2636 2163 2797 2219 verba
2852 2181 2973 2236 qua:
3025 2173 3562 2230 commemoravimus
3612 2176 3687 2232 de

2093 2248 2292 2304 sanctis
2314 2249 2547 2306 Canticis
2574 2254 2923 2320 canticorum,
2948 2258 3018 2315 de
3040 2261 3221 2331 sponsi
3238 2272 3293 2317 et
3320 2279 3534 2334 sponsa
3558 2267 3690 2338 epis

2096 2339 2346 2396 thalamio
2370 2343 2599 2414 quodam
2629 2365 2643 2401 :
2673 2348 2980 2418 spirituales
3011 2353 3156 2408 enim
3196 2358 3393 2427 nuptiae
3430 2371 3577 2429 sunt,
3625 2362 3683 2418 in

2094 2432 2287 2502 quibus
2328 2435 2482 2492 nobis
2529 2453 2717 2509 magna
2765 2444 3020 2499 castitate
3059 2446 3343 2504 vivendum
3384 2460 3503 2517 est;
3554 2454 3703 2525 quia-

2095 2524 2349 2582 Ecclesia:
2376 2532 2641 2586 concessit
2676 2533 2921 2591 Christus
2962 2538 3014 2592 in
3062 2541 3284 2610 spiritu,
3317 2544 3461 2614 quod
3509 2524 3690 2604 mater

2095 2615 2419 2687 ejushabuit
2453 2622 2469 2653 ¹
2497 2622 2549 2676 in
2576 2638 2820 2693 corpore,
2852 2637 2910 2681 nt
2926 2638 2980 2682 et
3000 2634 3411 2706 materetvirgo
3431 2636 3502 2692 sit
3529 2655 3542 2691 :
3566 2636 3691 2695 hare

2097 2723 2225 2778 ergo
2249 2710 2409 2765 verba
2442 2712 2726 2770 Donatista
2752 2719 3016 2790 accipiunt
3040 2723 3106 2778 ad
3133 2740 3351 2781 sensum
3375 2742 3532 2783 suum
3560 2744 3697 2799 per

2097 2813 2308 2855 versum
2357 2804 2720 2863 multo-aliter.
2752 2809 3285 2881 Et'quemadmodum
3322 2834 3428 2873 non
3456 2820 3692 2887 tacebo;
3764 2857 3768 2861 ‹

2097 2901 2152 2947 et
2199 2894 2324 2963 quid
2362 2895 2442 2951 eis
2483 2901 2869 2969 respondeatis,
2911 2905 3197 2974 adiuvante
3241 2909 3486 2976 Domino,
3515 2926 3698 2981 quan-

2100 2992 2209 3040 tum
2239 2998 2445 3056 potero,
2476 2990 2709 3047 breviter
2736 2995 3053 3053 admonebo.
3075 2999 3210 3054 Cum
3234 3016 3330 3056 eos
3358 3017 3546 3072 urgere
3569 3018 3696 3059 ea:—

2100 3081 2334 3149 pcrimus
2389 3084 2508 3139 luce
2552 3086 2768 3142 unitatis
2818 3089 3073 3146 Ecclesia:
3122 3092 3329 3148 diffusa:
3380 3102 3493 3148 toto
3552 3095 3705 3152 orbo

2101 3180 2384 3239 terrarum,
2418 3186 2471 3231 et
2502 3180 2902 3247 poposcerimus
2931 3192 2988 3236 ut
3014 3183 3297 3239 ostendant
3322 3185 3421 3255 ipsi
3450 3186 3519 3241 de
3541 3185 3709 3242 Scri-

2094 3265 2269 3334 pturis
2317 3267 2529 3338 aliquod
2579 3272 2961 3338 testimmtium,
3008 3274 3099 3328 ubi
3150 3269 3286 3331 Deus
3334 3277 3576 3345 prtedixit
3636 3260 3696 3332 in

2101 3354 2279 3410 Africa
2335 3357 2560 3412 futuram
2609 3362 2898 3417 Ecclesium
2928 3404 2943 3428 ,
2990 3364 3161 3435 quasi
3202 3367 3424 3435 perditis
3474 3369 3707 3424 eadem

2098 3449 2377 3517 gentibus;
2428 3450 2528 3507 hoc
2565 3455 2749 3508 Solent
2769 3457 3127 3512 testimonium
3157 3459 3207 3512 in
3238 3474 3334 3514 ore
3367 3459 3564 3515 habere
3584 3501 3603 3526 ,
3637 3470 3701 3517 et

2100 3540 2279 3595 dicere
2311 3560 2324 3595 :
2354 3542 2531 3599 Africa
2564 3548 2613 3599 in
2644 3547 2864 3603 meridie
2890 3559 3007 3612 est;
3041 3551 3378 3622 interrogans
3402 3567 3530 3622 ergo
3553 3594 3568 3616 ,
3601 3553 3700 3607 iu-

2100 3632 2306 3701 quiunt,
2350 3634 2586 3689 Ecclesia
2632 3637 2911 3693 Dominum
2959 3640 3046 3695 ubi
3100 3650 3300 3711 pascat,
3351 3642 3440 3697 tibi
3484 3642 3694 3709 cubet;

2102 3725 2391 3793 respondet
2410 3726 2517 3793 illo,
2550 3726 2618 3781 ln
2643 3731 2849 3784 meridie
2877 3747 2892 3783 :
2920 3740 2977 3786 ut
3004 3734 3151 3801 quasi
3178 3749 3279 3787 vox
3309 3734 3705 3803 interrogantis

2101 3814 2188 3878 sit,
2220 3816 2475 3870 Aununtin
2506 3819 2647 3883 mihi,
2667 3836 2815 3889 quem
2840 3822 3013 3875 dilexit
3032 3825 3205 3877 anima
3223 3840 3355 3891 mea,
3377 3823 3462 3878 ubi
3482 3840 3698 3895 pascas,

2102 3909 2188 3961 ubi
2216 3909 2399 3971 cubes;
2427 3921 2481 3964 et
2511 3927 2611 3965 vox
2640 3913 2790 3982 quasi
2818 3915 3209 3983 respondentis,
3238 3915 3304 3970 In
3328 3917 3555 3982 meridie,
3586 3918 3709 3975 hoc

2102 4010 2206 4065 est,
2237 4003 2288 4055 in
2338 4002 2534 4058 Africa.
2580 4005 2633 4059 Si
2663 4021 2790 4075 ergo
2813 4023 2930 4076 quae
2961 4008 3270 4079 interrogat,
3304 4009 3542 4064 Ecclesia
3563 4019 3698 4076 est',

2102 4105 2157 4148 et
2188 4094 2447 4148 Dominus
2466 4095 2550 4149 ubi
2584 4099 2751 4164 pascit
2778 4099 3063 4167 restiondct
3085 4141 3100 4163 ,
3128 4101 3178 4153 in
3211 4101 3385 4154 Africa
3409 4142 3425 4165 ,
3464 4101 3587 4171 quia
3638 4102 3709 4156 its

2103 4183 2279 4239 Africa
2315 4196 2429 4239 erat
2465 4187 2702 4242 Ecclesia
2751 4206 2766 4242 :
2805 4206 2923 4257 qua:
2965 4191 3274 4262 interrogat,
3312 4208 3418 4247 non
3474 4202 3606 4248 erat'
3640 4195 3699 4250 in

2103 4276 2302 4332 Africa.
2337 4279 2614 4345 Animalia,
2666 4282 2852 4350 inquit,
2896 4283 3056 4349 mihi,
3101 4301 3246 4354 quem
3287 4286 3471 4339 dilexit
3515 4287 3707 4340 auium

2103 4389 2231 4435 utea,
2265 4370 2350 4424 ubi
2377 4388 2574 4442 pascas,
2609 4373 2691 4424 alii
2731 4375 2915 4439 cubes;
2945 4386 2997 4429 et
3027 4377 3313 4445 respondet
3352 4376 3701 4432 ille-cuidam

2105 4463 2358 4518 Ecclesia:
2389 4475 2580 4534 praeter
2606 4466 2861 4531 Africum,
2894 4467 2957 4521 In
2984 4468 3209 4533 meridie,
3242 4469 3293 4521 in
3326 4468 3498 4522 Alrit'a
3529 4470 3695 4533 culto,

2105 4556 2158 4609 in
2185 4557 2357 4610 Africa
2387 4573 2561 4627 pasco,
2593 4560 2740 4627 quasi
2771 4560 2821 4613 in
2852 4572 2902 4614 te
2923 4578 3026 4615 non
3053 4576 3212 4630 pasm
3236 4564 3277 4614 ’.
3304 4562 3471 4615 ενοι-νη
3498 4561 3701 4632 siqua:

2106 4648 2414 4720 interrogat,
2467 4651 2698 4706 Ecclesia
2744 4666 2847 4716 rst,
2893 4654 3033 4724 quod
3071 4656 3244 4708 nullus
3278 4656 3518 4725 ambigit,
3547 4656 3700 4726 quod

2106 4757 2207 4796 nec
2253 4742 2349 4813 ipsi
2398 4744 2804 4807 contradicunt:
2853 4757 2907 4800 et
2957 4747 3177 4801 audiunt
3224 4748 3405 4803 nescio
3447 4748 3573 4817 quid
3626 4749 3707 4804 de

2106 4832 2281 4887 Africa
2313 4851 2325 4887 :
2354 4833 2467 4888 hare
2487 4848 2617 4904 ergo
2642 4853 2761 4906 qua:
2789 4837 3079 4907 interrogat
3097 4848 3291 4908 praeter
3315 4839 3543 4893 Africam
3569 4850 3659 4894 est
3685 4859 3703 4909 ;

2105 4934 2160 4978 et
2186 4924 2308 4995 quia
2339 4926 2585 4979 Ecclesia
2604 4936 2718 4991 cst,
2749 4938 2830 4981 cst
2856 4938 3049 4996 praeter
3073 4928 3305 4983 Africam
3340 4930 3595 4986 Ecclesia.

2176 5015 2404 5071 CAPUT
2452 5016 2519 5069 Χ.
2567 5045 2640 5056 -—
2696 5018 2783 5071 it).
2835 5019 3156 5087 llefelluntur
3202 5019 3501 5075 Donatistae.
3556 5022 3709 5078 Ecce.

2105 5110 2309 5177 accipio
2337 5109 2387 5163 in
2415 5109 2637 5164 meridie
2658 5123 2778 5164 esse
2814 5110 3044 5165 Africam
3075 5128 3088 5163 :
3119 5126 3421 5182 quanquam
3446 5114 3620 5183 magis
3648 5116 3707 5169 in

2108 5201 2340 5255 meridie
2356 5201 2456 5255 sub
2478 5200 2591 5255 sole
2642 5200 2802 5257 medii
2847 5203 2949 5258 dici
2996 5202 3257 5274 Egyptus
3293 5219 3454 5274 quam
3490 5205 3705 5261 Africa.

2108 5291 2220 5348 Illic
2243 5301 2421 5346 autem
2450 5291 2502 5345 in
2529 5291 2791 5363 Egypto,
2823 5293 3089 5361 quomodo
3128 5305 3310 5363 pastor
3345 5305 3430 5349 est
3459 5297 3581 5362 iste,
3608 5300 3708 5365 qui

2108 5395 2305 5441 norunt
2333 5394 2627 5455 agnoscunt
2658 5403 2671 5437 :
2703 5386 2790 5455 qui
2822 5402 2927 5440 non
2967 5397 3198 5452 norunt,
3234 5388 3511 5459 requirant
3537 5406 3709 5453 quant

2109 5493 2357 5548 magnam
2395 5477 2500 5531 illic
2540 5492 2754 5547 gregem
2784 5477 3019 5547 colligat,
3066 5487 3315 5547 quantam
3344 5479 3715 5533 numerosita-

2176 5596 2192 5624 ι
2218 5597 2350 5649 Lov.,
2374 5588 2511 5639 liabet
2536 5587 2587 5639 in
2610 5601 2811 5652 corpore
2831 5602 2850 5652 ;
2871 5589 3273 5642 dissentientibus
3310 5590 3456 5642 editis
3497 5594 3607 5643 aliis
3657 5603 3719 5645 et

2106 5659 2517 5781 llsihtatitiwuasi
2539 5718 2584 5763 te
2607 5724 2698 5764 non
2721 5726 2897 5781 pasco;
2919 5715 3100 5767 omissa
3117 5715 3347 5779 [articulat
3366 5715 3439 5776 in,
3463 5730 3606 5780 cpiam
3626 5718 3715 5767 Ιιειν

2108 5781 2228 5831 bent
2246 5779 2475 5835 plerique
2498 5785 2605 5828 Mss.
