4098 6310
410 320 515 376 Ὶῦθ

408 447 516 490 tem
561 441 864 487 sanctorum
895 438 1052 497 atque
1080 437 1381 482 sanctarum
1423 427 1612 482 haoeat
1643 434 1997 481 eontcmnen-

409 528 541 584 tium
593 525 804 595 penitus
846 523 1123 576 mundum.
1164 521 1302 576 Grex
1351 522 1438 575 ille
1480 531 1680 576 tantum
1722 521 1907 585 crevit,
1938 529 1996 574 nt

408 620 570 674 etiam
599 617 720 671 inde
749 614 1152 685 superstitiones
1171 613 1449 682 expulerit.
1474 613 1544 668 Ut
1572 629 1699 682 ergo
1729 613 1992 677 omittam,

407 713 676 784 quomodo
703 711 823 767 inde
845 726 1057 764 omnem
1089 708 1349 762 idolorum
1379 709 1844 776 superstitionem,
1874 723 1993 776 qua:

408 807 520 862 illic
563 804 732 858 valida
781 802 990 866 fuerat,
1038 799 1372 854 crescendo‘
1409 798 1668 869 fugaverit
1738 816 1750 852 :
1792 796 1994 866 accipio

391 897 544 969 quod
574 895 771 962 diCitis,
791 910 822 946 o
843 893 1052 947 sodales
1073 891 1196 945 mali
1219 907 1233 953 ;
1257 890 1459 960 accipio
1496 904 1731 962 prorsus,
1760 888 1993 942 assentio

406 990 643 1046 Africam
685 989 736 1042 in
770 985 992 1041 meridie
1018 999 1137 1039 esse
1157 1025 1171 1048 ,
1201 994 1254 1038 et
1293 982 1524 1037 Africam
1556 982 1904 1051 significatam
1937 980 1988 1033 in

389 1099 472 1137 'eo
493 1079 631 1152 quod
664 1078 862 1134 dictum
903 1086 1004 1139 est,
1038 1075 1135 1130 Ubi
1163 1074 1347 1146 pascis,
1380 1074 1464 1127 ubi
1486 1073 1638 1127 cubas
1664 1073 1715 1126 in
1741 1072 1946 1125 meridie
1967 1073 1992 1124 ?

401 1173 505 1229 Sed
533 1181 587 1228 ct
614 1186 710 1225 vos
739 1185 890 1240 mque
912 1171 938 1200 ²
975 1167 1230 1222 attendite
1258 1167 1430 1221 adhuc
1461 1167 1557 1220 ista
1588 1166 1748 1220 verba
1779 1181 1990 1236 sponsa:

399 1280 542 1328 esse,
589 1263 821 1318 nondum
865 1261 1069 1332 sponsi.
1111 1259 1297 1314 Adhuc
1323 1275 1514 1328 sponsa
1541 1258 1690 1322 dicit,
1731 1259 1990 1312 Annuutia

398 1355 545 1420 mihi,
575 1369 720 1425 queui
745 1353 920 1406 dilexit
949 1352 1121 1405 anima
1160 1367 1270 1404 mea
1311 1351 1396 1404 ubi
1435 1347 1620 1420 pascis,
1647 1350 1731 1404 ubi
1760 1350 1911 1403 rubas
1937 1350 1987 1401 in

398 1447 640 1513 meridie,
671 1463 732 1500 ne
763 1450 894 1518 forte
917 1445 1038 1514 [iam
1061 1444 1191 1498 sicut
1219 1453 1414 1514 operta.
1444 1443 1635 1508 Surdc,
1670 1459 1830 1505 caece,
1864 1443 1906 1497 si
1937 1444 1985 1496 in

397 1537 622 1594 meridie
659 1536 809 1592 vides
841 1535 1092 1600 Africam,
1121 1551 1285 1605 quare
1305 1536 1361 1589 in
1391 1543 1573 1605 operta
1603 1551 1706 1588 non
1739 1535 1988 1604 intelligis

384 1627 694 1683 'l‘eminam?
720 1627 980 1681 Annuntia
1017 1627 1162 1691 mila,
1204 1626 1365 1692 dicit,
1411 1643 1557 1698 quem
1596 1627 1772 1680 dilexit
1815 1627 1987 1680 anima

399 1739 534 1775 mea.
565 1720 761 1791 Utique
780 1721 950 1774 virum
974 1719 1279 1789 alloquitur,
1302 1734 1422 1774 cum
1444 1719 1593 1785 dicit,
1616 1737 1760 1788 quem
1783 1720 1980 1772 dilexit.

398 1814 679 1881 Quomodo
722 1815 766 1870 si
806 1814 1027 1878 diceret,
1070 1813 1337 1868 Annuntia
1377 1813 1546 1878 mihi,
1593 1830 1750 1884 quam
1800 1813 1986 1868 dilexit

383 1907 573 1960 anima
615 1890 775 1973 mea;
826 1905 1242 1975 intelligeremus
1277 1919 1532 1973 sponsum
1575 1903 1691 1959 haec
1726 1904 1877 1975 loqui
1917 1904 1981 1957 ad

383 2012 648 2068 sponsam
679 2016 693 2052 :
723 1997 802 2052 sic
828 2012 949 2052 cum
978 1995 1150 2058 audis,
1180 1995 1438 2048 Amiuutia
1460 1996 1606 2055 milii.
1637 2013 1783 2066 quem
1807 1997 1983 2050 dilexit

393 2088 565 2141 anima
592 2104 702 2141 mea
728 2089 814 2141 ubi
837 2088 1021 2158 pascis,
1049 2088 1134 2141 ubi
1155 2087 1306 2140 cu‘bas
1323 2102 1342 2150 ;
1384 2087 1506 2140 illnc
1529 2087 1684 2149 addc,
1718 2087 1782 2141 ad
1830 2088 1984 2157 hujus

394 2177 557 2234 verba
591 2179 854 2250 pertinent
882 2187 936 2232 et
967 2195 1084 2247 qua:
1111 2188 1424 2249 sequuntur,
1455 2180 1505 2230 in
1536 2179 1760 2232 meridie.
1788 2180 1982 2246 Qumro

382 2269 484 2322 ἰιὺί
521 2285 698 2339 pascas
725 2269 778 2322 in
813 2268 1048 2333 meridie,
1082 2284 1142 2321 ne
1174 2273 1304 2340 forte
1333 2269 1453 2337 ﬁam
1478 2269 1606 2322 sicut
1635 2279 1807 2334 Operta
1833 2287 1984 2340 super

391 2361 572 2433 greges
610 2360 864 2414 sodalium
911 2371 1132 2414 tuorum.
1177 2359 1348 2414 Audio
1384 2375 1604 2430 prorsus
1629 2402 1644 2426 ,
1686 2361 1888 2431 accipio
1917 2362 1983 2417 de

395 2452 574 2507 Africa
599 2450 737 2523 quod
767 2451 1051 2522 intelligis;
1092 2451 1145 2503 in
1171 2451 1396 2515 meridie,
1422 2453 1532 2520 ipsa
1559 2453 1854 2522 signiﬁcata
1877 2461 1978 2506 est.

394 2544 501 2599 Sed
524 2544 762 2599 Ecclesia
791 2543 1008 2609 Christi,
1039 2543 1177 2599 sicut
1204 2544 1484 2615 intelligis,
1518 2545 1868 2598 transmarina
1892 2545 1975 2598 al-

381 2634 627 2704 ‘ioquitur
673 2650 926 2704 sponsum
971 2650 1156 2700 suum,
1213 2636 1405 2690 timens
1455 2651 1691 2692 errorem
1744 2637 1979 2693 incidere

391 2725 721 2782 Africanum.
757 2725 801 2780 0
824 2743 971 2798 quem
991 2726 1166 2780 dilexit
1187 2728 1357 2779 anima
1388 2744 1496 2780 mea
1515 2769 1528 2790 ,
1557 2729 1804 2781 annuntio
1834 2729 1976 2795 mihi,

392 2817 528 2873 doce
565 2831 671 2873 me.
704 2817 877 2872 Audio
903 2817 1047 2872 cnim
1086 2817 1137 2870 in
1181 2817 1422 2882 meridie,
1465 2817 1514 2871 id
1551 2828 1664 2884 est,
1699 2819 1748 2872 in
1778 2818 1976 2884 Africa,

391 2907 526 2966 duas
554 2925 674 2965 esse
705 2919 916 2981 partes,
958 2911 1066 2965 imo
1103 2910 1297 2965 multas
1335 2913 1686 2966 concisiones.
1720 2915 1980 2968 Annuntia

386 3016 523 3072 ergo
551 3002 675 3055 mihi
703 3001 786 3056 ubi
817 3002 980 3072 pascis
999 3043 1014 3067 ,
1044 3018 1163 3073 qua:
1187 3015 1315 3058 oves
1339 3002 1405 3056 ad
1434 3013 1483 3057 te
1509 3005 1774 3073 pertinent
1793 3048 1806 3068 ,
1835 3006 1976 3076 quod

392 3093 533 3149 ovile
563 3093 669 3149 illic
694 3109 780 3148 me
804 3093 958 3163 jubes
984 3109 1182 3158 amare,
1214 3094 1298 3149 cui
1331 3110 1417 3150 me
1445 3095 1614 3149 debeo
1641 3098 1862 3159 sociare.
1896 3096 1979 3152 Ne

391 3189 524 3255 forte
547 3186 670 3254 ﬁant
713 3184 847 3240 velut
891 3195 1082 3256 operta.
1127 3185 1357 3240 llindunt
1389 3186 1530 3240 enim
1557 3187 1707 3257 quasi
1749 3187 1972 3253 latenti,

389 3277 651 3332 insultant
665 3278 813 3349 quasi
833 3279 1074 3348 pet-dine,
1096 3279 1245 3349 quasi
1268 3294 1526 3350 nusquam
1554 3280 1678 3332 alihi
1701 3281 1971 3336 existenti.

392 3365 480 3422 Ne
504 3383 635 3439 ergo
659 3369 803 3434 quasi
828 3379 1000 3440 operta
1020 3411 1036 3436 ,
1071 3369 1221 3439 quasi
1242 3369 1418 3424 latens
1454 3369 1574 3438 [iant
1602 3387 1754 3440 super
1778 3389 1972 3442 greges,

381 3457 445 3513 id
469 3468 590 3526 est,
633 3474 794 3529 super
831 3459 1270 3530 congregationes
1299 3459 1692 3526 htereticorum,
1720 3463 1975 3516 sodalium

388 3560 608 3617 tuorum,
656 3551 1071 3616 Donatistarum,
1117 3553 1642 3616 Maximianistarnm,
1674 3553 1975 3623 Rogatista-

385 3656 507 3696 rum
529 3683 546 3710 ,
575 3651 994 3714 ceterarumque
1021 3643 1246 3714 pestium
1276 3643 1297 3674 ³
1321 3653 1476 3698 extra
1505 3646 1863 3712 colligentium
1885 3663 1898 3710 ;
1921 3657 1973 3700 et

383 3733 512 3790 ideo
540 3736 935 3808 spargentium;
977 3751 1107 3806 rogo
1147 3743 1221 3803 te,
1271 3737 1521 3790 atmuntia
1555 3737 1715 3801 mihi,
1767 3738 1812 3792 si
1867 3739 1974 3794 illic

381 3835 656 3896 pastorem
691 3841 868 3881 meum
907 3828 1211 3898 requiram,
1252 3837 1310 3881 ut
1347 3842 1452 3882 non
1492 3828 1545 3882 in
1575 3829 1834 3899 gurgitem
1883 3847 1973 3885 re-

376 3916 760 3985 ‘haptizationis
788 3919 1074 3974 incurram.
1110 3919 1304 3974 Ilortor
1340 3935 1466 3986 vos,
1497 3921 1722 3976 obsecro
1754 3939 1847 3976 vos
1876 3939 1973 3994 per

378 4008 720 4063 sanctitatem
742 4009 924 4064 talium
954 4010 1278 4080 nuptiarum,
1297 4021 1470 4067 amate
1497 4012 1630 4065 hanc
1658 4013 1967 4076 Ecclesium,

383 4109 558 4155 estote
595 4101 647 4154 in
687 4101 780 4155 tali
815 4101 1072 4168 Ecclesia,
1116 4109 1289 4157 estote
1321 4102 1439 4156 talis
1473 4102 1708 4158 Ecclesia
1744 4119 1759 4156 :
1796 4114 1972 4159 amate

379 4198 655 4260 pastorem
707 4191 924 4257 bonum,
970 4193 1140 4247 virum
1184 4201 1292 4248 tam
1338 4193 1651 4264 pulchrum,
1702 4196 1967 4250 nemiuem

383 4281 679 4349 iiilleutem,
711 4283 976 4338 neminem
1019 4285 1193 4354 perire
1227 4285 1553 4356 cupientem.
1590 4287 1750 4342 Orate
1789 4299 1841 4343 et
1872 4306 1969 4360 pro

383 4373 638 4444 dispersis
663 4375 893 4430 ovibus:
921 4376 1136 4431 veniant
1177 4385 1232 4432 et
1277 4378 1394 4448 ipsi,
1436 4389 1801 4448 agnuscantet
1828 4381 1965 4450 ipsi,

378 4474 564 4520 ament
589 4475 642 4520 et
667 4465 796 4535 ipsi;
829 4475 888 4520 ut
920 4467 990 4521 sit
1014 4482 1148 4522 unus
1176 4483 1306 4538 grex
1339 4478 1394 4525 et
1423 4485 1560 4526 unus
1593 4480 1793 4541 pastor.
1823 4472 1968 4527 Cou-

381 4557 522 4612 versi
551 4557 619 4613 ad
644 4558 947 4623 Dominum,
981 4569 1084 4614 etc.

807 4649 1040 4705 SER-.th
1076 4649 1346 4706 cxxmx
1373 4654 1394 4675 ο
1435 4651 1532 4725 (α).

293 4728 309 4743 ’
381 4737 462 4794 De
483 4738 642 4795 verbis
670 4739 934 4814 Evangelii
954 4741 1169 4798 Joannis
1191 4785 1208 4810 ,
1253 4744 1366 4814 Ego
1394 4754 1447 4799 et
1475 4745 1632 4802 Pater
1669 4762 1829 4802 unum
1871 4761 1966 4802 su-

877 4849 1016 4889 mus.
1043 4833 1170 4905 Cap.
1204 4851 1260 4903 x,
1299 4835 1330 4906 ᾗ
1356 4877 1369 4890 .
1393 4835 1480 4892 50.

449 4919 680 4977 CAPUT
717 4921 1008 4979 PRIMUM.
1052 4955 1125 4965 -
1183 4927 1234 4980 1.
1293 4927 1520 4982 Christus
1563 4930 1814 5000 quomodo
1868 4929 1966 4985 Dei

380 5007 554 5065 Patris
604 5009 816 5068 Unicus.
862 5014 1120 5071 Dominus
1161 5017 1318 5082 Deus,
1359 5018 1513 5075 Jesus
1563 5019 1827 5083 Christus,
1877 5021 1966 5077 Fi-

377 5101 480 5157 lius
518 5101 605 5158 De.
671 5104 892 5171 unicus,
939 5115 1092 5161 natus
1149 5107 1218 5163 de
1262 5109 1372 5164 Deo
1434 5110 1592 5166 Patre
1630 5113 1745 5167 sine
1790 5114 1964 5184 aliqua

375 5202 568 5262 matre,
599 5203 655 5249 et
683 5205 838 5251 natus
865 5196 931 5252 de
955 5197 1160 5268 virgine
1189 5208 1360 5256 matre
1379 5203 1496 5257 sine
1523 5202 1736 5260 homine
1767 5213 1916 5275 patre
1945 5247 1961 5273 ,

437 5306 456 5337 ¹
489 5306 562 5356 sic
578 5313 683 5359 Itss.
709 5298 767 5359 At
790 5309 925 5368 editi,
949 5309 1211 5362 credenda.

368 5369 556 5478 tu;le
574 5374 872 5422 Fossatensis
887 5373 1062 5424 codex.
1087 5375 1174 5424 Alii
1197 5388 1317 5425 vero
1339 5382 1445 5426 Mss.
1470 5389 1580 5426 cum
1605 5378 1766 5440 editis,
1811 5381 1964 5446 tequi-

397 5491 710 5568 L'uPlerique
733 5501 859 5555 Mss,
895 5494 1172 5548 bestiarum.
1210 5504 1353 5551 Forte
1395 5499 1659 5564 legendum
1704 5511 1798 5565 est,
1846 5518 1962 5568 par-

369 5559 767 5686 mpigtnendatus
787 5618 848 5690 ad
872 5632 1043 5669 omnes
1060 5628 1166 5670 Mss.
1188 5629 1240 5672 et
1279 5623 1390 5674 Fdd.
1433 5626 1483 5676 in
1516 5639 1745 5678 sermone
1774 5642 1963 5708 praece-

371 5676 507 5725 denti
529 5678 670 5725 modo
691 5678 987 5725 desmiatos.

405 5678 507 5726 enti
529 5678 670 5726 modo
691 5678 987 5742 designatos.

437 5739 510 5800 (α)
535 5741 675 5802 Alias,
697 5740 763 5792 de
785 5744 955 5794 Verbis
975 5746 1158 5795 Donnni
1179 5745 1259 5796 51.

1749 309 1982 366 seano
2011 309 2302 367 cxxxux.
3602 335 3699 400 7;,

2103 427 2330 480 audistis
2355 430 2480 499 quid
2522 431 2715 488 dixerit
2759 453 2790 488 :.
2812 436 2920 510 It'go
2951 449 2995 493 et
3025 438 3183 494 Pater
3211 457 3362 496 unum
3387 461 3560 498 smnus
3608 452 3697 502 Sic

2104 520 2327 588 acripite
2359 522 2478 589 hoc,
2516 527 2594 579 sic
2640 529 2863 594 credite,
2915 541 2972 586 ut
3018 536 3328 589 mereamini
3373 537 3684 608 intelligere.

2105 609 2263 664 Fides
2312 614 2452 666 enim
2491 616 2648 672 debet
2694 622 2994 689 praecedere
3039 624 3402 695 intellectum,
3433 639 3488 682 ut
3517 632 3585 683 sit
3612 632 3690 685 in-

2105 703 2347 757 tellectus
2379 707 2499 760 lidei
2535 712 2828 777 prmmitun.
2872 714 3134 783 Propheta
3173 719 3313 772 enim
3353 722 3689 790 apertissime

2101 794 2252 859 dixit,
2285 797 2402 850 Nisi
2425 801 2757 867 credideritis,
2788 823 2887 859 non
2910 807 3196 879 intelligetis
3217 810 3369 883 (lsai.
3399 830 3490 882 vn,
3513 815 3686 879 9,sec.

2101 885 2287 956 LXX).
2318 888 2466 956 Quod
2497 908 2622 960 ergo
2649 894 2960 964 simpliciter
2989 899 3326 966 pru'diealur,
3359 905 3684 960 credendum

2098 987 2182 1032 est
2215 997 2227 1032 :
2259 981 2396 1050 quod
2440 985 2702 1064 subtiliter
2745 987 3080 1056 disputatur,
3129 993 3525 1064 intelligendum
3576 1009 3680 1052 est.

2098 1069 2348 1125 Primitus
2368 1089 2496 1144 ergo
2517 1048 2583 1129 ad
2608 1077 2918 1134 imbuendus
2947 1092 3147 1137 vestras
3173 1095 3380 1141 mentes
3403 1104 3497 1158 per
3526 1090 3681 1143 lidem

2099 1163 2447 1230 perdit-amns
2469 1168 2617 1221 vobis
2645 1169 2909 1224 Christum
2936 1173 3028 1227 Dei
3053 1175 3225 1229 Patris
3251 1179 3483 1234 unicum.
3503 1180 3680 1249 Quare

2095 1253 2329 1320 additur,
2345 1256 2613 1312 "Unicum?
2641 1259 2773 1328 Quia
2802 1263 2952 1331 cujus
2983 1275 3064 1318 est
3093 1265 3292 1322 Unicus
3321 1272 3513 1326 multos
3544 1273 3682 1326 lilios

2097 1343 2255 1399 habet
2282 1349 2468 1416 gratia.
2502 1349 2692 1405 Czeteri
2724 1368 2851 1421 ergo
2891 1371 3076 1411 inanes
3121 1359 3288 1412 sancti
3318 1360 3406 1414 lilii
3435 1361 3530 1417 Dei
3555 1374 3680 1417 Sunt

2094 1439 2280 1505 gratia,
2314 1440 2459 1496 solus
2483 1442 2570 1496 ille
2597 1453 2804 1496 natura.
2824 1447 2919 1512 Qui
2946 1448 3112 1516 gratia
3143 1449 3234 1503 lilii
3264 1462 3404 1516 sunt,
3429 1470 3533 1508 nou
3559 1464 3683 1508 sunt

2094 1531 2232 1598 quod
2266 1531 2442 1585 Pater.
2477 1533 2708 1604 Denique
2746 1539 2920 1593 nullus
2960 1550 3262 1595 sanctorum
3297 1559 3457 1598 ausus
3484 1555 3564 1599 est
3593 1546 3679 1600 di-

2092 1636 2236 1687 cere,
2263 1625 2402 1692 quod
2436 1625 2524 1681 ille
2551 1626 2751 1681 Unicus
2779 1632 2872 1695 ait,
2907 1631 3014 1701 Ego
3042 1643 3086 1684 et
3120 1631 3274 1686 Pater
3300 1651 3455 1688 unum
3483 1654 3676 1692 simius.

2090 1711 2355 1782 Numquid
2402 1732 2505 1769 non
2548 1717 2705 1771 Pater
2735 1729 2814 1772 est
2851 1729 2902 1774 ct
2936 1724 3158 1776 noster?
3187 1723 3241 1777 Si
3275 1740 3377 1778 non
3407 1736 3490 1780 est
3519 1727 3678 1781 Pater

2093 1812 2293 1868 noster,
2325 1807 2594 1874 quomodo
2633 1809 2860 1863 dicimus
2891 1823 3133 1875 orames,
3181 1813 3338 1868 Pater
3381 1825 3551 1870 noster
3590 1820 3679 1888 qui

2091 1911 2141 1946 es
2167 1895 2219 1947 in
2245 1897 2382 1949 cwlis
2419 1895 2628 1966 (Matth.
2660 1917 2731 1962 γι,
2773 1903 2870 1971 9)?
2915 1903 3021 1956 Sed
3053 1920 3149 1959 nos
3175 1906 3266 1959 lilii
3293 1922 3497 1972 sumus,
3540 1925 3675 1979 quos

2091 1987 2362 2042 voluntate
2389 2002 2480 2040 sua
2511 1991 2644 2043 lilios
2674 1993 2814 2056 fecit,
2847 2011 2947 2046 non
2975 2011 3037 2048 ex
3067 2006 3252 2050 natura
3292 2012 3386 2052 sua
3417 2001 3552 2053 lilios
3577 2017 3674 2070 ge-

2091 2081 2222 2133 nuit.
2255 2080 2448 2136 Gcnuit
2492 2083 2706 2151 quidem
2745 2095 2799 2138 et
2845 2102 2970 2150 nos,
3020 2089 3114 2142 sed
3159 2091 3426 2158 quomodo
3448 2093 3674 2159 dicitur,

2089 2171 2388 2240 adoptatus,
2414 2173 2714 2242 adoptantis
2736 2188 3013 2244 generatos
3035 2179 3312 2248 beneﬁcio,
3337 2199 3440 2236 non
3463 2194 3672 2238 natura.

2092 2260 2330 2330 Denique
2359 2274 2410 2316 et
2440 2265 2539 2316 hoc
2570 2265 2693 2318 ilitti
2725 2282 2926 2329 Stnuus,
2971 2270 3092 2338 quia
3132 2275 3340 2327 vocavit
3385 2257 3482 2328 nos
3534 2276 3675 2330 Deus

2089 2350 2142 2404 in
2196 2352 2533 2421 adoptionem
2576 2355 2800 2410 liliormn
2834 2356 3047 2429 (Ephes.
3080 2377 3130 2425 I,
3160 2362 3217 2432 5)
3248 2379 3260 2415 :
3295 2363 3537 2419 homines
3577 2366 3676 2418 ad-

2087 2441 2250 2510 optati
2296 2457 2501 2498 smnus.
2545 2443 2636 2499 Ille
2681 2446 2872 2501 dicitur
2908 2447 3141 2518 Unicus,
3171 2451 3520 2522 Unigenitus;
3551 2457 3673 2525 quia

2083 2534 2187 2588 hoc
2209 2543 2287 2588 est
2313 2536 2451 2604 quod
2486 2538 2676 2592 Pater:
2706 2555 2802 2593 nos
2831 2552 3007 2596 autem
3035 2543 3278 2599 homines
3299 2561 3502 2612 sumus,
3534 2549 3673 2603 Deus

2086 2633 2168 2678 est
2200 2626 2373 2680 Pater.
2405 2627 2538 2694 Quia
2583 2644 2712 2698 ergo
2754 2631 2842 2685 ille
2873 2632 2972 2688 hoc
3002 2643 3084 2688 est
3117 2636 3257 2705 quod
3286 2636 3463 2702 Pater,
3496 2638 3668 2704 dixit,

2084 2728 2139 2771 et
2169 2735 2350 2772 verum
2375 2720 2525 2784 dixit,
2559 2721 2668 2793 Ego
2701 2734 2745 2776 et
2776 2723 2934 2778 Pater
2963 2742 3122 2780 unum
3153 2731 3364 2782 sumus?
3389 2729 3524 2797 Quid
3549 2741 3630 2785 est
3654 2772 3671 2797 ,

2084 2828 2238 2864 unum
2273 2815 2486 2867 sumus?
2514 2813 2682 2868 Unius
2715 2827 2914 2870 natura:
2959 2833 3162 2875 sumus.
3195 2821 3332 2889 Quid
3375 2832 3477 2890 est,
3513 2840 3670 2877 unum

2083 2905 2304 2958 manus?
2335 2904 2501 2959 Unius
2528 2907 2836 2962 substantim
2864 2925 3066 2964 sumus.

2153 2993 2378 3050 CAPUT
2420 2995 2480 3048 ll.
2503 2997 2641 3049 -—2.
2670 2996 2833 3051 Filius
2862 2999 2954 3052 Dei
2980 3010 3026 3053 et
3056 2998 3215 3054 Pater
3239 3012 3354 3056 sunt
3377 3004 3527 3058 unius
3546 3005 3669 3059 sub-

2081 3089 2301 3142 stantia'.
2318 3089 2476 3145 Forte
2495 3091 2670 3144 minus
2688 3092 2976 3161 intelligitis
2997 3093 3119 3164 quid
3141 3103 3222 3148 est
3249 3095 3403 3149 unius
3427 3097 3672 3151 substan-

2084 3179 2188 3234 tim.
2221 3179 2572 3247 Laboremus,
2604 3192 2660 3235 ut
2712 3182 3018 3252 iutelligatis
3057 3184 3272 3253 adjuvet
3314 3186 3454 3241 Deus
3491 3198 3544 3241 et
3584 3204 3672 3243 me

2083 3269 2408 3340 loquentem,
2437 3280 2491 3326 et
2537 3289 2629 3326 vos
2673 3273 2984 3328 audientes:
3010 3290 3116 3341 me,
3150 3285 3208 3329 ut
3242 3291 3303 3330 ea
3348 3276 3521 3331 dicam
3552 3294 3672 3348 quae

2081 3377 2204 3416 vera
2235 3372 2361 3417 sunt
2394 3373 2448 3417 et
2493 3376 2612 3432 apta
2643 3377 2765 3418 sunt
2788 3367 2966 3430 vobis;
2996 3382 3090 3421 vos
3120 3378 3317 3436 autem,
3342 3379 3464 3424 ante
3493 3372 3670 3426 omnia

2081 3459 2135 3506 et
2164 3452 2430 3522 prmcipue
2458 3463 2515 3508 ut
2542 3455 2807 3520 credatis;
2837 3455 3032 3510 deinde
3071 3465 3128 3510 ut
3155 3458 3423 3527 quomodo
3451 3462 3670 3528 potestis

2081 3542 2407 3614 intelligatis.
2435 3544 2570 3610 Quid
2602 3555 2682 3599 est
2722 3560 2871 3616 ergo,
2901 3547 3056 3600 unius
3097 3548 3440 3604 substantia?
3465 3551 3668 3606 Simili-

2081 3633 2292 3689 tudines
2318 3634 2466 3688 vobis
2495 3634 2798 3700 adhibeam,
2827 3646 2884 3690 ut
2921 3637 3061 3706 quod
3113 3639 3289 3692 minus
3331 3640 3665 3711 intelligitur,

2079 3727 2325 3796 exemplo
2362 3727 2641 3782 clarescat.
2674 3727 2887 3796 Utputa,
2917 3744 3104 3783 aurum
3150 3740 3233 3784 est
3278 3731 3437 3796 Deus,
3476 3745 3666 3787 aurum

2078 3826 2163 3874 est
2185 3827 2241 3874 et
2265 3818 2433 3874 Filius
2461 3819 2595 3888 ejus.
2630 3819 2708 3874 De
2735 3821 2964 3874 terrenis
2987 3821 3031 3875 si
3057 3821 3122 3875 ad
3153 3823 3386 3877 ctelestia
3417 3841 3521 3878 non
3544 3835 3670 3880 sunt

2078 3910 2270 3966 danda:
2311 3909 2705 3976 similitudines,
2752 3911 3024 3980 quomodo
3063 3913 3321 3982 scriptum
3363 3924 3464 3976 est,
3515 3914 3668 3970 Petra

2078 4014 2245 4056 autem
2289 4013 2394 4056 erat
2433 4002 2663 4057 Christus
2686 4002 2744 4072 (Ι
2785 4002 2901 4056 Cor.
2929 4019 2983 4066 χ,
3013 4004 3106 4074 4)ἳ
3136 4005 3274 4074 Ergo
3302 4005 3555 4076 quidquid
3586 4017 3668 4063 est

2081 4095 2256 4158 Pater,
2283 4095 2382 4148 hoc
2408 4104 2490 4150 est
2514 4104 2568 4149 et
2608 4093 2809 4148 Filius:
2834 4094 2970 4147 sicut
3003 4094 3133 4161 dixi,
3159 4095 3306 4150 verbi
3338 4098 3526 4168 gratia,
3553 4099 3666 4153 Au-

2077 4201 2195 4240 rum
2233 4194 2318 4240 est
2344 4185 2523 4251 Pater,
2547 4201 2732 4239 aurum
2761 4195 2842 4241 est
2878 4185 3063 4242 Filius.
3094 4186 3224 4241 Nam
3252 4189 3340 4258 qui
3372 4189 3519 4257 dicit,
3549 4191 3664 4246 Non

2075 4287 2158 4332 est
2211 4277 2378 4347 ipsius
2420 4279 2730 4332 substantia:
2774 4278 2940 4332 Filius
2986 4280 3138 4348 cujus
3182 4289 3264 4335 est
3319 4281 3510 4337 Pater:
3539 4284 3662 4354 quid

2075 4368 2216 4422 aliud
2261 4367 2388 4422 dicit
2436 4369 2559 4433 nisi,
2594 4375 2794 4422 Aurum
2826 4379 2906 4423 est
2946 4369 3121 4434 Pater,
3152 4381 3427 4442 argentum
3465 4382 3547 4428 est
3572 4375 3662 4429 Fi-

2077 4459 2218 4514 lius?
2243 4459 2300 4514 Si
2330 4475 2518 4513 aurum
2546 4469 2627 4514 est
2650 4460 2822 4519 Pater,
2854 4469 3130 4531 argentum
3157 4472 3240 4516 est
3267 4463 3467 4529 Filius;
3500 4465 3663 4535 dege-

2078 4550 2284 4604 neravit
2319 4564 2346 4604 a
2377 4549 2535 4604 Patre
2565 4550 2752 4604 unicus
2786 4549 2973 4604 Filius.
3004 4551 3177 4606 Homo
3202 4553 3469 4608 hominem
3500 4569 3662 4624 geneo

2073 4651 2192 4698 rat:
2219 4643 2369 4713 cujus
2409 4643 2720 4698 substantia:
2765 4653 2846 4698 est
2891 4652 3040 4714 pater
3084 4644 3172 4715 qui
3212 4653 3450 4715 generat,
3492 4645 3661 4714 ipsius

2073 4735 2427 4791 substantiae?
2453 4743 2535 4789 est
2563 4735 2702 4790 filius
2727 4736 2816 4805 qui
2863 4746 3165 4805 generatur.
3194 4737 3330 4804 Quid
3361 4747 3462 4804 est,
3494 4738 3662 4808 ipsius

2073 4826 2405 4891 substantim,
2435 4825 2604 4882 Homo
2631 4835 2714 4881 est
2744 4827 2856 4892 ille,
2887 4827 3047 4881 homo
3072 4836 3127 4882 et
3151 4828 3238 4883 ille
3265 4828 3531 4882 :animatn
3563 4829 3661 4884 ha-

2072 4917 2163 4974 bet
2189 4918 2300 4983 ille,
2333 4918 2562 4972 animam
2593 4926 2647 4972 et
2686 4918 2774 4971 ille
2799 4935 2813 4970 :
2835 4933 3050 4972 carnem
3099 4917 3257 4974 habet
3301 4919 3414 4986 ille,
3442 4934 3658 4976 cantem

2071 5020 2127 5066 et
2155 5011 2242 5066 ille
2269 5028 2282 5064 :
2309 5010 2448 5081 quod
2477 5020 2557 5065 est
2588 5011 2695 5076 ille,
2725 5011 2826 5065 hoc
2856 5019 2908 5064 et
2935 5011 3040 5065 ille.

2146 5104 2200 5160 ὃ.
2231 5105 2538 5156 Arianorum
2565 5103 2798 5174 objectio.
2825 5101 2928 5157 Sed
2955 5102 3239 5171 respondet
3267 5103 3394 5158 mihi
3433 5112 3488 5159 et
3532 5104 3660 5161 dicit

2073 5193 2293 5249 haeresis
2310 5192 2674 5260 Ariana.Quid
2704 5192 2832 5247 mihi
2855 5191 3017 5247 dicit?
3042 5193 3271 5250 Attende
3290 5195 3429 5265 quod
3457 5196 3655 5251 dixisti.

2071 5285 2207 5354 Quid
2234 5285 2385 5340 dixi?
2408 5285 2541 5353 Quia
2574 5285 2710 5339 illius
2738 5284 2969 5338 hominis
3001 5287 3390 5354 comparandus
3416 5296 3498 5342 est
3523 5289 3658 5344 Filio

2075 5377 2186 5433 Dei.
2215 5377 2380 5432 Plane
2418 5375 2846 5445 comparandus:
2875 5374 2967 5428 sed
2998 5390 3125 5442 non,
3158 5385 3214 5429 ut
3238 5386 3410 5446 putas,
3438 5379 3503 5432 ad
3535 5395 3657 5450 pro-

2073 5468 2382 5538 prietatem;
2412 5465 2506 5521 sed
2543 5464 2609 5520 ad
2650 5465 3070 5520 similitudinem.
3101 5466 3181 5520 'l‘u
3226 5479 3403 5522 autem
3448 5471 3658 5540 quidvis

2073 5562 2196 5617 hinc
2226 5561 2420 5626 facere,
2449 5560 2554 5614 die.
2585 5557 2697 5613 Non
2725 5558 2897 5620 vides,
2929 5558 3075 5624 dicit,
3100 5564 3221 5630 quia
3255 5561 3424 5631 major
3450 5572 3530 5616 est
3559 5577 3656 5632 pa-

2075 5666 2157 5709 ter
2188 5654 2276 5724 qni
2313 5653 2519 5725 genuit,
2549 5660 2603 5707 et
2633 5651 2807 5706 minor
2834 5660 2919 5706 est
2949 5651 3088 5706 lilius
3115 5653 3204 5724 qui
3233 5665 3511 5723 generatus
3534 5657 3657 5710 est?

2070 5743 2350 5814 Quomodo
2401 5758 2529 5814 ergo
2585 5757 2682 5798 vos
2730 5741 2926 5810 dicitis,
2972 5743 3132 5798 dicite
3182 5744 3310 5798 mihi
3345 5747 3654 5815 tquumodu
