3978 6436
490 399 589 456 ⁸171

489 529 619 585 ergo
657 527 752 567 vos
796 511 972 566 dicitis
1007 510 1128 582 quia
1179 493 1409 579 aequales
1452 515 1578 560 sunt
1619 505 1774 560 Pater
1800 514 1859 561 et
1887 504 2074 571 Filius,

492 605 640 660 Deus
678 613 729 659 et
765 601 1039 664 Christus;
1071 616 1191 656 cum
1235 599 1459 654 videatis
1503 598 1624 668 quia
1669 598 1828 651 homo
1865 597 2077 668 quando

489 706 710 768 generat
748 695 940 760 ﬁlium,
975 695 1149 748 minor
1190 699 1274 747 est
1319 691 1481 757 ﬁlius,
1511 699 1564 745 et
1590 689 1758 759 major
1787 698 1870 744 est
1894 688 2076 758 pater?

487 789 663 844 Homo
703 787 939 856 sapiens,
983 785 1035 839 in
1084 782 1380 839 :eternitate
1419 791 1660 852 tempora
1705 781 1956 852 inquiris;
1987 780 2073 834 ubi

487 894 592 932 non
622 887 746 930 sunt
777 886 1040 945 tempora,
1071 875 1268 944 qumris
1295 881 1501 927 (etates.
1535 871 1758 938 Quando
1796 869 1968 940 major
1992 878 2075 924 est

483 977 655 1040 pater,
688 968 862 1022 minor
909 976 992 1022 est
1033 966 1191 1026 filius.
1237 964 1396 1019 ambo
1441 963 1758 1034 temporales
1802 961 2072 1016 suntzillc

481 1063 695 1127 crescit,
729 1062 850 1131 quia
897 1060 983 1115 ille
1021 1061 1269 1114 senescit.
1314 1056 1448 1112 Nam
1491 1072 1587 1126 per
1624 1065 1866 1111 naturam
1911 1053 2071 1109 homo

484 1163 653 1224 pater,
687 1168 780 1222 per
825 1161 1093 1216 naturam,
1143 1159 1199 1205 ut
1237 1149 1366 1214 dixi,
1416 1164 1520 1202 non
1567 1147 1746 1218 genuit
1771 1147 2067 1211 minorem;

481 1245 575 1300 sed
605 1259 702 1315 per
729 1253 959 1297 aetatem.
993 1242 1083 1295 Vis
1105 1256 1261 1295 nosse
1289 1241 1408 1310 quia
1441 1254 1536 1308 per
1565 1246 1805 1292 naturam
1835 1252 1943 1292 non
1968 1252 2067 1306 ge-

481 1335 595 1390 nuit
619 1334 918 1388 minorem?
942 1333 1228 1402 Exspecta,
1259 1339 1484 1395 crescat,
1520 1338 1571 1384 et
1603 1330 1737 1398 patri
1765 1330 1868 1384 erit
1887 1344 2062 1398 mqua-

484 1427 568 1481 lis.
599 1426 736 1480 Puer
762 1425 907 1479 enim
956 1425 1208 1494 parvulus
1255 1423 1335 1477 vel
1381 1421 1672 1476 crescendo
1718 1420 1959 1490 pervenit
2001 1418 2068 1472 ad

482 1516 898 1588 magnitudinem
944 1516 1106 1585 patris
1141 1514 1243 1568 sui.
1274 1513 1350 1567 Tu
1381 1519 1557 1566 autem
1601 1512 1679 1566 sic
1721 1509 1856 1564 dicis
1893 1510 2063 1564 mino-

481 1629 597 1668 rem
628 1613 719 1668 Dei
747 1613 936 1667 Filium
969 1621 1171 1675 natmu,
1199 1620 1256 1664 ut
1285 1624 1554 1680 nunquam
1578 1617 1784 1664 crescat
1810 1619 1864 1664 et
1889 1609 1955 1662 ad
1985 1609 2066 1664 sui

483 1705 655 1761 Patris
703 1703 1121 1775 magnitudinem
1171 1703 1254 1756 vel
1299 1701 1591 1757 crescendo
1619 1703 1914 1772 perveniat.
1948 1701 2065 1757 Jam

481 1813 610 1867 ergo
644 1796 783 1852 ﬁlius
813 1795 1044 1850 hominis
1075 1804 1230 1849 natus
1259 1810 1324 1849 ex
1357 1794 1594 1858 homine,
1627 1792 1846 1847 meliore
1874 1793 2062 1847 condi-

381 1873 385 1878 ’
481 1889 624 1942 tione
651 1897 802 1942 natus
826 1897 909 1942 est
935 1901 1091 1958 quam
1121 1885 1286 1940 Filius
1311 1885 1423 1939 Dei.
1451 1884 1766 1950 Quomodo?
1793 1884 1924 1951 Quia
1954 1884 2067 1951 ipse

479 1979 696 2042 crescit,
728 1988 781 2033 et
803 1979 1043 2048 pervenit
1067 1976 1132 2031 ad
1159 1976 1576 2047 magnitudinem
1609 1975 1773 2046 patris
1791 1976 1887 2029 sui.
1919 1974 2068 2028 Chri-

475 2079 594 2125 stus
617 2079 818 2133 autem,
849 2070 984 2123 sicut
1031 2068 1225 2133 dicitis,
1265 2067 1384 2120 ideo
1435 2066 1611 2121 minor
1658 2075 1811 2120 natus
1841 2065 1979 2131 est‘,
2010 2074 2068 2119 ut

479 2171 752 2218 remaneat
779 2163 974 2228 minor,
1003 2171 1175 2216 etnon
1201 2161 1269 2214 sit
1294 2158 1685 2229 exspectandus
1713 2159 1901 2212 saltem
1931 2165 2064 2211 aita-

478 2253 547 2308 tis
569 2266 834 2307 accessus.
854 2251 942 2308 Sic
969 2267 1095 2322 ergo
1121 2251 1275 2315 dicis,
1306 2254 1430 2320 quia
1458 2259 1542 2306 est
1584 2250 1635 2304 in
1673 2260 1858 2304 natura
1885 2249 2064 2304 diver-

477 2347 628 2401 sitas.
657 2344 762 2400 Sed
795 2359 960 2415 quare
987 2345 1087 2398 hoc
1115 2343 1275 2410 dicis,
1304 2344 1406 2398 nisi
1430 2344 1553 2413 quia
1584 2359 1690 2397 non
1721 2343 1800 2397 vis
1825 2341 2062 2412 ejusdem

477 2438 791 2493 substantia:
835 2436 1053 2492 credere
1090 2435 1305 2502 Filium,
1337 2435 1489 2504 cujus
1514 2435 1824 2491 substantia:
1851 2445 1936 2490 est
1965 2434 2065 2490 Pa-

479 2531 600 2584 ter?
631 2529 910 2585 Postremo
929 2529 1072 2598 prius
1098 2529 1357 2582 conﬁtere
1386 2528 1554 2595 ipsius
1578 2541 1699 2582 esse
1729 2526 2061 2593 substantiaa,

473 2631 532 2678 et
575 2622 660 2676 die
698 2621 980 2675 minorem.
1012 2619 1244 2674 Attende
1282 2618 1580 2682 hominem,
1613 2617 1774 2672 homo
1803 2626 1906 2672 est.
1933 2617 2063 2684 Qua:

474 2723 560 2771 est
587 2714 880 2768 substantia
919 2711 1078 2782 ejus?
1109 2711 1280 2766 l-lomo
1303 2719 1403 2766 est.
1435 2709 1571 2777 Quid
1603 2709 1692 2764 ille
1715 2725 1873 2780 quem
1902 2723 2062 2779 gene-

473 2807 591 2860 rat?
617 2806 788 2860 Minor
809 2814 910 2870 est,
936 2805 1029 2860 sed
1062 2805 1220 2858 homo
1247 2813 1349 2859 cst.
1379 2802 1532 2858 jEtas
1559 2803 1741 2874 dispar
1760 2811 1864 2865 est,
1883 2817 2061 2871 arqua-

474 2898 541 2953 lis
567 2907 753 2952 natura
776 2906 877 2952 est.
916 2897 1006 2952 Dic
1034 2908 1088 2952 ct
1117 2905 1168 2951 tu
1193 2912 1207 2949 :
1234 2895 1386 2963 Quod
1414 2905 1495 2950 est
1525 2895 1700 2960 Pater,
1733 2894 1833 2948 hoc
1857 2903 1938 2948 est
1969 2893 2061 2948 Fi-

474 2991 599 3057 lius,
631 2989 726 3045 sed
754 2992 928 3046 minor
956 3001 1039 3046 est
1063 2990 1248 3045 Filius.
1278 2990 1392 3054 Dic,
1424 2987 1505 3042 fac
1537 2987 1780 3058 gradmn,
1808 2985 1895 3040 dic
1923 2987 2064 3056 ejus-

469 3083 594 3138 dem
621 3083 949 3148 substautiaz,
985 3082 1077 3137 sed
1106 3081 1388 3145 minorem,
1420 3089 1473 3134 et
1504 3079 1747 3149 pervenis
1775 3077 1841 3132 ad
1872 3094 2055 3148 aequa-

469 3175 600 3232 lem.
628 3174 742 3228 Non
781 3175 924 3229 enim
966 3189 1150 3244 parum
1176 3172 1406 3235 accedis,
1451 3186 1557 3226 non
1608 3185 1793 3239 parum
1841 3169 2059 3239 propin-

470 3283 604 3339 quas
656 3268 888 3330 veritati,
938 3282 1040 3337 qua
1084 3264 1389 3320 conﬁtearis
1435 3264 1718 3335 mqualem,
1747 3263 1792 3318 si
1817 3263 2058 3333 ejusdem

471 3360 784 3414 substantiae
815 3356 1092 3412 confessus
1118 3357 1282 3411 fueris
1312 3365 1367 3412 et
1394 3356 1676 3410 minorem.
1706 3355 1812 3412 Sed
1844 3371 1950 3409 nun
1978 3365 2061 3409 est

473 3452 714 3522 ejusdem
744 3451 1078 3516 substantias,
1111 3450 1212 3504 hoc
1249 3449 1403 3504 dicis.
1437 3449 1576 3518 Ergo
1611 3448 1731 3516 quia
1773 3447 1873 3502 hoc
1901 3447 2055 3514 dicis,

471 3546 676 3599 Aurum
703 3551 786 3596 est
810 3551 866 3596 et
895 3550 1174 3611 argentum
1201 3557 1212 3592 :
1240 3539 1346 3595 tale
1382 3547 1464 3593 est
1488 3538 1628 3606 quod
1659 3537 1811 3600 dicis,
1839 3538 1991 3607 quale
2013 3538 2056 3592 si

472 3634 633 3690 homo
658 3643 936 3703 generaret
960 3649 1175 3702 equum.
1209 3632 1440 3686 Alterius
1469 3635 1610 3686 enim
1640 3629 1949 3684 substantim
1975 3638 2058 3683 est

468 3727 651 3792 homo,
674 3726 893 3781 alterius
915 3740 1102 3796 equus.
1133 3724 1186 3779 Si
1217 3739 1345 3794 ergo
1371 3724 1537 3778 Filius
1563 3723 1782 3777 alterius
1802 3723 2055 3777 substan-

471 3819 556 3872 tia:
580 3828 837 3886 estquam
861 3817 1037 3880 Pater,
1067 3825 1363 3870 monstrum
1388 3817 1662 3884 generavit
1683 3817 1858 3871 Pater.
1885 3816 2058 3883 Quan-

467 3909 537 3961 do
564 3908 705 3962 enim
744 3917 1008 3972 creatura,
1043 3906 1093 3960 id
1132 3915 1236 3973 est,
1267 3906 1462 3960 mulier
1489 3908 1628 3977 parit
1667 3908 1810 3976 quod
1843 3924 1946 3962 non
1976 3917 2057 3963 est

468 3997 652 4061 homo,
691 4008 986 4052 monstrum
1035 3997 1246 4053 dicitur.
1301 3997 1368 4051 Ut
1404 4008 1582 4052 autem
1630 4013 1735 4052 non
1781 3999 1850 4052 sit
1901 4015 2054 4052 mun-

383 4130 390 4137 .,
467 4098 659 4153 strum,
699 4088 798 4141 hoc
827 4087 1021 4157 estqui
1053 4097 1207 4140 natus
1233 4097 1348 4149 est,
1375 4086 1519 4156 quod
1564 4096 1646 4141 est
1686 4088 1774 4142 ille
1821 4088 1910 4159 qui
1958 4104 2053 4157 ge-

469 4180 622 4242 nuit;
666 4178 718 4232 itl
746 4187 848 4240 est,
881 4177 1043 4232 homo
1066 4185 1120 4231 et
1147 4177 1329 4241 homo,
1360 4191 1529 4246 equus
1555 4185 1610 4231 ct
1632 4192 1821 4247 equus,
1852 4177 2053 4232 colum-

471 4271 534 4324 ba
563 4279 618 4324 et
643 4269 908 4335 columba,
939 4283 1124 4338 passer
1149 4277 1204 4322 et
1227 4282 1431 4338 passer.

538 4360 764 4416 CAPUT
805 4359 892 4415 lll.
915 4390 988 4400 —
1013 4363 1064 4415 4.
1096 4359 1298 4428 Quanta
1336 4359 1646 4430 blasphemia
1669 4360 1836 4416 dicere
1859 4360 2052 4416 Filium

466 4451 562 4508 Dei
584 4452 790 4506 alterius
814 4450 1123 4504 substantiw.
1155 4449 1426 4506 (lreaturis
1464 4451 1575 4506 suis
1617 4450 1792 4517 dedit,
1825 4461 1882 4506 ut
1907 4453 2051 4522 quod

465 4554 610 4610 sunt,
641 4547 741 4598 hoc
780 4552 1057 4614 generent.
1089 4541 1359 4597 Creaturis
1386 4541 1497 4596 suis
1523 4541 1669 4596 dedit
1700 4542 1864 4610 Deus,
1897 4559 2050 4598 crea-

467 4637 600 4690 turis
630 4635 964 4700 mortalibus,
996 4632 1221 4688 terrenis
1246 4631 1414 4698 dedit,
1443 4631 1679 4700 douavit,
1711 4643 1767 4688 ut
1789 4633 1890 4689 hoc
1906 4634 2048 4704 quod

465 4738 589 4783 sunt
609 4735 897 4798 genereut;
927 4734 983 4780 et
1010 4737 1163 4796 putas
1184 4725 1307 4795 quia
1341 4725 1440 4780 hoc
1467 4726 1568 4780 sibi
1597 4742 1704 4782 non
1736 4727 1910 4798 potuit
1935 4729 2050 4797 ipse

465 4834 701 4883 servare,
734 4819 823 4888 qui
853 4827 939 4873 est
965 4827 1089 4872 ante
1129 4816 1361 4872 sarcula?
1387 4817 1484 4886 Qui
1517 4834 1622 4872 non
1651 4818 1812 4873 habet
1841 4820 2046 4875 initium

465 4908 740 4978 temporis,
767 4917 1045 4979 generaret
1066 4908 1228 4961 filium
1248 4923 1353 4963 non
1386 4907 1485 4962 hoc
1514 4908 1657 4979 quod
1685 4910 1798 4980 ipse
1823 4920 1938 4976 est,
1957 4926 2050 4982 ge-

471 5009 679 5055 neraret
725 4999 1084 5068 degenerem?
1121 4999 1314 5053 Audite
1359 5010 1555 5069 quanta
1599 5000 1926 5070 hlaSphemia
1983 5004 2052 5057 sit

469 5091 664 5156 dicere,
696 5093 911 5145 unicum
957 5091 1048 5145 Dei
1099 5090 1288 5146 Filium
1319 5091 1534 5146 alterius
1560 5106 1682 5146 esse
1717 5092 2046 5147 substantia}.

467 5183 694 5237 Prorsus
723 5182 766 5237 si
794 5183 864 5237 ita
908 5190 1010 5245 est,
1034 5181 1267 5251 degener
1305 5191 1407 5236 est.
1446 5180 1502 5237 Si
1548 5182 1694 5237 dicas
1734 5183 1895 5237 alicui
1941 5185 2050 5239 ﬁlio

466 5272 716 5339 hominis,
767 5273 1011 5344 Degener
1053 5287 1147 5337 es;
1176 5282 1369 5342 quanta
1407 5273 1595 5343 injuria
1639 5275 1759 5330 est?
1799 5274 1868 5329 Et
1911 5291 2047 5345 quo-

466 5365 627 5421 modo
655 5366 848 5420 dicitur
887 5367 1028 5421 ﬁlius
1073 5365 1303 5420 hominis
1343 5357 1610 5435 degener?
1645 5365 1857 5435 Utputa,
1901 5375 2049 5435 pater

468 5458 637 5526 ipsius
676 5457 830 5512 furtis
865 5468 966 5524 est,
1001 5458 1088 5511 ille
1120 5457 1340 5511 timidus
1365 5466 1421 5512 et
1450 5457 1687 5527 ignavus.
1717 5458 2049 5526 Quicumque

467 5550 614 5607 illum
663 5548 874 5613 viderit,
915 5557 968 5602 et
1017 5549 1131 5603 vult
1175 5549 1467 5619 corripere,
1516 5548 1797 5603 attendens
1843 5561 2047 5619 patrem

466 5640 633 5711 ipsius
677 5642 846 5694 virum
889 5638 1099 5705 fortem,
1131 5639 1258 5711 quid
1300 5641 1350 5696 ei
1387 5640 1552 5696 dicit?
1579 5640 1747 5694 Porro
1775 5641 1928 5703 vade,
1955 5641 2049 5693 de—

528 5777 640 5824 'Sic
676 5774 823 5822 habet
855 5775 1046 5836 ejtimae
1085 5783 1212 5826 noue
1247 5773 1549 5825 colbertinus
1585 5781 1668 5824 Its.
1708 5783 1761 5825 At
1784 5773 1919 5834 editi,
1944 5773 2052 5826 ideo

457 5845 719 5889 ueneratus
739 5850 826 5889 ὐδῦ.

1699 390 1755 446 ε.
1799 389 2166 447 AUGUSTINI
2210 390 2510 446 EPlSCOPI
3634 409 3720 462 77,

2183 517 2366 574 gener.
2399 503 2535 570 Quid
2563 513 2663 566 est,
2695 502 2967 574 degener?
2994 501 3172 559 Fortis
3199 505 3275 561 vir
3303 506 3395 565 fuit
3429 521 3567 582 pater
3592 525 3719 587 tuus,

2182 605 2235 650 et
2266 604 2320 650 tu
2363 596 2553 650 timore
2591 596 2977 651 eontremiscis.
3008 594 3104 651 Ille
3132 599 3216 651 cui
3247 599 3344 656 hoc
3381 601 3583 672 dicitur,
3606 610 3719 666 vitio

2181 689 2411 759 degener
2439 700 2540 755 εει,
2572 699 2754 743 natura
2779 704 2873 759 par
2893 700 2993 744 est.
3019 689 3158 758 Quid
3183 702 3283 760 est,
3314 706 3492 751 natura
3521 714 3607 769 par
3631 704 3722 758 est?

2180 779 2351 835 Homo
2380 793 2482 846 est,
2515 780 2656 852 quod
2683 790 2766 836 est
2801 791 2855 836 et
2897 790 3047 852 pater
3091 782 3273 852 ipsius.
3302 784 3404 840 Sed
3449 789 3534 844 ille
3570 789 3720 860 fortis,

2180 872 2266 927 itle
2299 873 2555 943 ignavus;
2583 875 2669 928 ille
2694 873 2888 940 audax,
2921 874 3011 930 ille
3033 875 3248 932 timidus
3273 895 3286 930 :
3317 888 3488 937 tamen
3511 881 3654 941 homo
3679 898 3725 943 et

2179 963 2358 1019 homo.
2385 964 2524 1019 Vitio
2547 982 2673 1036 ergo
2696 967 2931 1037 degener
2951 976 3052 1033 est,
3077 984 3183 1024 non
3211 980 3414 1026 natura.
3442 975 3516 1029 Tu
3534 979 3723 1047 quando

2175 1055 2312 1110 dicis
2344 1057 2557 1111 unicum
2586 1058 2798 1124 Filium,
2832 1075 2993 1114 unum
3026 1060 3198 1114 Patris
3225 1061 3412 1118 Filium
3437 1066 3722 1138 degenerem

2175 1162 2316 1212 esse,
2347 1165 2452 1203 non
2480 1149 2618 1203 aliud
2647 1150 2801 1215 dicis,
2836 1151 2938 1205 nisi
2967 1153 3088 1222 quia
3119 1169 3224 1208 nou
3255 1155 3353 1210 hoc
3375 1162 3609 1229 estquod
3636 1163 3726 1218 Pa-

2177 1245 2260 1290 ter
2285 1255 2298 1290 :
2323 1247 2378 1292 et
2406 1255 2510 1292 non
2543 1239 2655 1309 jam
2686 1248 2859 1307 natus,
2889 1240 3125 1312 degener
3151 1242 3318 1298 factus
3356 1258 3434 1301 est
3467 1248 3614 1317 dicis;
3643 1252 3724 1308 sed

2173 1339 2460 1397 generatus
2483 1340 2586 1385 est.
2618 1330 2777 1386 Istam
2808 1331 3194 1404 blasphemiam
3232 1338 3349 1406 quis
3377 1339 3544 1395 ferat?
3568 1341 3728 1410 Quali-

2174 1419 2505 1492 huseumque
2531 1422 2701 1479 oculis
2738 1424 2784 1477 si
2826 1425 2979 1478 istam
3013 1425 3395 1497 blasphemiam
3428 1433 3595 1489 videre
3621 1450 3727 1507 pos-

2173 1519 2312 1577 sent,
2343 1511 2585 1582 fugerent
2608 1530 2749 1582 cam,
2777 1525 2827 1571 et
2857 1517 3100 1573 catholici
3131 1522 3340 1576 fierent.

2244 1601 2471 1659 CAPUT
2513 1605 2598 1659 IV.
2625 1637 2700 1647 —
2723 1608 2777 1662 5.
2810 1609 2989 1662 Ariani
3010 1627 3099 1680 per
3133 1610 3252 1665 Filii
3284 1612 3517 1684 injuriam
3549 1615 3729 1673 Patrem

2173 1693 2306 1763 falso
2334 1695 2606 1750 honorant.
2639 1697 2743 1753 Sed
2771 1699 2898 1769 quid
2926 1700 3122 1766 dicam,
3152 1702 3377 1758 fratres?
3406 1705 3515 1760 Non
3538 1707 3610 1763 eis
3637 1709 3729 1763 ira-

2173 1801 2387 1841 scamur
2412 1805 2424 1840 :
2452 1787 2544 1843 sed
2573 1805 2667 1859 pro
2696 1791 2776 1845 eis
2802 1807 3018 1846 oremus
3045 1801 3102 1848 ut
3140 1792 3234 1848 det
3276 1795 3354 1850 eis
3404 1797 3640 1852 Dominus
3663 1800 3731 1854 in-

2175 1880 2442 1935 tellectum
2471 1898 2486 1946 ;
2518 1882 2640 1952 quia
2682 1882 2819 1939 forte
2861 1885 2961 1939 hoc
2999 1886 3108 1940 nati
3158 1897 3304 1942 sunt.
3337 1889 3471 1956 Quid
3513 1900 3606 1957 est,
3645 1891 3731 1946 hoc

2173 1973 2282 2026 nati
2326 1974 2490 2027 sunt?
2518 1974 2630 2028 lloe
2674 1987 2998 2045 acceperunt
3039 1993 3070 2032 a
3114 1981 3423 2048 parentibus
3459 1982 3577 2048 suis,
3608 1984 3730 2053 quod

2175 2071 2373 2117 tenent.
2403 2064 2726 2134 Pra-ponunt
2775 2082 2940 2136 genus
2983 2069 3218 2123 veritati.
3259 2069 3410 2125 Fiant
3461 2073 3593 2143 quod
3639 2088 3728 2128 non

2171 2164 2314 2220 sunt,
2347 2167 2404 2210 ut
2441 2157 2644 2226 possint
2685 2172 2902 2214 servare
2928 2159 3071 2230 quod
3099 2172 3232 2216 sunt
3253 2180 3267 2217 :
3292 2162 3395 2218 hoc
3413 2174 3494 2218 est
3519 2165 3636 2220 ﬁant
3659 2180 3734 2220 ca-

2172 2247 2375 2314 tholici,
2405 2257 2462 2302 ut
2493 2250 2694 2318 possint
2716 2265 2932 2308 servare
2950 2253 3090 2322 quod
3117 2253 3368 2311 homines
3395 2268 3515 2312 sunt
3537 2275 3549 2311 :
3572 2267 3732 2314 utnon

2172 2341 2225 2394 in
2257 2341 2362 2396 illis
2401 2351 2584 2411 pereat
2626 2345 2718 2399 Dei
2767 2354 3031 2412 creatura,
3060 2348 3288 2403 accedat
3317 2350 3410 2405 Dei
3439 2351 3615 2421 gratia.
3643 2351 3733 2406 Pu-

2173 2440 2282 2485 tant
2305 2433 2446 2487 enim
2467 2433 2591 2503 quia
2615 2433 2824 2490 Patrem
2857 2435 3124 2492 honorent
3154 2453 3258 2507 per
3282 2439 3643 2494 contumeliam
3661 2438 3733 2494 Fi-

2172 2520 2246 2574 lii.
2274 2520 2598 2589 Quandolilli
2625 2523 2843 2589 dixeris,
2877 2525 3236 2597 Blasphemas
3261 2547 3274 2583 :
3297 2529 3736 2601 respoudet,Qua-

2170 2629 2228 2668 re
2259 2613 2609 2686 blasphemo?
2639 2615 2774 2684 Quia
2801 2617 2934 2672 dicis
2960 2618 3153 2673 Filiqu
3187 2636 3302 2674 non
3331 2623 3432 2676 hoc
3457 2637 3589 2690 esse,
3615 2622 3735 2692 quod

2123 2741 2129 2746 -
2170 2707 2328 2761 Pater
2353 2716 2452 2762 cst.
2484 2709 2546 2763 Et
2575 2708 2665 2762 ille
2692 2709 2822 2763 mihi
2858 2728 2872 2764 :
2906 2709 3017 2765 lmo
3055 2720 3109 2765 tu
3153 2712 3524 2783 blasphemas.
3550 2714 3738 2782 Quare?

2168 2797 2300 2866 Quia
2327 2813 2539 2868 :cquare
2565 2798 2644 2853 vis
2663 2799 2805 2854 Patri
2835 2799 3051 2856 Filium.
3080 2800 3330 2873 [Equare
3355 2805 3474 2859 volo
3503 2805 3635 2860 Patri
3660 2804 3737 2859 Fi-

2169 2888 2320 2953 lium,
2373 2889 2628 2960 numquid
2671 2894 3025 2947 extraneum?
3068 2895 3290 2951 Gaudet
3332 2897 3506 2964 Pater,
3554 2895 3740 2968 quando

2168 2982 2241 3036 illi
2274 2998 2427 3051 a-quo
2460 2983 2652 3037 Filium
2687 2984 2900 3038 unicum
2927 3001 2940 3038 :
2966 2985 3181 3056 gaudet,
3219 2989 3342 3059 quia
3392 3005 3494 3044 non
3538 2989 3732 3044 invidet.

2171 3072 2236 3126 Et
2270 3072 2416 3128 Deus
2455 3073 2576 3144 quia
2604 3073 2739 3128 Filio
2766 3075 2923 3130 unico
2951 3093 3056 3130 non
3089 3076 3317 3145 invidet,
3349 3079 3468 3134 ideo
3493 3079 3590 3134 hoc
3611 3075 3735 3150 quod

2169 3162 2280 3232 ipse
2307 3171 2388 3218 est
2411 3164 2706 3233 generavit.
2738 3164 2818 3220 Tu
2854 3175 2910 3220 et
2949 3164 3084 3222 Filio
3114 3166 3250 3223 facis
3281 3171 3544 3240 injuriam,
3574 3178 3622 3224 et
3649 3169 3734 3238 ipsi

2167 3252 2332 3319 Patri,
2367 3254 2420 3308 in
2441 3254 2594 3326 cujus
2615 3255 2873 3311 honorem
2898 3257 2977 3312 vis
2996 3262 3381 3316 contumeliam
3406 3260 3576 3316 facere
3600 3260 3732 3315 Filio.

2165 3345 2327 3400 Certe
2368 3345 2511 3402 enim
2558 3348 2676 3402 ideo
2703 3347 2838 3403 dicis
2877 3365 2984 3404 non
3025 3366 3147 3406 esse
3176 3353 3422 3422 ejusdem
3454 3353 3735 3408 substantia:

2166 3434 2380 3502 Filium,
2412 3451 2479 3491 ne
2509 3436 2755 3507 injuriam
2793 3438 2961 3495 facias
2997 3440 3142 3496 Patri
3173 3443 3368 3514 ipsius.
3398 3443 3509 3516 Ego
3534 3443 3620 3498 tibi
3644 3443 3736 3498 cito

2165 3527 2390 3581 ostendo
2417 3529 2539 3599 quia
2586 3530 2830 3599 injuriam
2875 3530 3004 3588 facis
3033 3533 3326 3590 ambobus.
3356 3535 3639 3604 Quomodo,
3668 3535 3736 3588 iu-

2165 3621 2315 3691 quit?
2345 3620 2400 3677 Si
2431 3623 2604 3678 dicam
2635 3625 2745 3679 ﬁlio
2769 3626 3012 3697 alicujus.
3044 3628 3313 3698 Degener,
3339 3648 3445 3685 non
3476 3639 3554 3686 est
3571 3628 3734 3684 similis

2164 3716 2297 3784 patri
2335 3727 2422 3771 tuo
2447 3735 2460 3769 :
2485 3717 2739 3788 degener,
2775 3736 2880 3774 non
2914 3721 3014 3775 hoc
3041 3738 3099 3776 es
3126 3725 3275 3794 quod
3309 3735 3480 3796 pater.
3507 3723 3655 3778 Audit
3680 3722 3732 3774 il-

2166 3807 2256 3861 lud
2286 3807 2442 3874 filius,
2471 3819 2522 3864 et
2566 3811 2829 3878 irascitur,
2862 3821 2918 3867 et
2955 3812 3121 3868 dicit:
3150 3815 3300 3887 Ergo
3335 3818 3567 3888 degener
3601 3822 3736 3869 natus

2162 3901 2320 3953 sum?
2349 3901 2508 3956 Audit
2530 3902 2657 3958 illud
2682 3914 2849 3973 pater,
2874 3915 2927 3959 et
2952 3906 3069 3975 plus
3095 3907 3373 3964 irascitur.
3395 3910 3562 3966 Iratus
3581 3917 3734 3962 autent

2163 3993 2288 4062 quid
2337 3993 2504 4049 dicit?
2551 3997 2689 4067 Ergo
2737 4013 2836 4068 ego
2877 4000 3042 4054 filium
3090 4001 3424 4074 degenerem
3476 3998 3736 4074 generati?

2164 4085 2305 4156 Ergo
2333 4087 2376 4140 si
2406 4087 2548 4143 aliud
2576 4103 2714 4153 sum,
2751 4091 2895 4146 aliud
2937 4095 3216 4162 generavi,
3249 4105 3549 4150 monstrum
3589 4107 3737 4165 genco

2162 4180 2296 4234 ravi.
2329 4179 2464 4247 Quid
2491 4191 2592 4248 est,
2617 4183 2739 4252 quia
2767 4199 2887 4239 cum
2918 4185 2998 4239 vis
3027 4187 3116 4240 uni
3148 4187 3365 4243 deferre
3405 4204 3502 4261 per
3541 4186 3738 4241 alterius

2162 4270 2431 4340 injuriam,
2468 4273 2728 4331 ambobus
2771 4276 2903 4332 facis
2947 4276 3242 4347 injuriam?
3275 4281 3472 4335 Filium
3516 4278 3739 4343 offendis,

2161 4361 2256 4416 sed
2286 4362 2496 4418 Patrem
2543 4381 2648 4420 non
2697 4367 3033 4437 propitiabis.
3065 4368 3202 4425 Cum
3236 4370 3310 4428 de
3341 4372 3461 4428 Filii
3487 4379 3740 4426 contume~

2161 4452 2229 4506 lia
2269 4451 2502 4510 honoras
2537 4456 2773 4525 Patrem,
2809 4467 2864 4513 et
2904 4458 3097 4515 Filium
3139 4461 3379 4519 offendis
3422 4472 3478 4519 ct
3526 4463 3739 4519 Patrem.

2157 4547 2202 4598 A
2243 4561 2348 4616 quo
2396 4547 2567 4617 fugis?
2594 4547 2660 4602 ad
2701 4565 2858 4619 quem
2884 4543 3050 4620 fugis?
3066 4551 3341 4624 Numquid
3380 4555 3634 4610 irascente
3663 4549 3739 4603 tibi

2158 4635 2316 4692 Patre
2337 4637 2473 4708 fugis
2495 4639 2560 4693 ad
2589 4639 2819 4694 Filium?
2847 4640 2984 4709 Quid
3006 4643 3097 4698 tibi
3115 4643 3285 4700 dicit?
3315 4645 3400 4700 Ad
3421 4661 3577 4715 quem
3602 4642 3740 4712 fugis.

2157 4743 2316 4798 quem
2341 4728 2656 4800 degenerem
2683 4731 2881 4787 fecisti?
2901 4732 3168 4808 Numquid
3195 4737 3409 4793 oll‘enso
3432 4737 3564 4792 Filio
3587 4732 3743 4790 curris

2157 4819 2222 4873 ad
2247 4821 2496 4875 Patrem?
2528 4822 2665 4878 Dicit
2683 4831 2735 4878 et
2756 4824 2870 4894 ipse
2900 4825 2992 4879 tibi
3018 4844 3030 4856 ·
3062 4825 3141 4881 Ad
3185 4843 3353 4898 quem
3388 4830 3548 4899 fugis,
3601 4837 3742 4895 quem

2158 4909 2476 4991 degenerem
2532 4914 2781 4984 genuisse
2845 4915 3063 4972 dixisti?
3113 4919 3368 4974 Sufficiat
3426 4919 3606 4982 vobis;
3655 4915 3744 4968 hoc

2160 5009 2355 5069 tenete,
2403 5001 2505 5058 hoc
2549 5006 2820 5059 memorias
2875 5008 3277 5078 commendato,
3335 5011 3438 5066 hoc
3492 5010 3542 5064 in
3587 5017 3747 5062 vestra

2159 5093 2262 5149 ﬁde
2326 5098 2669 5154 couscribite.
2739 5091 2853 5153 floc
2905 5111 3082 5156 autem
3152 5112 3216 5157 ut
3281 5103 3624 5172 intelligatis,
3685 5109 3742 5150 at:

2158 5187 2324 5243 Deum
2355 5188 2566 5246 Patrem
2595 5200 2650 5248 et
2675 5191 2890 5261 Filium,
2921 5194 3012 5264 qui
3039 5209 3207 5250 unum
3235 5205 3386 5264 sunt,
3419 5209 3608 5269 preces
3633 5192 3744 5248 fun-

2158 5279 2288 5336 dite.
