4098 6310
313 375 420 430 775

808 477 1038 538 8εῆΜο
1073 477 1211 534 CXL
1243 481 1258 497 °
1290 475 1395 548 (α).

315 619 394 676 De
417 618 574 674 verbis
603 615 866 687 Evangelii
893 613 1131 677 Joannis,
1157 628 1271 683 cap.
1293 625 1388 676 xu,
1411 606 1604 671 ιιι-50,
1627 605 1728 675 Qui
1774 619 1895 659 cre—

381 713 462 768 dit
489 710 544 767 in
569 725 676 776 me,
707 724 813 763 non
837 707 1006 763 credit
1026 707 1080 760 in
1105 721 1212 770 me,
1239 704 1334 758 sed
1361 703 1414 757 in
1440 718 1562 757 etim
1584 701 1672 772 qui
1696 715 1780 754 me
1796 699 1894 752 mi-

384 808 456 863 sit
477 805 553 877 (ὁ)
579 803 767 860 Contra
791 801 1047 872 quoddam
1066 800 1254 853 dictum
1280 795 1550 850 Maximini
1592 795 1896 849 Arianorum

381 900 627 969 episcopi.
670 897 757 969 qui
799 911 915 949 cum
957 892 1240 964 Segisvulto
1276 890 1456 946 comite
1494 888 1794 943 constitutus
1840 885 1896 939 in

386 991 557 1062 Africa
581 986 958 1060 biasphemabat
984 986 1075 1057 (c).

410 1123 464 1178 l.
536 1118 693 1175 Fides
740 1119 793 1172 in
837 1115 1109 1172 Christum.
1165 1112 1301 1182 Quid
1358 1120 1442 1167 est
1492 1109 1632 1176 quod
1683 1107 1894 1164 audivi-

324 1230 485 1280 mus,
532 1211 765 1275 fratres,
814 1209 1079 1264 dicentem
1134 1204 1452 1266 Dominum,
1501 1201 1601 1267 Qui
1639 1200 1797 1254 credit
1843 1201 1896 1252 in

311 1322 410 1372 me,
439 1321 539 1358 non
562 1302 720 1356 credit
743 1301 799 1354 in
825 1317 922 1364 me,
952 1297 1040 1366 sed
1063 1298 1116 1350 in
1140 1312 1253 1350 eum
1279 1295 1364 1366 qui
1390 1310 1470 1348 me
1494 1293 1666 1346 misit?
1689 1292 1892 1346 Bonum

307 1406 393 1452 est
438 1394 593 1451 nobis
620 1392 844 1448 credere
894 1393 947 1446 iu
987 1389 1291 1452 Christum;
1341 1388 1572 1442 maxime
1618 1387 1738 1456 quia
1782 1387 1894 1454 ilsc

307 1496 495 1556 aperte
519 1486 686 1540 etiam
709 1484 846 1539 dixit
873 1481 1017 1538 istud
1042 1479 1190 1552 quod
1219 1479 1460 1546 audistis,
1494 1479 1594 1533 hoc
1623 1487 1725 1542 est,
1757 1493 1893 1548 quo-

309 1578 452 1634 niam
485 1580 598 1647 ipse
634 1575 723 1630 lux
765 1581 984 1629 venerat
1023 1573 1076 1625 in
1113 1570 1400 1635 mundum,
1427 1577 1484 1624 et
1521 1568 1612 1638 qui
1644 1567 1812 1623 credit
1842 1568 1894 1622 in

308 1684 434 1724 eum
456 1711 472 1734 ,
506 1683 610 1721 non
638 1660 930 1720 ambulabit
964 1664 1018 1719 iu
1053 1663 1284 1718 tenebris
1307 1704 1321 1728 ,
1349 1661 1443 1718 sed
1471 1660 1684 1716 habebit
1713 1659 1894 1714 lumen

305 1762 432 1814 vita:
475 1757 652 1830 (Joan.
681 1773 773 1810 vni
802 1797 818 1822 ,
859 1755 971 1826 12).
1023 1755 1228 1810 Bonum
1275 1761 1358 1808 est
1401 1767 1531 1823 ergo
1571 1751 1791 1807 credere
1839 1750 1894 1804 in

306 1850 598 1905 Christum.
651 1848 894 1918 Magnum
916 1847 1113 1902 bonum
1145 1854 1226 1900 est
1254 1844 1474 1900 credere
1505 1844 1555 1897 in
1584 1842 1852 1897 Christum
1877 1859 1890 1896 ε

306 1951 365 1996 et
413 1955 663 2011 maguum
713 1938 910 1992 malum
959 1946 1042 1993 est
1080 1952 1190 1990 non
1233 1935 1455 1990 credere
1501 1935 1554 1988 in
1602 1933 1891 1987 Christum.

306 2032 412 2088 Sed
452 2033 574 2103 quia
616 2029 863 2087 Christus
899 2029 1067 2084 Filius
1101 2027 1168 2082 de
1193 2026 1351 2082 Patre
1389 2035 1472 2081 est
1509 2024 1760 2095 quidquid
1789 2032 1894 2088 est,

308 2124 470 2181 Pater
511 2132 687 2178 autem
724 2138 830 2176 non
864 2131 945 2176 est
984 2120 1051 2175 de
1095 2119 1232 2174 Filio
1255 2159 1270 2182 ,
1315 2119 1408 2174 sed
1441 2119 1597 2172 Pater
1623 2128 1703 2172 est
1739 2117 1892 2182 Filii;

311 2214 653 2270 commendat
675 2213 888 2284 quidem
923 2213 974 2266 in
1001 2227 1060 2267 se
1090 2211 1248 2265 ﬁdem
1275 2250 1292 2278 ,
1329 2209 1424 2265 sed
1461 2211 1716 2265 honorem
1742 2223 1897 2264 revo-

306 2317 395 2364 cat
422 2306 486 2361 ad
512 2315 806 2361 auctorem.

376 2398 432 2452 2.
481 2396 788 2452 Nativitates
827 2395 1014 2451 Christi
1065 2395 1200 2450 duce.
1255 2393 1367 2450 Hoc
1405 2395 1544 2449 enim
1595 2395 1804 2448 ﬁrmttm
1844 2401 1898 2447 et

309 2495 472 2548 lixam
517 2498 735 2558 tenete,
780 2491 824 2545 si
854 2489 1015 2544 vultis
1057 2503 1402 2559 perseverare
1443 2486 1688 2542 catholici
1713 2527 1730 2551 ,
1774 2485 1898 2556 quia

311 2585 453 2638 Deus
499 2584 656 2638 Pater
699 2582 864 2636 Deum
913 2580 1106 2636 Filium
1150 2579 1332 2651 genuit
1369 2579 1486 2633 sine
1519 2588 1795 2649 tempore,
1843 2586 1900 2632 et

309 2677 436 2732 ﬁcit
479 2693 544 2732 ex
593 2676 808 2747 Virgine
845 2674 900 2730 in
951 2684 1211 2744 tempore.
1262 2673 1518 2728 Nativitas
1561 2673 1648 2728 illa
1688 2672 1899 2728 excedit

309 2777 553 2837 tempora
598 2783 612 2821 :
656 2766 902 2822 uativitas
946 2765 1046 2819 ista
1092 2763 1352 2818 illuminat
1401 2773 1660 2834 tempora.
1715 2764 1897 2818 Ambae

310 2867 489 2914 tamen
512 2858 816 2913 nativitates
839 2856 1108 2912 mirabiles
1141 2873 1156 2911 :
1187 2855 1272 2909 illa
1300 2855 1414 2909 sine
1439 2864 1628 2920 matre,
1659 2855 1756 2909 ista
1781 2856 1898 2910 sine

310 2959 484 3024 patre.
516 2949 740 3018 Quando
761 2949 946 3020 genuit
974 2949 1117 3003 Deus
1143 2947 1356 3011 Filium,
1385 2946 1451 3001 de
1471 2961 1530 3000 se
1556 2946 1758 3015 genuit,
1791 2961 1896 3000 non

309 3040 377 3097 de
407 3049 580 3096 matre
609 3058 622 3093 :
651 3039 864 3110 quando
891 3039 1073 3109 genuit
1095 3045 1267 3092 mater
1289 3037 1451 3090 lilium
1476 3078 1492 3103 ,
1523 3037 1670 3106 virgo
1694 3037 1896 3105 genuit,

313 3149 420 3190 non
447 3133 516 3188 de
543 3137 680 3189 viro.
725 3132 800 3186 De
839 3131 996 3186 Patre
1036 3140 1190 3186 natus
1221 3139 1303 3184 est
1331 3131 1447 3184 sine
1473 3130 1622 3184 initio
1656 3130 1757 3184 :de
1787 3146 1900 3184 ma-

311 3235 394 3281 tre
432 3235 586 3280 natus
629 3232 713 3279 est
754 3223 913 3278 hodie
944 3222 1020 3296 (ά)
1048 3231 1201 3279 certo
1247 3223 1417 3277 initio.
1465 3223 1539 3278 De
1562 3223 1718 3277 Patre
1741 3232 1899 3277 natus

314 3317 439 3374 fecit
464 3333 562 3373 nos
591 3335 604 3370 :
635 3317 702 3374 de
729 3325 898 3372 matre
924 3328 1079 3371 natus
1105 3315 1290 3371 refecit
1319 3332 1433 3370 nos.
1469 3317 1541 3370 De
1566 3317 1724 3372 Patre
1745 3325 1901 3373 natus

315 3417 429 3478 est,
458 3418 514 3464 ut
539 3423 779 3463 essemus
810 3424 822 3462 :
855 3407 921 3462 de
952 3418 1121 3462 matre
1150 3417 1304 3462 natus
1329 3416 1411 3462 est
1435 3449 1450 3473 ,
1486 3423 1551 3462 ne
1583 3409 1896 3476 periremus.

313 3499 510 3556 Gennit
529 3508 706 3554 autem
738 3499 897 3553 Pater
921 3497 1178 3566 tequalem
1206 3498 1304 3552 sibi
1327 3539 1340 3562 ,
1368 3506 1424 3551 et
1453 3505 1620 3552 totum
1645 3497 1900 3566 quidquid

315 3599 399 3645 est
435 3588 600 3644 Filius
625 3632 640 3656 ,
682 3590 841 3643 habet
868 3590 934 3642 de
959 3589 1136 3642 Patre.
1184 3586 1338 3655 Quod
1364 3597 1540 3642 autem
1574 3588 1717 3643 Deus
1746 3588 1903 3644 Pater

313 3692 417 3750 est,
448 3698 555 3738 non
586 3683 745 3738 habet
769 3682 838 3736 de
867 3681 1020 3735 Filii).
1049 3681 1230 3749 itaque
1251 3679 1477 3734 dicimus
1503 3680 1713 3734 Patrem
1736 3680 1900 3735 Deum

314 3775 383 3830 de
409 3776 578 3840 nullo,
608 3775 798 3830 Filium
827 3774 991 3828 Demn
1014 3773 1080 3827 de
1108 3773 1238 3827 Deo.
1265 3773 1551 3842 Propterea
1579 3788 1738 3828 omne
1761 3775 1902 3844 quod

313 3868 483 3924 Filius
511 3867 634 3923 facit
661 3867 1006 3931 mirabiliter,
1033 3881 1192 3920 omne
1215 3866 1359 3936 quod
1394 3867 1522 3921 dicit
1544 3867 1822 3931 veraciter,
1855 3868 1902 3922 ei

315 3959 502 4013 tribuit
529 3957 596 4012 de
623 3973 726 4028 quo
755 3966 868 4022 est;
915 3972 1014 4012 nec
1035 3972 1155 4012 esse
1193 3967 1366 4026 potem
1404 3957 1544 4012 aliud
1567 3999 1580 4020 ,
1629 3974 1788 4028 quam
1816 3959 1904 4013 ille

314 4051 382 4104 de
410 4063 518 4119 quo
544 4057 643 4102 est.
677 4047 845 4102 Adam
873 4049 1040 4101 iactus
1059 4056 1142 4102 est
1168 4047 1328 4101 homo
1361 4065 1375 4100 :
1404 4049 1575 4117 potuit
1593 4065 1713 4104 esse
1737 4050 1901 4116 aliud,

316 4157 476 4212 quam
506 4151 588 4196 est
635 4139 825 4194 factus.
875 4140 1069 4195 Factus
1115 4149 1197 4195 est
1237 4141 1377 4194 enim
1403 4141 1609 4210 justus,
1654 4150 1708 4197 et
1739 4144 1908 4210 potuit

317 4246 438 4288 eSse
468 4231 714 4301 injustas.
745 4231 1059 4301 Unigenitus
1079 4239 1256 4286 autem
1283 4232 1373 4286 Dei
1403 4232 1568 4288 Filius
1587 4276 1603 4299 ,
1629 4234 1770 4303 quod
1801 4244 1904 4298 est,

315 4324 420 4378 hoc
447 4324 638 4378 mutari
665 4338 769 4378 non
796 4333 972 4394 potest
1002 4341 1014 4376 :
1045 4325 1096 4378 in
1122 4323 1267 4378 aliud
1293 4326 1530 4380 converti
1558 4341 1665 4380 non
1709 4335 1903 4396 potest,

286 4398 485 4471 'minui
532 4431 635 4470 non
676 4424 890 4486 potest,
926 4415 1067 4486 quod
1108 4426 1223 4471 erat
1267 4432 1372 4471 non
1401 4432 1521 4473 esse
1567 4435 1672 4472 non
1711 4429 1904 4488 potest,

317 4523 425 4564 non
453 4519 573 4562 esse
601 4507 740 4561 Patri
763 4507 982 4578 aequalis
1009 4524 1112 4562 non
1141 4517 1332 4577 potest.
1359 4508 1463 4564 Sed
1495 4510 1650 4578 plane
1680 4511 1786 4574 ille.
1817 4513 1905 4582 qui

316 4601 501 4655 omnia
530 4598 666 4654 Filio
700 4599 844 4654 dedit
871 4601 1132 4667 nascenti,
1157 4600 1304 4656 dedit
1327 4615 1436 4656 non
1461 4601 1756 4672 indigenti;
1792 4605 1908 4660 sine

381 4797 400 4814 '
433 4796 700 4857 Castigatus
719 4803 797 4846 est
817 4795 1032 4845 subsidio
1054 4795 1285 4844 librorum
1315 4795 1376 4845 cl.
1401 4810 1444 4846 r.
1470 4810 1518 4846 v.
1545 4804 1597 4847 et
1616 4798 1751 4846 sirm.

383 4875 457 4936 (α)
482 4875 625 4936 Alias,
652 4891 716 4926 ex
744 4877 1080 4926 sirmoudianis
1102 4876 1178 4924 16.

382 4937 453 5000 (it)
479 4940 608 5000 Apud
630 4940 924 4988 sirmontlum
945 4939 1238 4997 inscribitur,
1259 4956 1279 4982 (ι
1295 4945 1342 4986 In
1366 4938 1447 4987 die
1470 4939 1859 4990 Natalisnomini.
1879 4959 1901 4986 ι

321 5001 452 5063 apud
494 5007 695 5050 veteres
719 5003 882 5058 etiam,
927 5013 1050 5063 quos
1090 5001 1536 5063 vidimuscodices,
1580 5011 1739 5052 exstat
1783 5005 1910 5053 inter

317 5061 580 5128 sermones
601 5063 666 5112 de
688 5063 857 5128 Cbristi
881 5061 1044 5119 natali,
1071 5061 1354 5128 cumtitulo
1373 5076 1541 5128 prope
1567 5065 1743 5128 eodem
1766 5078 1776 5112 :
1810 5080 1911 5128 quo

319 5135 409 5174 nos
429 5125 578 5181 diem,
604 5139 700 5174 non
725 5126 773 5172 in
811 5137 904 5186 qua
927 5136 1088 5186 sermo
1129 5124 1321 5173 habitus
1344 5125 1403 5171 nl)
1430 5127 1705 5186 Augustino,
1731 5124 1844 5176 sed'
1861 5130 1909 5177 in

317 5197 411 5249 qua
435 5186 678 5247 lugendus
699 5188 747 5236 in
772 5185 977 5249 ecclesia
1001 5192 1123 5243 erat,
1147 5186 1341 5249 indicari
1363 5185 1662 5249 arbitramur.

384 5249 456 5309 (ο)
481 5248 806 5311 aegisvultum
829 5247 1054 5311 montem
1079 5256 1280 5311 r'rosiier
1309 5247 1366 5311 in
1406 5247 1638 5296 Chronico
1661 5257 1823 5298 narrat
1862 5250 1912 5299 in

321 5308 521 5358 Africam
543 5308 739 5359 missmn
764 5310 910 5358 fuisse
931 5308 1088 5356 Hierio
1112 5317 1164 5358 et
1188 5309 1428 5357 Ardabure
1444 5316 1569 5358 (loss.
1590 5311 1679 5358 hoc
1697 5319 1771 5360 est
1789 5325 1913 5360 anno

318 5371 488 5420 Christi
503 5371 611 5420 427.
629 5380 742 5421 Cum
768 5385 829 5419 eo
853 5381 964 5434 tunc
982 5373 1137 5434 tuisse
1150 5371 1446 5420 traximinum
1466 5385 1509 5432 e,
1531 5373 1760 5434 isooyum,
1775 5378 1916 5422 Maxi-

321 5434 483 5481 minus
501 5435 608 5495 ipse
629 5433 874 5495 proﬁtetur
889 5433 1023 5481 initio
1046 5431 1334 5496 collationis,
1351 5444 1493 5496 quam
1515 5431 1730 5496 Hippone
1749 5435 1916 5484 habuit

321 5506 433 5543 cum
459 5494 725 5558 Augustino
763 5508 776 5543 :
826 5512 848 5539 ιι
866 5501 961 5553 Ιτεο
979 5528 992 5551 ,
1015 5511 1046 5558 ἰ
1076 5495 1264 5556 inquit,
1315 5494 1367 5558 ei

330 5572 355 5601 ι
376 5553 558 5606 missus
570 5571 599 5606 a
622 5558 799 5608 comite
812 5556 1084 5618 Segisvulto
1097 5553 1506 5618 contemplatione
1533 5557 1661 5616 lacis
1677 5558 1871 5608 adveni.
1885 5574 1908 5603 ι

322 5619 541 5683 Pertinet
565 5632 684 5683 ergo
698 5619 777 5683 hic
797 5617 960 5683 seruio
980 5619 1039 5667 ad
1062 5630 1239 5683 annum
1265 5617 1456 5683 circiter
1477 5617 1585 5683 428.

387 5677 466 5740 (α)
497 5677 692 5738 Vocein,
715 5678 874 5738 hodie,
900 5681 976 5729 hic
999 5687 1052 5729 et
1083 5680 1132 5727 in
1166 5680 1406 5728 sermonis
1427 5679 1525 5729 ﬁne
1546 5681 1609 5729 ab
1631 5681 1690 5729 iis
1709 5681 1917 5732 additam

655 5740 1081 5817 quormuconsilio
1095 5741 1364 5792 institutum
1385 5740 1496 5804 fuit,
1524 5751 1576 5792 ut
1605 5743 1732 5793 idem
1753 5757 1919 5795 sermo

325 5803 374 5853 in
395 5803 566 5856 Christi
589 5803 836 5855 ﬁativitate
862 5803 1132 5867 legeretur.

826 5501 992 5553 «Fgo,
1024 5511 1046 5538 ι
1076 5495 1264 5556 inquit,
1315 5494 1404 5556 ain
1445 5493 1912 5545 hanc'c'ivitatem....

1754 357 1980 414 SERMO
2015 358 2172 414 CXL.

3489 365 3591 419 773

2008 468 2170 522 dubio
2209 479 2264 525 et
2307 471 2477 540 ipsam
2518 473 2872 542 aequalitatem
2912 489 3032 529 cum
3065 474 3219 530 Patre
3247 474 3406 531 Pater
3442 476 3592 533 dedit

2005 561 2162 616 Filio.
2211 561 2488 630 Quomodo
2511 565 2667 620 Pater
2705 565 2888 622 dedit?
2919 567 3172 637 numquid
3202 567 3462 622 minorem
3494 583 3590 638 ge-

2005 654 2158 719 nuit,
2188 662 2242 709 et
2270 653 2473 709 addidit
2500 657 2572 710 illi
2601 657 2666 710 ad
2694 657 2949 720 formam,
2981 669 3037 712 ut
3071 660 3269 714 faceret
3296 661 3590 729 aequalem?

2002 744 2056 799 Si
2085 745 2185 800 hoc
2209 745 2452 812 fecisset,
2487 749 2743 816 indigenti
2769 749 3022 804 dedisset.
3057 749 3172 805 iam
3205 767 3334 805 vero
3358 751 3466 805 dixi
3497 766 3594 805 vo-

2001 834 2120 904 bis,
2156 835 2298 906 quod
2340 835 2647 894 ﬁrmissime
2683 847 2864 895 tenere
2893 841 3130 905 debetis,
3180 841 3230 895 id
3257 851 3339 897 est
3363 884 3376 907 ,
3421 852 3590 900 totum

2001 913 2142 998 quod
2166 937 2246 983 est
2272 928 2436 985 Filius
2474 930 2632 985 Pater
2655 931 2836 996 dedit,
2874 932 2966 986 sed
2997 933 3274 1002 nascenti,
3318 950 3423 988 non
3454 936 3591 991 indi-

2001 1018 2164 1089 genti.
2196 1017 2251 1075 Si
2276 1021 2510 1076 nascenti
2543 1021 2728 1086 dedit,
2776 1038 2880 1076 non
2905 1024 3196 1092 indigenti,
3243 1034 3298 1081 et
3321 1028 3594 1096 aequalita-

2003 1118 2110 1164 tem
2159 1111 2275 1164 sine
2321 1110 2483 1164 dubio
2523 1111 2670 1165 dedit
2695 1153 2710 1178 ,
2741 1121 2796 1166 et
2822 1115 3176 1180 :equalitatem
3207 1115 3382 1170 dando
3410 1133 3561 1187 aequa

2005 1199 2107 1254 lem
2150 1201 2355 1270 genuit.
2411 1201 2478 1255 Et
2523 1201 2646 1256 licet
2688 1203 2826 1256 alius
2855 1204 2924 1257 sit
2969 1205 3093 1269 ilfe,
3138 1207 3272 1261 alius
3311 1208 3447 1274 iste;
3485 1225 3588 1262 non

2003 1299 2178 1347 tamen
2201 1294 2343 1349 aliud
2369 1305 2452 1349 est
2477 1295 2567 1350 ille
2590 1337 2606 1361 ,
2651 1296 2794 1350 aliud
2835 1297 2934 1352 iste
2969 1316 2981 1352 :
3012 1300 3106 1353 sed
3152 1301 3290 1370 quod
3320 1302 3410 1357 ille
3435 1343 3450 1367 ,
3489 1303 3591 1358 hoc

2000 1392 2053 1438 et
2095 1386 2213 1440 iste.
2263 1385 2378 1441 Non
2401 1387 2489 1457 qui
2517 1386 2608 1443 ille
2629 1429 2646 1456 ,
2676 1387 2760 1443 hic
2790 1399 2843 1444 et
2875 1391 2973 1445 iste
3002 1407 3014 1444 :
3042 1391 3137 1446 sed
3165 1394 3304 1462 quod
3332 1395 3420 1450 ille
3441 1438 3455 1461 ,
3489 1395 3591 1451 hoc

2001 1485 2054 1530 et
2091 1477 2210 1532 iste.

2073 1568 2127 1622 5.
2159 1567 2315 1623 Verus
2340 1567 2508 1624 Filius
2525 1568 2622 1624 Dei
2645 1587 2736 1625 cur
2757 1572 2921 1626 dictus
2947 1571 3378 1642 Christus.-—Qui
3394 1593 3472 1630 me
3492 1579 3561 1630 mi
3570 1609 3588 1620 ο

2000 1659 2084 1723 sit,
2117 1659 2321 1729 inquit,
2354 1661 2577 1717 audistis
2607 1680 2619 1715 :
2651 1663 2749 1730 Qui
2776 1679 2855 1717 me
2883 1665 3048 1730 misit,
3080 1666 3286 1736 inquit,
3335 1668 3443 1738 ipse
3469 1670 3591 1723 mihi

2002 1749 2297 1802 mandatum
2337 1750 2473 1804 dedit
2513 1753 2636 1820 quid
2675 1753 2873 1817 dicam,
2924 1764 2970 1809 et
3005 1756 3128 1826 quid
3167 1755 3344 1825 loquar
3371 1773 3390 1810 :
3416 1768 3462 1811 et
3491 1761 3593 1812 scio

2001 1841 2121 1908 quia
2147 1841 2441 1895 mandatum
2468 1844 2578 1914 ejus
2613 1844 2715 1897 vita
2750 1855 2940 1899 (eterna
2975 1855 3066 1902 est.
3106 1847 3328 1904 Joannis
3354 1850 3594 1919 Evange-

2002 1931 2129 1984 lium
2157 1940 2264 1996 est,
2298 1941 2495 1988 tenete.
2551 1934 2651 2001 Qui
2682 1951 2759 1988 me
2797 1937 2963 2001 misit,
3003 1938 3115 2008 ipse
3141 1940 3263 1992 mihi
3297 1942 3592 1994 mandatum

2002 2021 2139 2075 dedit
2167 2022 2291 2092 quid
2311 2023 2506 2087 dicant,
2544 2037 2589 2078 et
2625 2025 2747 2094 quid
2777 2026 2954 2095 loquar
2981 2044 2999 2082 :
3028 2039 3074 2082 et
3105 2031 3210 2084 scio
3235 2031 3353 2101 quia
3380 2035 3594 2085 tumida—

2001 2122 2106 2166 tum
2145 2115 2253 2185 ejus
2296 2115 2399 2168 vita
2425 2128 2614 2170 aeterna
2653 2126 2748 2172 est.
2801 2117 2846 2173 Ο
2871 2120 2916 2174 si
2959 2119 3122 2176 donet
3167 2133 3224 2176 ut
3251 2123 3422 2178 dicam
3452 2125 3593 2192 quod

2003 2207 2161 2260 volo?
2191 2207 2348 2263 Facit
2372 2209 2513 2263 enim
2545 2210 2672 2265 mihi
2717 2213 2987 2281 angustias
3016 2215 3189 2285 inepia
3222 2233 3369 2284 mea,
3419 2228 3472 2273 cl
3497 2235 3592 2274 Cu-

2004 2297 2085 2366 pia
2134 2298 2292 2352 illius.
2343 2299 2498 2370 Ipse,
2540 2303 2741 2372 inquit,
2787 2306 3082 2362 mandatum
3125 2311 3248 2362 mihi
3291 2312 3428 2364 dedit
3471 2313 3594 2381 quid

2003 2387 2202 2456 dicant,
2239 2400 2288 2443 et
2326 2392 2448 2460 quid
2489 2393 2670 2462 loquar
2701 2409 2719 2448 :
2747 2404 2792 2448 et
2835 2398 2939 2450 scio
2981 2399 3100 2464 quia
3149 2402 3443 2456 mandatum
3485 2407 3593 2474 ejus

2001 2481 2102 2534 vita
2127 2491 2314 2536 (eterna
2343 2493 2435 2538 est.
2465 2484 2654 2551 Quaere
2677 2488 2726 2540 in
2749 2489 2982 2557 Epistula
3009 2490 3228 2547 Joannis
3256 2494 3414 2563 hujus
3434 2511 3595 2550 evan-

2001 2571 2206 2640 gelistzn
2239 2573 2364 2642 quid
2403 2574 2468 2628 de
2505 2575 2722 2631 Christo
2761 2579 2912 2632 dixit.
2959 2579 3270 2648 Credamus,
3308 2585 3475 2656 inquit
3499 2629 3512 2648 ,
3541 2588 3594 2640 in

2004 2679 2174 2718 verum
2218 2664 2414 2719 Filium
2462 2669 2571 2738 ejus
2621 2667 2796 2724 Jcsum
2838 2669 3117 2730 Christum.
3165 2673 3285 2744 Ipse
3329 2687 3401 2730 est
3449 2695 3592 2732 verus

2006 2752 2164 2820 Deus,
2199 2767 2246 2810 et
2280 2757 2381 2810 vita
2403 2768 2594 2812 «eterna
2621 2759 2662 2825 (Ι
2688 2759 2843 2814 Joan.
2876 2779 2910 2816 v
2934 2804 2949 2829 ,
2974 2762 3092 2835 20).
3128 2756 3262 2833 Quid
3284 2773 3398 2832 est,
3437 2766 3594 2822 Verus

2003 2847 2142 2902 Dens
2162 2889 2177 2914 ,
2209 2858 2254 2902 et
2287 2851 2386 2903 vita
2414 2859 2602 2905 a'terna
2623 2853 2648 2905 .9
2699 2853 2868 2908 Verus
2900 2855 3065 2910 Filius
3105 2858 3196 2912 Dei
3217 2899 3230 2922 ,
3261 2875 3419 2914 verus
3449 2861 3592 2915 Dens

2005 2951 2108 3004 est,
2141 2951 2196 2996 et
2221 2941 2323 2996 vita
2341 2953 2561 2999 :ctcrna.
2594 2945 2769 3012 Quare
2785 2948 2938 3016 dixit,
2972 2951 3024 3004 in
3046 2966 3214 3006 verum
3232 2951 3424 3007 Filium
3444 2957 3552 3024 ejus
3569 2957 3595 3009 '.’

2005 3031 2137 3098 Quia
2169 3033 2367 3088 multos
2397 3035 2532 3088 ﬁlios
2563 3034 2725 3091 habet
2754 3039 2895 3093 Deus
2920 3082 2935 3106 ,
2978 3050 3260 3111 prolitcrea
3281 3044 3593 3100 discernen-

2005 3124 2108 3178 dus
2131 3134 2247 3179 erat
2266 3165 2281 3190 ,
2315 3124 2561 3180 addendo
2584 3128 2724 3197 quod
2769 3145 2924 3184 \erus
2943 3143 3087 3187 esset
3116 3132 3305 3187 Filius.
3337 3135 3453 3189 Non
3481 3145 3597 3191 tan-

2006 3225 2116 3270 tum
2152 3216 2382 3272 dicendo
2410 3219 2550 3289 quod
2582 3229 2665 3275 est
2706 3221 2905 3287 Filius;
2946 3224 3039 3279 sed
3065 3225 3310 3282 addendo
3330 3269 3346 3294 ,
3379 3237 3434 3281 ut
3462 3227 3591 3294 dixi,

2005 3306 2146 3376 quod
2188 3318 2271 3361 est
2307 3323 2465 3362 verus
2492 3309 2657 3365 Filius
2683 3331 2697 3366 :
2725 3312 2842 3370 ideo
2866 3314 3251 3372 discernendus
3277 3328 3419 3384 erat,
3470 3335 3596 3390 pro-

2007 3408 2126 3466 pter
2162 3399 2362 3455 multos
2403 3400 2569 3467 ﬁlios,
2614 3418 2749 3472 quos
2793 3405 2952 3460 habet
2989 3407 3152 3463 Deus.
3195 3409 3302 3464 Nos
3330 3411 3472 3466 enim
3505 3413 3595 3467 lilii

2005 3504 2188 3545 sumus
2206 3491 2398 3562 gratia,
2431 3494 2520 3548 ille
2545 3503 2752 3549 natura.
2778 3496 2885 3551 Nos
2907 3499 3026 3553 facti
3043 3515 3072 3552 a
3097 3501 3252 3556 Patre
3269 3517 3365 3572 per
3387 3505 3592 3574 ipsum:

2009 3580 2100 3635 ille
2130 3581 2271 3651 quod
2303 3582 2482 3647 Pater,
2517 3583 2618 3639 hoc
2645 3595 2699 3640 rt
2728 3586 2842 3656 ipse
2867 3597 2949 3642 est
2978 3607 2991 3643 :
3017 3593 3271 3662 numquid
3290 3595 3431 3664 quod
3457 3597 3596 3651 Deus

2007 3683 2110 3739 est,
2140 3691 2324 3730 smnus
2352 3686 2405 3732 et
2434 3678 2574 3731 nos?

2077 3765 2131 3819 4.
2169 3764 2338 3819 Unum
2378 3784 2432 3821 se
2457 3784 2561 3822 esse
2588 3785 2700 3822 cum
2743 3768 2900 3825 Putre
2945 3790 3088 3827 nemo
3125 3785 3306 3846 praeter
3334 3776 3591 3832 Christum

2009 3856 2175 3911 dicere
2201 3859 2352 3912 ausit.
2387 3860 2492 3914 Sed
2517 3861 2817 3929 quidam-de
2845 3872 3170 3934 transverso,
3200 3870 3442 3925 nesciens
3469 3872 3593 3940 quid

2011 3949 2257 4020 loquatur
2303 3951 2378 4005 ait
2406 3969 2420 4006 :
2448 3951 2736 4022 Propterea
2763 3996 2776 4018 ,
2833 3955 3032 4011 dictum
3077 3969 3176 4024 est,
3225 3959 3337 4031 Ego
3367 3972 3413 4016 et
3443 3961 3597 4018 Puter

2010 4057 2165 4094 unum
2189 4058 2362 4096 sumus
2392 4043 2567 4114 (Joan.
2600 4061 2658 4111 χ,
2690 4048 2780 4117 50)
2800 4091 2813 4114 ,
2846 4050 2967 4119 quia
2997 4052 3192 4107 habent
3219 4053 3358 4109 inter
3382 4071 3439 4109 se
3465 4072 3595 4110 con-

2011 4133 2228 4188 cordem
2261 4135 2586 4191 voluntatem
2612 4179 2626 4203 ,
2661 4155 2764 4192 non
2799 4142 2918 4209 quia
2964 4143 3072 4212 ipsa
3118 4153 3200 4199 est
3239 4156 3423 4201 natura
3454 4148 3592 4214 Filii,
3685 4147 3692 4154 ’

2009 4240 2127 4292 qua:
2153 4233 2237 4280 est
2266 4235 2450 4281 natura
2493 4228 2683 4283 Patris.
2726 4230 2859 4285 Nam
2889 4243 2942 4288 et
2967 4235 3204 4304 Apostoli
3234 4238 3328 4307 (et
3373 4240 3472 4295 hoc
3511 4243 3596 4296 ille

2010 4315 2142 4370 dixit
2174 4315 2252 4387 (a)
2274 4358 2288 4382 ,
2322 4333 2426 4372 non
2454 4320 2608 4390 ego),
2639 4337 2759 4374 nam
2789 4333 2841 4376 et
2868 4326 3111 4394 Apostoli
3135 4343 3296 4382 unum
3325 4342 3444 4384 sunt
3473 4346 3590 4386 Cltttt

2011 4407 2167 4463 Patre
2204 4418 2258 4463 et
2287 4408 2438 4463 Filio.
2482 4411 2754 4466 llorremla
2804 4414 3172 4484 blasphemia!
3225 4421 3288 4474 Et
3331 4425 3592 4491 Apostoli,

2012 4499 2208 4570 inquit,
2241 4516 2401 4554 unum
2427 4511 2550 4555 sunt
2578 4518 2697 4558 cum
2727 4504 2883 4560 Patre
2905 4515 2958 4560 et
2988 4507 3124 4562 Filio
3143 4551 3156 4574 ,
3189 4511 3310 4579 quia
3340 4513 3590 4568 obeditmt

2011 4594 2265 4648 voluntati
2311 4593 2481 4648 Patris
2517 4605 2570 4649 et
2611 4596 2752 4650 Filii.
2795 4597 3025 4654 lloccine
3054 4617 3215 4656 ausus
3258 4613 3338 4658 est
3376 4606 3600 4659 dicere?

2015 4685 2162 4739 Dicat
2185 4701 2314 4754 ergo
2341 4686 2535 4741 Paulus
2571 4706 2583 4742 :
2620 4689 2729 4758 Ego
2751 4699 2806 4744 et
2835 4693 2972 4746 Deus
2995 4708 3155 4747 unum
3187 4709 3390 4748 sumus.
3447 4698 3598 4752 Dicat

2013 4775 2201 4830 Petrus
2222 4819 2235 4842 ,
2278 4777 2423 4831 dicat
2457 4779 2682 4848 quilibet
2713 4785 2969 4850 propheta
3005 4801 3017 4835 :
3051 4784 3162 4854 Ego
3192 4795 3244 4838 et
3272 4787 3409 4841 Delus
3437 4805 3594 4844 unum

2012 4881 2216 4920 sumus.
2258 4867 2372 4921 Non
2403 4867 2526 4921 dicit
2561 4887 2573 4920 :
2602 4869 2739 4923 absit
2762 4881 2815 4923 ιιι
2843 4872 3002 4926 dicat.
3032 4873 3187 4928 Novit
3208 4889 3265 4928 se
3288 4877 3446 4930 aliam
3477 4894 3597 4933 csse

2016 4967 2256 5012 naturam
2281 5001 2294 5025 ,
2346 4960 2655 5016 salvaudam
2688 4973 2929 5017 naturam
2961 4983 2973 5018 :
3009 4968 3155 5020 novit
3183 4983 3242 5022 se
3277 4971 3432 5023 aliam
3477 4987 3597 5028 esse

2017 5065 2256 5103 na'uram
2283 5093 2298 5117 ,
2330 5052 2726 5108 illuminandam
2761 5065 3024 5110 naturam.
3071 5057 3238 5113 Nemo
3279 5060 3400 5114 dicit
3438 5079 3449 5114 :
3486 5063 3599 5131 Ego

2015 5153 2070 5196 et
2122 5144 2262 5197 Deus
2314 5161 2474 5198 unum
2528 5161 2730 5201 smnus.
2785 5148 3282 5220 Quantumcumque
3335 5156 3595 5221 proﬁciat,

2017 5249 2502 5308 quantumcumque
2544 5243 2827 5295 sanctitate
2874 5242 3222 5311 prtepolleat,
3269 5247 3602 5312 quantolibet

2017 5332 2248 5386 culmine
2299 5333 2510 5387 virtutis
2556 5335 2815 5402 excellat,
2864 5351 3134 5404 nunquam
3175 5336 3338 5405 dicit,
3393 5338 3507 5410 Ego
3548 5352 3599 5397 et

2020 5423 2162 5478 Deus
2200 5439 2361 5477 unum
2407 5439 2592 5478 sumus
2622 5441 2634 5477 :
2661 5426 2782 5496 quia
2811 5427 2854 5479 si
2887 5427 3044 5481 habet
3075 5429 3360 5497 virtutem,
3401 5444 3455 5488 et
3484 5431 3603 5489 tdeo

2021 5514 2120 5569 hoc
2152 5516 2316 5580 dicit;
2346 5514 2448 5569 hoc
2467 5515 2714 5583 dicendo,
2746 5519 2882 5587 qttod
2915 5519 3159 5587 habebat,
3190 5524 3386 5578 amisit.

2093 5608 2146 5663 5.
2179 5607 2471 5678 /Equalitas
2501 5607 2626 5661 Filii
2652 5625 2764 5662 runt
2801 5609 2971 5665 ναῖκι.
3005 5612 3286 5686 ίΕίιιιξιΙειιι
3312 5633 3440 5689 ergo
3461 5617 3602 5676 Patri

2085 5739 2158 5815 (ᾳ)
2179 5741 2465 5815 Maximinus
2487 5741 2536 5789 in
2569 5739 2831 5815 collatione
2863 5748 3105 5809 augustini
3129 5762 3239 5800 cum
3252 5752 3376 5815 ipso,
3391 5762 3441 5804 et
3459 5752 3542 5804 ιιι).
3575 5753 3607 5802 2

2026 5812 2193 5855 contra
2223 5804 2468 5864 eumdem,
2501 5817 2604 5865 cap.
2630 5803 2705 5853 2:2.
