4098 6310
347 338 445 394 777

346 460 450 529 ejus
472 496 486 521 ,
519 456 570 512 id
600 463 713 520 est,
764 452 886 516 Dei,
915 467 1003 523 per
1029 465 1088 504 ea
1139 459 1251 519 qua!
1301 444 1437 518 facta
1465 450 1618 510 sunt,
1668 440 1917 495 intellecta

345 551 756 614 conspiciuntur;
781 546 1079 615 sempiterna
1102 555 1296 611 quoque
1332 539 1439 608 ejus
1472 537 1629 592 virtus
1659 543 1703 587 et
1739 533 1920 585 divini-

347 656 423 697 tas
446 659 463 708 ;
488 653 543 697 ut
562 643 659 696 sint
680 638 1060 695 inexcusabiles.
1082 635 1213 701 Quia
1233 648 1346 685 cum
1366 629 1705 700 cognovissent
1731 623 1914 690 Deum,

345 753 444 790 non
474 738 602 790 sicut
632 733 793 786 Deum
821 728 1271 805 honpriﬁcaverunt
1290 763 1307 789 ,
1331 731 1416 776 aut
1446 720 1635 791 gratias
1675 723 1918 787 egerunt;

344 826 433 882 sed
462 832 765 880 evanuerunt
814 823 868 875 in
915 815 1295 890 cogitationibus
1319 813 1421 866 suis
1445 853 1459 878 ,
1508 818 1556 864 et
1604 808 1920 862 obscuratum

344 929 417 975 est
466 917 707 988 insipiens
761 931 847 968 cor
892 927 1081 967 eorum.
1111 905 1350 978 Apostoli
1403 902 1562 958 verba
1606 907 1760 965 sunt,
1811 909 1917 950 non

344 1024 462 1065 mea
516 1026 529 1062 :
569 987 651 1060 Et
696 1005 1015 1060 obscuratum
1058 1010 1129 1054 est
1169 997 1409 1067 insipiens
1457 1010 1542 1047 cor
1590 1004 1793 1053 eorum;
1836 987 1918 1039 di-

343 1112 507 1156 centes
556 1101 686 1154 enim
751 1114 804 1152 se
855 1111 960 1150 esse
1025 1092 1273 1161 sapientes
1297 1129 1312 1155 ,
1381 1085 1521 1139 stulti
1595 1082 1717 1153 facti
1782 1084 1916 1131 sunt.

344 1192 496 1262 Quod
525 1190 830 1247 curiositate
872 1189 1223 1248 invenerunt,
1260 1179 1507 1249 superbia
1552 1173 1916 1262 perdiderunt.

342 1261 577 1340 Dicentes
603 1302 654 1339 se
678 1300 783 1338 esse
808 1282 1055 1347 sapientes
1079 1318 1094 1344 ,
1124 1276 1176 1331 id
1202 1283 1320 1338 est,
1347 1272 1544 1326 donum
1577 1266 1669 1321 Dei
1697 1263 1797 1319 sibi
1823 1261 1919 1315 tri-

342 1379 567 1434 buentes
587 1417 602 1443 ,
634 1376 773 1430 stulti
826 1374 944 1446 facti
992 1380 1127 1426 sunt.
1159 1367 1331 1422 Verba
1357 1406 1371 1428 ,
1404 1364 1618 1432 inquam
1639 1401 1653 1423 ,
1682 1354 1920 1426 Apostoli

343 1481 465 1527 sunt
495 1490 508 1524 :
540 1470 773 1523 Dicentes
803 1485 855 1521 se
883 1482 988 1520 esse
1016 1462 1263 1533 sapientes
1282 1502 1296 1524 ,
1325 1457 1465 1511 stulti
1495 1452 1615 1525 facti
1639 1457 1776 1505 sunt.

412 1562 639 1618 CAPUT
667 1559 905 1614 III.—3.
936 1555 1165 1611 Stultitia
1191 1550 1455 1605 colentium
1479 1545 1637 1599 idola.
1664 1538 1916 1603 Ostende,

344 1654 509 1724 proba
531 1652 802 1707 stultitiam
831 1650 1087 1718 ipsorum.
1109 1641 1341 1699 Ostende
1362 1682 1376 1706 ,
1406 1632 1687 1724 Apostole,
1709 1640 1764 1686 et
1787 1629 1922 1724 sicut

344 1718 621 1798 ostendisti
652 1741 804 1795 nobis
848 1738 989 1793 unde
1019 1740 1300 1805 potuerunt
1327 1727 1600 1800 pervenire
1627 1722 1692 1776 ad
1738 1718 1920 1789 cogni-

346 1834 544 1889 tionem
565 1833 655 1886 Dei
679 1873 693 1896 ,
722 1830 968 1901 quoniam
991 1824 1258 1881 invisibilia
1287 1823 1394 1889 ejus
1419 1861 1432 1886 ,
1461 1834 1549 1889 per
1572 1833 1630 1869 ea
1652 1829 1763 1884 qua:
1788 1817 1922 1881 facta

345 1934 458 1980 sunt
486 1968 500 1989 ,
531 1925 781 1978 intellecta
802 1920 1179 1989 conspiciuntur
1207 1933 1226 1970 :
1256 1915 1325 1969 ita
1373 1925 1512 1965 nunc
1538 1906 1759 1962 ostende
1785 1916 1918 1973 quo-

345 2019 504 2074 modo
525 2018 744 2071 dicentes
765 2033 816 2070 se
838 2029 945 2069 esse
968 2012 1218 2081 sapientes
1237 2050 1250 2073 ,
1279 2006 1421 2061 stulti
1446 2002 1563 2072 facti
1585 2009 1721 2053 sunt.
1750 1994 1915 2050 Audi:

346 2111 475 2179 Quia
502 2110 922 2172 immutaverunt,
954 2105 1059 2172 ait,
1090 2102 1302 2175 gloriam
1326 2092 1718 2164 incorruptibilis
1744 2089 1836 2143 Dei
1868 2088 1922 2140 in

346 2202 726 2256 similitudinem
754 2198 986 2270 imaginis
1012 2193 1348 2265 corruptibilis
1396 2188 1639 2252 hominis,
1690 2193 1737 2238 et
1779 2181 1922 2270 volu-

347 2310 512 2359 crum,
542 2302 586 2345 et
614 2269 1025 2362 quadrupedum,
1058 2296 1104 2340 et
1129 2283 1429 2354 serpentium
1452 2278 1624 2348 (Rom.
1650 2291 1688 2341 1,
1714 2269 1920 2362 18-25)ἲ

347 2385 569 2454 Figuras
592 2386 608 2416 ¹
632 2385 771 2438 enim
811 2382 1031 2437 istorum
1057 2376 1362 2433 animalium
1388 2414 1402 2439 ,
1431 2371 1530 2427 sibi
1557 2369 1685 2423 deos
1728 2360 1923 2433 Pagani

347 2452 607 2532 fecerunt.
636 2474 888 2530 Invenisti
917 2473 1082 2527 Deum
1104 2513 1119 2536 ,
1147 2480 1199 2524 et
1243 2466 1373 2522 colis
1419 2464 1638 2517 idolum.
1672 2452 1924 2513 Invenisti

347 2569 657 2633 veritatem,
695 2577 747 2621 et
776 2568 943 2637 ipsam
982 2564 1258 2617 veritatem
1302 2558 1356 2611 in
1398 2552 1651 2624 injustitia
1697 2547 1922 2637 detines.

348 2659 417 2713 Et
445 2657 583 2729 quod
618 2674 707 2727 per
735 2636 825 2711 Dei
850 2670 1008 2727 Opera
1034 2649 1360 2723 cognovisti,
1389 2662 1483 2716 per
1510 2656 1669 2713 opera
1695 2636 1926 2693 hominis

348 2753 548 2824 perdis.
590 2752 780 2807 Totum
835 2747 1219 2809 considerasti;
1270 2741 1429 2806 cmli,
1485 2747 1675 2802 terrae,
1722 2730 1923 2797 maris,

348 2848 839 2914 elementorumque
864 2842 1100 2896 omnium
1140 2836 1380 2892 ordinem
1428 2828 1684 2900 collegisti
1729 2844 1742 2879 :
1785 2821 1928 2879 istud

349 2955 456 2994 non
479 2939 558 2993 vis
586 2936 862 2992 attendere
887 2976 902 3000 ,
937 2933 1079 3003 quod
1120 2929 1348 2985 mundus
1372 2939 1504 2995 opus
1533 2929 1615 2977 est
1655 2919 1784 2984 Dei,
1817 2914 1929 2970 ido-

349 3030 458 3085 lum
486 3044 618 3099 opus
644 3037 726 3083 est
752 3026 904 3081 fabri.
931 3025 986 3080 Si
1014 3023 1166 3078 faber
1196 3020 1367 3084 idolo,
1424 3017 1561 3071 sicut
1608 3009 1754 3065 dedit
1798 3006 1928 3076 figu-

348 3135 499 3185 ram,
545 3120 697 3175 daret
725 3128 778 3174 et
823 3132 944 3180 cor;
999 3114 1065 3168 ab
1092 3114 1205 3183 ipso
1244 3109 1383 3165 idolo
1426 3106 1571 3160 faber
1598 3102 1925 3156 adoraretur.

348 3212 627 3281 Quomodo
678 3211 849 3275 enim,
901 3224 933 3263 ο
978 3207 1138 3261 homo
1159 3246 1172 3269 ,
1206 3202 1352 3257 faber
1392 3209 1512 3252 tuus
1541 3196 1679 3250 Deus
1708 3202 1822 3255 est,
1853 3189 1930 3242 sic

349 3279 511 3358 homo
537 3303 661 3357 idoli
688 3301 834 3357 faber
854 3308 952 3355 est.
976 3297 1105 3365 Quis
1130 3304 1211 3350 est
1240 3294 1377 3347 Deus
1406 3288 1556 3343 tuus?
1575 3284 1672 3354 Qui
1705 3292 1756 3337 te
1784 3279 1925 3335 fecit.

350 3395 479 3462 Quis
501 3404 583 3449 est
632 3395 771 3449 Dens
802 3392 933 3447 fabri
975 3389 1117 3456 ?Qui
1168 3387 1313 3441 illum
1346 3383 1484 3437 fecit.
1514 3379 1643 3445 Quis
1685 3383 1766 3430 est
1792 3374 1931 3428 Deus

350 3486 520 3541 idoli?
550 3486 650 3554 Qui
689 3486 815 3539 fecit
867 3481 1018 3537 illud.
1045 3481 1184 3548 Ergo
1204 3479 1247 3531 si
1278 3475 1476 3529 idolum
1520 3486 1613 3525 cor
1660 3467 1879 3521 haberet
1912 3504 1927 3528 ,

351 3594 530 3635 nonne
561 3579 765 3632 fabrum
794 3576 1039 3629 adoraret
1064 3572 1153 3640 qui
1182 3568 1311 3623 illud
1352 3563 1519 3621 fecit?
1553 3563 1691 3616 Ecce
1732 3557 1785 3611 in
1829 3569 1930 3624 qua

350 3673 631 3741 iniquitate
674 3669 947 3725 veritatem
990 3671 1305 3724 tenuerunt,
1349 3667 1403 3712 et
1436 3655 1501 3709 ad
1541 3648 1930 3722 possessionem

347 3760 490 3816 illam
503 3776 660 3832 quam
674 3757 1073 3817 viderunt,viam
1094 3751 1465 3822 perdueentem
1479 3760 1583 3799 non
1597 3743 1931 3796 invenerunt.

421 3850 648 3906 CAPUT
679 3849 766 3903 IV.
798 3876 870 3887 —
896 3847 948 3900 4.
979 3843 1206 3900 Christus
1232 3842 1394 3909 factus
1419 3838 1517 3890 via.
1546 3832 1789 3889 Christus
1834 3845 1931 3883 au-

346 3951 461 3997 tem
483 3983 497 4005 ,
530 3940 649 4009 quia
678 3940 790 4007 ipse
818 3944 902 3993 est
925 3934 1064 4004 apud
1085 3934 1295 3987 Patrem
1321 3929 1515 3984 veritas
1551 3933 1605 3980 et
1632 3922 1737 3977 vita
1758 3963 1772 3988 ,
1801 3920 1935 3974 Ver-

345 4034 480 4087 bum
511 4031 607 4085 Dei
631 4058 646 4095 ,
674 4029 742 4083 de
770 4042 875 4096 quo
903 4028 1100 4082 dictum
1134 4032 1214 4078 est
1232 4065 1244 4087 ,
1292 4020 1410 4075 Vita
1434 4027 1539 4073 erat
1567 4017 1658 4071 tua:
1677 4013 1934 4068 hominum

352 4123 535 4197 (toan.
562 4136 613 4185 1,
640 4120 694 4190 4)
721 4139 734 4173 :
765 4119 885 4189 quia
914 4133 1040 4188 ergo
1071 4117 1182 4186 ipse
1207 4120 1290 4168 est
1309 4109 1445 4181 apud
1491 4109 1701 4163 Patrem
1740 4105 1934 4159 veritas

352 4223 409 4269 et
435 4212 540 4266 vita
563 4253 577 4277 ,
599 4219 654 4265 et
680 4224 784 4264 non
816 4208 1141 4265 habebamus
1161 4219 1261 4275 qua
1294 4204 1493 4257 iremus
1524 4200 1589 4253 ad
1617 4198 1890 4254 veritatem
1917 4210 1931 4259 ;

351 4305 521 4360 Filius
550 4303 646 4358 Dei
668 4302 757 4372 qui
776 4314 989 4371 semper
1010 4299 1061 4353 in
1088 4298 1247 4353 Patre
1273 4294 1469 4349 veritas
1492 4301 1545 4347 et
1564 4290 1669 4344 vita
1702 4296 1783 4342 est
1802 4328 1816 4351 ,
1844 4300 1932 4341 as-

354 4394 616 4450 sumendo
635 4393 903 4449 hominem
932 4390 1102 4446 factus
1130 4398 1211 4443 est
1234 4386 1341 4441 via.
1370 4383 1596 4439 Ambula
1622 4396 1715 4450 per
1763 4376 1936 4432 homi-

355 4501 513 4552 nem,
565 4492 622 4540 et
651 4483 895 4554 pervenis
944 4480 1013 4536 ad
1056 4481 1244 4535 Deum.
1290 4476 1392 4532 Per
1418 4474 1594 4545 ipsum
1642 4469 1820 4533 vadis,
1868 4465 1935 4520 ad

356 4578 530 4647 ipsum
556 4575 725 4630 vadis.
753 4573 869 4627 Noli
898 4586 1133 4643 quaerere
1154 4584 1253 4639 qua
1275 4568 1341 4623 ad
1368 4567 1516 4621 illum
1545 4562 1755 4629 venias,
1800 4574 1936 4629 prae-

358 4675 439 4721 ter
481 4667 675 4736 ipsum.
706 4664 762 4719 Si
803 4662 942 4717 enim
974 4660 1055 4714 via
1100 4673 1220 4715 esse
1250 4659 1361 4728 ipse
1391 4655 1675 4718 noluisset,
1728 4664 1939 4718 semper

356 4772 674 4814 erraremus.
701 4756 893 4811 Factus
916 4768 1043 4823 ergo
1082 4752 1164 4805 via
1191 4759 1272 4805 est
1293 4764 1394 4819 qua
1424 4747 1624 4802 venias.
1677 4742 1792 4797 Non
1843 4740 1938 4795 tibi

357 4850 477 4907 dico
496 4892 511 4915 ,
541 4863 720 4919 quaere
746 4848 903 4902 viam.
928 4846 1045 4915 lpsa
1070 4845 1151 4897 via
1170 4842 1235 4897 ad
1263 4850 1312 4896 te
1334 4840 1476 4896 venit
1503 4860 1514 4895 :
1549 4851 1706 4907 surge
1726 4844 1781 4890 et
1823 4848 1938 4886 am—

358 4941 502 4995 bula.
539 4940 765 4995 Ambula
822 4938 1097 5003 moribus,
1142 4949 1247 4988 non
1302 4931 1543 5003 pedibus.
1600 4927 1747 4982 Multi
1795 4924 1936 4979 enim

360 5033 498 5089 bene
531 5031 805 5085 ambulant
838 5028 1085 5097 pedibus,
1114 5035 1167 5079 et
1198 5023 1336 5077 male
1360 5020 1629 5076 ambulant
1676 5016 1936 5071 moribus.

362 5121 665 5192 Aliquando
693 5119 836 5174 enim
878 5118 977 5186 ipsi
1004 5117 1139 5169 bene
1169 5112 1502 5166 ambulantes
1526 5150 1540 5174 ,
1568 5114 1763 5177 praeter
1800 5105 1938 5158 viam

363 5220 585 5269 currunt
609 5213 651 5264 ‘.
681 5210 923 5265 Invenies
947 5209 1140 5277 quippe
1160 5204 1403 5259 homines
1424 5201 1559 5256 bene
1588 5198 1824 5252 viventes
1843 5236 1857 5260 ,
1889 5204 1943 5250 et

364 5323 469 5362 non
484 5306 824 5361 christianos.
843 5302 985 5355 Bene
1001 5306 1220 5354 currunt
1249 5314 1263 5351 :
1292 5294 1384 5350 sed
1408 5293 1559 5347 invia
1578 5306 1681 5344 non
1703 5296 1940 5343 currunt.

366 5397 575 5461 Quanto
602 5396 719 5464 plus
743 5401 991 5455 currunt,
1019 5390 1141 5462 plus
1168 5395 1382 5450 errant;
1428 5386 1549 5456 quia
1589 5398 1619 5437 a
1657 5383 1739 5437 via
1796 5395 1944 5435 rece-

366 5489 520 5544 dunt.
548 5488 602 5543 Si
624 5496 801 5541 autem
823 5484 953 5539 tales
982 5482 1226 5537 homines
1254 5478 1563 5550 perveniant
1590 5476 1653 5531 ad
1684 5475 1817 5529 viam
1845 5516 1859 5540 ,
1892 5481 1946 5527 et

372 5586 584 5633 teneant
606 5577 745 5631 viam
772 5617 786 5641 ,
819 5590 852 5627 ο
892 5582 1085 5644 quanta
1114 5570 1373 5625 securitas
1400 5576 1511 5632 est,
1550 5567 1671 5636 quia
1709 5574 1763 5619 et
1808 5565 1945 5618 bene

431 5715 449 5747 ⁸
477 5723 575 5773 Am.
599 5720 651 5761 et
672 5710 852 5773 aliquot
873 5718 998 5769 Mss.,
1024 5706 1218 5770 ﬁgura.

431 5777 453 5808 ⁸
475 5772 642 5824 Plures
662 5772 788 5831 MSSL,
812 5774 1054 5823 corruunt.

612 5859 837 5921 SANCT.
883 5860 1158 5917 AUGUST.
1204 5852 1281 5911 V.

1725 321 1954 381 SERMO
1987 319 2186 379 CXLII.

3501 290 3609 382 πε

2027 437 2322 504 ambulant,
2352 446 2408 495 et
2427 452 2533 495 non
2557 447 2737 495 errant
2765 442 2778 497 !
2810 439 2865 498 Si
2891 449 3065 497 autem
3092 455 3197 496 non
3226 450 3406 498 tenent
3426 442 3563 497 viam
3584 484 3600 507 ,

2025 529 2360 599 quantumvis
2385 528 2518 584 bene
2532 531 2802 586 ambulent
2819 574 2833 596 ,
2866 533 2967 589 heu
2993 550 3149 604 quam
3170 534 3451 589 dolendum
3481 546 3561 590 est
3584 537 3597 590 Ξ

2025 619 2209 674 Melius
2230 628 2312 673 est
2332 620 2471 674 enim
2492 620 2542 672 in
2568 621 2649 673 via
2677 623 2974 677 claudicare
2994 664 3009 689 ,
3041 639 3197 693 quam
3235 635 3428 693 praeter
3458 627 3598 678 viam

2024 709 2232 765 fortiter
2261 709 2547 763 ambulare.
2601 711 2725 765 llaec
2753 714 2882 769 satis
2938 715 3045 768 sint
3085 714 3337 770 Charitati
3386 727 3598 770 vestrm.

2023 799 2279 856 Conversi
2303 799 2370 854 ad
2403 800 2684 855 Dominum
2717 804 2732 834 ¹
2756 843 2769 868 ,
2802 812 2906 859 etc.

2515 933 2742 990 saeuo
2766 935 2946 991 CXLII
2967 941 2983 961 ·
3008 937 3103 1010 (a).

2024 1042 2104 1099 De
2128 1044 2304 1099 iisdem
2324 1044 2481 1100 verbis
2508 1046 2770 1117 Evangelii
2791 1048 3027 1115 Joannis,
3056 1051 3164 1121 Ego
3192 1066 3306 1106 sum
3332 1051 3436 1119 via,
3468 1061 3563 1106 etc.
3583 1093 3598 1120 ,

2524 1153 2637 1208 cap.
2669 1154 2795 1206 xw,
2842 1140 2876 1209 ᾗ
2900 1179 2913 1192 .
2941 1140 2973 1196 6
2996 1139 3087 1213 (b).

2094 1268 2321 1324 CAPUT
2348 1269 2629 1326 PRIMUM.
2660 1300 2732 1310 —
2757 1273 2810 1326 1.
2851 1270 2945 1325 Via
2973 1281 3076 1326 tuta
3104 1272 3347 1329 Christus.
3378 1275 3600 1345 Erigunt

2025 1375 2123 1415 nos
2147 1361 2339 1415 divinae
2394 1362 2680 1429 lectiones,
2724 1378 2792 1419 ne
2835 1363 3205 1434 desperatione
3244 1365 3549 1438 frangamur
3583 1385 3597 1420 :

2024 1464 2076 1508 et
2127 1470 2309 1509 rursus
2365 1462 2600 1521 terrent,
2666 1471 2735 1510 ne
2809 1458 3055 1525 superbia
3106 1458 3442 1515 ventilemur.
3496 1460 3600 1514 Te-

2026 1562 2154 1601 nere
2171 1553 2345 1601 autem
2363 1547 2500 1601 viam
2524 1547 2749 1601 mediam
2772 1589 2786 1612 ,
2816 1563 2997 1603 veram
3018 1590 3033 1615 ,
3056 1558 3255 1605 rectam
3274 1551 3324 1616 ',
3355 1539 3603 1619 tanquam

2027 1644 2163 1699 inter
2189 1644 2457 1697 sinistram
2507 1642 2892 1713 desperationis
2936 1652 2990 1699 et
3035 1643 3304 1699 dexteram
3345 1659 3605 1714 prtesum-

2027 1736 2241 1804 ptionis,
2256 1734 2623 1790 difﬁcillimum
2642 1744 2785 1791 esset
2805 1735 2974 1801 nobis,
3000 1735 3100 1789 nisi
3128 1736 3368 1791 Christus
3383 1736 3603 1804 diceret,

2027 1825 2137 1893 Ego
2160 1842 2269 1878 sum
2291 1865 2305 1889 ,
2331 1824 2533 1895 inquit,
2563 1826 2641 1878 via
2670 1867 2686 1891 ,
2728 1833 2773 1880 et
2800 1826 3010 1892 veritas,
3057 1835 3103 1879 et
3154 1826 3275 1879 vita.
3336 1826 3604 1895 Tanquam

2026 1916 2256 1983 diceret,
2283 1916 2396 1985 Qua
2420 1918 2499 1972 vis
2523 1918 2634 1972 ire?
2667 1916 2777 1987 Ego
2810 1934 2921 1971 sunt
2950 1919 3049 1971 via.
3077 1917 3191 1983 Quo
3218 1918 3297 1972 vis
3329 1918 3402 1973 ire
3428 1918 3452 1971 ?
3494 1917 3606 1989 Ego

2025 2023 2138 2061 sum
2166 2007 2367 2060 veritas.
2400 2006 2497 2061 Ubi
2524 2007 2603 2061 vis
2631 2006 2983 2076 permanere?
3013 2005 3125 2078 Ego
3144 2024 3255 2061 sum
3275 2008 3396 2060 vita.
3423 2007 3605 2063 Securi

2026 2113 2152 2168 ergo
2181 2096 2514 2151 ambulemus
2544 2097 2595 2151 in
2628 2096 2710 2149 via
2746 2114 2761 2151 :
2789 2096 2881 2151 sed
2910 2096 3129 2151 insidias
3160 2096 3605 2167 timeamusjuxta

2026 2188 2186 2243 viam.
2212 2187 2461 2243 Inimicus
2500 2187 2735 2242 insidiari
2775 2203 2880 2241 non
2907 2186 3066 2242 audet
3090 2188 3142 2241 in
3166 2188 3280 2252 via;
3312 2188 3431 2256 quia
3456 2187 3610 2241 Chri-

2028 2286 2142 2332 stus
2165 2288 2247 2334 est
2269 2278 2349 2332 via
2387 2296 2400 2333 :
2430 2278 2523 2333 sed
2546 2278 2695 2348 juxta
2722 2277 2858 2332 viam
2895 2277 3052 2348 plane
3078 2293 3181 2332 non
3212 2276 3425 2332 desinit.
3458 2277 3610 2333 Unde

2029 2378 2083 2423 et
2118 2368 2172 2423 in
2202 2369 2413 2424 Psahno
2448 2368 2677 2424 dicitur:
2718 2368 2884 2423 Juxta
2914 2369 3113 2423 semitas
3149 2367 3390 2423 scandala
3432 2384 3611 2438 posue—

2028 2468 2147 2514 runt
2172 2461 2295 2515 mihi
2321 2460 2492 2531 (Psal.
2540 2476 2747 2516 cxxxtx
2771 2502 2785 2525 ,
2816 2463 2890 2531 6).
2920 2462 3056 2516 Dicit
3080 2470 3133 2516 et
3155 2462 3255 2515 alia
3292 2461 3561 2531 Scriptura
3592 2479 3606 2515 :

2030 2555 2283 2611 Memento
2308 2557 2426 2627 quia
2451 2558 2503 2611 in
2524 2558 2687 2611 medio
2708 2556 2999 2627 laqueorum
3018 2553 3293 2625 ingrederis
3322 2552 3503 2626 (Eccli.
3533 2571 3606 2621 Ix,

2029 2645 2145 2721 20).
2178 2647 2267 2702 Isti
2292 2649 2465 2718 laquei
2513 2649 2651 2703 inter
2687 2663 2820 2718 quos
2858 2646 3220 2717 ingredimur,
3263 2660 3368 2699 non
3406 2656 3527 2699 sunt
3555 2646 3609 2699 in

2028 2738 2114 2793 via
2147 2756 2160 2792 :
2191 2738 2284 2793 sed
2307 2748 2483 2793 tamen
2507 2747 2629 2794 sunt
2649 2737 2797 2807 juxta
2820 2738 2978 2791 viam.
3002 2734 3138 2802 Quid
3168 2734 3420 2789 formidas
3439 2776 3455 2802 ,
3485 2733 3613 2804 quid

2030 2829 2261 2896 metuis,
2312 2832 2357 2883 si
2397 2829 2449 2882 in
2477 2828 2560 2881 via
2585 2827 2866 2883 ambulas?
2907 2826 3052 2880 Tunc
3106 2825 3262 2890 time,
3315 2825 3360 2879 si
3409 2824 3613 2879 deseris

2033 2921 2193 2975 viam.
2224 2919 2357 2973 Nam
2388 2919 2508 2973 ideo
2555 2919 2713 2972 etiam
2768 2917 3088 2987 permittitur
3130 2915 3373 2969 inimicus
3416 2928 3613 2984 ponere

2028 3012 2177 3082 juxta
2205 3012 2342 3069 viam
2388 3012 2639 3081 laqueos,
2690 3026 2755 3064 ne
2783 3009 3067 3063 securitate
3116 3007 3480 3062 exsultationis
3527 3006 3612 3063 via

2033 3101 2345 3169 deseratur,
2376 3112 2430 3155 et
2458 3102 2510 3155 in
2542 3101 2758 3155 insidias
2789 3099 3073 3154 incidatur.

2102 3194 2326 3249 CAPUT
2355 3194 2419 3248 ll.
2450 3222 2520 3234 ο-
2545 3192 2600 3246 2.
2639 3191 2733 3245 Via
2762 3191 2990 3245 Christus
3016 3188 3239 3243 humilis.
3274 3186 3543 3242 Fornicari
3581 3204 3614 3241 a

2034 3283 2271 3338 Domino.
2297 3285 2391 3338 Via
2413 3283 2654 3338 Christus
2670 3282 2884 3338 humilis
2910 3300 2923 3335 :
2945 3280 3185 3336 Christus
3205 3281 3399 3335 veritas
3414 3290 3467 3335 et
3485 3279 3611 3346 vita,

2035 3377 2273 3433 Christus
2296 3376 2539 3432 excelsus
2590 3384 2647 3430 et
2676 3376 2837 3430 Deus.
2890 3373 2945 3429 Si
2997 3373 3237 3427 ambules
3292 3373 3344 3425 in
3379 3371 3611 3438 humili,

2035 3469 2313 3538 pervenies
2335 3468 2401 3522 ad
2427 3466 2715 3521 excelsum.
2749 3464 2808 3519 Si
2836 3464 3074 3517 inﬁrmus
3116 3462 3368 3517 humilem
3400 3477 3506 3516 non
3531 3476 3612 3516 as.

2036 3561 2312 3630 perneris,
2368 3560 2420 3614 in
2468 3558 2680 3613 excelso
2723 3556 3039 3610 fortissimus
3076 3554 3434 3625 permanebis.
3484 3554 3614 3620 Quae

2036 3653 2177 3706 enim
2207 3665 2364 3706 causa
2394 3649 2704 3703 humilitatis
2744 3647 2973 3710 Christi,
3003 3646 3105 3699 nisi
3154 3645 3435 3699 inﬁrmitas
3480 3653 3567 3699 tua
3592 3646 3617 3698 ‘t

2036 3741 2201 3796 Valde
2226 3741 2367 3794 enim
2390 3747 2441 3794 et
2463 3737 2923 3793 irremediabiliter
2953 3746 3003 3792 te
3035 3735 3310 3791 obsidebat
3340 3735 3616 3790 infirmitas

2039 3844 2149 3901 tua,
2184 3843 2237 3887 et
2264 3834 2375 3887 haec
2398 3848 2482 3887 res
2499 3831 2624 3886 fecit
2642 3832 2915 3885 utvenirct
2934 3830 2999 3884 ad
3020 3840 3067 3884 te
3084 3838 3259 3884 tantus
3275 3828 3530 3883 medicus.
3560 3828 3615 3884 Si

2037 3924 2179 3979 enim
2207 3924 2291 3978 vel
2310 3923 2387 3978 sic
2409 3931 2695 3992 :egrotares
2712 3963 2728 3988 ,
2760 3930 2818 3975 ut
2841 3931 2894 3975 tu
2922 3936 3104 3991 posses
3134 3922 3211 3975 ire
3238 3918 3303 3973 ad
3330 3919 3613 3988 medicum,

2039 4023 2250 4085 poterat
2288 4014 2578 4069 tolerabilis
2608 4013 2775 4067 videri
2802 4013 2919 4082 ipsa
2947 4012 3249 4067 infirmitas.
3276 4009 3383 4066 Sed
3411 4011 3531 4080 quia
3561 4020 3618 4065 tu

2038 4106 2115 4160 ire
2144 4120 2249 4161 non
2272 4105 2486 4175 potuisti
2506 4103 2571 4158 ad
2614 4120 2737 4159 eum
2779 4145 2796 4170 ,
2821 4103 2909 4157 ille
2932 4103 3076 4157 venit
3114 4102 3179 4158 ad
3210 4110 3281 4157 te.
3313 4100 3471 4156 Venit
3522 4100 3620 4156 do-

2038 4211 2163 4253 cens
2189 4196 2539 4251 humilitatem
2563 4238 2577 4262 ,
2609 4211 2710 4266 qua
2732 4194 3012 4251 redeamus
3036 4212 3049 4247 :
3076 4195 3199 4263 quia
3228 4193 3479 4263 superbia
3519 4209 3617 4252 nos

2040 4286 2216 4342 redire
2241 4303 2345 4341 non
2375 4286 2582 4341 sinebat
2630 4285 2693 4340 ad
2723 4286 2918 4349 vitam;
2959 4294 3012 4340 et
3043 4285 3154 4355 ipsa
3200 4285 3396 4340 fecerat
3441 4299 3539 4339 nos
3586 4300 3620 4340 a

2039 4376 2144 4430 vita
2165 4376 2433 4432 recedere.
2460 4376 2758 4430 Exaltatum
2781 4375 2923 4430 enim
2946 4374 3233 4429 humanum
3252 4390 3345 4429 cor
3363 4374 3620 4431 adversus

2041 4470 2208 4525 Deum
2239 4468 2261 4499 ³
2280 4510 2295 4536 ,
2324 4478 2377 4524 et
2401 4468 2668 4538 negligens
2695 4467 2746 4521 in
2777 4467 2891 4536 ipsa
2920 4466 3145 4520 sanitate
3173 4473 3432 4535 praecepta
3472 4465 3618 4519 salu-

2040 4562 2209 4627 taria,
2238 4559 2434 4616 decidit
2475 4560 2648 4613 anima
2693 4559 2744 4613 in
2792 4558 3151 4613 infirmitatem
3183 4576 3196 4612 :
3224 4558 3390 4612 discat
3435 4555 3620 4611 audire

2107 4697 2125 4727 ι
2152 4702 2202 4743 ιιι
2223 4692 2471 4756 plerisque
2500 4690 2835 4756 manuscrist
2868 4688 3079 4741 clausula
3103 4697 3348 4756 sermoms
3359 4688 3477 4756 haec
3500 4693 3577 4736 est
3601 4701 3614 4736 :

2041 4748 2262 4817 Conversi
2282 4752 2348 4805 ad
2374 4748 2644 4817 hominum,
2667 4748 2849 4817 gratias
2869 4764 3069 4815 agamus
3085 4749 3129 4801 ei
3152 4749 3235 4813 qui
3256 4748 3366 4800 vivit
3387 4755 3433 4799 et
3453 4756 3624 4813 regnat

2040 4818 2093 4869 in
2114 4816 2293 4883 satcula
2312 4814 2611 4883 saeculorum.
2668 4814 2685 4817 “
2700 4871 2711 4883 ο

2107 4882 2127 4912 ³
2148 4878 2447 4928 Colliertinus
2467 4878 2641 4935 codex,
2663 4878 2789 4924 viam
2808 4878 3005 4924 rectam.

2108 4942 2130 4973 ³
2151 4943 2223 4989 sic
2245 4940 2359 4989 editi
2382 4946 2434 4987 et
2455 4933 2762 4997 manuscripti
2798 4937 2845 4983 in
2877 4943 3033 4984 classe
3064 4933 3430 4997 Sermonumde
3453 4934 3625 4983 Verbis

2045 5003 2243 5053 Domini.
2269 5008 2325 5050 At
2344 5001 2395 5049 in
2411 4999 2568 5049 classe
2590 4994 2893 5047 tiomiliarum
2915 4997 3259 5058 quinquaginta
3281 4994 3397 5043 editi
3420 5001 3518 5058 .{tm2
3544 5001 3602 5042 Er

2047 5072 2099 5114 et
2118 5063 2434 5122 manuscriptir
2464 5062 2644 5109 habent
2681 5059 2771 5108 hoc
2790 5054 2966 5122 modo':
2992 5054 3082 5122 Nos
3102 5054 3379 5122 rZ'direnou
3398 5054 3578 5106 sinebat
3606 5068 3625 5105 :

2045 5124 2161 5191 quia
2180 5129 2227 5174 et
2248 5115 2471 5186 superbia
2492 5123 2669 5185 fecerat
2690 5118 2918 5171 recedere
2961 5116 3226 5168 exaltatum
3259 5115 3519 5166 humamun
3542 5129 3624 5166 cor

2044 5187 2273 5237 adversus
2296 5194 2464 5234 Deum.

2114 5194 2464 5236 tunsus.0eunu

2073 5249 2079 5257 '
2112 5250 2128 5267 '
2149 5247 2358 5297 Collatus
2389 5252 2465 5297 est
2493 5243 2553 5293 ad
2590 5250 2696 5293 tres
2729 5244 2811 5293 bn.
2841 5242 2899 5291 ad
2944 5242 3177 5304 quinque
3197 5239 3259 5289 cl.
3285 5239 3346 5288 ad
3382 5252 3426 5287 a.
3468 5240 3545 5289 cl).
3591 5238 3623 5286 f.

2046 5309 2106 5361 is.
2152 5324 2199 5372 g.
2253 5323 2329 5372 gr.
2384 5307 2445 5356 lr.
2490 5319 2554 5354 m.
2622 5320 2694 5368 pr.
2740 5318 2832 5354 rm.
2880 5301 2978 5354 vd.‘
3015 5301 3180 5353 et'ad
3240 5310 3341 5350 Am.
3382 5307 3455 5350 Er.
3512 5309 3632 5349 Par.

2049 5378 2157 5422 ιον.

2134 5453 2185 5511 a)
2207 5451 2345 5511 Alias,
2365 5450 2429 5500 de
2447 5448 2617 5498 verbis
2634 5447 2813 5497 Domini
2827 5445 2906 5511 54,
2929 5452 2981 5494 et
3000 5444 3063 5493 54
3082 5456 3147 5493 ex
3168 5442 3383 5511 nomiliis
3403 5443 3481 5511 S0.

2134 5467 2164 5502 a
2207 5454 2345 5511 Alias,
2365 5454 2429 5500 de
2447 5454 2617 5498 verbis
2634 5454 2813 5497 Domini
2827 5454 2906 5504 54,
2929 5454 2981 5494 et
3000 5454 3063 5493 54
3082 5456 3147 5493 ex
3168 5454 3383 5493 Homuns
3403 5454 3481 5492 δυ.

2112 5454 2185 5577 Eb;
2204 5521 2448 5577 tractatus
2466 5513 2560 5577 iste
2580 5510 2853 5577 continetur
2877 5509 2932 5577 in_
2948 5508 3281 5577 manuscriptis
3306 5503 3508 5577 duplicis
3542 5516 3628 5577 ge-

2052 5567 2203 5633 neris,
2227 5588 2384 5636 eoque
2409 5574 2582 5636 factum
2596 5577 2682 5636 est
2701 5577 2752 5636 ut
2769 5567 3402 5636 inantiquioribus’excusrs
3416 5567 3490 5636 bis
3512 5567 3628 5636 ede-

2053 5626 2249 5687 reretur
2275 5626 2458 5697 :primo
2495 5626 3059 5697 quidem_brevior__iﬁ_ter
3071 5641 3335 5697 sermones
3350 5628 3425 5697 de
3458 5626 3626 5696 Verbis

2054 5701 2251 5754 Domini,
2276 5688 2489 5745 secundo
2508 5688 2672 5742 autem
2692 5694 2796 5741 loco
2816 5690 3046 5754 prolixior
3068 5691 3197 5740 inter
3232 5688 3454 5738 Homilies
3485 5689 3629 5749 quin»

2055 5762 2298 5827 quaginta,
2318 5762 2526 5819 quantus
2545 5756 2622 5805 hic
2644 5755 2921 5804 exhibetur.

2831 5836 3304 5915 {Vingt-cinq.)
