  <div class='ocr_page' id='page_1' title='image "/cluster/home/n/w/nwhite01/storage/ocr_20150623/38/hvd.32044015706294/395.png"; bbox 0 0 4098 6310; ppageno 0'>
   <div class='ocr_carea' id='block_1_1' title="bbox 463 289 568 357">
    <p class='ocr_par' dir='ltr' id='par_1_1' title="bbox 463 289 568 357">
     <span class='ocr_line' id='line_1_1' title="bbox 463 289 568 357; baseline 0 0"><span class='ocrx_word' id='word_1_1' title='bbox 463 289 568 357; x_wconf 80' lang='lat'><strong>779</strong></span> 
     </span>
    </p>
   </div>
   <div class='ocr_carea' id='block_1_2' title="bbox 463 401 2038 484">
    <p class='ocr_par' dir='ltr' id='par_1_2' title="bbox 463 401 2038 484">
     <span class='ocr_line' id='line_1_2' title="bbox 463 401 2038 484; baseline -0.012 -12"><span class='ocrx_word' id='word_1_2' title='bbox 463 418 675 472; x_wconf 83' lang='lat' dir='ltr'><strong>infirma</strong></span> <span class='ocrx_word' id='word_1_3' title='bbox 699 424 864 484; x_wconf 79' lang='lat' dir='ltr'><strong>quem</strong></span> <span class='ocrx_word' id='word_1_4' title='bbox 899 407 1218 478; x_wconf 73' lang='lat' dir='ltr'><strong>contempsit</strong></span> <span class='ocrx_word' id='word_1_5' title='bbox 1262 403 1415 460; x_wconf 77' lang='lat' dir='ltr'><strong>fortis</strong></span> <span class='ocrx_word' id='word_1_6' title='bbox 1439 404 1481 457; x_wconf 74' lang='grc' dir='ltr'><strong>ί.</strong></span> <span class='ocrx_word' id='word_1_7' title='bbox 1513 401 1706 457; x_wconf 78' lang='lat' dir='ltr'><strong>Audiat</strong></span> <span class='ocrx_word' id='word_1_8' title='bbox 1731 409 1792 456; x_wconf 93' lang='lat' dir='ltr'><strong>ut</strong></span> <span class='ocrx_word' id='word_1_9' title='bbox 1817 407 1998 469; x_wconf 80' lang='lat' dir='ltr'><strong>surgat</strong></span> <span class='ocrx_word' id='word_1_10' title='bbox 2021 441 2038 469; x_wconf 90' lang='lat'><strong>,</strong></span> 
     </span>
    </p>
   </div>
   <div class='ocr_carea' id='block_1_3' title="bbox 464 495 2043 580">
    <p class='ocr_par' dir='ltr' id='par_1_3' title="bbox 464 495 2043 580">
     <span class='ocr_line' id='line_1_3' title="bbox 464 495 2043 580; baseline -0.011 -15"><span class='ocrx_word' id='word_1_11' title='bbox 464 524 619 580; x_wconf 87' lang='lat' dir='ltr'><strong>quem</strong></span> <span class='ocrx_word' id='word_1_12' title='bbox 647 506 846 577; x_wconf 88' lang='lat' dir='ltr'><strong>sprevit</strong></span> <span class='ocrx_word' id='word_1_13' title='bbox 871 511 930 559; x_wconf 87' lang='lat' dir='ltr'><strong>ut</strong></span> <span class='ocrx_word' id='word_1_14' title='bbox 952 501 1186 558; x_wconf 87' lang='lat' dir='ltr'><strong>caderet.</strong></span> <span class='ocrx_word' id='word_1_15' title='bbox 1213 497 1407 553; x_wconf 83' lang='lat' dir='ltr'><strong>Audiat</strong></span> <span class='ocrx_word' id='word_1_16' title='bbox 1429 495 1638 550; x_wconf 90' lang='lat' dir='ltr'><strong>tandem</strong></span> <span class='ocrx_word' id='word_1_17' title='bbox 1678 498 2043 563; x_wconf 82' lang='lat' dir='ltr'><strong>experimento</strong></span> 
     </span>
    </p>
   </div>
   <div class='ocr_carea' id='block_1_4' title="bbox 462 585 2043 669">
    <p class='ocr_par' dir='ltr' id='par_1_4' title="bbox 462 585 2043 669">
     <span class='ocr_line' id='line_1_4' title="bbox 462 585 2043 669; baseline -0.011 -10"><span class='ocrx_word' id='word_1_18' title='bbox 462 603 684 665; x_wconf 89' lang='lat' dir='ltr'><strong>edocta,</strong></span> <span class='ocrx_word' id='word_1_19' title='bbox 724 596 866 669; x_wconf 90' lang='lat' dir='ltr'><strong>quod</strong></span> <span class='ocrx_word' id='word_1_20' title='bbox 907 601 1174 665; x_wconf 63' lang='lat' dir='ltr'><strong>pracepto</strong></span> <span class='ocrx_word' id='word_1_21' title='bbox 1199 590 1369 646; x_wconf 89' lang='lat' dir='ltr'><strong>noluit</strong></span> <span class='ocrx_word' id='word_1_22' title='bbox 1397 587 1658 644; x_wconf 75' lang='lat' dir='ltr'><strong>obtinere.</strong></span> <span class='ocrx_word' id='word_1_23' title='bbox 1688 585 1877 642; x_wconf 88' lang='lat' dir='ltr'><strong>Docuit</strong></span> <span class='ocrx_word' id='word_1_24' title='bbox 1899 587 2043 642; x_wconf 89' lang='lat' dir='ltr'><strong>enim</strong></span> 
     </span>
    </p>
   </div>
   <div class='ocr_carea' id='block_1_5' title="bbox 464 681 2039 757">
    <p class='ocr_par' dir='ltr' id='par_1_5' title="bbox 464 681 2039 757">
     <span class='ocr_line' id='line_1_5' title="bbox 464 681 2039 757; baseline -0.008 -8"><span class='ocrx_word' id='word_1_25' title='bbox 464 708 583 749; x_wconf 85' lang='lat' dir='ltr'><strong>eam</strong></span> <span class='ocrx_word' id='word_1_26' title='bbox 613 690 824 746; x_wconf 82' lang='lat' dir='ltr'><strong>miseria</strong></span> <span class='ocrx_word' id='word_1_27' title='bbox 851 701 945 744; x_wconf 87' lang='lat' dir='ltr'><strong>sna</strong></span> <span class='ocrx_word' id='word_1_28' title='bbox 969 729 984 754; x_wconf 94' lang='lat'><strong>,</strong></span> <span class='ocrx_word' id='word_1_29' title='bbox 1012 685 1139 757; x_wconf 90' lang='lat' dir='ltr'><strong>quid</strong></span> <span class='ocrx_word' id='word_1_30' title='bbox 1183 683 1310 740; x_wconf 88' lang='lat' dir='ltr'><strong>mali</strong></span> <span class='ocrx_word' id='word_1_31' title='bbox 1335 684 1405 738; x_wconf 90' lang='lat' dir='ltr'><strong>sit</strong></span> <span class='ocrx_word' id='word_1_32' title='bbox 1448 697 1480 738; x_wconf 85' lang='lat' dir='ltr'><strong>a</strong></span> <span class='ocrx_word' id='word_1_33' title='bbox 1519 683 1744 738; x_wconf 77' lang='lat' dir='ltr'><strong>Domino</strong></span> <span class='ocrx_word' id='word_1_34' title='bbox 1771 681 2039 738; x_wconf 81' lang='lat' dir='ltr'><strong>fornicari.</strong></span> 
     </span>
    </p>
   </div>
   <div class='ocr_carea' id='block_1_6' title="bbox 464 774 2042 848">
    <p class='ocr_par' dir='ltr' id='par_1_6' title="bbox 464 774 2042 848">
     <span class='ocr_line' id='line_1_6' title="bbox 464 774 2042 848; baseline -0.009 -6"><span class='ocrx_word' id='word_1_35' title='bbox 464 784 734 843; x_wconf 80' lang='lat' dir='ltr'><strong>Recedere</strong></span> <span class='ocrx_word' id='word_1_36' title='bbox 760 785 902 839; x_wconf 89' lang='lat' dir='ltr'><strong>enim</strong></span> <span class='ocrx_word' id='word_1_37' title='bbox 929 781 997 836; x_wconf 88' lang='lat' dir='ltr'><strong>ab</strong></span> <span class='ocrx_word' id='word_1_38' title='bbox 1023 780 1115 835; x_wconf 91' lang='lat' dir='ltr'><strong>illo</strong></span> <span class='ocrx_word' id='word_1_39' title='bbox 1141 777 1366 848; x_wconf 86' lang='lat' dir='ltr'><strong>simplici</strong></span> <span class='ocrx_word' id='word_1_40' title='bbox 1387 784 1442 832; x_wconf 89' lang='lat' dir='ltr'><strong>et</strong></span> <span class='ocrx_word' id='word_1_41' title='bbox 1480 775 1734 848; x_wconf 80' lang='lat' dir='ltr'><strong>singulari</strong></span> <span class='ocrx_word' id='word_1_42' title='bbox 1760 775 1902 830; x_wconf 89' lang='lat' dir='ltr'><strong>bono</strong></span> <span class='ocrx_word' id='word_1_43' title='bbox 1920 814 1936 841; x_wconf 94' lang='lat'><strong>,</strong></span> <span class='ocrx_word' id='word_1_44' title='bbox 1986 774 2042 828; x_wconf 88' lang='lat' dir='ltr'><strong>iu</strong></span> 
     </span>
    </p>
   </div>
   <div class='ocr_carea' id='block_1_7' title="bbox 463 867 2042 942">
    <p class='ocr_par' dir='ltr' id='par_1_7' title="bbox 463 867 2042 942">
     <span class='ocr_line' id='line_1_7' title="bbox 463 867 2042 942; baseline -0.007 -9"><span class='ocrx_word' id='word_1_45' title='bbox 463 879 620 934; x_wconf 89' lang='lat' dir='ltr'><strong>istam</strong></span> <span class='ocrx_word' id='word_1_46' title='bbox 645 875 1038 931; x_wconf 90' lang='lat' dir='ltr'><strong>multitudinem</strong></span> <span class='ocrx_word' id='word_1_47' title='bbox 1080 872 1446 942; x_wconf 80' lang='lat' dir='ltr'><strong>voluptatum,</strong></span> <span class='ocrx_word' id='word_1_48' title='bbox 1489 871 1546 924; x_wconf 89' lang='lat' dir='ltr'><strong>in</strong></span> <span class='ocrx_word' id='word_1_49' title='bbox 1590 884 1824 925; x_wconf 91' lang='lat' dir='ltr'><strong>amorem</strong></span> <span class='ocrx_word' id='word_1_50' title='bbox 1863 867 2042 923; x_wconf 73' lang='lat' dir='ltr'><strong>sazculi</strong></span> 
     </span>
    </p>
   </div>
   <div class='ocr_carea' id='block_1_8' title="bbox 461 959 2038 1038">
    <p class='ocr_par' dir='ltr' id='par_1_8' title="bbox 461 959 2038 1038">
     <span class='ocr_line' id='line_1_8' title="bbox 461 959 2038 1038; baseline -0.008 -12"><span class='ocrx_word' id='word_1_51' title='bbox 461 969 964 1038; x_wconf 77' lang='lat' dir='ltr'><strong>corruptionemque</strong></span> <span class='ocrx_word' id='word_1_52' title='bbox 989 974 1254 1020; x_wconf 83' lang='lat' dir='ltr'><strong>terrenam</strong></span> <span class='ocrx_word' id='word_1_53' title='bbox 1274 1004 1289 1030; x_wconf 88' lang='lat'><strong>,</strong></span> <span class='ocrx_word' id='word_1_54' title='bbox 1316 961 1566 1017; x_wconf 90' lang='lat' dir='ltr'><strong>fornicari</strong></span> <span class='ocrx_word' id='word_1_55' title='bbox 1591 970 1674 1016; x_wconf 87' lang='lat' dir='ltr'><strong>est</strong></span> <span class='ocrx_word' id='word_1_56' title='bbox 1720 975 1750 1015; x_wconf 91' lang='lat' dir='ltr'><strong>a</strong></span> <span class='ocrx_word' id='word_1_57' title='bbox 1792 959 2038 1014; x_wconf 90' lang='lat' dir='ltr'><strong>Domino.</strong></span> 
     </span>
    </p>
   </div>
   <div class='ocr_carea' id='block_1_9' title="bbox 459 1049 2038 1132">
    <p class='ocr_par' dir='ltr' id='par_1_9' title="bbox 459 1049 2038 1132">
     <span class='ocr_line' id='line_1_9' title="bbox 459 1049 2038 1132; baseline -0.008 -15"><span class='ocrx_word' id='word_1_58' title='bbox 459 1063 528 1118; x_wconf 87' lang='lat' dir='ltr'><strong>Et</strong></span> <span class='ocrx_word' id='word_1_59' title='bbox 555 1059 781 1132; x_wconf 90' lang='lat' dir='ltr'><strong>quodam</strong></span> <span class='ocrx_word' id='word_1_60' title='bbox 808 1058 966 1114; x_wconf 91' lang='lat' dir='ltr'><strong>modo</strong></span> <span class='ocrx_word' id='word_1_61' title='bbox 997 1056 1344 1112; x_wconf 33' lang='lat' dir='ltr'><strong>for’nicantem</strong></span> <span class='ocrx_word' id='word_1_62' title='bbox 1375 1053 1639 1109; x_wconf 87' lang='lat' dir='ltr'><strong>allocutus</strong></span> <span class='ocrx_word' id='word_1_63' title='bbox 1664 1061 1779 1119; x_wconf 91' lang='lat' dir='ltr'><strong>est,</strong></span> <span class='ocrx_word' id='word_1_64' title='bbox 1820 1061 1877 1106; x_wconf 93' lang='lat' dir='ltr'><strong>ut</strong></span> <span class='ocrx_word' id='word_1_65' title='bbox 1916 1049 2038 1106; x_wconf 87' lang='lat' dir='ltr'><strong>red-</strong></span> 
     </span>
    </p>
   </div>
   <div class='ocr_carea' id='block_1_10' title="bbox 461 1144 2042 1222">
    <p class='ocr_par' dir='ltr' id='par_1_10' title="bbox 461 1144 2042 1222">
     <span class='ocr_line' id='line_1_10' title="bbox 461 1144 2042 1222; baseline -0.007 -14"><span class='ocrx_word' id='word_1_66' title='bbox 461 1153 568 1208; x_wconf 88' lang='lat' dir='ltr'><strong>iret</strong></span> <span class='ocrx_word' id='word_1_67' title='bbox 593 1169 605 1206; x_wconf 88' lang='lat'><strong>:</strong></span> <span class='ocrx_word' id='word_1_68' title='bbox 639 1152 933 1222; x_wconf 71' lang='lat' dir='ltr'><strong>schissime</strong></span> <span class='ocrx_word' id='word_1_69' title='bbox 961 1165 1056 1220; x_wconf 89' lang='lat' dir='ltr'><strong>per</strong></span> <span class='ocrx_word' id='word_1_70' title='bbox 1084 1144 1377 1218; x_wconf 84' lang='lat' dir='ltr'><strong>Pmpbetas</strong></span> <span class='ocrx_word' id='word_1_71' title='bbox 1403 1147 1640 1216; x_wconf 84' lang='lat' dir='ltr'><strong>increpat</strong></span> <span class='ocrx_word' id='word_1_72' title='bbox 1659 1153 1908 1210; x_wconf 82' lang='lat' dir='ltr'><strong>tanquam</strong></span> <span class='ocrx_word' id='word_1_73' title='bbox 1935 1145 2042 1198; x_wconf 83' lang='lat' dir='ltr'><strong>for-</strong></span> 
     </span>
    </p>
   </div>
   <div class='ocr_carea' id='block_1_11' title="bbox 461 1236 2040 1311">
    <p class='ocr_par' dir='ltr' id='par_1_11' title="bbox 461 1236 2040 1311">
     <span class='ocr_line' id='line_1_11' title="bbox 461 1236 2040 1311; baseline -0.006 -13"><span class='ocrx_word' id='word_1_74' title='bbox 461 1243 752 1311; x_wconf 78' lang='lat' dir='ltr'><strong>nicariam,</strong></span> <span class='ocrx_word' id='word_1_75' title='bbox 798 1253 902 1297; x_wconf 82' lang='lat' dir='ltr'><strong>non</strong></span> <span class='ocrx_word' id='word_1_76' title='bbox 953 1251 1128 1295; x_wconf 84' lang='lat' dir='ltr'><strong>tamen</strong></span> <span class='ocrx_word' id='word_1_77' title='bbox 1181 1239 1549 1308; x_wconf 75' lang='lat' dir='ltr'><strong>desperatam;</strong></span> <span class='ocrx_word' id='word_1_78' title='bbox 1596 1236 1720 1307; x_wconf 79' lang='lat' dir='ltr'><strong>quia</strong></span> <span class='ocrx_word' id='word_1_79' title='bbox 1772 1236 1822 1290; x_wconf 90' lang='lat' dir='ltr'><strong>in</strong></span> <span class='ocrx_word' id='word_1_80' title='bbox 1877 1247 2040 1290; x_wconf 74' lang='lat' dir='ltr'><strong>manu</strong></span> 
     </span>
    </p>
   </div>
   <div class='ocr_carea' id='block_1_12' title="bbox 461 1331 2042 1401">
    <p class='ocr_par' dir='ltr' id='par_1_12' title="bbox 461 1331 2042 1401">
     <span class='ocr_line' id='line_1_12' title="bbox 461 1331 2042 1401; baseline -0.004 -11"><span class='ocrx_word' id='word_1_81' title='bbox 461 1336 623 1392; x_wconf 76' lang='lat' dir='ltr'><strong>habet</strong></span> <span class='ocrx_word' id='word_1_82' title='bbox 672 1337 831 1392; x_wconf 76' lang='lat' dir='ltr'><strong>etiam</strong></span> <span class='ocrx_word' id='word_1_83' title='bbox 875 1334 1273 1390; x_wconf 83' lang='lat' dir='ltr'><strong>mundationetu</strong></span> <span class='ocrx_word' id='word_1_84' title='bbox 1317 1331 1654 1398; x_wconf 72' lang='lat' dir='ltr'><strong>fornicarite,</strong></span> <span class='ocrx_word' id='word_1_85' title='bbox 1683 1331 1773 1401; x_wconf 84' lang='lat' dir='ltr'><strong>qui</strong></span> <span class='ocrx_word' id='word_1_86' title='bbox 1802 1331 2042 1400; x_wconf 77' lang='lat' dir='ltr'><strong>increpat</strong></span> 
     </span>
    </p>
   </div>
   <div class='ocr_carea' id='block_1_13' title="bbox 457 1427 815 1484">
    <p class='ocr_par' dir='ltr' id='par_1_13' title="bbox 457 1427 815 1484">
     <span class='ocr_line' id='line_1_13' title="bbox 457 1427 815 1484; baseline -0.006 -1"><span class='ocrx_word' id='word_1_87' title='bbox 457 1427 815 1484; x_wconf 83' lang='lat' dir='ltr'><strong>fornicariom.</strong></span> 
     </span>
    </p>
   </div>
   <div class='ocr_carea' id='block_1_14' title="bbox 529 1513 2041 1590">
    <p class='ocr_par' dir='ltr' id='par_1_14' title="bbox 529 1513 2041 1590">
     <span class='ocr_line' id='line_1_14' title="bbox 529 1513 2041 1590; baseline -0.006 -14"><span class='ocrx_word' id='word_1_88' title='bbox 529 1519 756 1577; x_wconf 76' lang='lat' dir='ltr'><strong>CAPUT</strong></span> <span class='ocrx_word' id='word_1_89' title='bbox 799 1515 889 1574; x_wconf 79' lang='lat' dir='ltr'><strong>Ili.</strong></span> <span class='ocrx_word' id='word_1_90' title='bbox 934 1549 1007 1560; x_wconf 97' lang='lat'>—</span> <span class='ocrx_word' id='word_1_91' title='bbox 1046 1514 1099 1574; x_wconf 76' lang='lat'><strong>&#39;5.</strong></span> <span class='ocrx_word' id='word_1_92' title='bbox 1135 1516 1432 1590; x_wconf 77' lang='lat' dir='ltr'><strong>Objurga‘tio</strong></span> <span class='ocrx_word' id='word_1_93' title='bbox 1479 1515 1788 1587; x_wconf 76' lang='lat' dir='ltr'><strong>peccatoris,</strong></span> <span class='ocrx_word' id='word_1_94' title='bbox 1818 1521 1875 1568; x_wconf 76' lang='lat' dir='ltr'><strong>ut</strong></span> <span class='ocrx_word' id='word_1_95' title='bbox 1902 1513 2041 1568; x_wconf 79' lang='lat' dir='ltr'><strong>salu-</strong></span> 
     </span>
    </p>
   </div>
   <div class='ocr_carea' id='block_1_15' title="bbox 461 1606 2036 1684">
    <p class='ocr_par' dir='ltr' id='par_1_15' title="bbox 461 1606 2036 1684">
     <span class='ocr_line' id='line_1_15' title="bbox 461 1606 2036 1684; baseline -0.006 -15"><span class='ocrx_word' id='word_1_96' title='bbox 461 1613 616 1669; x_wconf 82' lang='lat' dir='ltr'><strong>briter</strong></span> <span class='ocrx_word' id='word_1_97' title='bbox 643 1613 1000 1684; x_wconf 73' lang='lat' dir='ltr'><strong>confundatur.</strong></span> <span class='ocrx_word' id='word_1_98' title='bbox 1014 1609 1129 1666; x_wconf 76' lang='lat' dir='ltr'><strong>Non</strong></span> <span class='ocrx_word' id='word_1_99' title='bbox 1149 1610 1290 1665; x_wconf 86' lang='lat' dir='ltr'><strong>enim</strong></span> <span class='ocrx_word' id='word_1_100' title='bbox 1311 1609 1388 1665; x_wconf 89' lang='lat' dir='ltr'><strong>sic</strong></span> <span class='ocrx_word' id='word_1_101' title='bbox 1412 1610 1689 1679; x_wconf 74' lang='lat' dir='ltr'><strong>increpat,</strong></span> <span class='ocrx_word' id='word_1_102' title='bbox 1710 1615 1770 1662; x_wconf 89' lang='lat' dir='ltr'><strong>ut</strong></span> <span class='ocrx_word' id='word_1_103' title='bbox 1787 1606 2036 1662; x_wconf 88' lang='lat' dir='ltr'><strong>insultet:</strong></span> 
     </span>
    </p>
   </div>
   <div class='ocr_carea' id='block_1_16' title="bbox 458 1700 2042 1772">
    <p class='ocr_par' dir='ltr' id='par_1_16' title="bbox 458 1700 2042 1772">
     <span class='ocr_line' id='line_1_16' title="bbox 458 1700 2042 1772; baseline -0.006 -11"><span class='ocrx_word' id='word_1_104' title='bbox 458 1704 556 1761; x_wconf 85' lang='lat' dir='ltr'><strong>sed</strong></span> <span class='ocrx_word' id='word_1_105' title='bbox 581 1704 651 1759; x_wconf 87' lang='lat' dir='ltr'><strong>ad</strong></span> <span class='ocrx_word' id='word_1_106' title='bbox 677 1702 1041 1759; x_wconf 77' lang='lat' dir='ltr'><strong>confusionem</strong></span> <span class='ocrx_word' id='word_1_107' title='bbox 1067 1704 1090 1736; x_wconf 79' lang='grc'><strong><em>³</em></strong></span> <span class='ocrx_word' id='word_1_108' title='bbox 1111 1701 1224 1756; x_wconf 89' lang='lat' dir='ltr'><strong>vult</strong></span> <span class='ocrx_word' id='word_1_109' title='bbox 1261 1700 1586 1772; x_wconf 73' lang='lat' dir='ltr'><strong>perducere,</strong></span> <span class='ocrx_word' id='word_1_110' title='bbox 1626 1701 1689 1754; x_wconf 84' lang='lat' dir='ltr'><strong>ut-</strong></span> <span class='ocrx_word' id='word_1_111' title='bbox 1731 1708 1902 1754; x_wconf 81' lang='lat' dir='ltr'><strong>sauet.</strong></span> <span class='ocrx_word' id='word_1_112' title='bbox 1937 1700 2042 1752; x_wconf 76' lang='lat' dir='ltr'><strong>Ex-</strong></span> 
     </span>
    </p>
   </div>
   <div class='ocr_carea' id='block_1_17' title="bbox 437 1792 2040 1865">
    <p class='ocr_par' dir='ltr' id='par_1_17' title="bbox 437 1792 2040 1865">
     <span class='ocr_line' id='line_1_17' title="bbox 437 1792 2040 1865; baseline -0.003 -13"><span class='ocrx_word' id='word_1_113' title='bbox 437 1796 709 1852; x_wconf 81' lang='lat' dir='ltr'><strong>clamavit</strong></span> <span class='ocrx_word' id='word_1_114' title='bbox 732 1793 1004 1865; x_wconf 78' lang='lat' dir='ltr'><strong>Scriptura</strong></span> <span class='ocrx_word' id='word_1_115' title='bbox 1022 1795 1368 1850; x_wconf 82' lang='lat' dir='ltr'><strong>vehementer</strong></span> <span class='ocrx_word' id='word_1_116' title='bbox 1388 1834 1402 1859; x_wconf 93' lang='lat'><strong>,</strong></span> <span class='ocrx_word' id='word_1_117' title='bbox 1432 1805 1533 1849; x_wconf 87' lang='lat' dir='ltr'><strong>nec</strong></span> <span class='ocrx_word' id='word_1_118' title='bbox 1557 1792 1789 1863; x_wconf 80' lang='lat' dir='ltr'><strong>palpavit</strong></span> <span class='ocrx_word' id='word_1_119' title='bbox 1817 1792 2040 1847; x_wconf 80' lang='lat' dir='ltr'><strong>adulan-</strong></span> 
     </span>
    </p>
   </div>
   <div class='ocr_carea' id='block_1_18' title="bbox 459 1884 2039 1958">
    <p class='ocr_par' dir='ltr' id='par_1_18' title="bbox 459 1884 2039 1958">
     <span class='ocr_line' id='line_1_18' title="bbox 459 1884 2039 1958; baseline -0.002 -17"><span class='ocrx_word' id='word_1_120' title='bbox 459 1886 720 1958; x_wconf 86' lang='lat' dir='ltr'><strong>do,quos</strong></span> <span class='ocrx_word' id='word_1_121' title='bbox 748 1887 914 1940; x_wconf 82' lang='lat' dir='ltr'><strong>voluit</strong></span> <span class='ocrx_word' id='word_1_122' title='bbox 937 1897 1187 1955; x_wconf 81' lang='lat' dir='ltr'><strong>reparare</strong></span> <span class='ocrx_word' id='word_1_123' title='bbox 1225 1884 1480 1940; x_wconf 83' lang='lat' dir='ltr'><strong>sanando.</strong></span> <span class='ocrx_word' id='word_1_124' title='bbox 1522 1884 1750 1939; x_wconf 73' lang='lat' dir='ltr'><strong>Adulteri</strong></span> <span class='ocrx_word' id='word_1_125' title='bbox 1773 1923 1789 1950; x_wconf 88' lang='lat'><strong>,</strong></span> <span class='ocrx_word' id='word_1_126' title='bbox 1839 1885 2039 1938; x_wconf 79' lang='lat' dir='ltr'><strong>nescitis</strong></span> 
     </span>
    </p>
   </div>
   <div class='ocr_carea' id='block_1_19' title="bbox 454 1974 2040 2049">
    <p class='ocr_par' dir='ltr' id='par_1_19' title="bbox 454 1974 2040 2049">
     <span class='ocr_line' id='line_1_19' title="bbox 454 1974 2040 2049; baseline -0.002 -17"><span class='ocrx_word' id='word_1_127' title='bbox 454 1978 575 2048; x_wconf 88' lang='lat' dir='ltr'><strong>quia</strong></span> <span class='ocrx_word' id='word_1_128' title='bbox 601 1979 794 2032; x_wconf 89' lang='lat' dir='ltr'><strong>amicus</strong></span> <span class='ocrx_word' id='word_1_129' title='bbox 810 1979 960 2049; x_wconf 80' lang='lat' dir='ltr'><strong>hujus</strong></span> <span class='ocrx_word' id='word_1_130' title='bbox 989 1977 1163 2030; x_wconf 83' lang='lat' dir='ltr'><strong>mundi</strong></span> <span class='ocrx_word' id='word_1_131' title='bbox 1189 1977 1420 2030; x_wconf 80' lang='lat' dir='ltr'><strong>inimicus</strong></span> <span class='ocrx_word' id='word_1_132' title='bbox 1446 1975 1552 2029; x_wconf 78' lang='lat' dir='ltr'><strong>Deo</strong></span> <span class='ocrx_word' id='word_1_133' title='bbox 1573 1975 1891 2029; x_wconf 73' lang='lat' dir='ltr'><strong>constituitur</strong></span> <span class='ocrx_word' id='word_1_134' title='bbox 1921 1974 2040 2047; x_wconf 81' lang='lat' dir='ltr'><strong>(Ja-</strong></span> 
     </span>
    </p>
   </div>
   <div class='ocr_carea' id='block_1_20' title="bbox 455 2065 2040 2140">
    <p class='ocr_par' dir='ltr' id='par_1_20' title="bbox 455 2065 2040 2140">
     <span class='ocr_line' id='line_1_20' title="bbox 455 2065 2040 2140; baseline -0.003 -16"><span class='ocrx_word' id='word_1_135' title='bbox 455 2069 567 2124; x_wconf 84' lang='lat' dir='ltr'><strong>cobi</strong></span> <span class='ocrx_word' id='word_1_136' title='bbox 617 2083 704 2137; x_wconf 96' lang='lat' dir='ltr'><strong>tv,</strong></span> <span class='ocrx_word' id='word_1_137' title='bbox 757 2070 816 2140; x_wconf 75' lang='grc'><strong>4)</strong></span> <span class='ocrx_word' id='word_1_138' title='bbox 859 2069 1026 2124; x_wconf 82' lang='lat' dir='ltr'><strong>Amor</strong></span> <span class='ocrx_word' id='word_1_139' title='bbox 1074 2065 1257 2123; x_wconf 83' lang='lat' dir='ltr'><strong>mundi</strong></span> <span class='ocrx_word' id='word_1_140' title='bbox 1288 2067 1550 2122; x_wconf 80' lang='lat' dir='ltr'><strong>adulterat</strong></span> <span class='ocrx_word' id='word_1_141' title='bbox 1593 2067 1856 2131; x_wconf 87' lang='lat' dir='ltr'><strong>animam,</strong></span> <span class='ocrx_word' id='word_1_142' title='bbox 1889 2079 2040 2120; x_wconf 84' lang='lat' dir='ltr'><strong>amor</strong></span> 
     </span>
    </p>
   </div>
   <div class='ocr_carea' id='block_1_21' title="bbox 453 2159 2038 2219">
    <p class='ocr_par' dir='ltr' id='par_1_21' title="bbox 453 2159 2038 2219">
     <span class='ocr_line' id='line_1_21' title="bbox 453 2159 2038 2219; baseline -0.003 -1"><span class='ocrx_word' id='word_1_143' title='bbox 453 2163 789 2219; x_wconf 80' lang='lat' dir='ltr'><strong>fabricatoris</strong></span> <span class='ocrx_word' id='word_1_144' title='bbox 834 2163 1018 2218; x_wconf 84' lang='lat' dir='ltr'><strong>mundi</strong></span> <span class='ocrx_word' id='word_1_145' title='bbox 1064 2161 1322 2218; x_wconf 85' lang='lat' dir='ltr'><strong>castificat</strong></span> <span class='ocrx_word' id='word_1_146' title='bbox 1373 2161 1646 2214; x_wconf 89' lang='lat' dir='ltr'><strong>animam:</strong></span> <span class='ocrx_word' id='word_1_147' title='bbox 1679 2160 1773 2214; x_wconf 86' lang='lat' dir='ltr'><strong>sed</strong></span> <span class='ocrx_word' id='word_1_148' title='bbox 1826 2160 1926 2213; x_wconf 86' lang='lat' dir='ltr'><strong>nisi</strong></span> <span class='ocrx_word' id='word_1_149' title='bbox 1970 2159 2038 2214; x_wconf 88' lang='lat' dir='ltr'><strong>de</strong></span> 
     </span>
    </p>
   </div>
   <div class='ocr_carea' id='block_1_22' title="bbox 454 2251 2037 2326">
    <p class='ocr_par' dir='ltr' id='par_1_22' title="bbox 454 2251 2037 2326">
     <span class='ocr_line' id='line_1_22' title="bbox 454 2251 2037 2326; baseline -0.004 -16"><span class='ocrx_word' id='word_1_150' title='bbox 454 2255 796 2326; x_wconf 87' lang='lat' dir='ltr'><strong>corruptione</strong></span> <span class='ocrx_word' id='word_1_151' title='bbox 822 2252 1122 2317; x_wconf 84' lang='lat' dir='ltr'><strong>erubuerit,</strong></span> <span class='ocrx_word' id='word_1_152' title='bbox 1173 2253 1243 2306; x_wconf 89' lang='lat' dir='ltr'><strong>ad</strong></span> <span class='ocrx_word' id='word_1_153' title='bbox 1289 2252 1565 2320; x_wconf 75' lang='lat' dir='ltr'><strong>ampleitus</strong></span> <span class='ocrx_word' id='word_1_154' title='bbox 1601 2251 1721 2304; x_wconf 90' lang='lat' dir='ltr'><strong>illos</strong></span> <span class='ocrx_word' id='word_1_155' title='bbox 1750 2257 1925 2305; x_wconf 86' lang='lat' dir='ltr'><strong>castos</strong></span> <span class='ocrx_word' id='word_1_156' title='bbox 1951 2265 2037 2304; x_wconf 90' lang='lat' dir='ltr'><strong>re-</strong></span> 
     </span>
    </p>
   </div>
   <div class='ocr_carea' id='block_1_23' title="bbox 452 2342 2038 2414">
    <p class='ocr_par' dir='ltr' id='par_1_23' title="bbox 452 2342 2038 2414">
     <span class='ocr_line' id='line_1_23' title="bbox 452 2342 2038 2414; baseline -0.003 -13"><span class='ocrx_word' id='word_1_157' title='bbox 452 2344 570 2401; x_wconf 90' lang='lat' dir='ltr'><strong>dire</strong></span> <span class='ocrx_word' id='word_1_158' title='bbox 597 2359 703 2400; x_wconf 88' lang='lat' dir='ltr'><strong>non</strong></span> <span class='ocrx_word' id='word_1_159' title='bbox 731 2345 1076 2414; x_wconf 87' lang='lat' dir='ltr'><strong>concupiscit.</strong></span> <span class='ocrx_word' id='word_1_160' title='bbox 1103 2342 1467 2399; x_wconf 70' lang='lat' dir='ltr'><strong>Conﬁtndatur</strong></span> <span class='ocrx_word' id='word_1_161' title='bbox 1492 2351 1554 2397; x_wconf 87' lang='lat' dir='ltr'><strong>ut</strong></span> <span class='ocrx_word' id='word_1_162' title='bbox 1581 2343 1765 2397; x_wconf 88' lang='lat' dir='ltr'><strong>redeat</strong></span> <span class='ocrx_word' id='word_1_163' title='bbox 1798 2384 1812 2408; x_wconf 88' lang='lat'><strong>,</strong></span> <span class='ocrx_word' id='word_1_164' title='bbox 1839 2355 1956 2412; x_wconf 66' lang='lat' dir='ltr'><strong>quae</strong></span> <span class='ocrx_word' id='word_1_165' title='bbox 1978 2355 2038 2396; x_wconf 91' lang='lat' dir='ltr'><strong>se</strong></span> 
     </span>
    </p>
   </div>
   <div class='ocr_carea' id='block_1_24' title="bbox 451 2431 2036 2508">
    <p class='ocr_par' dir='ltr' id='par_1_24' title="bbox 451 2431 2036 2508">
     <span class='ocr_line' id='line_1_24' title="bbox 451 2431 2036 2508; baseline -0.003 -17"><span class='ocrx_word' id='word_1_166' title='bbox 451 2436 689 2508; x_wconf 89' lang='lat' dir='ltr'><strong>jactabat</strong></span> <span class='ocrx_word' id='word_1_167' title='bbox 715 2451 782 2492; x_wconf 91' lang='lat' dir='ltr'><strong>ne</strong></span> <span class='ocrx_word' id='word_1_168' title='bbox 809 2436 1026 2492; x_wconf 86' lang='lat' dir='ltr'><strong>rediret.</strong></span> <span class='ocrx_word' id='word_1_169' title='bbox 1051 2435 1314 2505; x_wconf 83' lang='lat' dir='ltr'><strong>Superbia</strong></span> <span class='ocrx_word' id='word_1_170' title='bbox 1339 2448 1467 2505; x_wconf 89' lang='lat' dir='ltr'><strong>ergo</strong></span> <span class='ocrx_word' id='word_1_171' title='bbox 1493 2431 1808 2503; x_wconf 82' lang='lat' dir='ltr'><strong>impediebat</strong></span> <span class='ocrx_word' id='word_1_172' title='bbox 1845 2433 2036 2487; x_wconf 80' lang='lat' dir='ltr'><strong>animte</strong></span> 
     </span>
    </p>
   </div>
   <div class='ocr_carea' id='block_1_25' title="bbox 452 2527 2031 2599">
    <p class='ocr_par' dir='ltr' id='par_1_25' title="bbox 452 2527 2031 2599">
     <span class='ocr_line' id='line_1_25' title="bbox 452 2527 2031 2599; baseline -0.005 -12"><span class='ocrx_word' id='word_1_173' title='bbox 452 2531 707 2588; x_wconf 85' lang='lat' dir='ltr'><strong>reditum.</strong></span> <span class='ocrx_word' id='word_1_174' title='bbox 755 2531 857 2599; x_wconf 85' lang='lat' dir='ltr'><strong>Qui</strong></span> <span class='ocrx_word' id='word_1_175' title='bbox 897 2537 1073 2585; x_wconf 88' lang='lat' dir='ltr'><strong>autem</strong></span> <span class='ocrx_word' id='word_1_176' title='bbox 1101 2529 1367 2598; x_wconf 86' lang='lat' dir='ltr'><strong>increpat,</strong></span> <span class='ocrx_word' id='word_1_177' title='bbox 1399 2541 1506 2582; x_wconf 81' lang='lat' dir='ltr'><strong>non</strong></span> <span class='ocrx_word' id='word_1_178' title='bbox 1545 2527 1672 2582; x_wconf 81' lang='lat' dir='ltr'><strong>iacit</strong></span> <span class='ocrx_word' id='word_1_179' title='bbox 1716 2535 1992 2597; x_wconf 83' lang='lat' dir='ltr'><strong>peccatum</strong></span> <span class='ocrx_word' id='word_1_180' title='bbox 2015 2559 2031 2591; x_wconf 85' lang='lat'><strong>,</strong></span> 
     </span>
    </p>
   </div>
   <div class='ocr_carea' id='block_1_26' title="bbox 449 2620 2031 2694">
    <p class='ocr_par' dir='ltr' id='par_1_26' title="bbox 449 2620 2031 2694">
     <span class='ocr_line' id='line_1_26' title="bbox 449 2620 2031 2694; baseline -0.004 -13"><span class='ocrx_word' id='word_1_181' title='bbox 449 2623 547 2681; x_wconf 85' lang='lat' dir='ltr'><strong>sed</strong></span> <span class='ocrx_word' id='word_1_182' title='bbox 574 2623 807 2681; x_wconf 88' lang='lat' dir='ltr'><strong>ostendit</strong></span> <span class='ocrx_word' id='word_1_183' title='bbox 830 2630 1125 2694; x_wconf 88' lang='lat' dir='ltr'><strong>peccatum.</strong></span> <span class='ocrx_word' id='word_1_184' title='bbox 1147 2621 1301 2690; x_wconf 84' lang='lat' dir='ltr'><strong>Quod</strong></span> <span class='ocrx_word' id='word_1_185' title='bbox 1342 2621 1561 2677; x_wconf 74' lang='lat' dir='ltr'><strong>nolebat</strong></span> <span class='ocrx_word' id='word_1_186' title='bbox 1602 2621 1776 2677; x_wconf 82' lang='lat' dir='ltr'><strong>anima</strong></span> <span class='ocrx_word' id='word_1_187' title='bbox 1809 2620 2031 2687; x_wconf 79' lang='lat' dir='ltr'><strong>videro,</strong></span> 
     </span>
    </p>
   </div>
   <div class='ocr_carea' id='block_1_27' title="bbox 448 2713 2035 2790">
    <p class='ocr_par' dir='ltr' id='par_1_27' title="bbox 448 2713 2035 2790">
     <span class='ocr_line' id='line_1_27' title="bbox 448 2713 2035 2790; baseline -0.004 -16"><span class='ocrx_word' id='word_1_188' title='bbox 448 2719 668 2790; x_wconf 83' lang='lat' dir='ltr'><strong>ponitur</strong></span> <span class='ocrx_word' id='word_1_189' title='bbox 694 2719 743 2775; x_wconf 87' lang='lat' dir='ltr'><strong>ei</strong></span> <span class='ocrx_word' id='word_1_190' title='bbox 765 2730 888 2774; x_wconf 86' lang='lat' dir='ltr'><strong>ante</strong></span> <span class='ocrx_word' id='word_1_191' title='bbox 915 2718 1098 2773; x_wconf 88' lang='lat' dir='ltr'><strong>oculos</strong></span> <span class='ocrx_word' id='word_1_192' title='bbox 1123 2737 1138 2786; x_wconf 92' lang='lat'><strong>;</strong></span> <span class='ocrx_word' id='word_1_193' title='bbox 1171 2725 1224 2771; x_wconf 90' lang='lat' dir='ltr'><strong>et</strong></span> <span class='ocrx_word' id='word_1_194' title='bbox 1242 2714 1380 2786; x_wconf 88' lang='lat' dir='ltr'><strong>quod</strong></span> <span class='ocrx_word' id='word_1_195' title='bbox 1407 2719 1528 2785; x_wconf 87' lang='lat' dir='ltr'><strong>post</strong></span> <span class='ocrx_word' id='word_1_196' title='bbox 1567 2714 1784 2769; x_wconf 81' lang='lat' dir='ltr'><strong>dorsum</strong></span> <span class='ocrx_word' id='word_1_197' title='bbox 1834 2713 2035 2768; x_wconf 85' lang='lat' dir='ltr'><strong>habere</strong></span> 
     </span>
    </p>
   </div>
   <div class='ocr_carea' id='block_1_28' title="bbox 450 2803 2029 2880">
    <p class='ocr_par' dir='ltr' id='par_1_28' title="bbox 450 2803 2029 2880">
     <span class='ocr_line' id='line_1_28' title="bbox 450 2803 2029 2880; baseline -0.004 -17"><span class='ocrx_word' id='word_1_198' title='bbox 450 2805 734 2880; x_wconf 84' lang='lat' dir='ltr'><strong>cupiebat,</strong></span> <span class='ocrx_word' id='word_1_199' title='bbox 790 2808 859 2863; x_wconf 88' lang='lat' dir='ltr'><strong>ad</strong></span> <span class='ocrx_word' id='word_1_200' title='bbox 901 2807 1087 2865; x_wconf 86' lang='lat' dir='ltr'><strong>faciem</strong></span> <span class='ocrx_word' id='word_1_201' title='bbox 1127 2807 1204 2861; x_wconf 90' lang='lat' dir='ltr'><strong>illi</strong></span> <span class='ocrx_word' id='word_1_202' title='bbox 1250 2805 1580 2860; x_wconf 79' lang='lat' dir='ltr'><strong>admovetur.</strong></span> <span class='ocrx_word' id='word_1_203' title='bbox 1607 2803 1743 2860; x_wconf 78' lang='lat' dir='ltr'><strong>Vide</strong></span> <span class='ocrx_word' id='word_1_204' title='bbox 1785 2813 1838 2859; x_wconf 90' lang='lat' dir='ltr'><strong>te</strong></span> <span class='ocrx_word' id='word_1_205' title='bbox 1876 2805 2029 2858; x_wconf 81' lang='lat' dir='ltr'><strong>inte.</strong></span> 
     </span>
    </p>
   </div>
   <div class='ocr_carea' id='block_1_29' title="bbox 453 2893 2032 2968">
    <p class='ocr_par' dir='ltr' id='par_1_29' title="bbox 453 2893 2032 2968">
     <span class='ocr_line' id='line_1_29' title="bbox 453 2893 2032 2968; baseline -0.003 -15"><span class='ocrx_word' id='word_1_206' title='bbox 453 2893 592 2967; x_wconf 80' lang='lat' dir='ltr'><strong>Quid</strong></span> <span class='ocrx_word' id='word_1_207' title='bbox 616 2899 754 2953; x_wconf 79' lang='lat' dir='ltr'><strong>vides</strong></span> <span class='ocrx_word' id='word_1_208' title='bbox 782 2899 1022 2968; x_wconf 67' lang='lat' dir='ltr'><strong>stipulam</strong></span> <span class='ocrx_word' id='word_1_209' title='bbox 1050 2898 1104 2952; x_wconf 88' lang='lat' dir='ltr'><strong>in</strong></span> <span class='ocrx_word' id='word_1_210' title='bbox 1124 2897 1268 2951; x_wconf 86' lang='lat' dir='ltr'><strong>oculo</strong></span> <span class='ocrx_word' id='word_1_211' title='bbox 1289 2895 1463 2966; x_wconf 72' lang='lat' dir='ltr'><strong>[ratiis</strong></span> <span class='ocrx_word' id='word_1_212' title='bbox 1490 2896 1564 2948; x_wconf 83' lang='lat' dir='ltr'><strong>tui</strong></span> <span class='ocrx_word' id='word_1_213' title='bbox 1585 2935 1601 2960; x_wconf 94' lang='lat'><strong>,</strong></span> <span class='ocrx_word' id='word_1_214' title='bbox 1634 2895 1822 2948; x_wconf 76' lang='lat' dir='ltr'><strong>trabem</strong></span> <span class='ocrx_word' id='word_1_215' title='bbox 1867 2903 2032 2948; x_wconf 85' lang='lat' dir='ltr'><strong>autem</strong></span> 
     </span>
    </p>
   </div>
   <div class='ocr_carea' id='block_1_30' title="bbox 448 2984 2031 3060">
    <p class='ocr_par' dir='ltr' id='par_1_30' title="bbox 448 2984 2031 3060">
     <span class='ocr_line' id='line_1_30' title="bbox 448 2984 2031 3060; baseline -0.003 -16"><span class='ocrx_word' id='word_1_216' title='bbox 448 2990 504 3044; x_wconf 89' lang='lat' dir='ltr'><strong>in</strong></span> <span class='ocrx_word' id='word_1_217' title='bbox 543 2989 690 3044; x_wconf 86' lang='lat' dir='ltr'><strong>oculo</strong></span> <span class='ocrx_word' id='word_1_218' title='bbox 713 2997 798 3044; x_wconf 86' lang='lat' dir='ltr'><strong>tuo</strong></span> <span class='ocrx_word' id='word_1_219' title='bbox 826 3005 928 3044; x_wconf 87' lang='lat' dir='ltr'><strong>non</strong></span> <span class='ocrx_word' id='word_1_220' title='bbox 967 2988 1104 3042; x_wconf 78' lang='lat' dir='ltr'><strong>uides</strong></span> <span class='ocrx_word' id='word_1_221' title='bbox 1131 2985 1346 3060; x_wconf 74' lang='lat' dir='ltr'><strong>(Matth.</strong></span> <span class='ocrx_word' id='word_1_222' title='bbox 1369 3001 1445 3041; x_wconf 84' lang='lat' dir='ltr'><strong>vn</strong></span> <span class='ocrx_word' id='word_1_223' title='bbox 1466 3025 1481 3052; x_wconf 93' lang='lat'><strong>,</strong></span> <span class='ocrx_word' id='word_1_224' title='bbox 1512 2984 1566 3058; x_wconf 71' lang='grc' dir='ltr'><strong>ὅ)</strong></span> <span class='ocrx_word' id='word_1_225' title='bbox 1589 2985 1614 3040; x_wconf 86' lang='lat'><strong>?</strong></span> <span class='ocrx_word' id='word_1_226' title='bbox 1641 2985 1940 3040; x_wconf 80' lang='lat' dir='ltr'><strong>Revocatur</strong></span> <span class='ocrx_word' id='word_1_227' title='bbox 1965 2985 2031 3040; x_wconf 85' lang='lat' dir='ltr'><strong>ad</strong></span> 
     </span>
    </p>
   </div>
   <div class='ocr_carea' id='block_1_31' title="bbox 448 3076 2032 3151">
    <p class='ocr_par' dir='ltr' id='par_1_31' title="bbox 448 3076 2032 3151">
     <span class='ocr_line' id='line_1_31' title="bbox 448 3076 2032 3151; baseline -0.004 -15"><span class='ocrx_word' id='word_1_228' title='bbox 448 3095 510 3137; x_wconf 91' lang='lat' dir='ltr'><strong>se</strong></span> <span class='ocrx_word' id='word_1_229' title='bbox 534 3081 743 3147; x_wconf 91' lang='lat' dir='ltr'><strong>anima,</strong></span> <span class='ocrx_word' id='word_1_230' title='bbox 771 3097 890 3151; x_wconf 67' lang='lat' dir='ltr'><strong>qum</strong></span> <span class='ocrx_word' id='word_1_231' title='bbox 908 3080 1019 3134; x_wconf 89' lang='lat' dir='ltr'><strong>ibat</strong></span> <span class='ocrx_word' id='word_1_232' title='bbox 1053 3093 1084 3133; x_wconf 88' lang='lat' dir='ltr'><strong>a</strong></span> <span class='ocrx_word' id='word_1_233' title='bbox 1127 3093 1205 3134; x_wconf 91' lang='lat' dir='ltr'><strong>se.</strong></span> <span class='ocrx_word' id='word_1_234' title='bbox 1237 3077 1384 3133; x_wconf 91' lang='lat' dir='ltr'><strong>Sicut</strong></span> <span class='ocrx_word' id='word_1_235' title='bbox 1403 3091 1436 3131; x_wconf 89' lang='lat' dir='ltr'><strong>a</strong></span> <span class='ocrx_word' id='word_1_236' title='bbox 1465 3091 1524 3133; x_wconf 84' lang='lat' dir='ltr'><strong>se</strong></span> <span class='ocrx_word' id='word_1_237' title='bbox 1547 3077 1714 3144; x_wconf 89' lang='lat' dir='ltr'><strong>ierat,</strong></span> <span class='ocrx_word' id='word_1_238' title='bbox 1743 3077 1819 3132; x_wconf 92' lang='lat' dir='ltr'><strong>sic</strong></span> <span class='ocrx_word' id='word_1_239' title='bbox 1865 3091 1896 3130; x_wconf 91' lang='lat' dir='ltr'><strong>a</strong></span> <span class='ocrx_word' id='word_1_240' title='bbox 1923 3076 2032 3130; x_wconf 89' lang='lat' dir='ltr'><strong>Do-</strong></span> 
     </span>
    </p>
   </div>
   <div class='ocr_carea' id='block_1_32' title="bbox 445 3168 2026 3240">
    <p class='ocr_par' dir='ltr' id='par_1_32' title="bbox 445 3168 2026 3240">
     <span class='ocr_line' id='line_1_32' title="bbox 445 3168 2026 3240; baseline -0.004 -11"><span class='ocrx_word' id='word_1_241' title='bbox 445 3173 594 3228; x_wconf 83' lang='lat' dir='ltr'><strong>mino</strong></span> <span class='ocrx_word' id='word_1_242' title='bbox 617 3185 713 3228; x_wconf 93' lang='lat' dir='ltr'><strong>suo</strong></span> <span class='ocrx_word' id='word_1_243' title='bbox 733 3171 859 3226; x_wconf 85' lang='lat' dir='ltr'><strong>ibat.</strong></span> <span class='ocrx_word' id='word_1_244' title='bbox 879 3169 950 3226; x_wconf 86' lang='lat' dir='ltr'><strong>Se</strong></span> <span class='ocrx_word' id='word_1_245' title='bbox 965 3170 1106 3225; x_wconf 89' lang='lat' dir='ltr'><strong>enim</strong></span> <span class='ocrx_word' id='word_1_246' title='bbox 1132 3176 1474 3240; x_wconf 85' lang='lat' dir='ltr'><strong>respexerat,</strong></span> <span class='ocrx_word' id='word_1_247' title='bbox 1497 3169 1710 3240; x_wconf 77' lang='lat' dir='ltr'><strong>sibique</strong></span> <span class='ocrx_word' id='word_1_248' title='bbox 1727 3168 2026 3240; x_wconf 86' lang='lat' dir='ltr'><strong>placuerat,</strong></span> 
     </span>
    </p>
   </div>
   <div class='ocr_carea' id='block_1_33' title="bbox 453 3259 2030 3335">
    <p class='ocr_par' dir='ltr' id='par_1_33' title="bbox 453 3259 2030 3335">
     <span class='ocr_line' id='line_1_33' title="bbox 453 3259 2030 3335; baseline -0.004 -14"><span class='ocrx_word' id='word_1_249' title='bbox 453 3280 671 3335; x_wconf 66' lang='lat' dir='ltr'><strong>suaeque</strong></span> <span class='ocrx_word' id='word_1_250' title='bbox 695 3263 974 3334; x_wconf 91' lang='lat' dir='ltr'><strong>potestatis</strong></span> <span class='ocrx_word' id='word_1_251' title='bbox 1011 3263 1236 3317; x_wconf 79' lang='lat' dir='ltr'><strong>amatrix</strong></span> <span class='ocrx_word' id='word_1_252' title='bbox 1279 3261 1414 3316; x_wconf 85' lang='lat' dir='ltr'><strong>facta</strong></span> <span class='ocrx_word' id='word_1_253' title='bbox 1455 3259 1648 3316; x_wconf 73' lang='lat' dir='ltr'><strong>fuerat.</strong></span> <span class='ocrx_word' id='word_1_254' title='bbox 1695 3259 1934 3316; x_wconf 80' lang='lat' dir='ltr'><strong>Recessit</strong></span> <span class='ocrx_word' id='word_1_255' title='bbox 1961 3259 2030 3314; x_wconf 92' lang='lat' dir='ltr'><strong>ab</strong></span> 
     </span>
    </p>
   </div>
   <div class='ocr_carea' id='block_1_34' title="bbox 445 3354 2029 3426">
    <p class='ocr_par' dir='ltr' id='par_1_34' title="bbox 445 3354 2029 3426">
     <span class='ocr_line' id='line_1_34' title="bbox 445 3354 2029 3426; baseline -0.003 -12"><span class='ocrx_word' id='word_1_256' title='bbox 445 3359 540 3414; x_wconf 84' lang='lat' dir='ltr'><strong>illo</strong></span> <span class='ocrx_word' id='word_1_257' title='bbox 559 3400 574 3426; x_wconf 92' lang='lat'><strong>,</strong></span> <span class='ocrx_word' id='word_1_258' title='bbox 605 3365 660 3412; x_wconf 90' lang='lat' dir='ltr'><strong>et</strong></span> <span class='ocrx_word' id='word_1_259' title='bbox 684 3371 789 3412; x_wconf 87' lang='lat' dir='ltr'><strong>non</strong></span> <span class='ocrx_word' id='word_1_260' title='bbox 815 3357 1072 3412; x_wconf 87' lang='lat' dir='ltr'><strong>remansit</strong></span> <span class='ocrx_word' id='word_1_261' title='bbox 1097 3358 1149 3410; x_wconf 89' lang='lat' dir='ltr'><strong>in</strong></span> <span class='ocrx_word' id='word_1_262' title='bbox 1171 3371 1229 3410; x_wconf 93' lang='lat' dir='ltr'><strong>se</strong></span> <span class='ocrx_word' id='word_1_263' title='bbox 1259 3355 1281 3387; x_wconf 85' lang='grc'>³</span> <span class='ocrx_word' id='word_1_264' title='bbox 1311 3373 1325 3408; x_wconf 92' lang='lat'><strong>:</strong></span> <span class='ocrx_word' id='word_1_265' title='bbox 1359 3364 1412 3410; x_wconf 89' lang='lat' dir='ltr'><strong>et</strong></span> <span class='ocrx_word' id='word_1_266' title='bbox 1435 3370 1466 3410; x_wconf 89' lang='lat' dir='ltr'><strong>a</strong></span> <span class='ocrx_word' id='word_1_267' title='bbox 1487 3367 1547 3410; x_wconf 90' lang='lat' dir='ltr'><strong>se</strong></span> <span class='ocrx_word' id='word_1_268' title='bbox 1583 3354 1889 3425; x_wconf 85' lang='lat' dir='ltr'><strong>repellitur,</strong></span> <span class='ocrx_word' id='word_1_269' title='bbox 1918 3362 1970 3409; x_wconf 90' lang='lat' dir='ltr'><strong>et</strong></span> <span class='ocrx_word' id='word_1_270' title='bbox 1997 3367 2029 3409; x_wconf 86' lang='lat' dir='ltr'><strong>a</strong></span> 
     </span>
    </p>
   </div>
   <div class='ocr_carea' id='block_1_35' title="bbox 445 3445 2025 3516">
    <p class='ocr_par' dir='ltr' id='par_1_35' title="bbox 445 3445 2025 3516">
     <span class='ocr_line' id='line_1_35' title="bbox 445 3445 2025 3516; baseline -0.004 -11"><span class='ocrx_word' id='word_1_271' title='bbox 445 3464 506 3505; x_wconf 90' lang='lat' dir='ltr'><strong>se</strong></span> <span class='ocrx_word' id='word_1_272' title='bbox 525 3448 852 3515; x_wconf 81' lang='lat' dir='ltr'><strong>excluditur,</strong></span> <span class='ocrx_word' id='word_1_273' title='bbox 877 3457 928 3503; x_wconf 90' lang='lat' dir='ltr'><strong>et</strong></span> <span class='ocrx_word' id='word_1_274' title='bbox 949 3449 1001 3501; x_wconf 94' lang='lat' dir='ltr'><strong>in</strong></span> <span class='ocrx_word' id='word_1_275' title='bbox 1029 3448 1291 3503; x_wconf 83' lang='lat' dir='ltr'><strong>exteriora</strong></span> <span class='ocrx_word' id='word_1_276' title='bbox 1323 3445 1635 3516; x_wconf 80' lang='lat' dir='ltr'><strong>prolabitur.</strong></span> <span class='ocrx_word' id='word_1_277' title='bbox 1666 3448 1824 3501; x_wconf 83' lang='lat' dir='ltr'><strong>Amat</strong></span> <span class='ocrx_word' id='word_1_278' title='bbox 1867 3457 2025 3500; x_wconf 80' lang='lat' dir='ltr'><strong>mun-</strong></span> 
     </span>
    </p>
   </div>
   <div class='ocr_carea' id='block_1_36' title="bbox 444 3538 2031 3610">
    <p class='ocr_par' dir='ltr' id='par_1_36' title="bbox 444 3538 2031 3610">
     <span class='ocr_line' id='line_1_36' title="bbox 444 3538 2031 3610; baseline -0.003 -14"><span class='ocrx_word' id='word_1_279' title='bbox 444 3541 602 3607; x_wconf 90' lang='lat' dir='ltr'><strong>dum,</strong></span> <span class='ocrx_word' id='word_1_280' title='bbox 633 3550 777 3594; x_wconf 89' lang='lat' dir='ltr'><strong>amat</strong></span> <span class='ocrx_word' id='word_1_281' title='bbox 800 3540 1308 3610; x_wconf 89' lang='lat' dir='ltr'><strong>temporalia,amat</strong></span> <span class='ocrx_word' id='word_1_282' title='bbox 1336 3549 1542 3594; x_wconf 88' lang='lat' dir='ltr'><strong>terrena</strong></span> <span class='ocrx_word' id='word_1_283' title='bbox 1578 3549 1740 3609; x_wconf 50' lang='lat' dir='ltr'><strong>aqua:</strong></span> <span class='ocrx_word' id='word_1_284' title='bbox 1777 3539 1822 3593; x_wconf 87' lang='lat' dir='ltr'><strong>si</strong></span> <span class='ocrx_word' id='word_1_285' title='bbox 1862 3554 1920 3594; x_wconf 90' lang='lat' dir='ltr'><strong>se</strong></span> <span class='ocrx_word' id='word_1_286' title='bbox 1948 3538 2031 3608; x_wconf 90' lang='lat' dir='ltr'><strong>ip-</strong></span> 
     </span>
    </p>
   </div>
   <div class='ocr_carea' id='block_1_37' title="bbox 443 3630 2027 3700">
    <p class='ocr_par' dir='ltr' id='par_1_37' title="bbox 443 3630 2027 3700">
     <span class='ocr_line' id='line_1_37' title="bbox 443 3630 2027 3700; baseline -0.003 -12"><span class='ocrx_word' id='word_1_287' title='bbox 443 3645 560 3689; x_wconf 85' lang='lat' dir='ltr'><strong>sam</strong></span> <span class='ocrx_word' id='word_1_288' title='bbox 586 3639 824 3696; x_wconf 88' lang='lat' dir='ltr'><strong>amaret,</strong></span> <span class='ocrx_word' id='word_1_289' title='bbox 880 3631 1120 3700; x_wconf 87' lang='lat' dir='ltr'><strong>neglecto</strong></span> <span class='ocrx_word' id='word_1_290' title='bbox 1167 3643 1197 3684; x_wconf 91' lang='lat' dir='ltr'><strong>a</strong></span> <span class='ocrx_word' id='word_1_291' title='bbox 1223 3645 1329 3700; x_wconf 87' lang='lat' dir='ltr'><strong>quo</strong></span> <span class='ocrx_word' id='word_1_292' title='bbox 1377 3630 1513 3684; x_wconf 76' lang='lat' dir='ltr'><strong>facta</strong></span> <span class='ocrx_word' id='word_1_293' title='bbox 1539 3639 1654 3697; x_wconf 91' lang='lat' dir='ltr'><strong>est,</strong></span> <span class='ocrx_word' id='word_1_294' title='bbox 1698 3630 1808 3700; x_wconf 85' lang='lat' dir='ltr'><strong>jam</strong></span> <span class='ocrx_word' id='word_1_295' title='bbox 1852 3632 2027 3684; x_wconf 87' lang='lat' dir='ltr'><strong>minus</strong></span> 
     </span>
    </p>
   </div>
   <div class='ocr_carea' id='block_1_38' title="bbox 443 3719 2027 3792">
    <p class='ocr_par' dir='ltr' id='par_1_38' title="bbox 443 3719 2027 3792">
     <span class='ocr_line' id='line_1_38' title="bbox 443 3719 2027 3792; baseline -0.001 -14"><span class='ocrx_word' id='word_1_296' title='bbox 443 3731 621 3790; x_wconf 87' lang='lat' dir='ltr'><strong>esset,</strong></span> <span class='ocrx_word' id='word_1_297' title='bbox 645 3723 754 3792; x_wconf 84' lang='lat' dir='ltr'><strong>jam</strong></span> <span class='ocrx_word' id='word_1_298' title='bbox 783 3721 1036 3776; x_wconf 85' lang='lat' dir='ltr'><strong>deficeret</strong></span> <span class='ocrx_word' id='word_1_299' title='bbox 1071 3721 1298 3774; x_wconf 90' lang='lat' dir='ltr'><strong>amando</strong></span> <span class='ocrx_word' id='word_1_300' title='bbox 1327 3719 1468 3790; x_wconf 90' lang='lat' dir='ltr'><strong>quod</strong></span> <span class='ocrx_word' id='word_1_301' title='bbox 1508 3721 1682 3775; x_wconf 89' lang='lat' dir='ltr'><strong>minus</strong></span> <span class='ocrx_word' id='word_1_302' title='bbox 1725 3731 1826 3776; x_wconf 91' lang='lat' dir='ltr'><strong>est.</strong></span> <span class='ocrx_word' id='word_1_303' title='bbox 1855 3721 2027 3776; x_wconf 84' lang='lat' dir='ltr'><strong>Minus</strong></span> 
     </span>
    </p>
   </div>
   <div class='ocr_carea' id='block_1_39' title="bbox 443 3812 2028 3885">
    <p class='ocr_par' dir='ltr' id='par_1_39' title="bbox 443 3812 2028 3885">
     <span class='ocr_line' id='line_1_39' title="bbox 443 3812 2028 3885; baseline -0.002 -14"><span class='ocrx_word' id='word_1_304' title='bbox 443 3824 526 3872; x_wconf 89' lang='lat' dir='ltr'><strong>est</strong></span> <span class='ocrx_word' id='word_1_305' title='bbox 545 3815 687 3885; x_wconf 77' lang='lat' dir='ltr'><strong>enim</strong></span> <span class='ocrx_word' id='word_1_306' title='bbox 709 3815 822 3884; x_wconf 90' lang='lat' dir='ltr'><strong>ipsa</strong></span> <span class='ocrx_word' id='word_1_307' title='bbox 846 3827 1004 3884; x_wconf 87' lang='lat' dir='ltr'><strong>quam</strong></span> <span class='ocrx_word' id='word_1_308' title='bbox 1045 3813 1187 3867; x_wconf 87' lang='lat' dir='ltr'><strong>Deus</strong></span> <span class='ocrx_word' id='word_1_309' title='bbox 1215 3829 1231 3877; x_wconf 90' lang='lat'><strong>;</strong></span> <span class='ocrx_word' id='word_1_310' title='bbox 1261 3822 1314 3866; x_wconf 89' lang='lat' dir='ltr'><strong>et</strong></span> <span class='ocrx_word' id='word_1_311' title='bbox 1335 3812 1489 3883; x_wconf 88' lang='lat' dir='ltr'><strong>longe</strong></span> <span class='ocrx_word' id='word_1_312' title='bbox 1516 3813 1693 3867; x_wconf 87' lang='lat' dir='ltr'><strong>minus</strong></span> <span class='ocrx_word' id='word_1_313' title='bbox 1712 3853 1728 3878; x_wconf 94' lang='lat'><strong>,</strong></span> <span class='ocrx_word' id='word_1_314' title='bbox 1773 3821 2028 3884; x_wconf 88' lang='lat' dir='ltr'><strong>tantoque</strong></span> 
     </span>
    </p>
   </div>
   <div class='ocr_carea' id='block_1_40' title="bbox 442 3903 2027 3976">
    <p class='ocr_par' dir='ltr' id='par_1_40' title="bbox 442 3903 2027 3976">
     <span class='ocr_line' id='line_1_40' title="bbox 442 3903 2027 3976; baseline -0.002 -14"><span class='ocrx_word' id='word_1_315' title='bbox 442 3907 650 3972; x_wconf 90' lang='lat' dir='ltr'><strong>minus,</strong></span> <span class='ocrx_word' id='word_1_316' title='bbox 677 3915 877 3976; x_wconf 87' lang='lat' dir='ltr'><strong>quanto</strong></span> <span class='ocrx_word' id='word_1_317' title='bbox 900 3906 1077 3959; x_wconf 90' lang='lat' dir='ltr'><strong>minus</strong></span> <span class='ocrx_word' id='word_1_318' title='bbox 1105 3915 1186 3959; x_wconf 90' lang='lat' dir='ltr'><strong>est</strong></span> <span class='ocrx_word' id='word_1_319' title='bbox 1214 3917 1303 3959; x_wconf 88' lang='lat' dir='ltr'><strong>res</strong></span> <span class='ocrx_word' id='word_1_320' title='bbox 1329 3903 1462 3959; x_wconf 86' lang='lat' dir='ltr'><strong>facta</strong></span> <span class='ocrx_word' id='word_1_321' title='bbox 1491 3919 1649 3975; x_wconf 87' lang='lat' dir='ltr'><strong>quam</strong></span> <span class='ocrx_word' id='word_1_322' title='bbox 1675 3906 1861 3958; x_wconf 83' lang='lat' dir='ltr'><strong>factor.</strong></span> <span class='ocrx_word' id='word_1_323' title='bbox 1887 3906 2027 3974; x_wconf 80' lang='lat' dir='ltr'><strong>Ergo</strong></span> 
     </span>
    </p>
   </div>
   <div class='ocr_carea' id='block_1_41' title="bbox 444 3993 2022 4063">
    <p class='ocr_par' dir='ltr' id='par_1_41' title="bbox 444 3993 2022 4063">
     <span class='ocr_line' id='line_1_41' title="bbox 444 3993 2022 4063; baseline -0.003 -9"><span class='ocrx_word' id='word_1_324' title='bbox 444 3998 704 4055; x_wconf 87' lang='lat' dir='ltr'><strong>amandus</strong></span> <span class='ocrx_word' id='word_1_325' title='bbox 728 4006 843 4052; x_wconf 86' lang='lat' dir='ltr'><strong>erat</strong></span> <span class='ocrx_word' id='word_1_326' title='bbox 869 3993 1042 4062; x_wconf 88' lang='lat' dir='ltr'><strong>Deus;</strong></span> <span class='ocrx_word' id='word_1_327' title='bbox 1066 4005 1119 4051; x_wconf 86' lang='lat' dir='ltr'><strong>et</strong></span> <span class='ocrx_word' id='word_1_328' title='bbox 1147 3993 1406 4050; x_wconf 89' lang='lat' dir='ltr'><strong>amandus</strong></span> <span class='ocrx_word' id='word_1_329' title='bbox 1431 4005 1512 4050; x_wconf 91' lang='lat' dir='ltr'><strong>est</strong></span> <span class='ocrx_word' id='word_1_330' title='bbox 1552 3994 1695 4049; x_wconf 88' lang='lat' dir='ltr'><strong>Deus</strong></span> <span class='ocrx_word' id='word_1_331' title='bbox 1730 3993 1802 4048; x_wconf 88' lang='lat' dir='ltr'><strong>ita</strong></span> <span class='ocrx_word' id='word_1_332' title='bbox 1828 3994 1883 4061; x_wconf 72' lang='grc'><strong>’⁸,</strong></span> <span class='ocrx_word' id='word_1_333' title='bbox 1927 4003 1986 4050; x_wconf 84' lang='lat' dir='ltr'><strong>ut</strong></span> <span class='ocrx_word' id='word_1_334' title='bbox 2007 4038 2022 4063; x_wconf 92' lang='lat'><strong>,</strong></span> 
     </span>
    </p>
   </div>
   <div class='ocr_carea' id='block_1_42' title="bbox 442 4085 2028 4160">
    <p class='ocr_par' dir='ltr' id='par_1_42' title="bbox 442 4085 2028 4160">
     <span class='ocr_line' id='line_1_42' title="bbox 442 4085 2028 4160; baseline -0.004 -13"><span class='ocrx_word' id='word_1_335' title='bbox 442 4089 491 4148; x_wconf 89' lang='lat' dir='ltr'><strong>si</strong></span> <span class='ocrx_word' id='word_1_336' title='bbox 527 4089 642 4145; x_wconf 85' lang='lat' dir='ltr'><strong>fieri</strong></span> <span class='ocrx_word' id='word_1_337' title='bbox 668 4097 875 4160; x_wconf 85' lang='lat' dir='ltr'><strong>potest,</strong></span> <span class='ocrx_word' id='word_1_338' title='bbox 918 4101 1016 4143; x_wconf 90' lang='lat' dir='ltr'><strong>nos</strong></span> <span class='ocrx_word' id='word_1_339' title='bbox 1042 4088 1184 4158; x_wconf 88' lang='lat' dir='ltr'><strong>ipsos</strong></span> <span class='ocrx_word' id='word_1_340' title='bbox 1215 4086 1604 4142; x_wconf 86' lang='lat' dir='ltr'><strong>obliviscamur.</strong></span> <span class='ocrx_word' id='word_1_341' title='bbox 1631 4085 1764 4151; x_wconf 80' lang='lat' dir='ltr'><strong>Quis</strong></span> <span class='ocrx_word' id='word_1_342' title='bbox 1793 4089 1920 4155; x_wconf 80' lang='lat' dir='ltr'><strong>ergo</strong></span> <span class='ocrx_word' id='word_1_343' title='bbox 1945 4095 2028 4142; x_wconf 91' lang='lat' dir='ltr'><strong>est</strong></span> 
     </span>
    </p>
   </div>
   <div class='ocr_carea' id='block_1_43' title="bbox 443 4177 2027 4249">
    <p class='ocr_par' dir='ltr' id='par_1_43' title="bbox 443 4177 2027 4249">
     <span class='ocr_line' id='line_1_43' title="bbox 443 4177 2027 4249; baseline -0.004 -7"><span class='ocrx_word' id='word_1_344' title='bbox 443 4186 549 4242; x_wconf 89' lang='lat' dir='ltr'><strong>iste</strong></span> <span class='ocrx_word' id='word_1_345' title='bbox 573 4183 867 4240; x_wconf 84' lang='lat' dir='ltr'><strong>transitus?</strong></span> <span class='ocrx_word' id='word_1_346' title='bbox 887 4181 1059 4237; x_wconf 85' lang='lat' dir='ltr'><strong>Oblita</strong></span> <span class='ocrx_word' id='word_1_347' title='bbox 1082 4189 1162 4237; x_wconf 90' lang='lat' dir='ltr'><strong>est</strong></span> <span class='ocrx_word' id='word_1_348' title='bbox 1186 4182 1358 4236; x_wconf 83' lang='lat' dir='ltr'><strong>anima</strong></span> <span class='ocrx_word' id='word_1_349' title='bbox 1380 4191 1437 4235; x_wconf 92' lang='lat' dir='ltr'><strong>se</strong></span> <span class='ocrx_word' id='word_1_350' title='bbox 1464 4179 1650 4249; x_wconf 76' lang='lat' dir='ltr'><strong>ipsam,</strong></span> <span class='ocrx_word' id='word_1_351' title='bbox 1681 4177 1775 4233; x_wconf 89' lang='lat' dir='ltr'><strong>sed</strong></span> <span class='ocrx_word' id='word_1_352' title='bbox 1802 4178 2027 4235; x_wconf 89' lang='lat' dir='ltr'><strong>amando</strong></span> 
     </span>
    </p>
   </div>
   <div class='ocr_carea' id='block_1_44' title="bbox 444 4270 2027 4341">
    <p class='ocr_par' dir='ltr' id='par_1_44' title="bbox 444 4270 2027 4341">
     <span class='ocr_line' id='line_1_44' title="bbox 444 4270 2027 4341; baseline -0.006 -5"><span class='ocrx_word' id='word_1_353' title='bbox 444 4278 702 4336; x_wconf 87' lang='lat' dir='ltr'><strong>mundum</strong></span> <span class='ocrx_word' id='word_1_354' title='bbox 757 4295 770 4333; x_wconf 90' lang='lat'><strong>:</strong></span> <span class='ocrx_word' id='word_1_355' title='bbox 824 4276 1168 4332; x_wconf 84' lang='lat' dir='ltr'><strong>obliviscatur</strong></span> <span class='ocrx_word' id='word_1_356' title='bbox 1214 4287 1306 4341; x_wconf 87' lang='lat' dir='ltr'><strong>se,</strong></span> <span class='ocrx_word' id='word_1_357' title='bbox 1360 4271 1453 4328; x_wconf 90' lang='lat' dir='ltr'><strong>sed</strong></span> <span class='ocrx_word' id='word_1_358' title='bbox 1492 4270 1718 4326; x_wconf 89' lang='lat' dir='ltr'><strong>amando</strong></span> <span class='ocrx_word' id='word_1_359' title='bbox 1763 4271 2027 4327; x_wconf 76' lang='lat' dir='ltr'><strong>artiﬁcem</strong></span> 
     </span>
    </p>
   </div>
   <div class='ocr_carea' id='block_1_45' title="bbox 505 4407 2030 4473">
    <p class='ocr_par' dir='ltr' id='par_1_45' title="bbox 505 4407 2030 4473">
     <span class='ocr_line' id='line_1_45' title="bbox 505 4407 2030 4473; baseline -0.007 -6"><span class='ocrx_word' id='word_1_360' title='bbox 505 4418 526 4448; x_wconf 77' lang='grc'>⁸</span> <span class='ocrx_word' id='word_1_361' title='bbox 550 4423 651 4466; x_wconf 68' lang='grc' dir='ltr'><strong>ωτι.</strong></span> <span class='ocrx_word' id='word_1_362' title='bbox 669 4421 749 4466; x_wconf 65' lang='lat' dir='ltr'><strong>ar.</strong></span> <span class='ocrx_word' id='word_1_363' title='bbox 788 4419 841 4464; x_wconf 89' lang='lat' dir='ltr'><strong>et</strong></span> <span class='ocrx_word' id='word_1_364' title='bbox 861 4413 1170 4473; x_wconf 83' lang='lat' dir='ltr'><strong>manuscripti</strong></span> <span class='ocrx_word' id='word_1_365' title='bbox 1210 4407 1756 4473; x_wconf 73' lang='lat' dir='ltr'><strong>iu_classe_Sermonum_</strong></span> <span class='ocrx_word' id='word_1_366' title='bbox 1773 4407 1837 4456; x_wconf 90' lang='lat' dir='ltr'><strong>de</strong></span> <span class='ocrx_word' id='word_1_367' title='bbox 1861 4408 2030 4464; x_wconf 72' lang='lat' dir='ltr'><strong>verbis</strong></span> 
     </span>
    </p>
   </div>
   <div class='ocr_carea' id='block_1_46' title="bbox 442 4467 2031 4540">
    <p class='ocr_par' dir='ltr' id='par_1_46' title="bbox 442 4467 2031 4540">
     <span class='ocr_line' id='line_1_46' title="bbox 442 4467 2031 4540; baseline -0.005 -13"><span class='ocrx_word' id='word_1_368' title='bbox 442 4478 645 4540; x_wconf 79' lang='lat' dir='ltr'><strong>Domini,</strong></span> <span class='ocrx_word' id='word_1_369' title='bbox 684 4473 824 4526; x_wconf 84' lang='lat' dir='ltr'><strong>illum</strong></span> <span class='ocrx_word' id='word_1_370' title='bbox 846 4487 987 4540; x_wconf 78' lang='lat' dir='ltr'><strong>quem</strong></span> <span class='ocrx_word' id='word_1_371' title='bbox 1026 4467 1298 4540; x_wconf 64' lang='lat' dir='ltr'><strong>contempsit</strong></span> <span class='ocrx_word' id='word_1_372' title='bbox 1334 4467 1602 4540; x_wconf 72' lang='lat' dir='ltr'><strong>incolumis.</strong></span> <span class='ocrx_word' id='word_1_373' title='bbox 1636 4468 1890 4540; x_wconf 66' lang='lat' dir='ltr'><strong>_t_’auloque</strong></span> <span class='ocrx_word' id='word_1_374' title='bbox 1921 4477 2031 4540; x_wconf 75' lang='lat' dir='ltr'><strong>post</strong></span> 
     </span>
    </p>
   </div>
   <div class='ocr_carea' id='block_1_47' title="bbox 442 4512 2030 4606">
    <p class='ocr_par' dir='ltr' id='par_1_47' title="bbox 442 4512 2030 4606">
     <span class='ocr_line' id='line_1_47' title="bbox 442 4512 2030 4606; baseline 0 0"><span class='ocrx_word' id='word_1_375' title='bbox 442 4512 2030 4606; x_wconf 54' lang='grc' dir='ltr'><strong>’ίίιῖἱῗεῗᾰῖἑὸῖἵ’τιῑᾶἆᾶξῷέῦΕἶνὶῶξόἀῇἓέἷῖ</strong></span> 
     </span>
    </p>
   </div>
   <div class='ocr_carea' id='block_1_48' title="bbox 441 4592 2029 4664">
    <p class='ocr_par' dir='ltr' id='par_1_48' title="bbox 441 4592 2029 4664">
     <span class='ocr_line' id='line_1_48' title="bbox 441 4592 2029 4664; baseline -0.004 -13"><span class='ocrx_word' id='word_1_376' title='bbox 441 4600 571 4664; x_wconf 73' lang='lat' dir='ltr'><strong>enim</strong></span> <span class='ocrx_word' id='word_1_377' title='bbox 591 4613 699 4664; x_wconf 71' lang='lat' dir='ltr'><strong>eam</strong></span> <span class='ocrx_word' id='word_1_378' title='bbox 718 4592 916 4664; x_wconf 63' lang='lat' dir='ltr'><strong>miseria</strong></span> <span class='ocrx_word' id='word_1_379' title='bbox 936 4592 1024 4664; x_wconf 70' lang='lat' dir='ltr'><strong>sua</strong></span> <span class='ocrx_word' id='word_1_380' title='bbox 1046 4592 1189 4664; x_wconf 69' lang='lat' dir='ltr'><strong>quam</strong></span> <span class='ocrx_word' id='word_1_381' title='bbox 1211 4593 1332 4664; x_wconf 67' lang='lat' dir='ltr'><strong>fecit</strong></span> <span class='ocrx_word' id='word_1_382' title='bbox 1343 4592 1657 4664; x_wconf 80' lang='lat' dir='ltr'><strong>negligentem</strong></span> <span class='ocrx_word' id='word_1_383' title='bbox 1687 4592 1907 4664; x_wconf 72' lang='lat' dir='ltr'><strong>felicitas,</strong></span> <span class='ocrx_word' id='word_1_384' title='bbox 1936 4594 2029 4647; x_wconf 87' lang='lat' dir='ltr'><strong>heu</strong></span> 
     </span>
    </p>
   </div>
   <div class='ocr_carea' id='block_1_49' title="bbox 443 4654 2030 4726">
    <p class='ocr_par' dir='ltr' id='par_1_49' title="bbox 443 4654 2030 4726">
     <span class='ocr_line' id='line_1_49' title="bbox 443 4654 2030 4726; baseline -0.003 -15"><span class='ocrx_word' id='word_1_385' title='bbox 443 4661 562 4726; x_wconf 73' lang='lat' dir='ltr'><strong>quid</strong></span> <span class='ocrx_word' id='word_1_386' title='bbox 583 4659 699 4726; x_wconf 76' lang='lat' dir='ltr'><strong>mali</strong></span> <span class='ocrx_word' id='word_1_387' title='bbox 721 4659 782 4710; x_wconf 85' lang='lat' dir='ltr'><strong>sit</strong></span> <span class='ocrx_word' id='word_1_388' title='bbox 821 4654 1348 4726; x_wconf 66' lang='lat' dir='ltr'><strong>a_no_r_rtinofornicori,</strong></span> <span class='ocrx_word' id='word_1_389' title='bbox 1391 4654 1542 4704; x_wconf 56' lang='lat' dir='ltr'><strong>deus</strong></span> <span class='ocrx_word' id='word_1_390' title='bbox 1577 4656 1956 4726; x_wconf 48' lang='lat' dir='ltr'><strong>pensitanda;</strong></span> <span class='ocrx_word' id='word_1_391' title='bbox 1999 4670 2030 4708; x_wconf 91' lang='grc' dir='ltr'><em>ο</em></span> 
     </span>
    </p>
   </div>
   <div class='ocr_carea' id='block_1_50' title="bbox 443 4713 2028 4788">
    <p class='ocr_par' dir='ltr' id='par_1_50' title="bbox 443 4713 2028 4788">
     <span class='ocr_line' id='line_1_50' title="bbox 443 4713 2028 4788; baseline -0.045 -3"><span class='ocrx_word' id='word_1_392' title='bbox 443 4713 588 4788; x_wconf 55' lang='grc' dir='ltr'><strong>ἀπα*</strong></span> <span class='ocrx_word' id='word_1_393' title='bbox 611 4721 784 4788; x_wconf 68' lang='lat' dir='ltr'><strong>bonum</strong></span> <span class='ocrx_word' id='word_1_394' title='bbox 804 4719 866 4770; x_wconf 82' lang='lat' dir='ltr'><strong>sit</strong></span> <span class='ocrx_word' id='word_1_395' title='bbox 880 4713 1142 4788; x_wconf 38' lang='lat' dir='ltr'><strong>.adhtlng‘fu</strong></span> <span class='ocrx_word' id='word_1_396' title='bbox 1167 4713 1598 4788; x_wconf 46' lang='grc' dir='ltr'><strong>ψ,</strong></span> <span class='ocrx_word' id='word_1_397' title='bbox 1615 4713 1800 4788; x_wconf 53' lang='lat' dir='ltr'><strong>me</strong></span> 
     </span>
    </p>
   </div>
   <div class='ocr_carea' id='block_1_51' title="bbox 445 4776 2029 4848">
    <p class='ocr_par' dir='ltr' id='par_1_51' title="bbox 445 4776 2029 4848">
     <span class='ocr_line' id='line_1_51' title="bbox 445 4776 2029 4848; baseline -0.004 -13"><span class='ocrx_word' id='word_1_398' title='bbox 445 4776 522 4835; x_wconf 80' lang='grc' dir='ltr'><strong>ᾶο.</strong></span> <span class='ocrx_word' id='word_1_399' title='bbox 543 4784 788 4848; x_wconf 62' lang='grc' dir='ltr'><strong>ΔΙζεεεψενε</strong></span> <span class='ocrx_word' id='word_1_400' title='bbox 810 4780 940 4848; x_wconf 81' lang='lat' dir='ltr'><strong>enim</strong></span> <span class='ocrx_word' id='word_1_401' title='bbox 959 4777 1126 4848; x_wconf 81' lang='lat' dir='ltr'><strong>abillo</strong></span> <span class='ocrx_word' id='word_1_402' title='bbox 1147 4777 1354 4848; x_wconf 76' lang='lat' dir='ltr'><strong>simplici</strong></span> <span class='ocrx_word' id='word_1_403' title='bbox 1363 4783 1408 4828; x_wconf 88' lang='lat' dir='ltr'><strong>et</strong></span> <span class='ocrx_word' id='word_1_404' title='bbox 1426 4776 1661 4840; x_wconf 67' lang='lat' dir='ltr'><strong>singulari</strong></span> <span class='ocrx_word' id='word_1_405' title='bbox 1679 4776 1816 4848; x_wconf 54' lang='lat' dir='ltr'><strong>hunc,</strong></span> <span class='ocrx_word' id='word_1_406' title='bbox 1838 4777 1892 4826; x_wconf 83' lang='lat' dir='ltr'><strong>in</strong></span> <span class='ocrx_word' id='word_1_407' title='bbox 1910 4780 2029 4848; x_wconf 72' lang='lat' dir='ltr'><strong>istas</strong></span> 
     </span>
    </p>
   </div>
   <div class='ocr_carea' id='block_1_52' title="bbox 451 4837 2028 4906">
    <p class='ocr_par' dir='ltr' id='par_1_52' title="bbox 451 4837 2028 4906">
     <span class='ocr_line' id='line_1_52' title="bbox 451 4837 2028 4906; baseline -0.005 -11"><span class='ocrx_word' id='word_1_408' title='bbox 451 4843 813 4895; x_wconf 83' lang='lat' dir='ltr'><strong>multitudinum</strong></span> <span class='ocrx_word' id='word_1_409' title='bbox 835 4841 1110 4906; x_wconf 73' lang='lat' dir='ltr'><strong>voluptates,</strong></span> <span class='ocrx_word' id='word_1_410' title='bbox 1136 4845 1184 4906; x_wconf 69' lang='lat' dir='ltr'><strong>et</strong></span> <span class='ocrx_word' id='word_1_411' title='bbox 1206 4837 1257 4890; x_wconf 77' lang='lat' dir='ltr'><strong>in</strong></span> <span class='ocrx_word' id='word_1_412' title='bbox 1296 4837 1518 4906; x_wconf 65' lang='lat' dir='ltr'><strong>ornarent</strong></span> <span class='ocrx_word' id='word_1_413' title='bbox 1549 4837 1717 4906; x_wconf 59' lang='lat' dir='ltr'><strong>spati</strong></span> <span class='ocrx_word' id='word_1_414' title='bbox 1761 4841 2028 4906; x_wconf 60' lang='grc' dir='ltr'><strong>αρτ-πυρρία-</strong></span> 
     </span>
    </p>
   </div>
   <div class='ocr_carea' id='block_1_53' title="bbox 442 4899 2033 5028">
    <p class='ocr_par' dir='ltr' id='par_1_53' title="bbox 442 4899 2033 5028">
     <span class='ocr_line' id='line_1_53' title="bbox 442 4899 2029 4972; baseline -0.001 -14"><span class='ocrx_word' id='word_1_415' title='bbox 442 4917 619 4972; x_wconf 74' lang='lat' dir='ltr'><strong>nosque</strong></span> <span class='ocrx_word' id='word_1_416' title='bbox 643 4913 857 4957; x_wconf 84' lang='lat' dir='ltr'><strong>terrenas</strong></span> <span class='ocrx_word' id='word_1_417' title='bbox 877 4899 1128 4964; x_wconf 72' lang='lat' dir='ltr'><strong>accedere,</strong></span> <span class='ocrx_word' id='word_1_418' title='bbox 1147 4901 1235 4952; x_wconf 85' lang='lat' dir='ltr'><strong>hoc</strong></span> <span class='ocrx_word' id='word_1_419' title='bbox 1263 4909 1334 4952; x_wconf 84' lang='lat' dir='ltr'><strong>est</strong></span> <span class='ocrx_word' id='word_1_420' title='bbox 1355 4899 1644 4971; x_wconf 50' lang='lat' dir='ltr'><strong>{anticato</strong></span> <span class='ocrx_word' id='word_1_421' title='bbox 1906 4899 2029 4956; x_wconf 66' lang='lat' dir='ltr'><strong>huic</strong></span> 
     </span>
     <span class='ocr_line' id='line_1_54' title="bbox 444 4962 2033 5028; baseline -0.006 -9"><span class='ocrx_word' id='word_1_422' title='bbox 444 4969 701 5028; x_wconf 75' lang='lat' dir='ltr'><strong>clamatur,</strong></span> <span class='ocrx_word' id='word_1_423' title='bbox 739 4964 913 5028; x_wconf 65' lang='lat' dir='ltr'><strong>Facies</strong></span> <span class='ocrx_word' id='word_1_424' title='bbox 938 4963 1213 5028; x_wconf 74' lang='lat' dir='ltr'><strong>[amicat-iw</strong></span> <span class='ocrx_word' id='word_1_425' title='bbox 1246 4965 1373 5028; x_wconf 65' lang='lat' dir='ltr'><strong>ﬂictu</strong></span> <span class='ocrx_word' id='word_1_426' title='bbox 1405 4969 1476 5013; x_wconf 85' lang='lat' dir='ltr'><strong>est</strong></span> <span class='ocrx_word' id='word_1_427' title='bbox 1495 4962 1610 5028; x_wconf 67' lang='lat' dir='ltr'><strong>tibi,</strong></span> <span class='ocrx_word' id='word_1_428' title='bbox 1645 4966 1693 5011; x_wconf 87' lang='lat' dir='ltr'><strong>et</strong></span> <span class='ocrx_word' id='word_1_429' title='bbox 1727 4965 2033 5028; x_wconf 68' lang='lat' dir='ltr'><strong>impunem</strong></span> 
     </span>
    </p>
   </div>
   <div class='ocr_carea' id='block_1_54' title="bbox 443 5005 2030 5135">
    <p class='ocr_par' dir='ltr' id='par_1_54' title="bbox 443 5005 2030 5135">
     <span class='ocr_line' id='line_1_55' title="bbox 443 5005 2030 5135; baseline -0.002 -55"><span class='ocrx_word' id='word_1_430' title='bbox 443 5005 1080 5093; x_wconf 37' lang='lat' dir='ltr'><strong>hii’é‘eswt’oiafvﬁvdetm&#39;w</strong></span> <span class='ocrx_word' id='word_1_431' title='bbox 1014 5005 1610 5135; x_wconf 41' lang='lat' dir='ltr'><strong>&#39;&quot;Tiz&#39;tii&#39;w&#39;</strong></span> <span class='ocrx_word' id='word_1_432' title='bbox 1639 5005 2030 5096; x_wconf 58' lang='grc' dir='ltr'><strong>’μὲἹᾶ</strong></span> 
     </span>
     <span class='ocr_line' id='line_1_56' title="bbox 443 5083 2030 5135; baseline 0 0"><span class='ocrx_word' id='word_1_433' title='bbox 443 5092 572 5135; x_wconf 75' lang='lat' dir='ltr'><strong>enim</strong></span> <span class='ocrx_word' id='word_1_434' title='bbox 607 5091 678 5135; x_wconf 62' lang='lat' dir='ltr'><strong>sic</strong></span> <span class='ocrx_word' id='word_1_435' title='bbox 718 5089 965 5135; x_wconf 73' lang='lat' dir='ltr'><strong>inet-enat.</strong></span> <span class='ocrx_word' id='word_1_436' title='bbox 1005 5095 1056 5135; x_wconf 78' lang='lat' dir='ltr'><strong>ut</strong></span> <span class='ocrx_word' id='word_1_437' title='bbox 1093 5087 1284 5135; x_wconf 77' lang='lat' dir='ltr'><strong>msth</strong></span> <span class='ocrx_word' id='word_1_438' title='bbox 1312 5099 1401 5135; x_wconf 82' lang='lat' dir='ltr'><strong>:se</strong></span> <span class='ocrx_word' id='word_1_439' title='bbox 1475 5087 1540 5135; x_wconf 73' lang='lat' dir='ltr'><strong>ad</strong></span> <span class='ocrx_word' id='word_1_440' title='bbox 1575 5083 1897 5135; x_wconf 72' lang='lat' dir='ltr'><strong>conlitsz</strong></span> <span class='ocrx_word' id='word_1_441' title='bbox 1931 5090 2030 5135; x_wconf 72' lang='lat' dir='ltr'><strong>mu</strong></span> 
     </span>
    </p>
   </div>
   <div class='ocr_carea' id='block_1_55' title="bbox 443 5083 2032 5159">
    <p class='ocr_par' dir='ltr' id='par_1_55' title="bbox 443 5083 2032 5159">
     <span class='ocr_line' id='line_1_57' title="bbox 443 5083 2032 5159; baseline 0.001 -18"><span class='ocrx_word' id='word_1_442' title='bbox 443 5083 572 5159; x_wconf 53' lang='lat' dir='ltr'><strong>nam</strong></span> <span class='ocrx_word' id='word_1_443' title='bbox 607 5091 678 5144; x_wconf 79' lang='lat' dir='ltr'><strong>sic</strong></span> <span class='ocrx_word' id='word_1_444' title='bbox 718 5089 965 5152; x_wconf 73' lang='lat' dir='ltr'><strong>iiwrepat,</strong></span> <span class='ocrx_word' id='word_1_445' title='bbox 1005 5095 1056 5159; x_wconf 65' lang='lat' dir='ltr'><strong>ut</strong></span> <span class='ocrx_word' id='word_1_446' title='bbox 1093 5087 1284 5159; x_wconf 72' lang='lat' dir='ltr'><strong>insultet</strong></span> <span class='ocrx_word' id='word_1_447' title='bbox 1312 5083 1540 5159; x_wconf 54' lang='lat' dir='ltr'><strong>Esedag</strong></span> 
     </span>
    </p>
   </div>
   <div class='ocr_carea' id='block_1_56' title="bbox 444 5146 2032 5220">
    <p class='ocr_par' dir='ltr' id='par_1_56' title="bbox 444 5146 2032 5220">
     <span class='ocr_line' id='line_1_58' title="bbox 444 5146 2032 5220; baseline -0.001 -16"><span class='ocrx_word' id='word_1_448' title='bbox 444 5155 713 5220; x_wconf 82' lang='lat' dir='ltr'><strong>perducere</strong></span> <span class='ocrx_word' id='word_1_449' title='bbox 754 5146 1188 5218; x_wconf 64' lang='lat' dir='ltr'><strong>prte&#39;swnptionem,</strong></span> <span class='ocrx_word' id='word_1_450' title='bbox 1231 5155 1283 5200; x_wconf 87' lang='lat' dir='ltr'><strong>ut</strong></span> <span class='ocrx_word' id='word_1_451' title='bbox 1325 5153 1472 5198; x_wconf 84' lang='lat' dir='ltr'><strong>sanet.</strong></span> <span class='ocrx_word' id='word_1_452' title='bbox 1498 5146 1795 5198; x_wconf 69' lang='lat' dir='ltr'><strong>Exclahavit</strong></span> <span class='ocrx_word' id='word_1_453' title='bbox 1817 5150 2032 5216; x_wconf 73' lang='lat' dir='ltr'><strong>scriptu-</strong></span> 
     </span>
    </p>
   </div>
   <div class='ocr_carea' id='block_1_57' title="bbox 444 5223 2031 5388">
    <p class='ocr_par' dir='ltr' id='par_1_57' title="bbox 444 5223 2031 5388">
     <span class='ocr_line' id='line_1_59' title="bbox 444 5223 2031 5388; baseline 0.001 -62"><span class='ocrx_word' id='word_1_454' title='bbox 444 5229 532 5352; x_wconf 47' lang='lat' dir='ltr'><strong>mf</strong></span> <span class='ocrx_word' id='word_1_455' title='bbox 554 5223 891 5388; x_wconf 42' lang='lat' dir='ltr'><strong>gitimam</strong></span> <span class='ocrx_word' id='word_1_456' title='bbox 906 5279 958 5326; x_wconf 84' lang='lat' dir='ltr'><strong>et</strong></span> <span class='ocrx_word' id='word_1_457' title='bbox 979 5274 1300 5338; x_wconf 79' lang='lat' dir='ltr'><strong>Remigiensis</strong></span> <span class='ocrx_word' id='word_1_458' title='bbox 1317 5279 1446 5334; x_wconf 59' lang='lat' dir='ltr'><strong>Uss,</strong></span> <span class='ocrx_word' id='word_1_459' title='bbox 1469 5269 1534 5322; x_wconf 87' lang='lat' dir='ltr'><strong>ad</strong></span> <span class='ocrx_word' id='word_1_460' title='bbox 1556 5270 1914 5336; x_wconf 60' lang='lat' dir='ltr'><strong>conﬂssionem.</strong></span> <span class='ocrx_word' id='word_1_461' title='bbox 1938 5276 2031 5328; x_wconf 82' lang='lat' dir='ltr'><strong>Sed</strong></span> 
     </span>
     <span class='ocr_line' id='line_1_60' title="bbox 444 5352 773 5388; baseline 0 0"><span class='ocrx_word' id='word_1_462' title='bbox 444 5353 604 5388; x_wconf 74' lang='lat' dir='ltr'><strong>minus</strong></span> <span class='ocrx_word' id='word_1_463' title='bbox 659 5352 773 5388; x_wconf 91' lang='lat' dir='ltr'><strong>ene.</strong></span> 
     </span>
    </p>
   </div>
   <div class='ocr_carea' id='block_1_58' title="bbox 444 5352 773 5390">
    <p class='ocr_par' dir='ltr' id='par_1_58' title="bbox 444 5352 773 5390">
     <span class='ocr_line' id='line_1_61' title="bbox 444 5352 773 5390; baseline -0.006 0"><span class='ocrx_word' id='word_1_464' title='bbox 444 5353 604 5390; x_wconf 75' lang='lat' dir='ltr'><strong>minus</strong></span> <span class='ocrx_word' id='word_1_465' title='bbox 625 5352 773 5388; x_wconf 80' lang='lat' dir='ltr'><strong>bene.</strong></span> 
     </span>
    </p>
   </div>
   <div class='ocr_carea' id='block_1_59' title="bbox 512 5395 2030 5470">
    <p class='ocr_par' dir='ltr' id='par_1_59' title="bbox 512 5395 2030 5470">
     <span class='ocr_line' id='line_1_62' title="bbox 512 5395 2030 5470; baseline -0.001 -20"><span class='ocrx_word' id='word_1_466' title='bbox 512 5404 533 5434; x_wconf 87' lang='grc'>³</span> <span class='ocrx_word' id='word_1_467' title='bbox 551 5408 604 5470; x_wconf 68' lang='lat' dir='ltr'><strong>tu</strong></span> <span class='ocrx_word' id='word_1_468' title='bbox 623 5407 731 5450; x_wconf 67' lang='lat' dir='ltr'><strong>Mss.</strong></span> <span class='ocrx_word' id='word_1_469' title='bbox 754 5398 1060 5450; x_wconf 65' lang='lat' dir='ltr'><strong>nominarunt</strong></span> <span class='ocrx_word' id='word_1_470' title='bbox 1080 5395 1742 5470; x_wconf 64' lang='lat' dir='ltr'><strong>etrentonsit</strong></span> <span class='ocrx_word' id='word_1_471' title='bbox 1760 5397 1811 5470; x_wconf 81' lang='lat' dir='ltr'><strong>in</strong></span> <span class='ocrx_word' id='word_1_472' title='bbox 1832 5411 1900 5449; x_wconf 78' lang='lat' dir='ltr'><strong>se.</strong></span> <span class='ocrx_word' id='word_1_473' title='bbox 1923 5405 2030 5470; x_wconf 61' lang='lat' dir='ltr'><strong>Ito;</strong></span> 
     </span>
    </p>
   </div>
   <div class='ocr_carea' id='block_1_60' title="bbox 447 5412 2030 5535">
    <p class='ocr_par' dir='ltr' id='par_1_60' title="bbox 447 5412 2030 5535">
     <span class='ocr_line' id='line_1_63' title="bbox 450 5412 2030 5510; baseline 0.01 -76"><span class='ocrx_word' id='word_1_474' title='bbox 450 5463 462 5475; x_wconf 42' lang='lat'><em>.</em></span> <span class='ocrx_word' id='word_1_475' title='bbox 512 5412 533 5434; x_wconf 80' lang='grc' dir='ltr'><strong><em>ι</em></strong></span> <span class='ocrx_word' id='word_1_476' title='bbox 551 5412 604 5475; x_wconf 64' lang='grc' dir='ltr'>ῳ</span> <span class='ocrx_word' id='word_1_477' title='bbox 623 5412 731 5450; x_wconf 72' lang='lat' dir='ltr'><strong>uss.</strong></span> <span class='ocrx_word' id='word_1_478' title='bbox 755 5412 1060 5480; x_wconf 78' lang='lat' dir='ltr'><strong>nominarunt</strong></span> <span class='ocrx_word' id='word_1_479' title='bbox 1080 5412 1742 5510; x_wconf 57' lang='lat' dir='ltr'><strong>quinquagintamrenmsu</strong></span> <span class='ocrx_word' id='word_1_480' title='bbox 1760 5412 1811 5449; x_wconf 79' lang='lat' dir='ltr'><strong>in</strong></span> <span class='ocrx_word' id='word_1_481' title='bbox 1832 5412 1900 5449; x_wconf 82' lang='lat' dir='ltr'><strong>se.</strong></span> <span class='ocrx_word' id='word_1_482' title='bbox 1924 5412 2030 5451; x_wconf 69' lang='lat' dir='ltr'><strong>uox</strong></span> 
     </span>
     <span class='ocr_line' id='line_1_64' title="bbox 447 5458 2030 5535; baseline -0.001 -22"><span class='ocrx_word' id='word_1_483' title='bbox 447 5475 502 5535; x_wconf 62' lang='lat' dir='ltr'><strong>in</strong></span> <span class='ocrx_word' id='word_1_484' title='bbox 521 5463 629 5512; x_wconf 75' lang='lat' dir='ltr'><strong>aliis</strong></span> <span class='ocrx_word' id='word_1_485' title='bbox 653 5473 755 5512; x_wconf 71' lang='lat' dir='ltr'><strong>Mss.</strong></span> <span class='ocrx_word' id='word_1_486' title='bbox 780 5473 1060 5535; x_wconf 64' lang='lat' dir='ltr'><strong>sermonum</strong></span> <span class='ocrx_word' id='word_1_487' title='bbox 1117 5474 1146 5510; x_wconf 89' lang='lat' dir='ltr'><strong>e</strong></span> <span class='ocrx_word' id='word_1_488' title='bbox 1171 5461 1339 5535; x_wconf 64' lang='lat' dir='ltr'><strong>verbis</strong></span> <span class='ocrx_word' id='word_1_489' title='bbox 1373 5467 1594 5535; x_wconf 39' lang='lat' dir='ltr'><strong>continua.</strong></span> <span class='ocrx_word' id='word_1_490' title='bbox 1609 5458 1721 5535; x_wconf 55' lang='lat' dir='ltr'><strong>ideo</strong></span> <span class='ocrx_word' id='word_1_491' title='bbox 1741 5468 1788 5510; x_wconf 79' lang='lat' dir='ltr'><strong>et</strong></span> <span class='ocrx_word' id='word_1_492' title='bbox 1804 5474 1837 5510; x_wconf 92' lang='lat' dir='ltr'><strong>a</strong></span> <span class='ocrx_word' id='word_1_493' title='bbox 1855 5475 1908 5513; x_wconf 81' lang='lat' dir='ltr'><strong>se</strong></span> <span class='ocrx_word' id='word_1_494' title='bbox 1929 5463 2030 5526; x_wconf 82' lang='lat' dir='ltr'><strong>pet-</strong></span> 
     </span>
    </p>
   </div>
   <div class='ocr_carea' id='block_1_61' title="bbox 447 5521 1728 5589">
    <p class='ocr_par' dir='ltr' id='par_1_61' title="bbox 447 5521 1728 5589">
     <span class='ocr_line' id='line_1_65' title="bbox 447 5521 1728 5589; baseline -0.005 -13"><span class='ocrx_word' id='word_1_495' title='bbox 447 5523 563 5589; x_wconf 77' lang='lat' dir='ltr'><strong>litur</strong></span> <span class='ocrx_word' id='word_1_496' title='bbox 593 5538 609 5575; x_wconf 90' lang='lat'><strong><em>:</em></strong></span> <span class='ocrx_word' id='word_1_497' title='bbox 631 5539 730 5589; x_wconf 88' lang='lat' dir='ltr'><strong>quo</strong></span> <span class='ocrx_word' id='word_1_498' title='bbox 751 5525 894 5574; x_wconf 87' lang='lat' dir='ltr'><strong>modo</strong></span> <span class='ocrx_word' id='word_1_499' title='bbox 915 5525 1062 5589; x_wconf 79' lang='lat' dir='ltr'><strong>etiam</strong></span> <span class='ocrx_word' id='word_1_500' title='bbox 1084 5521 1210 5589; x_wconf 79' lang='lat' dir='ltr'><strong>apud</strong></span> <span class='ocrx_word' id='word_1_501' title='bbox 1232 5531 1332 5570; x_wconf 77' lang='lat' dir='ltr'><strong>Am.</strong></span> <span class='ocrx_word' id='word_1_502' title='bbox 1359 5527 1505 5571; x_wconf 65' lang='lat' dir='ltr'><strong>etfr.</strong></span> <span class='ocrx_word' id='word_1_503' title='bbox 1531 5521 1728 5589; x_wconf 76' lang='lat' dir='ltr'><strong>ibidem.</strong></span> 
     </span>
    </p>
   </div>
   <div class='ocr_carea' id='block_1_62' title="bbox 510 5583 2029 5637">
    <p class='ocr_par' dir='ltr' id='par_1_62' title="bbox 510 5583 2029 5637">
     <span class='ocr_line' id='line_1_66' title="bbox 510 5583 2029 5637; baseline 0 -1"><span class='ocrx_word' id='word_1_504' title='bbox 510 5588 533 5619; x_wconf 70' lang='grc'><strong>⁸</strong></span> <span class='ocrx_word' id='word_1_505' title='bbox 556 5583 664 5636; x_wconf 76' lang='grc' dir='ltr'><strong>Αωὲ</strong></span> <span class='ocrx_word' id='word_1_506' title='bbox 683 5595 755 5636; x_wconf 84' lang='lat' dir='ltr'><strong>Er.</strong></span> <span class='ocrx_word' id='word_1_507' title='bbox 783 5595 836 5636; x_wconf 90' lang='lat' dir='ltr'><strong>et</strong></span> <span class='ocrx_word' id='word_1_508' title='bbox 858 5593 963 5634; x_wconf 74' lang='lat' dir='ltr'><strong>Mss.</strong></span> <span class='ocrx_word' id='word_1_509' title='bbox 991 5587 1040 5633; x_wconf 88' lang='lat' dir='ltr'><strong>in</strong></span> <span class='ocrx_word' id='word_1_510' title='bbox 1063 5583 1220 5633; x_wconf 79' lang='lat' dir='ltr'><strong>classe</strong></span> <span class='ocrx_word' id='word_1_511' title='bbox 1243 5596 1522 5633; x_wconf 86' lang='lat' dir='ltr'><strong>sermonum</strong></span> <span class='ocrx_word' id='word_1_512' title='bbox 1557 5583 1622 5630; x_wconf 88' lang='lat' dir='ltr'><strong>de</strong></span> <span class='ocrx_word' id='word_1_513' title='bbox 1657 5584 1824 5632; x_wconf 77' lang='lat' dir='ltr'><strong>verbis</strong></span> <span class='ocrx_word' id='word_1_514' title='bbox 1845 5587 2029 5637; x_wconf 88' lang='lat' dir='ltr'><strong>Domini</strong></span> 
     </span>
    </p>
   </div>
   <div class='ocr_carea' id='block_1_63' title="bbox 447 5646 2031 5710">
    <p class='ocr_par' dir='ltr' id='par_1_63' title="bbox 447 5646 2031 5710">
     <span class='ocr_line' id='line_1_67' title="bbox 447 5646 2031 5710; baseline 0.001 -12"><span class='ocrx_word' id='word_1_515' title='bbox 447 5648 630 5703; x_wconf 81' lang='lat' dir='ltr'><strong>habent</strong></span> <span class='ocrx_word' id='word_1_516' title='bbox 672 5650 774 5698; x_wconf 87' lang='lat' dir='ltr'><strong>sic:</strong></span> <span class='ocrx_word' id='word_1_517' title='bbox 802 5657 925 5710; x_wconf 72' lang='lat' dir='ltr'><strong>Ergo</strong></span> <span class='ocrx_word' id='word_1_518' title='bbox 960 5647 1193 5696; x_wconf 67' lang='lat' dir='ltr'><strong>madas</strong></span> <span class='ocrx_word' id='word_1_519' title='bbox 1221 5653 1292 5710; x_wconf 81' lang='lat' dir='ltr'><strong>est</strong></span> <span class='ocrx_word' id='word_1_520' title='bbox 1310 5709 1315 5710; x_wconf 15' lang='grc' dir='ltr'>ί</span> <span class='ocrx_word' id='word_1_521' title='bbox 1335 5654 1463 5710; x_wconf 75' lang='lat' dir='ltr'><strong>Deus</strong></span> <span class='ocrx_word' id='word_1_522' title='bbox 1500 5657 1589 5709; x_wconf 85' lang='lat' dir='ltr'><strong>pro</strong></span> <span class='ocrx_word' id='word_1_523' title='bbox 1623 5657 1786 5710; x_wconf 73' lang='lat' dir='ltr'><strong>amore</strong></span> <span class='ocrx_word' id='word_1_524' title='bbox 1807 5646 1936 5707; x_wconf 82' lang='lat' dir='ltr'><strong>eius,</strong></span> <span class='ocrx_word' id='word_1_525' title='bbox 1961 5647 2031 5699; x_wconf 85' lang='lat' dir='ltr'><strong>ita</strong></span> 
     </span>
    </p>
   </div>
   <div class='ocr_carea' id='block_1_64' title="bbox 446 5705 2032 5776">
    <p class='ocr_par' dir='ltr' id='par_1_64' title="bbox 446 5705 2032 5776">
     <span class='ocr_line' id='line_1_68' title="bbox 446 5705 2032 5776; baseline -0.001 -14"><span class='ocrx_word' id='word_1_526' title='bbox 446 5717 530 5771; x_wconf 84' lang='lat' dir='ltr'><strong>ut,</strong></span> <span class='ocrx_word' id='word_1_527' title='bbox 559 5719 675 5776; x_wconf 86' lang='lat' dir='ltr'><strong>etc.,</strong></span> <span class='ocrx_word' id='word_1_528' title='bbox 717 5705 927 5772; x_wconf 82' lang='lat' dir='ltr'><strong>excepto</strong></span> <span class='ocrx_word' id='word_1_529' title='bbox 969 5710 1234 5776; x_wconf 57' lang='lat' dir='ltr'><strong>fossae-nsi</strong></span> <span class='ocrx_word' id='word_1_530' title='bbox 1271 5707 1412 5768; x_wconf 82' lang='lat' dir='ltr'><strong>libro,</strong></span> <span class='ocrx_word' id='word_1_531' title='bbox 1436 5705 1626 5770; x_wconf 78' lang='lat' dir='ltr'><strong>in&#39;quo</strong></span> <span class='ocrx_word' id='word_1_532' title='bbox 1659 5705 1876 5776; x_wconf 81' lang='lat' dir='ltr'><strong>legitur:</strong></span> <span class='ocrx_word' id='word_1_533' title='bbox 1904 5705 2032 5776; x_wconf 70' lang='lat' dir='ltr'><strong>Ergo</strong></span> 
     </span>
    </p>
   </div>
   <div class='ocr_carea' id='block_1_65' title="bbox 447 5767 2024 5834">
    <p class='ocr_par' dir='ltr' id='par_1_65' title="bbox 447 5767 2024 5834">
     <span class='ocr_line' id='line_1_69' title="bbox 447 5767 2024 5834; baseline -0.001 -10"><span class='ocrx_word' id='word_1_534' title='bbox 447 5767 685 5834; x_wconf 70' lang='lat' dir='ltr'><strong>ornandus</strong></span> <span class='ocrx_word' id='word_1_535' title='bbox 706 5779 776 5824; x_wconf 81' lang='lat' dir='ltr'><strong>est</strong></span> <span class='ocrx_word' id='word_1_536' title='bbox 792 5767 949 5829; x_wconf 75' lang='lat' dir='ltr'><strong>Deus.</strong></span> <span class='ocrx_word' id='word_1_537' title='bbox 963 5769 1032 5824; x_wconf 81' lang='lat' dir='ltr'><strong>ita</strong></span> <span class='ocrx_word' id='word_1_538' title='bbox 1052 5777 1103 5821; x_wconf 86' lang='lat' dir='ltr'><strong>ut</strong></span> <span class='ocrx_word' id='word_1_539' title='bbox 1115 5767 1229 5830; x_wconf 78' lang='lat' dir='ltr'><strong>ﬁeri</strong></span> <span class='ocrx_word' id='word_1_540' title='bbox 1246 5767 1413 5831; x_wconf 79' lang='lat' dir='ltr'><strong>potest,</strong></span> <span class='ocrx_word' id='word_1_541' title='bbox 1455 5767 1562 5831; x_wconf 53' lang='lat' dir='ltr'><strong>pro“</strong></span> <span class='ocrx_word' id='word_1_542' title='bbox 1576 5767 1740 5822; x_wconf 78' lang='grc' dir='ltr'><strong>ωηονὲ</strong></span> <span class='ocrx_word' id='word_1_543' title='bbox 1780 5769 1904 5832; x_wconf 87' lang='lat' dir='ltr'><strong>ejus,</strong></span> <span class='ocrx_word' id='word_1_544' title='bbox 1929 5767 2024 5824; x_wconf 68' lang='lat' dir='ltr'><strong>et&#39;c.</strong></span> 
     </span>
    </p>
   </div>
   <div class='ocr_carea' id='block_1_66' title="bbox 1696 281 2498 343">
    <p class='ocr_par' dir='ltr' id='par_1_66' title="bbox 1696 281 2498 343">
     <span class='ocr_line' id='line_1_70' title="bbox 1696 281 2498 343; baseline -0.004 0"><span class='ocrx_word' id='word_1_545' title='bbox 1696 287 1752 343; x_wconf 91' lang='lat' dir='ltr'><strong>S.</strong></span> <span class='ocrx_word' id='word_1_546' title='bbox 1793 282 2160 342; x_wconf 73' lang='lat' dir='ltr'><strong>AUGUSTINI</strong></span> <span class='ocrx_word' id='word_1_547' title='bbox 2195 281 2498 341; x_wconf 71' lang='lat' dir='ltr'><strong>EPISCOPI</strong></span> 
     </span>
    </p>
   </div>
   <div class='ocr_carea' id='block_1_67' title="bbox 2157 381 3730 476">
    <p class='ocr_par' dir='ltr' id='par_1_67' title="bbox 2157 381 3730 476">
     <span class='ocr_line' id='line_1_71' title="bbox 2157 381 3730 476; baseline 0.004 -25"><span class='ocrx_word' id='word_1_548' title='bbox 2157 398 2359 452; x_wconf 86' lang='lat' dir='ltr'><strong>mundi.</strong></span> <span class='ocrx_word' id='word_1_549' title='bbox 2382 397 2540 452; x_wconf 88' lang='lat' dir='ltr'><strong>Pulsa</strong></span> <span class='ocrx_word' id='word_1_550' title='bbox 2565 384 2696 468; x_wconf 83' lang='lat' dir='ltr'><strong>ergo</strong></span> <span class='ocrx_word' id='word_1_551' title='bbox 2718 403 2773 452; x_wconf 89' lang='lat' dir='ltr'><strong>et</strong></span> <span class='ocrx_word' id='word_1_552' title='bbox 2790 410 2818 451; x_wconf 89' lang='lat' dir='ltr'><strong>a</strong></span> <span class='ocrx_word' id='word_1_553' title='bbox 2845 410 2906 456; x_wconf 83' lang='lat' dir='ltr'><strong>se</strong></span> <span class='ocrx_word' id='word_1_554' title='bbox 2924 381 3196 469; x_wconf 47' lang='lat' dir='ltr'><strong>{quodam</strong></span> <span class='ocrx_word' id='word_1_555' title='bbox 3216 399 3379 456; x_wconf 84' lang='lat' dir='ltr'><strong>modo</strong></span> <span class='ocrx_word' id='word_1_556' title='bbox 3401 385 3632 472; x_wconf 79' lang='lat' dir='ltr'><strong>perdidit</strong></span> <span class='ocrx_word' id='word_1_557' title='bbox 3650 419 3730 476; x_wconf 82' lang='lat' dir='ltr'><strong>se,</strong></span> 
     </span>
    </p>
   </div>
   <div class='ocr_carea' id='block_1_68' title="bbox 2149 491 3732 565">
    <p class='ocr_par' dir='ltr' id='par_1_68' title="bbox 2149 491 3732 565">
     <span class='ocr_line' id='line_1_72' title="bbox 2149 491 3732 565; baseline 0.006 -20"><span class='ocrx_word' id='word_1_558' title='bbox 2149 507 2250 545; x_wconf 90' lang='lat' dir='ltr'><strong>nec</strong></span> <span class='ocrx_word' id='word_1_559' title='bbox 2274 491 2410 544; x_wconf 84' lang='lat' dir='ltr'><strong>facta</strong></span> <span class='ocrx_word' id='word_1_560' title='bbox 2463 506 2560 544; x_wconf 87' lang='lat' dir='ltr'><strong>sua</strong></span> <span class='ocrx_word' id='word_1_561' title='bbox 2611 491 2628 523; x_wconf 80' lang='grc'>⁸</span> <span class='ocrx_word' id='word_1_562' title='bbox 2685 491 2832 546; x_wconf 87' lang='lat' dir='ltr'><strong>novit</strong></span> <span class='ocrx_word' id='word_1_563' title='bbox 2875 491 3086 555; x_wconf 89' lang='lat' dir='ltr'><strong>videre,</strong></span> <span class='ocrx_word' id='word_1_564' title='bbox 3132 493 3389 562; x_wconf 86' lang='lat' dir='ltr'><strong>justificat</strong></span> <span class='ocrx_word' id='word_1_565' title='bbox 3430 497 3732 565; x_wconf 85' lang='lat' dir='ltr'><strong>iniquitates</strong></span> 
     </span>
    </p>
   </div>
   <div class='ocr_carea' id='block_1_69' title="bbox 2146 581 3729 659">
    <p class='ocr_par' dir='ltr' id='par_1_69' title="bbox 2146 581 3729 659">
     <span class='ocr_line' id='line_1_73' title="bbox 2146 581 3729 659; baseline 0.004 -21"><span class='ocrx_word' id='word_1_566' title='bbox 2146 597 2271 638; x_wconf 90' lang='lat' dir='ltr'><strong>suas</strong></span> <span class='ocrx_word' id='word_1_567' title='bbox 2299 599 2314 636; x_wconf 90' lang='lat'><strong>:</strong></span> <span class='ocrx_word' id='word_1_568' title='bbox 2344 581 2560 637; x_wconf 74' lang='lat' dir='ltr'><strong>effertur</strong></span> <span class='ocrx_word' id='word_1_569' title='bbox 2583 591 2637 638; x_wconf 94' lang='lat' dir='ltr'><strong>et</strong></span> <span class='ocrx_word' id='word_1_570' title='bbox 2664 583 2904 652; x_wconf 83' lang='lat' dir='ltr'><strong>superbit</strong></span> <span class='ocrx_word' id='word_1_571' title='bbox 2933 585 2984 638; x_wconf 92' lang='lat' dir='ltr'><strong>in</strong></span> <span class='ocrx_word' id='word_1_572' title='bbox 3028 586 3315 659; x_wconf 81' lang='lat' dir='ltr'><strong>petulantia</strong></span> <span class='ocrx_word' id='word_1_573' title='bbox 3334 628 3352 653; x_wconf 92' lang='lat'><strong>,</strong></span> <span class='ocrx_word' id='word_1_574' title='bbox 3385 589 3436 642; x_wconf 92' lang='lat' dir='ltr'><strong>in</strong></span> <span class='ocrx_word' id='word_1_575' title='bbox 3484 588 3688 644; x_wconf 79' lang='lat' dir='ltr'><strong>luxuria</strong></span> <span class='ocrx_word' id='word_1_576' title='bbox 3711 632 3729 659; x_wconf 88' lang='lat'><strong>,</strong></span> 
     </span>
    </p>
   </div>
   <div class='ocr_carea' id='block_1_70' title="bbox 2146 674 3734 752">
    <p class='ocr_par' dir='ltr' id='par_1_70' title="bbox 2146 674 3734 752">
     <span class='ocr_line' id='line_1_74' title="bbox 2146 674 3734 752; baseline 0.006 -22"><span class='ocrx_word' id='word_1_577' title='bbox 2146 675 2202 730; x_wconf 90' lang='lat' dir='ltr'><strong>in</strong></span> <span class='ocrx_word' id='word_1_578' title='bbox 2225 675 2546 738; x_wconf 89' lang='lat' dir='ltr'><strong>honoribus,</strong></span> <span class='ocrx_word' id='word_1_579' title='bbox 2579 674 2631 729; x_wconf 88' lang='lat' dir='ltr'><strong>iu</strong></span> <span class='ocrx_word' id='word_1_580' title='bbox 2659 676 3041 744; x_wconf 87' lang='lat' dir='ltr'><strong>potestatibus,</strong></span> <span class='ocrx_word' id='word_1_581' title='bbox 3073 678 3128 732; x_wconf 89' lang='lat' dir='ltr'><strong>in</strong></span> <span class='ocrx_word' id='word_1_582' title='bbox 3157 679 3353 752; x_wconf 84' lang='lat' dir='ltr'><strong>divitiis</strong></span> <span class='ocrx_word' id='word_1_583' title='bbox 3373 720 3389 746; x_wconf 91' lang='lat'><strong>,</strong></span> <span class='ocrx_word' id='word_1_584' title='bbox 3413 681 3464 735; x_wconf 88' lang='lat' dir='ltr'><strong>in</strong></span> <span class='ocrx_word' id='word_1_585' title='bbox 3494 684 3734 752; x_wconf 87' lang='lat' dir='ltr'><strong>potentia</strong></span> 
     </span>
    </p>
   </div>
   <div class='ocr_carea' id='block_1_71' title="bbox 2144 751 3735 840">
    <p class='ocr_par' dir='ltr' id='par_1_71' title="bbox 2144 751 3735 840">
     <span class='ocr_line' id='line_1_75' title="bbox 2144 751 3735 840; baseline 0.007 -17"><span class='ocrx_word' id='word_1_586' title='bbox 2144 768 2410 823; x_wconf 74' lang='lat' dir='ltr'><strong>vanitatis.</strong></span> <span class='ocrx_word' id='word_1_587' title='bbox 2436 769 2741 838; x_wconf 75' lang='lat' dir='ltr'><strong>Arguitur,</strong></span> <span class='ocrx_word' id='word_1_588' title='bbox 2769 771 3087 838; x_wconf 90' lang='lat' dir='ltr'><strong>corripitur,</strong></span> <span class='ocrx_word' id='word_1_589' title='bbox 3132 751 3437 828; x_wconf 67' lang='lat' dir='ltr'><strong>ostenditur</strong></span> <span class='ocrx_word' id='word_1_590' title='bbox 3459 751 3582 840; x_wconf 84' lang='lat' dir='ltr'><strong>sibi,</strong></span> <span class='ocrx_word' id='word_1_591' title='bbox 3622 776 3735 834; x_wconf 77' lang='lat' dir='ltr'><strong>dis-</strong></span> 
     </span>
    </p>
   </div>
   <div class='ocr_carea' id='block_1_72' title="bbox 2145 859 3721 935">
    <p class='ocr_par' dir='ltr' id='par_1_72' title="bbox 2145 859 3721 935">
     <span class='ocr_line' id='line_1_76' title="bbox 2145 859 3721 935; baseline 0.007 -23"><span class='ocrx_word' id='word_1_592' title='bbox 2145 859 2306 930; x_wconf 87' lang='lat' dir='ltr'><strong>plicet</strong></span> <span class='ocrx_word' id='word_1_593' title='bbox 2333 860 2465 925; x_wconf 90' lang='lat' dir='ltr'><strong>sibi,</strong></span> <span class='ocrx_word' id='word_1_594' title='bbox 2493 859 2779 916; x_wconf 85' lang='lat' dir='ltr'><strong>conﬁtetur</strong></span> <span class='ocrx_word' id='word_1_595' title='bbox 2815 860 3138 929; x_wconf 67' lang='lat' dir='ltr'><strong>foeditatem,</strong></span> <span class='ocrx_word' id='word_1_596' title='bbox 3175 862 3446 920; x_wconf 83' lang='lat' dir='ltr'><strong>desiderat</strong></span> <span class='ocrx_word' id='word_1_597' title='bbox 3491 867 3721 935; x_wconf 58' lang='lat' dir='ltr'><strong>pulchri.</strong></span> 
     </span>
    </p>
   </div>
   <div class='ocr_carea' id='block_1_73' title="bbox 2144 950 3444 1022">
    <p class='ocr_par' dir='ltr' id='par_1_73' title="bbox 2144 950 3444 1022">
     <span class='ocr_line' id='line_1_77' title="bbox 2144 950 3444 1022; baseline 0.003 -16"><span class='ocrx_word' id='word_1_598' title='bbox 2144 950 2381 1006; x_wconf 84' lang='lat' dir='ltr'><strong>tudinem</strong></span> <span class='ocrx_word' id='word_1_599' title='bbox 2404 993 2417 1013; x_wconf 89' lang='lat'><strong>,</strong></span> <span class='ocrx_word' id='word_1_600' title='bbox 2449 960 2504 1006; x_wconf 89' lang='lat' dir='ltr'><strong>et</strong></span> <span class='ocrx_word' id='word_1_601' title='bbox 2519 967 2636 1022; x_wconf 64' lang='lat' dir='ltr'><strong>quae</strong></span> <span class='ocrx_word' id='word_1_602' title='bbox 2666 951 2775 1007; x_wconf 89' lang='lat' dir='ltr'><strong>ibat</strong></span> <span class='ocrx_word' id='word_1_603' title='bbox 2802 952 2972 1007; x_wconf 74' lang='lat' dir='ltr'><strong>elTusa</strong></span> <span class='ocrx_word' id='word_1_604' title='bbox 2995 986 3013 1017; x_wconf 82' lang='grc'><em>,</em></span> <span class='ocrx_word' id='word_1_605' title='bbox 3038 953 3178 1008; x_wconf 89' lang='lat' dir='ltr'><strong>redit</strong></span> <span class='ocrx_word' id='word_1_606' title='bbox 3200 953 3444 1010; x_wconf 84' lang='lat' dir='ltr'><strong>confusa.</strong></span> 
     </span>
    </p>
   </div>
   <div class='ocr_carea' id='block_1_74' title="bbox 2211 1041 3728 1115">
    <p class='ocr_par' dir='ltr' id='par_1_74' title="bbox 2211 1041 3728 1115">
     <span class='ocr_line' id='line_1_78' title="bbox 2211 1041 3728 1115; baseline 0.004 -19"><span class='ocrx_word' id='word_1_607' title='bbox 2211 1041 2439 1098; x_wconf 80' lang='lat' dir='ltr'><strong>CAPUT</strong></span> <span class='ocrx_word' id='word_1_608' title='bbox 2476 1041 2695 1097; x_wconf 71' lang='grc' dir='ltr'><strong>ιγ.-4.</strong></span> <span class='ocrx_word' id='word_1_609' title='bbox 2729 1042 2916 1096; x_wconf 82' lang='lat' dir='ltr'><strong>Odium</strong></span> <span class='ocrx_word' id='word_1_610' title='bbox 2958 1045 3232 1114; x_wconf 79' lang='lat' dir='ltr'><strong>peccatoris</strong></span> <span class='ocrx_word' id='word_1_611' title='bbox 3261 1062 3376 1098; x_wconf 82' lang='lat' dir='ltr'><strong>cum</strong></span> <span class='ocrx_word' id='word_1_612' title='bbox 3401 1047 3508 1115; x_wconf 79' lang='lat' dir='ltr'><strong>ejus</strong></span> <span class='ocrx_word' id='word_1_613' title='bbox 3535 1063 3728 1103; x_wconf 84' lang='lat' dir='ltr'><strong>amore.</strong></span> 
     </span>
    </p>
   </div>
   <div class='ocr_carea' id='block_1_75' title="bbox 2145 1130 3733 1206">
    <p class='ocr_par' dir='ltr' id='par_1_75' title="bbox 2145 1130 3733 1206">
     <span class='ocr_line' id='line_1_79' title="bbox 2145 1130 3733 1206; baseline 0.004 -18"><span class='ocrx_word' id='word_1_614' title='bbox 2145 1130 2339 1188; x_wconf 87' lang='lat' dir='ltr'><strong>Contra</strong></span> <span class='ocrx_word' id='word_1_615' title='bbox 2367 1134 2510 1188; x_wconf 88' lang='lat' dir='ltr'><strong>illam</strong></span> <span class='ocrx_word' id='word_1_616' title='bbox 2533 1134 2748 1189; x_wconf 89' lang='lat' dir='ltr'><strong>videtur</strong></span> <span class='ocrx_word' id='word_1_617' title='bbox 2768 1150 2946 1198; x_wconf 83' lang='lat' dir='ltr'><strong>orare.</strong></span> <span class='ocrx_word' id='word_1_618' title='bbox 2972 1151 3038 1188; x_wconf 83' lang='lat' dir='ltr'><strong>an</strong></span> <span class='ocrx_word' id='word_1_619' title='bbox 3063 1151 3159 1205; x_wconf 90' lang='lat' dir='ltr'><strong>pro</strong></span> <span class='ocrx_word' id='word_1_620' title='bbox 3189 1137 3295 1202; x_wconf 89' lang='lat' dir='ltr'><strong>illa,</strong></span> <span class='ocrx_word' id='word_1_621' title='bbox 3317 1137 3410 1206; x_wconf 86' lang='lat' dir='ltr'><strong>qui</strong></span> <span class='ocrx_word' id='word_1_622' title='bbox 3431 1138 3563 1192; x_wconf 86' lang='lat' dir='ltr'><strong>dicit</strong></span> <span class='ocrx_word' id='word_1_623' title='bbox 3585 1156 3601 1192; x_wconf 94' lang='lat'><strong><em>:</em></strong></span> <span class='ocrx_word' id='word_1_624' title='bbox 3621 1137 3733 1194; x_wconf 91' lang='lat' dir='ltr'><strong>Im-</strong></span> 
     </span>
    </p>
   </div>
   <div class='ocr_carea' id='block_1_76' title="bbox 2146 1225 3734 1298">
    <p class='ocr_par' dir='ltr' id='par_1_76' title="bbox 2146 1225 3734 1298">
     <span class='ocr_line' id='line_1_80' title="bbox 2146 1225 3734 1298; baseline 0.004 -20"><span class='ocrx_word' id='word_1_625' title='bbox 2146 1225 2228 1294; x_wconf 71' lang='lat' dir='ltr'><strong>ple</strong></span> <span class='ocrx_word' id='word_1_626' title='bbox 2252 1226 2409 1297; x_wconf 76' lang='lat' dir='ltr'><strong>facies</strong></span> <span class='ocrx_word' id='word_1_627' title='bbox 2435 1241 2607 1280; x_wconf 86' lang='lat' dir='ltr'><strong>eorum</strong></span> <span class='ocrx_word' id='word_1_628' title='bbox 2639 1226 2953 1296; x_wconf 77' lang='lat' dir='ltr'><strong>ignominia?</strong></span> <span class='ocrx_word' id='word_1_629' title='bbox 2987 1227 3334 1282; x_wconf 86' lang='lat' dir='ltr'><strong>Adversarius</strong></span> <span class='ocrx_word' id='word_1_630' title='bbox 3362 1238 3601 1298; x_wconf 87' lang='lat' dir='ltr'><strong>apparet,</strong></span> <span class='ocrx_word' id='word_1_631' title='bbox 3632 1230 3734 1284; x_wconf 89' lang='lat' dir='ltr'><strong>ini-</strong></span> 
     </span>
    </p>
   </div>
   <div class='ocr_carea' id='block_1_77' title="bbox 2143 1319 3732 1394">
    <p class='ocr_par' dir='ltr' id='par_1_77' title="bbox 2143 1319 3732 1394">
     <span class='ocr_line' id='line_1_81' title="bbox 2143 1319 3732 1394; baseline 0.003 -21"><span class='ocrx_word' id='word_1_632' title='bbox 2143 1319 2313 1374; x_wconf 85' lang='lat' dir='ltr'><strong>micus</strong></span> <span class='ocrx_word' id='word_1_633' title='bbox 2352 1327 2604 1394; x_wconf 87' lang='lat' dir='ltr'><strong>apparet.</strong></span> <span class='ocrx_word' id='word_1_634' title='bbox 2645 1320 2784 1373; x_wconf 82' lang='lat' dir='ltr'><strong>Audi</strong></span> <span class='ocrx_word' id='word_1_635' title='bbox 2819 1319 2958 1388; x_wconf 83' lang='lat' dir='ltr'><strong>quod</strong></span> <span class='ocrx_word' id='word_1_636' title='bbox 2999 1322 3269 1390; x_wconf 87' lang='lat' dir='ltr'><strong>sequitur,</strong></span> <span class='ocrx_word' id='word_1_637' title='bbox 3311 1330 3365 1376; x_wconf 91' lang='lat' dir='ltr'><strong>et</strong></span> <span class='ocrx_word' id='word_1_638' title='bbox 3398 1322 3515 1376; x_wconf 88' lang='lat' dir='ltr'><strong>vide</strong></span> <span class='ocrx_word' id='word_1_639' title='bbox 3553 1332 3732 1378; x_wconf 90' lang='lat' dir='ltr'><strong>utrum</strong></span> 
     </span>
    </p>
   </div>
   <div class='ocr_carea' id='block_1_78' title="bbox 2144 1409 3731 1484">
    <p class='ocr_par' dir='ltr' id='par_1_78' title="bbox 2144 1409 3731 1484">
     <span class='ocr_line' id='line_1_82' title="bbox 2144 1409 3731 1484; baseline 0.003 -20"><span class='ocrx_word' id='word_1_640' title='bbox 2144 1423 2300 1464; x_wconf 88' lang='lat' dir='ltr'><strong>orare</strong></span> <span class='ocrx_word' id='word_1_641' title='bbox 2325 1411 2492 1479; x_wconf 83' lang='lat' dir='ltr'><strong>possit</strong></span> <span class='ocrx_word' id='word_1_642' title='bbox 2532 1410 2756 1465; x_wconf 88' lang='lat' dir='ltr'><strong>amicus.</strong></span> <span class='ocrx_word' id='word_1_643' title='bbox 2779 1409 2967 1480; x_wconf 81' lang='lat' dir='ltr'><strong>Imple,</strong></span> <span class='ocrx_word' id='word_1_644' title='bbox 2996 1411 3183 1480; x_wconf 88' lang='lat' dir='ltr'><strong>inquit,</strong></span> <span class='ocrx_word' id='word_1_645' title='bbox 3211 1413 3366 1482; x_wconf 81' lang='lat' dir='ltr'><strong>facies</strong></span> <span class='ocrx_word' id='word_1_646' title='bbox 3393 1429 3564 1467; x_wconf 79' lang='lat' dir='ltr'><strong>eorum</strong></span> <span class='ocrx_word' id='word_1_647' title='bbox 3582 1415 3731 1484; x_wconf 82' lang='lat' dir='ltr'><strong>igno-</strong></span> 
     </span>
    </p>
   </div>
   <div class='ocr_carea' id='block_1_79' title="bbox 2143 1500 3727 1573">
    <p class='ocr_par' dir='ltr' id='par_1_79' title="bbox 2143 1500 3727 1573">
     <span class='ocr_line' id='line_1_83' title="bbox 2143 1500 3727 1573; baseline 0.003 -20"><span class='ocrx_word' id='word_1_648' title='bbox 2143 1501 2320 1564; x_wconf 86' lang='lat' dir='ltr'><strong>minia,</strong></span> <span class='ocrx_word' id='word_1_649' title='bbox 2347 1511 2393 1553; x_wconf 84' lang='lat' dir='ltr'><strong>et</strong></span> <span class='ocrx_word' id='word_1_650' title='bbox 2417 1508 2641 1571; x_wconf 67' lang='lat' dir='ltr'><strong>quaerent</strong></span> <span class='ocrx_word' id='word_1_651' title='bbox 2669 1517 2848 1554; x_wconf 80' lang='lat' dir='ltr'><strong>nomen</strong></span> <span class='ocrx_word' id='word_1_652' title='bbox 2874 1510 3038 1567; x_wconf 77' lang='lat' dir='ltr'><strong>tuum,</strong></span> <span class='ocrx_word' id='word_1_653' title='bbox 3068 1500 3284 1556; x_wconf 83' lang='lat' dir='ltr'><strong>Domine</strong></span> <span class='ocrx_word' id='word_1_654' title='bbox 3311 1504 3327 1572; x_wconf 94' lang='lat'><strong>(</strong></span> <span class='ocrx_word' id='word_1_655' title='bbox 3352 1503 3493 1557; x_wconf 85' lang='lat' dir='ltr'><strong>Psol.</strong></span> <span class='ocrx_word' id='word_1_656' title='bbox 3523 1521 3727 1573; x_wconf 78' lang='lat' dir='ltr'><strong>Lxxxu,</strong></span> 
     </span>
    </p>
   </div>
   <div class='ocr_carea' id='block_1_80' title="bbox 2143 1590 3728 1664">
    <p class='ocr_par' dir='ltr' id='par_1_80' title="bbox 2143 1590 3728 1664">
     <span class='ocr_line' id='line_1_84' title="bbox 2143 1590 3728 1664; baseline 0.002 -18"><span class='ocrx_word' id='word_1_657' title='bbox 2143 1591 2257 1661; x_wconf 78' lang='lat' dir='ltr'><strong>i7).</strong></span> <span class='ocrx_word' id='word_1_658' title='bbox 2279 1590 2476 1646; x_wconf 89' lang='lat' dir='ltr'><strong>Oderat</strong></span> <span class='ocrx_word' id='word_1_659' title='bbox 2500 1606 2615 1656; x_wconf 86' lang='lat' dir='ltr'><strong>eos,</strong></span> <span class='ocrx_word' id='word_1_660' title='bbox 2643 1607 2868 1660; x_wconf 91' lang='lat' dir='ltr'><strong>quorum</strong></span> <span class='ocrx_word' id='word_1_661' title='bbox 2899 1591 3059 1646; x_wconf 84' lang='lat' dir='ltr'><strong>facies</strong></span> <span class='ocrx_word' id='word_1_662' title='bbox 3089 1593 3374 1661; x_wconf 77' lang='lat' dir='ltr'><strong>ignominia</strong></span> <span class='ocrx_word' id='word_1_663' title='bbox 3397 1595 3604 1664; x_wconf 89' lang='lat' dir='ltr'><strong>impleri</strong></span> <span class='ocrx_word' id='word_1_664' title='bbox 3630 1611 3728 1651; x_wconf 85' lang='lat' dir='ltr'><strong>eu-</strong></span> 
     </span>
    </p>
   </div>
   <div class='ocr_carea' id='block_1_81' title="bbox 2142 1682 3729 1756">
    <p class='ocr_par' dir='ltr' id='par_1_81' title="bbox 2142 1682 3729 1756">
     <span class='ocr_line' id='line_1_85' title="bbox 2142 1682 3729 1756; baseline 0.004 -21"><span class='ocrx_word' id='word_1_665' title='bbox 2142 1682 2355 1752; x_wconf 82' lang='lat' dir='ltr'><strong>piebat?</strong></span> <span class='ocrx_word' id='word_1_666' title='bbox 2373 1682 2505 1737; x_wconf 82' lang='lat' dir='ltr'><strong>Vide</strong></span> <span class='ocrx_word' id='word_1_667' title='bbox 2525 1683 2971 1753; x_wconf 88' lang='lat' dir='ltr'><strong>quemadmodum</strong></span> <span class='ocrx_word' id='word_1_668' title='bbox 3000 1693 3144 1737; x_wconf 90' lang='lat' dir='ltr'><strong>amat</strong></span> <span class='ocrx_word' id='word_1_669' title='bbox 3167 1700 3282 1750; x_wconf 88' lang='lat' dir='ltr'><strong>eos,</strong></span> <span class='ocrx_word' id='word_1_670' title='bbox 3301 1701 3434 1755; x_wconf 88' lang='lat' dir='ltr'><strong>quos</strong></span> <span class='ocrx_word' id='word_1_671' title='bbox 3452 1688 3564 1740; x_wconf 86' lang='lat' dir='ltr'><strong>vult</strong></span> <span class='ocrx_word' id='word_1_672' title='bbox 3583 1704 3729 1756; x_wconf 71' lang='lat' dir='ltr'><strong>qum-</strong></span> 
     </span>
    </p>
   </div>
   <div class='ocr_carea' id='block_1_82' title="bbox 2143 1775 3728 1842">
    <p class='ocr_par' dir='ltr' id='par_1_82' title="bbox 2143 1775 3728 1842">
     <span class='ocr_line' id='line_1_86' title="bbox 2143 1775 3728 1842; baseline 0.004 -14"><span class='ocrx_word' id='word_1_673' title='bbox 2143 1789 2261 1828; x_wconf 88' lang='lat' dir='ltr'><strong>rere</strong></span> <span class='ocrx_word' id='word_1_674' title='bbox 2290 1789 2482 1828; x_wconf 86' lang='lat' dir='ltr'><strong>nomen</strong></span> <span class='ocrx_word' id='word_1_675' title='bbox 2518 1775 2744 1828; x_wconf 88' lang='lat' dir='ltr'><strong>Domini.</strong></span> <span class='ocrx_word' id='word_1_676' title='bbox 2775 1775 2935 1828; x_wconf 83' lang='lat' dir='ltr'><strong>Amat</strong></span> <span class='ocrx_word' id='word_1_677' title='bbox 2959 1782 3162 1829; x_wconf 85' lang='lat' dir='ltr'><strong>tantum</strong></span> <span class='ocrx_word' id='word_1_678' title='bbox 3188 1813 3204 1842; x_wconf 93' lang='lat'><strong>,</strong></span> <span class='ocrx_word' id='word_1_679' title='bbox 3250 1791 3317 1830; x_wconf 89' lang='lat' dir='ltr'><strong>an</strong></span> <span class='ocrx_word' id='word_1_680' title='bbox 3347 1778 3457 1832; x_wconf 90' lang='lat' dir='ltr'><strong>odit</strong></span> <span class='ocrx_word' id='word_1_681' title='bbox 3489 1779 3728 1834; x_wconf 81' lang='lat' dir='ltr'><strong>tantum?</strong></span> 
     </span>
    </p>
   </div>
   <div class='ocr_carea' id='block_1_83' title="bbox 2142 1864 3727 1938">
    <p class='ocr_par' dir='ltr' id='par_1_83' title="bbox 2142 1864 3727 1938">
     <span class='ocr_line' id='line_1_87' title="bbox 2142 1864 3727 1938; baseline 0.004 -20"><span class='ocrx_word' id='word_1_682' title='bbox 2142 1879 2208 1918; x_wconf 90' lang='lat' dir='ltr'><strong>an</strong></span> <span class='ocrx_word' id='word_1_683' title='bbox 2230 1874 2284 1919; x_wconf 92' lang='lat' dir='ltr'><strong>et</strong></span> <span class='ocrx_word' id='word_1_684' title='bbox 2311 1865 2423 1920; x_wconf 91' lang='lat' dir='ltr'><strong>odit</strong></span> <span class='ocrx_word' id='word_1_685' title='bbox 2450 1872 2505 1920; x_wconf 80' lang='lat' dir='ltr'><strong>et</strong></span> <span class='ocrx_word' id='word_1_686' title='bbox 2529 1864 2704 1918; x_wconf 87' lang='lat' dir='ltr'><strong>amat?</strong></span> <span class='ocrx_word' id='word_1_687' title='bbox 2743 1865 2854 1920; x_wconf 87' lang='lat' dir='ltr'><strong>imo</strong></span> <span class='ocrx_word' id='word_1_688' title='bbox 2877 1875 2936 1920; x_wconf 91' lang='lat' dir='ltr'><strong>et</strong></span> <span class='ocrx_word' id='word_1_689' title='bbox 2974 1865 3087 1920; x_wconf 92' lang='lat' dir='ltr'><strong>odit</strong></span> <span class='ocrx_word' id='word_1_690' title='bbox 3127 1873 3183 1921; x_wconf 90' lang='lat' dir='ltr'><strong>et</strong></span> <span class='ocrx_word' id='word_1_691' title='bbox 3227 1879 3389 1922; x_wconf 79' lang='lat' dir='ltr'><strong>amat.</strong></span> <span class='ocrx_word' id='word_1_692' title='bbox 3437 1868 3560 1924; x_wconf 85' lang='lat' dir='ltr'><strong>Odit</strong></span> <span class='ocrx_word' id='word_1_693' title='bbox 3599 1880 3727 1938; x_wconf 86' lang='lat' dir='ltr'><strong>tua,</strong></span> 
     </span>
    </p>
   </div>
   <div class='ocr_carea' id='block_1_84' title="bbox 2141 1955 3730 2032">
    <p class='ocr_par' dir='ltr' id='par_1_84' title="bbox 2141 1955 3730 2032">
     <span class='ocr_line' id='line_1_88' title="bbox 2141 1955 3730 2032; baseline 0.006 -23"><span class='ocrx_word' id='word_1_694' title='bbox 2141 1965 2284 2010; x_wconf 89' lang='lat' dir='ltr'><strong>amat</strong></span> <span class='ocrx_word' id='word_1_695' title='bbox 2311 1964 2381 2011; x_wconf 92' lang='lat' dir='ltr'><strong>te.</strong></span> <span class='ocrx_word' id='word_1_696' title='bbox 2411 1955 2549 2024; x_wconf 85' lang='lat' dir='ltr'><strong>Quid</strong></span> <span class='ocrx_word' id='word_1_697' title='bbox 2585 1965 2699 2022; x_wconf 90' lang='lat' dir='ltr'><strong>est,</strong></span> <span class='ocrx_word' id='word_1_698' title='bbox 2727 1957 2850 2012; x_wconf 86' lang='lat' dir='ltr'><strong>Odit</strong></span> <span class='ocrx_word' id='word_1_699' title='bbox 2881 1965 2988 2023; x_wconf 90' lang='lat' dir='ltr'><strong>tua,</strong></span> <span class='ocrx_word' id='word_1_700' title='bbox 3017 1968 3158 2012; x_wconf 82' lang='lat' dir='ltr'><strong>amat</strong></span> <span class='ocrx_word' id='word_1_701' title='bbox 3187 1957 3271 2014; x_wconf 82' lang='lat' dir='ltr'><strong>te?</strong></span> <span class='ocrx_word' id='word_1_702' title='bbox 3300 1959 3422 2015; x_wconf 91' lang='lat' dir='ltr'><strong>Odit</strong></span> <span class='ocrx_word' id='word_1_703' title='bbox 3461 1963 3602 2032; x_wconf 88' lang='lat' dir='ltr'><strong>quod</strong></span> <span class='ocrx_word' id='word_1_704' title='bbox 3644 1962 3730 2019; x_wconf 89' lang='lat' dir='ltr'><strong>fe-</strong></span> 
     </span>
    </p>
   </div>
   <div class='ocr_carea' id='block_1_85' title="bbox 2140 2045 3726 2116">
    <p class='ocr_par' dir='ltr' id='par_1_85' title="bbox 2140 2045 3726 2116">
     <span class='ocr_line' id='line_1_89' title="bbox 2140 2045 3726 2116; baseline 0.006 -16"><span class='ocrx_word' id='word_1_705' title='bbox 2140 2047 2282 2113; x_wconf 90' lang='lat' dir='ltr'><strong>cisti,</strong></span> <span class='ocrx_word' id='word_1_706' title='bbox 2324 2055 2468 2100; x_wconf 89' lang='lat' dir='ltr'><strong>amat</strong></span> <span class='ocrx_word' id='word_1_707' title='bbox 2507 2047 2648 2116; x_wconf 90' lang='lat' dir='ltr'><strong>quod</strong></span> <span class='ocrx_word' id='word_1_708' title='bbox 2687 2045 2812 2102; x_wconf 82' lang='lat' dir='ltr'><strong>fecit</strong></span> <span class='ocrx_word' id='word_1_709' title='bbox 2835 2047 3002 2104; x_wconf 87' lang='lat' dir='ltr'><strong>Deus.</strong></span> <span class='ocrx_word' id='word_1_710' title='bbox 3032 2048 3161 2114; x_wconf 83' lang='lat' dir='ltr'><strong>Quae</strong></span> <span class='ocrx_word' id='word_1_711' title='bbox 3188 2060 3311 2105; x_wconf 87' lang='lat' dir='ltr'><strong>sunt</strong></span> <span class='ocrx_word' id='word_1_712' title='bbox 3336 2053 3476 2107; x_wconf 87' lang='lat' dir='ltr'><strong>enim</strong></span> <span class='ocrx_word' id='word_1_713' title='bbox 3511 2063 3597 2108; x_wconf 90' lang='lat' dir='ltr'><strong>tua</strong></span> <span class='ocrx_word' id='word_1_714' title='bbox 3625 2054 3726 2109; x_wconf 91' lang='lat' dir='ltr'><strong>nisi</strong></span> 
     </span>
    </p>
   </div>
   <div class='ocr_carea' id='block_1_86' title="bbox 2140 2138 3727 2211">
    <p class='ocr_par' dir='ltr' id='par_1_86' title="bbox 2140 2138 3727 2211">
     <span class='ocr_line' id='line_1_90' title="bbox 2140 2138 3727 2211; baseline 0.008 -18"><span class='ocrx_word' id='word_1_715' title='bbox 2140 2139 2391 2209; x_wconf 83' lang='lat' dir='ltr'><strong>peccata?</strong></span> <span class='ocrx_word' id='word_1_716' title='bbox 2416 2139 2481 2193; x_wconf 92' lang='lat' dir='ltr'><strong>Et</strong></span> <span class='ocrx_word' id='word_1_717' title='bbox 2502 2138 2630 2208; x_wconf 86' lang='lat' dir='ltr'><strong>quid</strong></span> <span class='ocrx_word' id='word_1_718' title='bbox 2655 2155 2714 2194; x_wconf 92' lang='lat' dir='ltr'><strong>es</strong></span> <span class='ocrx_word' id='word_1_719' title='bbox 2740 2148 2818 2203; x_wconf 91' lang='lat' dir='ltr'><strong>tu,</strong></span> <span class='ocrx_word' id='word_1_720' title='bbox 2843 2140 2945 2194; x_wconf 86' lang='lat' dir='ltr'><strong>nisi</strong></span> <span class='ocrx_word' id='word_1_721' title='bbox 2971 2141 3110 2211; x_wconf 89' lang='lat' dir='ltr'><strong>quod</strong></span> <span class='ocrx_word' id='word_1_722' title='bbox 3140 2141 3265 2197; x_wconf 87' lang='lat' dir='ltr'><strong>fecit</strong></span> <span class='ocrx_word' id='word_1_723' title='bbox 3290 2145 3427 2199; x_wconf 89' lang='lat' dir='ltr'><strong>Deus</strong></span> <span class='ocrx_word' id='word_1_724' title='bbox 3455 2145 3727 2206; x_wconf 84' lang='lat' dir='ltr'><strong>hominem</strong></span> 
     </span>
    </p>
   </div>
   <div class='ocr_carea' id='block_1_87' title="bbox 2139 2231 3726 2310">
    <p class='ocr_par' dir='ltr' id='par_1_87' title="bbox 2139 2231 3726 2310">
     <span class='ocr_line' id='line_1_91' title="bbox 2139 2231 3726 2310; baseline 0.007 -25"><span class='ocrx_word' id='word_1_725' title='bbox 2139 2231 2206 2285; x_wconf 91' lang='lat' dir='ltr'><strong>ad</strong></span> <span class='ocrx_word' id='word_1_726' title='bbox 2233 2231 2512 2300; x_wconf 77' lang='lat' dir='ltr'><strong>imaginem</strong></span> <span class='ocrx_word' id='word_1_727' title='bbox 2539 2240 2594 2286; x_wconf 90' lang='lat' dir='ltr'><strong>et</strong></span> <span class='ocrx_word' id='word_1_728' title='bbox 2621 2231 3026 2288; x_wconf 85' lang='lat' dir='ltr'><strong>similitudinem</strong></span> <span class='ocrx_word' id='word_1_729' title='bbox 3065 2249 3216 2288; x_wconf 90' lang='lat' dir='ltr'><strong>suam</strong></span> <span class='ocrx_word' id='word_1_730' title='bbox 3239 2235 3299 2288; x_wconf 73' lang='lat'><strong>’?</strong></span> <span class='ocrx_word' id='word_1_731' title='bbox 3327 2235 3557 2308; x_wconf 83' lang='lat' dir='ltr'><strong>Negligis</strong></span> <span class='ocrx_word' id='word_1_732' title='bbox 3584 2241 3726 2310; x_wconf 90' lang='lat' dir='ltr'><strong>quod</strong></span> 
     </span>
    </p>
   </div>
   <div class='ocr_carea' id='block_1_88' title="bbox 2142 2322 3727 2400">
    <p class='ocr_par' dir='ltr' id='par_1_88' title="bbox 2142 2322 3727 2400">
     <span class='ocr_line' id='line_1_92' title="bbox 2142 2322 3727 2400; baseline 0.008 -24"><span class='ocrx_word' id='word_1_733' title='bbox 2142 2322 2310 2378; x_wconf 88' lang='lat' dir='ltr'><strong>factus</strong></span> <span class='ocrx_word' id='word_1_734' title='bbox 2341 2338 2420 2388; x_wconf 92' lang='lat' dir='ltr'><strong>es,</strong></span> <span class='ocrx_word' id='word_1_735' title='bbox 2468 2323 2644 2394; x_wconf 79' lang='lat' dir='ltr'><strong>diligis</strong></span> <span class='ocrx_word' id='word_1_736' title='bbox 2679 2325 2820 2394; x_wconf 91' lang='lat' dir='ltr'><strong>quod</strong></span> <span class='ocrx_word' id='word_1_737' title='bbox 2860 2324 3051 2380; x_wconf 88' lang='lat' dir='ltr'><strong>fecisti.</strong></span> <span class='ocrx_word' id='word_1_738' title='bbox 3088 2327 3252 2381; x_wconf 83' lang='lat' dir='ltr'><strong>Amas</strong></span> <span class='ocrx_word' id='word_1_739' title='bbox 3289 2337 3438 2382; x_wconf 85' lang='lat' dir='ltr'><strong>extra</strong></span> <span class='ocrx_word' id='word_1_740' title='bbox 3479 2337 3530 2384; x_wconf 91' lang='lat' dir='ltr'><strong>te</strong></span> <span class='ocrx_word' id='word_1_741' title='bbox 3565 2347 3727 2400; x_wconf 87' lang='lat' dir='ltr'><strong>opera</strong></span> 
     </span>
    </p>
   </div>
   <div class='ocr_carea' id='block_1_89' title="bbox 2139 2414 3723 2493">
    <p class='ocr_par' dir='ltr' id='par_1_89' title="bbox 2139 2414 3723 2493">
     <span class='ocr_line' id='line_1_93' title="bbox 2139 2414 3723 2493; baseline 0.006 -25"><span class='ocrx_word' id='word_1_742' title='bbox 2139 2417 2250 2480; x_wconf 76' lang='lat' dir='ltr'><strong>tua,</strong></span> <span class='ocrx_word' id='word_1_743' title='bbox 2279 2414 2506 2484; x_wconf 84' lang='lat' dir='ltr'><strong>negligis</strong></span> <span class='ocrx_word' id='word_1_744' title='bbox 2531 2415 2583 2468; x_wconf 91' lang='lat' dir='ltr'><strong>in</strong></span> <span class='ocrx_word' id='word_1_745' title='bbox 2615 2422 2668 2469; x_wconf 90' lang='lat' dir='ltr'><strong>te</strong></span> <span class='ocrx_word' id='word_1_746' title='bbox 2697 2430 2830 2485; x_wconf 86' lang='lat' dir='ltr'><strong>opus</strong></span> <span class='ocrx_word' id='word_1_747' title='bbox 2854 2416 2963 2470; x_wconf 90' lang='lat' dir='ltr'><strong>Dei.</strong></span> <span class='ocrx_word' id='word_1_748' title='bbox 2991 2415 3176 2471; x_wconf 82' lang='lat' dir='ltr'><strong>Merito</strong></span> <span class='ocrx_word' id='word_1_749' title='bbox 3201 2417 3268 2484; x_wconf 86' lang='lat' dir='ltr'><strong>is,</strong></span> <span class='ocrx_word' id='word_1_750' title='bbox 3291 2421 3480 2474; x_wconf 88' lang='lat' dir='ltr'><strong>merito</strong></span> <span class='ocrx_word' id='word_1_751' title='bbox 3504 2420 3723 2493; x_wconf 85' lang='lat' dir='ltr'><strong>laberis,</strong></span> 
     </span>
    </p>
   </div>
   <div class='ocr_carea' id='block_1_90' title="bbox 2138 2506 3725 2582">
    <p class='ocr_par' dir='ltr' id='par_1_90' title="bbox 2138 2506 3725 2582">
     <span class='ocr_line' id='line_1_94' title="bbox 2138 2506 3725 2582; baseline 0.006 -23"><span class='ocrx_word' id='word_1_752' title='bbox 2138 2506 2333 2560; x_wconf 77' lang='lat' dir='ltr'><strong>merito</strong></span> <span class='ocrx_word' id='word_1_753' title='bbox 2357 2513 2412 2561; x_wconf 89' lang='lat' dir='ltr'><strong>et</strong></span> <span class='ocrx_word' id='word_1_754' title='bbox 2438 2522 2470 2560; x_wconf 89' lang='lat' dir='ltr'><strong>a</strong></span> <span class='ocrx_word' id='word_1_755' title='bbox 2498 2515 2550 2561; x_wconf 90' lang='lat' dir='ltr'><strong>te</strong></span> <span class='ocrx_word' id='word_1_756' title='bbox 2576 2508 2690 2576; x_wconf 90' lang='lat' dir='ltr'><strong>ipso</strong></span> <span class='ocrx_word' id='word_1_757' title='bbox 2718 2509 2930 2577; x_wconf 81' lang='lat' dir='ltr'><strong>pergis:</strong></span> <span class='ocrx_word' id='word_1_758' title='bbox 2955 2509 3146 2563; x_wconf 86' lang='lat' dir='ltr'><strong>merito</strong></span> <span class='ocrx_word' id='word_1_759' title='bbox 3169 2510 3339 2575; x_wconf 90' lang='lat' dir='ltr'><strong>audis,</strong></span> <span class='ocrx_word' id='word_1_760' title='bbox 3362 2512 3587 2582; x_wconf 74' lang='lat' dir='ltr'><strong>Spiritus</strong></span> <span class='ocrx_word' id='word_1_761' title='bbox 3611 2532 3725 2570; x_wconf 82' lang='lat' dir='ltr'><strong>am-</strong></span> 
     </span>
    </p>
   </div>
   <div class='ocr_carea' id='block_1_91' title="bbox 2140 2599 3724 2678">
    <p class='ocr_par' dir='ltr' id='par_1_91' title="bbox 2140 2599 3724 2678">
     <span class='ocr_line' id='line_1_95' title="bbox 2140 2599 3724 2678; baseline 0.007 -25"><span class='ocrx_word' id='word_1_762' title='bbox 2140 2599 2338 2665; x_wconf 69' lang='lat' dir='ltr'><strong>bulans,</strong></span> <span class='ocrx_word' id='word_1_763' title='bbox 2363 2608 2410 2652; x_wconf 82' lang='lat' dir='ltr'><strong>et</strong></span> <span class='ocrx_word' id='word_1_764' title='bbox 2439 2615 2538 2653; x_wconf 87' lang='lat' dir='ltr'><strong>non</strong></span> <span class='ocrx_word' id='word_1_765' title='bbox 2575 2610 2820 2654; x_wconf 81' lang='lat' dir='ltr'><strong>revertens</strong></span> <span class='ocrx_word' id='word_1_766' title='bbox 2847 2601 2866 2669; x_wconf 94' lang='lat'><strong>(</strong></span> <span class='ocrx_word' id='word_1_767' title='bbox 2889 2599 3035 2654; x_wconf 83' lang='lat' dir='ltr'><strong>Psal.</strong></span> <span class='ocrx_word' id='word_1_768' title='bbox 3079 2617 3274 2667; x_wconf 76' lang='lat' dir='ltr'><strong>Lxxvu,</strong></span> <span class='ocrx_word' id='word_1_769' title='bbox 3307 2603 3436 2675; x_wconf 82' lang='lat'><strong>&#39;59).</strong></span> <span class='ocrx_word' id='word_1_770' title='bbox 3465 2607 3603 2661; x_wconf 81' lang='lat' dir='ltr'><strong>Audi</strong></span> <span class='ocrx_word' id='word_1_771' title='bbox 3630 2624 3724 2678; x_wconf 90' lang='lat' dir='ltr'><strong>po-</strong></span> 
     </span>
    </p>
   </div>
   <div class='ocr_carea' id='block_1_92' title="bbox 2138 2692 3725 2765">
    <p class='ocr_par' dir='ltr' id='par_1_92' title="bbox 2138 2692 3725 2765">
     <span class='ocr_line' id='line_1_96' title="bbox 2138 2692 3725 2765; baseline 0.005 -19"><span class='ocrx_word' id='word_1_772' title='bbox 2138 2693 2244 2746; x_wconf 83' lang='lat' dir='ltr'><strong>tius</strong></span> <span class='ocrx_word' id='word_1_773' title='bbox 2271 2701 2570 2759; x_wconf 84' lang='lat' dir='ltr'><strong>vocantem,</strong></span> <span class='ocrx_word' id='word_1_774' title='bbox 2615 2701 2670 2746; x_wconf 89' lang='lat' dir='ltr'><strong>et</strong></span> <span class='ocrx_word' id='word_1_775' title='bbox 2705 2692 2989 2758; x_wconf 82' lang='lat' dir='ltr'><strong>dicentem,</strong></span> <span class='ocrx_word' id='word_1_776' title='bbox 3037 2693 3393 2749; x_wconf 80' lang='lat' dir='ltr'><strong>Convertimini</strong></span> <span class='ocrx_word' id='word_1_777' title='bbox 3436 2697 3503 2751; x_wconf 71' lang='lat' dir='ltr'><strong>ad</strong></span> <span class='ocrx_word' id='word_1_778' title='bbox 3546 2717 3644 2765; x_wconf 83' lang='lat' dir='ltr'><strong>me,</strong></span> <span class='ocrx_word' id='word_1_779' title='bbox 3674 2711 3725 2758; x_wconf 81' lang='lat' dir='ltr'><strong>et</strong></span> 
     </span>
    </p>
   </div>
   <div class='ocr_carea' id='block_1_93' title="bbox 2137 2785 3724 2859">
    <p class='ocr_par' dir='ltr' id='par_1_93' title="bbox 2137 2785 3724 2859">
     <span class='ocr_line' id='line_1_97' title="bbox 2137 2785 3724 2859; baseline 0.008 -20"><span class='ocrx_word' id='word_1_780' title='bbox 2137 2796 2395 2840; x_wconf 71' lang='lat' dir='ltr'><strong>convertar</strong></span> <span class='ocrx_word' id='word_1_781' title='bbox 2416 2786 2486 2840; x_wconf 81' lang='lat' dir='ltr'><strong>ad</strong></span> <span class='ocrx_word' id='word_1_782' title='bbox 2512 2801 2597 2840; x_wconf 77' lang='lat' dir='ltr'><strong>vos</strong></span> <span class='ocrx_word' id='word_1_783' title='bbox 2625 2785 2807 2856; x_wconf 77' lang='lat' dir='ltr'><strong>(lacti.</strong></span> <span class='ocrx_word' id='word_1_784' title='bbox 2836 2803 2872 2852; x_wconf 89' lang='lat' dir='ltr'><strong>l,</strong></span> <span class='ocrx_word' id='word_1_785' title='bbox 2899 2789 2934 2842; x_wconf 81' lang='lat'><strong>&#39;5</strong></span> <span class='ocrx_word' id='word_1_786' title='bbox 2952 2789 2992 2859; x_wconf 94' lang='lat'><strong>).</strong></span> <span class='ocrx_word' id='word_1_787' title='bbox 3016 2788 3132 2843; x_wconf 86' lang='lat' dir='ltr'><strong>Non</strong></span> <span class='ocrx_word' id='word_1_788' title='bbox 3161 2791 3300 2844; x_wconf 90' lang='lat' dir='ltr'><strong>enim</strong></span> <span class='ocrx_word' id='word_1_789' title='bbox 3329 2791 3470 2848; x_wconf 85' lang='lat' dir='ltr'><strong>Deus</strong></span> <span class='ocrx_word' id='word_1_790' title='bbox 3489 2794 3724 2852; x_wconf 84' lang='lat' dir='ltr'><strong>adverti-</strong></span> 
     </span>
    </p>
   </div>
   <div class='ocr_carea' id='block_1_94' title="bbox 2137 2880 3723 2952">
    <p class='ocr_par' dir='ltr' id='par_1_94' title="bbox 2137 2880 3723 2952">
     <span class='ocr_line' id='line_1_98' title="bbox 2137 2880 3723 2952; baseline 0.007 -18"><span class='ocrx_word' id='word_1_791' title='bbox 2137 2888 2241 2943; x_wconf 81' lang='lat' dir='ltr'><strong>tur,</strong></span> <span class='ocrx_word' id='word_1_792' title='bbox 2280 2889 2333 2934; x_wconf 87' lang='lat' dir='ltr'><strong>et</strong></span> <span class='ocrx_word' id='word_1_793' title='bbox 2369 2880 2728 2935; x_wconf 87' lang='lat' dir='ltr'><strong>convertitur:</strong></span> <span class='ocrx_word' id='word_1_794' title='bbox 2759 2895 2979 2936; x_wconf 84' lang='lat' dir='ltr'><strong>manens</strong></span> <span class='ocrx_word' id='word_1_795' title='bbox 3006 2883 3244 2952; x_wconf 90' lang='lat' dir='ltr'><strong>corripit,</strong></span> <span class='ocrx_word' id='word_1_796' title='bbox 3274 2885 3723 2945; x_wconf 86' lang='lat' dir='ltr'><strong>incommutabilis</strong></span> 
     </span>
    </p>
   </div>
   <div class='ocr_carea' id='block_1_95' title="bbox 2136 2974 3722 3046">
    <p class='ocr_par' dir='ltr' id='par_1_95' title="bbox 2136 2974 3722 3046">
     <span class='ocr_line' id='line_1_99' title="bbox 2136 2974 3722 3046; baseline 0.006 -17"><span class='ocrx_word' id='word_1_797' title='bbox 2136 2974 2376 3044; x_wconf 87' lang='lat' dir='ltr'><strong>corripit.</strong></span> <span class='ocrx_word' id='word_1_798' title='bbox 2419 2977 2650 3029; x_wconf 77' lang='lat' dir='ltr'><strong>Aversus</strong></span> <span class='ocrx_word' id='word_1_799' title='bbox 2676 2983 2758 3030; x_wconf 89' lang='lat' dir='ltr'><strong>est</strong></span> <span class='ocrx_word' id='word_1_800' title='bbox 2776 3015 2791 3042; x_wconf 88' lang='lat'><strong>,</strong></span> <span class='ocrx_word' id='word_1_801' title='bbox 2819 2977 2940 3046; x_wconf 84' lang='lat' dir='ltr'><strong>quia</strong></span> <span class='ocrx_word' id='word_1_802' title='bbox 2972 2985 3024 3032; x_wconf 89' lang='lat' dir='ltr'><strong>tu</strong></span> <span class='ocrx_word' id='word_1_803' title='bbox 3052 2986 3107 3032; x_wconf 89' lang='lat' dir='ltr'><strong>te</strong></span> <span class='ocrx_word' id='word_1_804' title='bbox 3130 2979 3391 3035; x_wconf 71' lang='lat' dir='ltr'><strong>avertissi.</strong></span> <span class='ocrx_word' id='word_1_805' title='bbox 3422 2981 3499 3037; x_wconf 90' lang='lat' dir='ltr'><strong>Tu</strong></span> <span class='ocrx_word' id='word_1_806' title='bbox 3533 2983 3602 3038; x_wconf 91' lang='lat' dir='ltr'><strong>ab</strong></span> <span class='ocrx_word' id='word_1_807' title='bbox 3631 2983 3722 3038; x_wconf 92' lang='lat' dir='ltr'><strong>illo</strong></span> 
     </span>
    </p>
   </div>
   <div class='ocr_carea' id='block_1_96' title="bbox 2135 3068 3724 3147">
    <p class='ocr_par' dir='ltr' id='par_1_96' title="bbox 2135 3068 3724 3147">
     <span class='ocr_line' id='line_1_100' title="bbox 2135 3068 3724 3147; baseline 0.008 -26"><span class='ocrx_word' id='word_1_808' title='bbox 2135 3068 2307 3123; x_wconf 87' lang='lat' dir='ltr'><strong>fecisti</strong></span> <span class='ocrx_word' id='word_1_809' title='bbox 2337 3081 2540 3135; x_wconf 87' lang='lat' dir='ltr'><strong>casum,</strong></span> <span class='ocrx_word' id='word_1_810' title='bbox 2569 3084 2676 3124; x_wconf 77' lang='lat' dir='ltr'><strong>non</strong></span> <span class='ocrx_word' id='word_1_811' title='bbox 2716 3069 2830 3139; x_wconf 86' lang='lat' dir='ltr'><strong>ipse</strong></span> <span class='ocrx_word' id='word_1_812' title='bbox 2868 3085 2896 3122; x_wconf 92' lang='lat' dir='ltr'><strong>a</strong></span> <span class='ocrx_word' id='word_1_813' title='bbox 2929 3078 2980 3125; x_wconf 93' lang='lat' dir='ltr'><strong>te</strong></span> <span class='ocrx_word' id='word_1_814' title='bbox 3019 3071 3141 3126; x_wconf 86' lang='lat' dir='ltr'><strong>fecit</strong></span> <span class='ocrx_word' id='word_1_815' title='bbox 3177 3087 3424 3129; x_wconf 87' lang='lat' dir='ltr'><strong>occasum</strong></span> <span class='ocrx_word' id='word_1_816' title='bbox 3453 3073 3552 3146; x_wconf 82' lang='grc' dir='ltr'><strong>(α).</strong></span> <span class='ocrx_word' id='word_1_817' title='bbox 3581 3076 3724 3147; x_wconf 84' lang='lat' dir='ltr'><strong>Ergo</strong></span> 
     </span>
    </p>
   </div>
   <div class='ocr_carea' id='block_1_97' title="bbox 2134 3160 3721 3231">
    <p class='ocr_par' dir='ltr' id='par_1_97' title="bbox 2134 3160 3721 3231">
     <span class='ocr_line' id='line_1_101' title="bbox 2134 3160 3721 3231; baseline 0.006 -17"><span class='ocrx_word' id='word_1_818' title='bbox 2134 3161 2255 3216; x_wconf 85' lang='lat' dir='ltr'><strong>audi</strong></span> <span class='ocrx_word' id='word_1_819' title='bbox 2298 3161 2560 3218; x_wconf 88' lang='lat' dir='ltr'><strong>dicentem</strong></span> <span class='ocrx_word' id='word_1_820' title='bbox 2589 3162 2706 3226; x_wconf 83' lang='lat' dir='ltr'><strong>tibi,</strong></span> <span class='ocrx_word' id='word_1_821' title='bbox 2747 3160 3104 3218; x_wconf 82' lang='lat' dir='ltr'><strong>Convertimini</strong></span> <span class='ocrx_word' id='word_1_822' title='bbox 3133 3164 3201 3218; x_wconf 77' lang='lat' dir='ltr'><strong>ad</strong></span> <span class='ocrx_word' id='word_1_823' title='bbox 3228 3183 3336 3231; x_wconf 81' lang='lat' dir='ltr'><strong>me,</strong></span> <span class='ocrx_word' id='word_1_824' title='bbox 3372 3177 3419 3220; x_wconf 89' lang='lat' dir='ltr'><strong>et</strong></span> <span class='ocrx_word' id='word_1_825' title='bbox 3459 3181 3721 3224; x_wconf 74' lang='lat' dir='ltr'><strong>convertor</strong></span> 
     </span>
    </p>
   </div>
   <div class='ocr_carea' id='block_1_98' title="bbox 2134 3252 3721 3330">
    <p class='ocr_par' dir='ltr' id='par_1_98' title="bbox 2134 3252 3721 3330">
     <span class='ocr_line' id='line_1_102' title="bbox 2134 3252 3721 3330; baseline 0.007 -23"><span class='ocrx_word' id='word_1_826' title='bbox 2134 3252 2202 3306; x_wconf 84' lang='lat' dir='ltr'><strong>ad</strong></span> <span class='ocrx_word' id='word_1_827' title='bbox 2229 3269 2332 3308; x_wconf 81' lang='lat' dir='ltr'><strong>vos.</strong></span> <span class='ocrx_word' id='word_1_828' title='bbox 2361 3254 2474 3308; x_wconf 84' lang='lat' dir='ltr'><strong>Hoc</strong></span> <span class='ocrx_word' id='word_1_829' title='bbox 2499 3265 2582 3309; x_wconf 72' lang='grc' dir='ltr'><strong>εει</strong></span> <span class='ocrx_word' id='word_1_830' title='bbox 2609 3256 2772 3327; x_wconf 85' lang='lat' dir='ltr'><strong>enim,</strong></span> <span class='ocrx_word' id='word_1_831' title='bbox 2798 3256 3097 3312; x_wconf 84' lang='lat' dir='ltr'><strong>Convertor</strong></span> <span class='ocrx_word' id='word_1_832' title='bbox 3117 3257 3184 3312; x_wconf 89' lang='lat' dir='ltr'><strong>ad</strong></span> <span class='ocrx_word' id='word_1_833' title='bbox 3205 3273 3319 3326; x_wconf 82' lang='lat' dir='ltr'><strong>vos,</strong></span> <span class='ocrx_word' id='word_1_834' title='bbox 3347 3261 3470 3330; x_wconf 84' lang='lat' dir='ltr'><strong>quia</strong></span> <span class='ocrx_word' id='word_1_835' title='bbox 3494 3277 3721 3318; x_wconf 85' lang='lat' dir='ltr'><strong>conver-</strong></span> 
     </span>
    </p>
   </div>
   <div class='ocr_carea' id='block_1_99' title="bbox 2132 3345 3716 3422">
    <p class='ocr_par' dir='ltr' id='par_1_99' title="bbox 2132 3345 3716 3422">
     <span class='ocr_line' id='line_1_103' title="bbox 2132 3345 3716 3422; baseline 0.008 -24"><span class='ocrx_word' id='word_1_836' title='bbox 2132 3345 2306 3399; x_wconf 91' lang='lat' dir='ltr'><strong>timini</strong></span> <span class='ocrx_word' id='word_1_837' title='bbox 2353 3346 2420 3400; x_wconf 88' lang='lat' dir='ltr'><strong>ad</strong></span> <span class='ocrx_word' id='word_1_838' title='bbox 2461 3361 2568 3401; x_wconf 90' lang='lat' dir='ltr'><strong>me.</strong></span> <span class='ocrx_word' id='word_1_839' title='bbox 2610 3347 2882 3416; x_wconf 81' lang='lat' dir='ltr'><strong>Fugientis</strong></span> <span class='ocrx_word' id='word_1_840' title='bbox 2925 3349 3083 3404; x_wconf 88' lang='lat' dir='ltr'><strong>dorsa</strong></span> <span class='ocrx_word' id='word_1_841' title='bbox 3123 3352 3475 3422; x_wconf 87' lang='lat' dir='ltr'><strong>persequitur,</strong></span> <span class='ocrx_word' id='word_1_842' title='bbox 3527 3354 3716 3410; x_wconf 82' lang='lat' dir='ltr'><strong>faciem</strong></span> 
     </span>
    </p>
   </div>
   <div class='ocr_carea' id='block_1_100' title="bbox 2133 3435 3717 3514">
    <p class='ocr_par' dir='ltr' id='par_1_100' title="bbox 2133 3435 3717 3514">
     <span class='ocr_line' id='line_1_104' title="bbox 2133 3435 3717 3514; baseline 0.007 -23"><span class='ocrx_word' id='word_1_843' title='bbox 2133 3435 2402 3491; x_wconf 87' lang='lat' dir='ltr'><strong>redeuntis</strong></span> <span class='ocrx_word' id='word_1_844' title='bbox 2419 3435 2697 3492; x_wconf 80' lang='lat' dir='ltr'><strong>illuminat.</strong></span> <span class='ocrx_word' id='word_1_845' title='bbox 2714 3438 2831 3506; x_wconf 88' lang='lat' dir='ltr'><strong>Quo</strong></span> <span class='ocrx_word' id='word_1_846' title='bbox 2845 3441 2988 3495; x_wconf 88' lang='lat' dir='ltr'><strong>enim</strong></span> <span class='ocrx_word' id='word_1_847' title='bbox 3003 3439 3213 3511; x_wconf 84' lang='lat' dir='ltr'><strong>fugiesa</strong></span> <span class='ocrx_word' id='word_1_848' title='bbox 3233 3444 3339 3498; x_wconf 90' lang='lat' dir='ltr'><strong>Deo</strong></span> <span class='ocrx_word' id='word_1_849' title='bbox 3355 3445 3586 3514; x_wconf 75' lang='lat' dir='ltr'><strong>fugiens?</strong></span> <span class='ocrx_word' id='word_1_850' title='bbox 3599 3447 3717 3513; x_wconf 81' lang='lat' dir='ltr'><strong>Quo</strong></span> 
     </span>
    </p>
   </div>
   <div class='ocr_carea' id='block_1_101' title="bbox 2133 3525 3716 3600">
    <p class='ocr_par' dir='ltr' id='par_1_101' title="bbox 2133 3525 3716 3600">
     <span class='ocr_line' id='line_1_105' title="bbox 2133 3525 3716 3600; baseline 0.008 -20"><span class='ocrx_word' id='word_1_851' title='bbox 2133 3525 2302 3597; x_wconf 87' lang='lat' dir='ltr'><strong>fugies</strong></span> <span class='ocrx_word' id='word_1_852' title='bbox 2330 3527 2540 3597; x_wconf 80' lang='lat' dir='ltr'><strong>fugiens</strong></span> <span class='ocrx_word' id='word_1_853' title='bbox 2581 3529 2650 3582; x_wconf 90' lang='lat' dir='ltr'><strong>ab</strong></span> <span class='ocrx_word' id='word_1_854' title='bbox 2688 3529 2783 3584; x_wconf 91' lang='lat' dir='ltr'><strong>illo</strong></span> <span class='ocrx_word' id='word_1_855' title='bbox 2818 3531 2908 3600; x_wconf 78' lang='lat' dir='ltr'><strong>qui</strong></span> <span class='ocrx_word' id='word_1_856' title='bbox 2953 3533 3100 3587; x_wconf 87' lang='lat' dir='ltr'><strong>nullo</strong></span> <span class='ocrx_word' id='word_1_857' title='bbox 3143 3533 3261 3587; x_wconf 90' lang='lat' dir='ltr'><strong>loco</strong></span> <span class='ocrx_word' id='word_1_858' title='bbox 3300 3537 3620 3600; x_wconf 87' lang='lat' dir='ltr'><strong>continetur,</strong></span> <span class='ocrx_word' id='word_1_859' title='bbox 3658 3545 3716 3593; x_wconf 83' lang='lat' dir='ltr'><strong>et</strong></span> 
     </span>
    </p>
   </div>
   <div class='ocr_carea' id='block_1_102' title="bbox 2131 3619 3716 3700">
    <p class='ocr_par' dir='ltr' id='par_1_102' title="bbox 2131 3619 3716 3700">
     <span class='ocr_line' id='line_1_106' title="bbox 2131 3619 3716 3700; baseline 0.008 -26"><span class='ocrx_word' id='word_1_860' title='bbox 2131 3633 2392 3688; x_wconf 86' lang='lat' dir='ltr'><strong>nusquam</strong></span> <span class='ocrx_word' id='word_1_861' title='bbox 2426 3619 2620 3675; x_wconf 72' lang='lat' dir='ltr'><strong>absens</strong></span> <span class='ocrx_word' id='word_1_862' title='bbox 2649 3621 2765 3676; x_wconf 83' lang='lat' dir='ltr'><strong>est?</strong></span> <span class='ocrx_word' id='word_1_863' title='bbox 2809 3622 2908 3690; x_wconf 92' lang='lat' dir='ltr'><strong>Qui</strong></span> <span class='ocrx_word' id='word_1_864' title='bbox 2950 3639 3264 3680; x_wconf 83' lang='lat' dir='ltr'><strong>conversum</strong></span> <span class='ocrx_word' id='word_1_865' title='bbox 3308 3627 3534 3694; x_wconf 88' lang='lat' dir='ltr'><strong>liberat,</strong></span> <span class='ocrx_word' id='word_1_866' title='bbox 3565 3631 3716 3700; x_wconf 80' lang='lat' dir='ltr'><strong>punit</strong></span> 
     </span>
    </p>
   </div>
   <div class='ocr_carea' id='block_1_103' title="bbox 2131 3712 3713 3787">
    <p class='ocr_par' dir='ltr' id='par_1_103' title="bbox 2131 3712 3713 3787">
     <span class='ocr_line' id='line_1_107' title="bbox 2131 3712 3713 3787; baseline 0.008 -22"><span class='ocrx_word' id='word_1_867' title='bbox 2131 3723 2396 3766; x_wconf 85' lang='lat' dir='ltr'><strong>aversum.</strong></span> <span class='ocrx_word' id='word_1_868' title='bbox 2437 3712 2610 3768; x_wconf 77' lang='lat' dir='ltr'><strong>Habes</strong></span> <span class='ocrx_word' id='word_1_869' title='bbox 2633 3713 2863 3786; x_wconf 87' lang='lat' dir='ltr'><strong>judicem</strong></span> <span class='ocrx_word' id='word_1_870' title='bbox 2885 3715 3110 3787; x_wconf 82' lang='lat' dir='ltr'><strong>fugiens,</strong></span> <span class='ocrx_word' id='word_1_871' title='bbox 3135 3728 3340 3787; x_wconf 86' lang='lat' dir='ltr'><strong>patrem</strong></span> <span class='ocrx_word' id='word_1_872' title='bbox 3367 3719 3560 3777; x_wconf 77' lang='lat' dir='ltr'><strong>habeto</strong></span> <span class='ocrx_word' id='word_1_873' title='bbox 3583 3723 3713 3778; x_wconf 85' lang='lat' dir='ltr'><strong>red-</strong></span> 
     </span>
    </p>
   </div>
   <div class='ocr_carea' id='block_1_104' title="bbox 2130 3817 2265 3859">
    <p class='ocr_par' dir='ltr' id='par_1_104' title="bbox 2130 3817 2265 3859">
     <span class='ocr_line' id='line_1_108' title="bbox 2130 3817 2265 3859; baseline -0.015 0"><span class='ocrx_word' id='word_1_874' title='bbox 2130 3817 2265 3859; x_wconf 70' lang='lat' dir='ltr'><strong>lﬂls.</strong></span> 
     </span>
    </p>
   </div>
   <div class='ocr_carea' id='block_1_105' title="bbox 2197 3891 3714 3961">
    <p class='ocr_par' dir='ltr' id='par_1_105' title="bbox 2197 3891 3714 3961">
     <span class='ocr_line' id='line_1_109' title="bbox 2197 3891 3714 3961; baseline 0.008 -12"><span class='ocrx_word' id='word_1_875' title='bbox 2197 3891 2427 3950; x_wconf 83' lang='lat' dir='ltr'><strong>CAPUT</strong></span> <span class='ocrx_word' id='word_1_876' title='bbox 2465 3895 2529 3948; x_wconf 71' lang='grc' dir='ltr'><strong>ν.</strong></span> <span class='ocrx_word' id='word_1_877' title='bbox 2560 3921 2632 3937; x_wconf 72' lang='grc' dir='ltr'><strong>-ο</strong></span> <span class='ocrx_word' id='word_1_878' title='bbox 2676 3896 2729 3951; x_wconf 80' lang='lat'><strong>5.</strong></span> <span class='ocrx_word' id='word_1_879' title='bbox 2787 3895 2973 3952; x_wconf 76' lang='lat' dir='ltr'><strong>Tumor</strong></span> <span class='ocrx_word' id='word_1_880' title='bbox 3015 3900 3312 3956; x_wconf 72' lang='lat' dir='ltr'><strong>humilitatis</strong></span> <span class='ocrx_word' id='word_1_881' title='bbox 3353 3904 3714 3961; x_wconf 70' lang='lat' dir='ltr'><strong>medicamento</strong></span> 
     </span>
    </p>
   </div>
   <div class='ocr_carea' id='block_1_106' title="bbox 2130 3985 3718 4060">
    <p class='ocr_par' dir='ltr' id='par_1_106' title="bbox 2130 3985 3718 4060">
     <span class='ocr_line' id='line_1_110' title="bbox 2130 3985 3718 4060; baseline 0.008 -21"><span class='ocrx_word' id='word_1_882' title='bbox 2130 3986 2408 4040; x_wconf 76' lang='lat' dir='ltr'><strong>sanandus.</strong></span> <span class='ocrx_word' id='word_1_883' title='bbox 2430 3985 2658 4042; x_wconf 75' lang='lat' dir='ltr'><strong>Christus</strong></span> <span class='ocrx_word' id='word_1_884' title='bbox 2674 3996 2724 4042; x_wconf 89' lang='lat' dir='ltr'><strong>et</strong></span> <span class='ocrx_word' id='word_1_885' title='bbox 2743 3987 2825 4042; x_wconf 76' lang='lat' dir='ltr'><strong>uia</strong></span> <span class='ocrx_word' id='word_1_886' title='bbox 2845 3999 2891 4043; x_wconf 84' lang='lat' dir='ltr'><strong>et</strong></span> <span class='ocrx_word' id='word_1_887' title='bbox 2909 3991 3096 4060; x_wconf 81' lang='lat' dir='ltr'><strong>janua.</strong></span> <span class='ocrx_word' id='word_1_888' title='bbox 3118 3993 3404 4049; x_wconf 86' lang='lat' dir='ltr'><strong>Tumuerat</strong></span> <span class='ocrx_word' id='word_1_889' title='bbox 3427 4006 3602 4052; x_wconf 76' lang='lat' dir='ltr'><strong>autem</strong></span> <span class='ocrx_word' id='word_1_890' title='bbox 3623 4012 3718 4053; x_wconf 78' lang='lat' dir='ltr'><strong>su-_</strong></span> 
     </span>
    </p>
   </div>
   <div class='ocr_carea' id='block_1_107' title="bbox 2129 4078 3712 4161">
    <p class='ocr_par' dir='ltr' id='par_1_107' title="bbox 2129 4078 3712 4161">
     <span class='ocr_line' id='line_1_111' title="bbox 2129 4078 3712 4161; baseline 0.009 -30"><span class='ocrx_word' id='word_1_891' title='bbox 2129 4078 2332 4148; x_wconf 85' lang='lat' dir='ltr'><strong>perbia,</strong></span> <span class='ocrx_word' id='word_1_892' title='bbox 2361 4087 2416 4133; x_wconf 83' lang='lat' dir='ltr'><strong>et</strong></span> <span class='ocrx_word' id='word_1_893' title='bbox 2443 4079 2562 4147; x_wconf 84' lang='lat' dir='ltr'><strong>ipso</strong></span> <span class='ocrx_word' id='word_1_894' title='bbox 2589 4088 2800 4138; x_wconf 72' lang='lat' dir='ltr'><strong>tumore</strong></span> <span class='ocrx_word' id='word_1_895' title='bbox 2827 4097 2921 4151; x_wconf 85' lang='lat' dir='ltr'><strong>per</strong></span> <span class='ocrx_word' id='word_1_896' title='bbox 2952 4094 3232 4155; x_wconf 76' lang='lat' dir='ltr'><strong>angustum</strong></span> <span class='ocrx_word' id='word_1_897' title='bbox 3263 4087 3443 4143; x_wconf 89' lang='lat' dir='ltr'><strong>redire</strong></span> <span class='ocrx_word' id='word_1_898' title='bbox 3477 4105 3582 4144; x_wconf 84' lang='lat' dir='ltr'><strong>non</strong></span> <span class='ocrx_word' id='word_1_899' title='bbox 3610 4106 3712 4161; x_wconf 85' lang='lat' dir='ltr'><strong>po-</strong></span> 
     </span>
    </p>
   </div>
   <div class='ocr_carea' id='block_1_108' title="bbox 2131 4171 3715 4256">
    <p class='ocr_par' dir='ltr' id='par_1_108' title="bbox 2131 4171 3715 4256">
     <span class='ocr_line' id='line_1_112' title="bbox 2131 4171 3715 4256; baseline 0.009 -31"><span class='ocrx_word' id='word_1_900' title='bbox 2131 4176 2284 4225; x_wconf 81' lang='lat' dir='ltr'><strong>terat.</strong></span> <span class='ocrx_word' id='word_1_901' title='bbox 2311 4171 2519 4226; x_wconf 88' lang='lat' dir='ltr'><strong>Clamat</strong></span> <span class='ocrx_word' id='word_1_902' title='bbox 2541 4172 2630 4227; x_wconf 91' lang='lat' dir='ltr'><strong>ille</strong></span> <span class='ocrx_word' id='word_1_903' title='bbox 2653 4175 2744 4243; x_wconf 80' lang='lat' dir='ltr'><strong>qui</strong></span> <span class='ocrx_word' id='word_1_904' title='bbox 2776 4173 2949 4230; x_wconf 85' lang='lat' dir='ltr'><strong>factos</strong></span> <span class='ocrx_word' id='word_1_905' title='bbox 2974 4187 3056 4231; x_wconf 89' lang='lat' dir='ltr'><strong>est</strong></span> <span class='ocrx_word' id='word_1_906' title='bbox 3078 4179 3160 4232; x_wconf 85' lang='lat' dir='ltr'><strong>via</strong></span> <span class='ocrx_word' id='word_1_907' title='bbox 3185 4198 3198 4233; x_wconf 91' lang='lat'><strong>:</strong></span> <span class='ocrx_word' id='word_1_908' title='bbox 3227 4179 3420 4236; x_wconf 82' lang='lat' dir='ltr'><strong>Intrate</strong></span> <span class='ocrx_word' id='word_1_909' title='bbox 3445 4200 3534 4253; x_wconf 82' lang='lat' dir='ltr'><strong>per</strong></span> <span class='ocrx_word' id='word_1_910' title='bbox 3551 4201 3715 4256; x_wconf 77' lang='lat' dir='ltr'><strong>angu-</strong></span> 
     </span>
    </p>
   </div>
   <div class='ocr_carea' id='block_1_109' title="bbox 2130 4265 3714 4347">
    <p class='ocr_par' dir='ltr' id='par_1_109' title="bbox 2130 4265 3714 4347">
     <span class='ocr_line' id='line_1_113' title="bbox 2130 4265 3714 4347; baseline 0.008 -28"><span class='ocrx_word' id='word_1_911' title='bbox 2130 4273 2260 4319; x_wconf 85' lang='lat' dir='ltr'><strong>stam</strong></span> <span class='ocrx_word' id='word_1_912' title='bbox 2286 4274 2485 4333; x_wconf 85' lang='lat' dir='ltr'><strong>portam</strong></span> <span class='ocrx_word' id='word_1_913' title='bbox 2511 4265 2724 4339; x_wconf 70' lang='lat' dir='ltr'><strong>(Matth.</strong></span> <span class='ocrx_word' id='word_1_914' title='bbox 2755 4281 2848 4333; x_wconf 84' lang='lat' dir='ltr'><strong>vn,</strong></span> <span class='ocrx_word' id='word_1_915' title='bbox 2880 4271 2948 4324; x_wconf 74' lang='grc'><strong>15</strong></span> <span class='ocrx_word' id='word_1_916' title='bbox 2967 4269 3010 4342; x_wconf 89' lang='grc'><strong>).</strong></span> <span class='ocrx_word' id='word_1_917' title='bbox 3036 4269 3271 4327; x_wconf 84' lang='lat' dir='ltr'><strong>Conatur</strong></span> <span class='ocrx_word' id='word_1_918' title='bbox 3293 4276 3518 4344; x_wconf 71' lang='lat' dir='ltr'><strong>ingredi,</strong></span> <span class='ocrx_word' id='word_1_919' title='bbox 3547 4277 3714 4347; x_wconf 86' lang='lat' dir='ltr'><strong>impe-</strong></span> 
     </span>
    </p>
   </div>
   <div class='ocr_carea' id='block_1_110' title="bbox 2131 4358 3716 4440">
    <p class='ocr_par' dir='ltr' id='par_1_110' title="bbox 2131 4358 3716 4440">
     <span class='ocr_line' id='line_1_114' title="bbox 2131 4358 3716 4440; baseline 0.008 -27"><span class='ocrx_word' id='word_1_920' title='bbox 2131 4358 2208 4413; x_wconf 83' lang='lat' dir='ltr'><strong>dit</strong></span> <span class='ocrx_word' id='word_1_921' title='bbox 2233 4369 2444 4414; x_wconf 87' lang='lat' dir='ltr'><strong>tumor:</strong></span> <span class='ocrx_word' id='word_1_922' title='bbox 2474 4369 2529 4415; x_wconf 92' lang='lat' dir='ltr'><strong>et</strong></span> <span class='ocrx_word' id='word_1_923' title='bbox 2553 4369 2705 4415; x_wconf 83' lang='lat' dir='ltr'><strong>tanto</strong></span> <span class='ocrx_word' id='word_1_924' title='bbox 2735 4364 2902 4432; x_wconf 85' lang='lat' dir='ltr'><strong>magis</strong></span> <span class='ocrx_word' id='word_1_925' title='bbox 2927 4367 3222 4433; x_wconf 82' lang='lat' dir='ltr'><strong>perniciose</strong></span> <span class='ocrx_word' id='word_1_926' title='bbox 3245 4378 3486 4434; x_wconf 80' lang='lat' dir='ltr'><strong>conatur,</strong></span> <span class='ocrx_word' id='word_1_927' title='bbox 3513 4380 3716 4440; x_wconf 82' lang='lat' dir='ltr'><strong>quanto</strong></span> 
     </span>
    </p>
   </div>
   <div class='ocr_carea' id='block_1_111' title="bbox 2131 4450 3710 4530">
    <p class='ocr_par' dir='ltr' id='par_1_111' title="bbox 2131 4450 3710 4530">
     <span class='ocr_line' id='line_1_115' title="bbox 2131 4450 3710 4530; baseline 0.007 -26"><span class='ocrx_word' id='word_1_928' title='bbox 2131 4451 2298 4520; x_wconf 83' lang='lat' dir='ltr'><strong>magis</strong></span> <span class='ocrx_word' id='word_1_929' title='bbox 2323 4450 2543 4521; x_wconf 89' lang='lat' dir='ltr'><strong>impedit</strong></span> <span class='ocrx_word' id='word_1_930' title='bbox 2563 4459 2757 4506; x_wconf 71' lang='lat' dir='ltr'><strong>tumor.</strong></span> <span class='ocrx_word' id='word_1_931' title='bbox 2781 4453 3064 4510; x_wconf 85' lang='lat' dir='ltr'><strong>Tumidum</strong></span> <span class='ocrx_word' id='word_1_932' title='bbox 3081 4459 3228 4511; x_wconf 83' lang='lat' dir='ltr'><strong>enim</strong></span> <span class='ocrx_word' id='word_1_933' title='bbox 3253 4470 3409 4514; x_wconf 81' lang='lat' dir='ltr'><strong>vexat</strong></span> <span class='ocrx_word' id='word_1_934' title='bbox 3429 4462 3669 4530; x_wconf 77' lang='lat' dir='ltr'><strong>angustia</strong></span> <span class='ocrx_word' id='word_1_935' title='bbox 3691 4478 3710 4529; x_wconf 85' lang='lat'><strong>;</strong></span> 
     </span>
    </p>
   </div>
   <div class='ocr_carea' id='block_1_112' title="bbox 2129 4544 3712 4621">
    <p class='ocr_par' dir='ltr' id='par_1_112' title="bbox 2129 4544 3712 4621">
     <span class='ocr_line' id='line_1_116' title="bbox 2129 4544 3712 4621; baseline 0.009 -25"><span class='ocrx_word' id='word_1_936' title='bbox 2129 4545 2352 4596; x_wconf 79' lang='lat' dir='ltr'><strong>vexatus</strong></span> <span class='ocrx_word' id='word_1_937' title='bbox 2395 4551 2572 4596; x_wconf 84' lang='lat' dir='ltr'><strong>autem</strong></span> <span class='ocrx_word' id='word_1_938' title='bbox 2621 4544 2849 4612; x_wconf 86' lang='lat' dir='ltr'><strong>amplius</strong></span> <span class='ocrx_word' id='word_1_939' title='bbox 2893 4549 3188 4614; x_wconf 78' lang='lat' dir='ltr'><strong>tumebit&#39;;</strong></span> <span class='ocrx_word' id='word_1_940' title='bbox 3231 4553 3456 4621; x_wconf 81' lang='lat' dir='ltr'><strong>amplius</strong></span> <span class='ocrx_word' id='word_1_941' title='bbox 3501 4562 3712 4611; x_wconf 82' lang='lat' dir='ltr'><strong>tumens</strong></span> 
     </span>
    </p>
   </div>
   <div class='ocr_carea' id='block_1_113' title="bbox 2131 4631 3714 4705">
    <p class='ocr_par' dir='ltr' id='par_1_113' title="bbox 2131 4631 3714 4705">
     <span class='ocr_line' id='line_1_117' title="bbox 2131 4631 3714 4705; baseline 0.009 -22"><span class='ocrx_word' id='word_1_942' title='bbox 2131 4631 2342 4702; x_wconf 80' lang='lat' dir='ltr'><strong>quando</strong></span> <span class='ocrx_word' id='word_1_943' title='bbox 2367 4633 2618 4688; x_wconf 85' lang='lat' dir='ltr'><strong>intrabit?</strong></span> <span class='ocrx_word' id='word_1_944' title='bbox 2639 4634 2777 4705; x_wconf 84' lang='lat' dir='ltr'><strong>Ergo</strong></span> <span class='ocrx_word' id='word_1_945' title='bbox 2796 4635 3140 4693; x_wconf 84' lang='lat' dir='ltr'><strong>detumescat.</strong></span> <span class='ocrx_word' id='word_1_946' title='bbox 3165 4639 3319 4698; x_wconf 86' lang='lat' dir='ltr'><strong>Unde</strong></span> <span class='ocrx_word' id='word_1_947' title='bbox 3339 4642 3714 4700; x_wconf 65' lang='lat' dir='ltr'><strong>detumescit‘?</strong></span> 
     </span>
    </p>
   </div>
   <div class='ocr_carea' id='block_1_114' title="bbox 2132 4723 3712 4792">
    <p class='ocr_par' dir='ltr' id='par_1_114' title="bbox 2132 4723 3712 4792">
     <span class='ocr_line' id='line_1_118' title="bbox 2132 4723 3712 4792; baseline 0.009 -15"><span class='ocrx_word' id='word_1_948' title='bbox 2132 4723 2369 4792; x_wconf 77' lang='lat' dir='ltr'><strong>Accipiat</strong></span> <span class='ocrx_word' id='word_1_949' title='bbox 2413 4723 2721 4781; x_wconf 85' lang='lat' dir='ltr'><strong>humilitatis</strong></span> <span class='ocrx_word' id='word_1_950' title='bbox 2765 4729 3216 4787; x_wconf 76' lang='lat' dir='ltr'><strong>medicamentum</strong></span> <span class='ocrx_word' id='word_1_951' title='bbox 3260 4749 3274 4786; x_wconf 91' lang='lat'><strong>:</strong></span> <span class='ocrx_word' id='word_1_952' title='bbox 3319 4734 3472 4790; x_wconf 84' lang='lat' dir='ltr'><strong>bibat</strong></span> <span class='ocrx_word' id='word_1_953' title='bbox 3527 4747 3712 4792; x_wconf 81' lang='lat' dir='ltr'><strong>contra</strong></span> 
     </span>
    </p>
   </div>
   <div class='ocr_carea' id='block_1_115' title="bbox 2134 4820 3715 4902">
    <p class='ocr_par' dir='ltr' id='par_1_115' title="bbox 2134 4820 3715 4902">
     <span class='ocr_line' id='line_1_119' title="bbox 2134 4820 3715 4902; baseline 0.011 -32"><span class='ocrx_word' id='word_1_954' title='bbox 2134 4823 2396 4871; x_wconf 89' lang='lat' dir='ltr'><strong>tumorem</strong></span> <span class='ocrx_word' id='word_1_955' title='bbox 2427 4820 2671 4887; x_wconf 88' lang='lat' dir='ltr'><strong>poculum</strong></span> <span class='ocrx_word' id='word_1_956' title='bbox 2695 4834 2961 4890; x_wconf 80' lang='lat' dir='ltr'><strong>amarum,</strong></span> <span class='ocrx_word' id='word_1_957' title='bbox 2989 4823 3083 4879; x_wconf 85' lang='lat' dir='ltr'><strong>sed</strong></span> <span class='ocrx_word' id='word_1_958' title='bbox 3112 4826 3353 4893; x_wconf 71' lang='lat' dir='ltr'><strong>Salubre;</strong></span> <span class='ocrx_word' id='word_1_959' title='bbox 3373 4828 3524 4885; x_wconf 83' lang='lat' dir='ltr'><strong>bibat</strong></span> <span class='ocrx_word' id='word_1_960' title='bbox 3550 4845 3715 4902; x_wconf 79' lang='lat' dir='ltr'><strong>pocu-</strong></span> 
     </span>
    </p>
   </div>
   <div class='ocr_carea' id='block_1_116' title="bbox 2196 4971 3715 5043">
    <p class='ocr_par' dir='ltr' id='par_1_116' title="bbox 2196 4971 3715 5043">
     <span class='ocr_line' id='line_1_120' title="bbox 2196 4971 3715 5043; baseline 0.01 -24"><span class='ocrx_word' id='word_1_961' title='bbox 2196 4972 2212 5041; x_wconf 65' lang='lat' dir='ltr'>f</span> <span class='ocrx_word' id='word_1_962' title='bbox 2238 4971 2311 5020; x_wconf 89' lang='lat' dir='ltr'><strong>sic</strong></span> <span class='ocrx_word' id='word_1_963' title='bbox 2351 4983 2523 5043; x_wconf 81' lang='lat' dir='ltr'><strong>omnes</strong></span> <span class='ocrx_word' id='word_1_964' title='bbox 2555 4985 2710 5043; x_wconf 82' lang='lat' dir='ltr'><strong>prope</strong></span> <span class='ocrx_word' id='word_1_965' title='bbox 2742 4980 2852 5043; x_wconf 69' lang='lat' dir='ltr'><strong>uss.</strong></span> <span class='ocrx_word' id='word_1_966' title='bbox 2900 4981 2957 5024; x_wconf 80' lang='lat' dir='ltr'><strong>At</strong></span> <span class='ocrx_word' id='word_1_967' title='bbox 3001 4975 3120 5043; x_wconf 78' lang='lat' dir='ltr'><strong>editi</strong></span> <span class='ocrx_word' id='word_1_968' title='bbox 3151 4978 3200 5026; x_wconf 91' lang='lat' dir='ltr'><strong>in</strong></span> <span class='ocrx_word' id='word_1_969' title='bbox 3222 4979 3386 5043; x_wconf 70' lang='lat' dir='ltr'><strong>classe</strong></span> <span class='ocrx_word' id='word_1_970' title='bbox 3410 4979 3715 5036; x_wconf 83' lang='lat' dir='ltr'><strong>Homiliarum</strong></span> 
     </span>
    </p>
   </div>
   <div class='ocr_carea' id='block_1_117' title="bbox 2133 5036 3714 5104">
    <p class='ocr_par' dir='ltr' id='par_1_117' title="bbox 2133 5036 3714 5104">
     <span class='ocr_line' id='line_1_121' title="bbox 2133 5036 3714 5104; baseline 0.009 -23"><span class='ocrx_word' id='word_1_971' title='bbox 2133 5036 2506 5104; x_wconf 56' lang='lat' dir='ltr'><strong>quinquaginta,</strong></span> <span class='ocrx_word' id='word_1_972' title='bbox 2551 5036 2636 5086; x_wconf 84' lang='lat' dir='ltr'><strong>sed</strong></span> <span class='ocrx_word' id='word_1_973' title='bbox 2660 5037 2886 5104; x_wconf 36' lang='lat' dir='ltr'><strong>amando-</strong></span> <span class='ocrx_word' id='word_1_974' title='bbox 2902 5038 3133 5089; x_wconf 81' lang='lat' dir='ltr'><strong>mundum</strong></span> <span class='ocrx_word' id='word_1_975' title='bbox 3155 5039 3298 5091; x_wconf 79' lang='lat' dir='ltr'><strong>oblita</strong></span> <span class='ocrx_word' id='word_1_976' title='bbox 3319 5048 3388 5104; x_wconf 78' lang='lat' dir='ltr'><strong>est</strong></span> <span class='ocrx_word' id='word_1_977' title='bbox 3412 5056 3479 5092; x_wconf 87' lang='lat' dir='ltr'><strong>se.</strong></span> <span class='ocrx_word' id='word_1_978' title='bbox 3507 5044 3598 5094; x_wconf 67' lang='lat' dir='ltr'><strong>sed</strong></span> <span class='ocrx_word' id='word_1_979' title='bbox 3620 5058 3714 5094; x_wconf 87' lang='lat' dir='ltr'><strong>non</strong></span> 
     </span>
    </p>
   </div>
   <div class='ocr_carea' id='block_1_118' title="bbox 2131 5093 3713 5170">
    <p class='ocr_par' dir='ltr' id='par_1_118' title="bbox 2131 5093 3713 5170">
     <span class='ocr_line' id='line_1_122' title="bbox 2131 5093 3713 5170; baseline 0.008 -30"><span class='ocrx_word' id='word_1_980' title='bbox 2131 5093 2339 5170; x_wconf 49' lang='lat' dir='ltr'><strong>immitto</strong></span> <span class='ocrx_word' id='word_1_981' title='bbox 2355 5093 2594 5170; x_wconf 70' lang='lat' dir='ltr'><strong>artiﬁcem</strong></span> <span class='ocrx_word' id='word_1_982' title='bbox 2616 5097 2940 5170; x_wconf 60' lang='lat' dir='ltr'><strong>munitipnlsa</strong></span> <span class='ocrx_word' id='word_1_983' title='bbox 2962 5107 3038 5170; x_wconf 61' lang='lat' dir='ltr'><strong>est</strong></span> <span class='ocrx_word' id='word_1_984' title='bbox 3053 5106 3097 5151; x_wconf 90' lang='lat' dir='ltr'><strong>et</strong></span> <span class='ocrx_word' id='word_1_985' title='bbox 3118 5115 3153 5170; x_wconf 70' lang='lat' dir='ltr'><strong>tt</strong></span> <span class='ocrx_word' id='word_1_986' title='bbox 3169 5115 3236 5152; x_wconf 83' lang='lat' dir='ltr'><strong>se.</strong></span> <span class='ocrx_word' id='word_1_987' title='bbox 3262 5102 3405 5154; x_wconf 74' lang='lat' dir='ltr'><strong>Pulsa</strong></span> <span class='ocrx_word' id='word_1_988' title='bbox 3435 5117 3569 5170; x_wconf 79' lang='lat' dir='ltr'><strong>ergo,</strong></span> 
     </span>
    </p>
   </div>
   <div class='ocr_carea' id='block_1_119' title="bbox 2132 5159 3715 5231">
    <p class='ocr_par' dir='ltr' id='par_1_119' title="bbox 2132 5159 3715 5231">
     <span class='ocr_line' id='line_1_123' title="bbox 2132 5159 3715 5231; baseline 0.011 -30"><span class='ocrx_word' id='word_1_989' title='bbox 2267 5159 2630 5231; x_wconf 37' lang='lat' dir='ltr'><strong>sermonum-tle</strong></span> <span class='ocrx_word' id='word_1_990' title='bbox 2654 5159 2824 5231; x_wconf 65' lang='lat' dir='ltr'><strong>verbis</strong></span> <span class='ocrx_word' id='word_1_991' title='bbox 2844 5163 3044 5230; x_wconf 66' lang='lat' dir='ltr'><strong>Quidni,</strong></span> <span class='ocrx_word' id='word_1_992' title='bbox 3066 5162 3209 5231; x_wconf 57' lang='lat' dir='ltr'><strong>pulsa</strong></span> <span class='ocrx_word' id='word_1_993' title='bbox 3225 5170 3294 5215; x_wconf 77' lang='lat' dir='ltr'><strong>est</strong></span> <span class='ocrx_word' id='word_1_994' title='bbox 3313 5178 3429 5229; x_wconf 65' lang='lat' dir='ltr'><strong>ergo</strong></span> <span class='ocrx_word' id='word_1_995' title='bbox 3450 5159 3569 5227; x_wconf 47' lang='lat' dir='ltr'><strong>ause,</strong></span> 
     </span>
    </p>
   </div>
   <div class='ocr_carea' id='block_1_120' title="bbox 2132 5218 3714 5328">
    <p class='ocr_par' dir='ltr' id='par_1_120' title="bbox 2132 5218 3714 5328">
     <span class='ocr_line' id='line_1_124' title="bbox 2133 5218 3714 5292; baseline 0.007 -24"><span class='ocrx_word' id='word_1_996' title='bbox 2133 5219 2340 5268; x_wconf 84' lang='lat' dir='ltr'><strong>amando</strong></span> <span class='ocrx_word' id='word_1_997' title='bbox 2359 5218 2572 5292; x_wconf 69' lang='lat' dir='ltr'><strong>perdidit</strong></span> <span class='ocrx_word' id='word_1_998' title='bbox 2594 5233 2645 5269; x_wconf 83' lang='lat' dir='ltr'><strong>se</strong></span> <span class='ocrx_word' id='word_1_999' title='bbox 2673 5233 2691 5270; x_wconf 89' lang='lat'><em>:</em></span> <span class='ocrx_word' id='word_1_1000' title='bbox 2715 5227 2761 5271; x_wconf 89' lang='lat' dir='ltr'><strong>et</strong></span> <span class='ocrx_word' id='word_1_1001' title='bbox 2792 5220 2905 5285; x_wconf 85' lang='lat' dir='ltr'><strong>quia</strong></span> <span class='ocrx_word' id='word_1_1002' title='bbox 2939 5218 3041 5273; x_wconf 61' lang='lat' dir='ltr'><strong>nec&#39;</strong></span> <span class='ocrx_word' id='word_1_1003' title='bbox 3057 5225 3186 5289; x_wconf 82' lang='lat' dir='ltr'><strong>facta</strong></span> <span class='ocrx_word' id='word_1_1004' title='bbox 3213 5240 3330 5288; x_wconf 84' lang='lat' dir='ltr'><strong>sua,</strong></span> <span class='ocrx_word' id='word_1_1005' title='bbox 3370 5218 3466 5278; x_wconf 81' lang='lat' dir='ltr'><strong>etc.</strong></span> <span class='ocrx_word' id='word_1_1006' title='bbox 3511 5218 3585 5280; x_wconf 73' lang='lat' dir='ltr'><strong>Sic</strong></span> <span class='ocrx_word' id='word_1_1007' title='bbox 3601 5218 3714 5279; x_wconf 72' lang='lat' dir='ltr'><strong>&#39;t’ere</strong></span> 
     </span>
     <span class='ocr_line' id='line_1_125' title="bbox 2132 5283 2624 5328; baseline 0.004 -2"><span class='ocrx_word' id='word_1_1008' title='bbox 2132 5287 2232 5328; x_wconf 82' lang='lat' dir='ltr'><strong>Am.</strong></span> <span class='ocrx_word' id='word_1_1009' title='bbox 2261 5287 2312 5328; x_wconf 91' lang='lat' dir='ltr'><strong>et</strong></span> <span class='ocrx_word' id='word_1_1010' title='bbox 2335 5286 2406 5328; x_wconf 85' lang='lat' dir='ltr'><strong>Er.</strong></span> <span class='ocrx_word' id='word_1_1011' title='bbox 2425 5283 2624 5328; x_wconf 78' lang='lat' dir='ltr'><strong>tmdem.</strong></span> 
     </span>
    </p>
   </div>
   <div class='ocr_carea' id='block_1_121' title="bbox 2167 5291 2624 5330">
    <p class='ocr_par' dir='ltr' id='par_1_121' title="bbox 2167 5291 2624 5330">
     <span class='ocr_line' id='line_1_126' title="bbox 2167 5291 2624 5330; baseline 0.007 -3"><span class='ocrx_word' id='word_1_1012' title='bbox 2167 5292 2232 5328; x_wconf 87' lang='lat' dir='ltr'><strong>m.</strong></span> <span class='ocrx_word' id='word_1_1013' title='bbox 2261 5291 2312 5328; x_wconf 74' lang='lat' dir='ltr'><strong>CI.</strong></span> <span class='ocrx_word' id='word_1_1014' title='bbox 2335 5291 2406 5328; x_wconf 81' lang='lat' dir='ltr'><strong>El‘.</strong></span> <span class='ocrx_word' id='word_1_1015' title='bbox 2425 5291 2624 5330; x_wconf 74' lang='lat' dir='ltr'><strong>mutem.</strong></span> 
     </span>
    </p>
   </div>
   <div class='ocr_carea' id='block_1_122' title="bbox 2196 5343 3715 5413">
    <p class='ocr_par' dir='ltr' id='par_1_122' title="bbox 2196 5343 3715 5413">
     <span class='ocr_line' id='line_1_127' title="bbox 2196 5343 3715 5413; baseline 0.012 -25"><span class='ocrx_word' id='word_1_1016' title='bbox 2196 5343 2217 5372; x_wconf 76' lang='grc'><strong><em>³</em></strong></span> <span class='ocrx_word' id='word_1_1017' title='bbox 2233 5348 2281 5410; x_wconf 75' lang='lat' dir='ltr'><strong>In</strong></span> <span class='ocrx_word' id='word_1_1018' title='bbox 2305 5351 2405 5390; x_wconf 70' lang='lat' dir='ltr'><strong>\Iss.</strong></span> <span class='ocrx_word' id='word_1_1019' title='bbox 2429 5345 2792 5413; x_wconf 40' lang='lat' dir='ltr'><strong>sermonum-de</strong></span> <span class='ocrx_word' id='word_1_1020' title='bbox 2807 5347 2976 5397; x_wconf 82' lang='lat' dir='ltr'><strong>verbis</strong></span> <span class='ocrx_word' id='word_1_1021' title='bbox 3001 5349 3185 5402; x_wconf 81' lang='lat' dir='ltr'><strong>nomini</strong></span> <span class='ocrx_word' id='word_1_1022' title='bbox 3209 5350 3372 5413; x_wconf 85' lang='lat' dir='ltr'><strong>deest,</strong></span> <span class='ocrx_word' id='word_1_1023' title='bbox 3391 5350 3630 5406; x_wconf 75' lang='lat' dir='ltr'><strong>hominem</strong></span> <span class='ocrx_word' id='word_1_1024' title='bbox 3645 5353 3715 5405; x_wconf 78' lang='lat' dir='ltr'><strong>ad</strong></span> 
     </span>
    </p>
   </div>
   <div class='ocr_carea' id='block_1_123' title="bbox 2131 5406 3716 5535">
    <p class='ocr_par' dir='ltr' id='par_1_123' title="bbox 2131 5406 3716 5535">
     <span class='ocr_line' id='line_1_128' title="bbox 2131 5406 3370 5467; baseline 0.014 -19"><span class='ocrx_word' id='word_1_1025' title='bbox 2131 5406 2388 5467; x_wconf 79' lang='lat' dir='ltr'><strong>imaginem</strong></span> <span class='ocrx_word' id='word_1_1026' title='bbox 2407 5409 2452 5454; x_wconf 88' lang='lat' dir='ltr'><strong>et</strong></span> <span class='ocrx_word' id='word_1_1027' title='bbox 2473 5406 2832 5456; x_wconf 74' lang='lat' dir='ltr'><strong>similitudinem</strong></span> <span class='ocrx_word' id='word_1_1028' title='bbox 2851 5422 3006 5460; x_wconf 84' lang='lat' dir='ltr'><strong>suam.</strong></span> <span class='ocrx_word' id='word_1_1029' title='bbox 3357 5406 3370 5413; x_wconf 58' lang='grc'><strong>⁷</strong></span> 
     </span>
     <span class='ocr_line' id='line_1_129' title="bbox 2197 5466 3716 5535; baseline 0.013 -24"><span class='ocrx_word' id='word_1_1030' title='bbox 2197 5466 2218 5496; x_wconf 83' lang='grc'>⁸</span> <span class='ocrx_word' id='word_1_1031' title='bbox 2237 5478 2338 5535; x_wconf 49' lang='lat' dir='ltr'><strong>uss.</strong></span> <span class='ocrx_word' id='word_1_1032' title='bbox 2357 5466 2660 5535; x_wconf 72' lang='lat' dir='ltr'><strong>Homiliarum</strong></span> <span class='ocrx_word' id='word_1_1033' title='bbox 2680 5470 3043 5535; x_wconf 79' lang='lat' dir='ltr'><strong>quinquaginta,</strong></span> <span class='ocrx_word' id='word_1_1034' title='bbox 3082 5472 3333 5526; x_wconf 78' lang='lat' dir='ltr'><strong>Tumidum</strong></span> <span class='ocrx_word' id='word_1_1035' title='bbox 3351 5474 3716 5528; x_wconf 73' lang='lat' dir='ltr'><strong>enitan</strong></span> 
     </span>
    </p>
   </div>
   <div class='ocr_carea' id='block_1_124' title="bbox 2133 5525 3148 5592">
    <p class='ocr_par' dir='ltr' id='par_1_124' title="bbox 2133 5525 3148 5592">
     <span class='ocr_line' id='line_1_130' title="bbox 2133 5525 3148 5592; baseline 0.011 -18"><span class='ocrx_word' id='word_1_1036' title='bbox 2133 5525 2339 5588; x_wconf 61' lang='lat' dir='ltr'><strong>mplius</strong></span> <span class='ocrx_word' id='word_1_1037' title='bbox 2351 5526 2548 5580; x_wconf 78' lang='lat' dir='ltr'><strong>tumebit</strong></span> <span class='ocrx_word' id='word_1_1038' title='bbox 2569 5544 2585 5588; x_wconf 82' lang='lat'><strong>,&#39;</strong></span> <span class='ocrx_word' id='word_1_1039' title='bbox 2606 5525 3148 5592; x_wconf 47' lang='lat' dir='ltr'><strong>mriiti-«s&#39;tumens,&#39;ete.</strong></span> 
     </span>
    </p>
   </div>
   <div class='ocr_carea' id='block_1_125' title="bbox 2197 5591 3712 5657">
    <p class='ocr_par' dir='ltr' id='par_1_125' title="bbox 2197 5591 3712 5657">
     <span class='ocr_line' id='line_1_131' title="bbox 2197 5591 3712 5657; baseline 0.011 -20"><span class='ocrx_word' id='word_1_1040' title='bbox 2197 5591 2343 5657; x_wconf 74' lang='lat' dir='ltr'><strong>&quot;_Mss.</strong></span> <span class='ocrx_word' id='word_1_1041' title='bbox 2361 5599 2640 5657; x_wconf 67' lang='lat' dir='ltr'><strong>sermonum</strong></span> <span class='ocrx_word' id='word_1_1042' title='bbox 2675 5591 2737 5640; x_wconf 85' lang='lat' dir='ltr'><strong>de</strong></span> <span class='ocrx_word' id='word_1_1043' title='bbox 2761 5596 2931 5657; x_wconf 70' lang='lat' dir='ltr'><strong>Verbis</strong></span> <span class='ocrx_word' id='word_1_1044' title='bbox 2965 5598 3164 5657; x_wconf 65' lang='lat' dir='ltr'><strong>DOIHilli,</strong></span> <span class='ocrx_word' id='word_1_1045' title='bbox 3207 5599 3424 5657; x_wconf 86' lang='lat' dir='ltr'><strong>cditique</strong></span> <span class='ocrx_word' id='word_1_1046' title='bbox 3445 5609 3548 5649; x_wconf 80' lang='lat' dir='ltr'><strong>Am.</strong></span> <span class='ocrx_word' id='word_1_1047' title='bbox 3573 5607 3712 5654; x_wconf 83' lang='lat' dir='ltr'><strong>etEt‘.</strong></span> 
     </span>
    </p>
   </div>
   <div class='ocr_carea' id='block_1_126' title="bbox 2131 5650 3715 5765">
    <p class='ocr_par' dir='ltr' id='par_1_126' title="bbox 2131 5650 3715 5765">
     <span class='ocr_line' id='line_1_132' title="bbox 2131 5650 3715 5765; baseline 0.009 -67"><span class='ocrx_word' id='word_1_1048' title='bbox 2131 5650 2428 5765; x_wconf 51' lang='grc' dir='ltr'><strong>ἑιιιῖῃο</strong></span> <span class='ocrx_word' id='word_1_1049' title='bbox 2460 5654 2766 5715; x_wconf 82' lang='lat' dir='ltr'><strong>detumescat,</strong></span> <span class='ocrx_word' id='word_1_1050' title='bbox 2793 5654 2838 5705; x_wconf 87' lang='lat' dir='ltr'><strong>si</strong></span> <span class='ocrx_word' id='word_1_1051' title='bbox 2863 5655 2994 5717; x_wconf 77' lang='lat' dir='ltr'><strong>cupit</strong></span> <span class='ocrx_word' id='word_1_1052' title='bbox 3005 5650 3212 5722; x_wconf 71' lang='lat' dir='ltr'><strong>ingredi.</strong></span> <span class='ocrx_word' id='word_1_1053' title='bbox 3242 5650 3376 5712; x_wconf 66' lang='lat' dir='ltr'><strong>unde</strong></span> <span class='ocrx_word' id='word_1_1054' title='bbox 3391 5668 3555 5714; x_wconf 81' lang='lat' dir='ltr'><strong>autem</strong></span> <span class='ocrx_word' id='word_1_1055' title='bbox 3583 5650 3715 5715; x_wconf 64' lang='grc' dir='ltr'><strong>ἄατιέ</strong></span> 
     </span>
    </p>
   </div>
   <div class='ocr_carea' id='block_1_127' title="bbox 2197 5773 3361 5842">
    <p class='ocr_par' dir='ltr' id='par_1_127' title="bbox 2197 5773 3361 5842">
     <span class='ocr_line' id='line_1_133' title="bbox 2197 5773 3361 5842; baseline 0.007 -16"><span class='ocrx_word' id='word_1_1056' title='bbox 2197 5774 2272 5840; x_wconf 81' lang='grc' dir='ltr'><strong>(α)</strong></span> <span class='ocrx_word' id='word_1_1057' title='bbox 2293 5773 2410 5825; x_wconf 80' lang='lat' dir='ltr'><strong>vide</strong></span> <span class='ocrx_word' id='word_1_1058' title='bbox 2432 5781 2584 5828; x_wconf 71' lang='lat' dir='ltr'><strong>tract.</strong></span> <span class='ocrx_word' id='word_1_1059' title='bbox 2607 5775 2638 5827; x_wconf 76' lang='lat'><strong>2</strong></span> <span class='ocrx_word' id='word_1_1060' title='bbox 2666 5778 2715 5828; x_wconf 90' lang='lat' dir='ltr'><strong>in</strong></span> <span class='ocrx_word' id='word_1_1061' title='bbox 2735 5777 3043 5842; x_wconf 73' lang='lat' dir='ltr'><strong>Evangelium</strong></span> <span class='ocrx_word' id='word_1_1062' title='bbox 3065 5789 3218 5842; x_wconf 63' lang='lat' dir='ltr'><strong>toan,</strong></span> <span class='ocrx_word' id='word_1_1063' title='bbox 3242 5795 3293 5834; x_wconf 91' lang='lat' dir='ltr'><strong>n.</strong></span> <span class='ocrx_word' id='word_1_1064' title='bbox 3314 5783 3361 5834; x_wconf 91' lang='lat'><strong>8.</strong></span> 
     </span>
    </p>
   </div>
  </div>
