4098 6310
383 369 487 431 781

385 489 499 549 lum
526 486 855 544 hum.atatis.
880 485 1017 555 Quid
1045 499 1105 542 se
1129 484 1329 540 arctat?
1350 482 1464 539 Non
1489 479 1616 538 sinit
1639 478 1825 544 moles,
1856 491 1963 532 non

388 598 576 653 magna
596 621 611 641 .
653 580 748 636 sed
778 578 996 633 tumida.
1023 575 1322 647 Magnitudo
1350 575 1489 630 enim
1519 571 1836 627 soliditatem
1864 567 1962 623 ha-

386 671 498 737 bet,
527 681 703 726 tumor
732 670 1075 727 inﬂationem.
1104 667 1220 723 Non
1249 666 1350 722 sibi
1379 678 1600 736 magnus
1629 661 1857 718 tumidus
1881 658 1963 715 vi-

386 766 578 825 deatur
608 782 621 820 :
652 764 1001 829 delumescat,
1029 770 1087 819 ut
1114 776 1336 831 magnus
1361 760 1450 825 sit,
1477 767 1535 813 ut
1563 765 1760 822 certus,
1787 762 1844 809 ut
1870 767 1962 807 so-

386 858 546 915 lidus.
576 856 690 913 Non
735 857 835 911 ista
862 853 1146 919 desideret,
1174 868 1279 907 non
1307 850 1376 907 de
1411 850 1509 903 ista
1552 861 1742 917 pompa
1786 858 1963 899 rerum

389 949 679 1005 labentium
725 945 1251 1014 corruptibiliumque
1285 942 1541 1013 glorietur
1572 958 1586 992 :
1626 938 1805 994 audiat
1839 950 1965 993 eum

387 1041 557 1113 ipsum
588 1038 677 1108 qui
705 1036 855 1099 dixit,
883 1034 1080 1090 Intrate
1107 1052 1195 1104 per
1218 1042 1482 1105 angustant
1508 1039 1724 1101 portam,
1763 1027 1963 1082 decen-

388 1140 517 1196 tem,
544 1128 657 1200 Ego
682 1145 793 1182 sum
818 1127 916 1181 via.
939 1126 1102 1195 Quasi
1121 1126 1262 1182 enim
1289 1129 1551 1194 quaereret
1578 1118 1828 1181 tumidus,
1849 1118 1962 1186 Qua

387 1222 637 1281 intrabo?
665 1220 775 1291 Ego
804 1236 915 1274 sum
939 1219 1038 1282 via,
1068 1218 1265 1287 inquit;
1291 1232 1385 1286 per
1413 1229 1499 1270 me
1526 1214 1663 1268 intra
1687 1231 1700 1266 :
1724 1227 1830 1266 non
1861 1210 1961 1265 nisi

387 1330 483 1386 per
520 1330 605 1369 me
633 1312 904 1380 ambulas,
947 1320 1004 1367 ut
1047 1312 1212 1367 intres
1250 1326 1345 1379 per
1377 1309 1612 1379 ianuam.
1642 1305 1785 1373 [Nam
1826 1304 1963 1358 sicut

386 1407 536 1471 dixit,
567 1404 677 1476 Ego
705 1421 816 1459 sum
844 1404 955 1468 via;
982 1404 1053 1458 ita
1077 1404 1257 1465 etiam,
1286 1399 1399 1470 Ego
1421 1416 1532 1453 sum
1550 1398 1718 1469 janua
1737 1396 1753 1427 ³
1783 1394 1959 1465 (Joan.

386 1514 442 1563 x,
472 1498 503 1551 7
532 1499 572 1565 ).
604 1496 741 1565 Quid
769 1496 964 1565 quarris
992 1509 1093 1565 qua
1121 1493 1328 1558 redeas,
1370 1506 1473 1562 quo
1502 1488 1714 1551 redeas,
1744 1501 1848 1559 qua
1877 1487 1961 1541 in-

385 1587 534 1644 tres?
560 1587 639 1643 Ne
686 1586 876 1641 alicubi
928 1600 1116 1652 erres,
1156 1585 1269 1654 ipse
1306 1584 1398 1637 tibi
1426 1581 1603 1636 omnia
1647 1578 1815 1634 factus
1857 1586 1957 1633 est.

384 1678 626 1734 Breviter
648 1692 774 1748 ergo
803 1677 964 1732 dicit:
992 1676 1215 1731 Humilis
1246 1684 1384 1741 esto,
1422 1673 1565 1728 mitis
1596 1680 1732 1728 esto.
1760 1671 1960 1725 Audia-

384 1785 505 1827 mus
527 1769 630 1825 hoc
647 1768 979 1840 apertissime
1002 1767 1289 1833 dicentem,
1312 1774 1369 1819 ut
1387 1763 1566 1819 videas
1592 1763 1612 1794 ³
1635 1777 1738 1832 qua
1758 1762 1827 1816 sit
1848 1762 1958 1830 via,

384 1878 502 1933 quas
531 1861 601 1917 sit
628 1861 733 1927 via,
765 1875 871 1930 quo
900 1859 969 1914 sit
1001 1859 1105 1914 via.
1136 1858 1254 1926 Quo
1284 1858 1363 1913 vis
1385 1855 1603 1911 venire?
1630 1854 1787 1909 Certe
1825 1852 1962 1909 forte

382 1954 600 2009 avaritia
629 1953 808 2008 omnia
835 1952 915 2007 vis
941 1951 1236 2022 possidere.
1263 1948 1447 2004 Omnia
1475 1947 1599 2002 mihi
1624 1947 1809 2001 tradita
1846 1955 1962 2001 sunt

383 2064 418 2101 a
454 2045 611 2101 Patre
642 2060 773 2111 meo,
815 2042 984 2115 inquit
1009 2040 1221 2114 (Matth.
1250 2056 1325 2108 xi,
1351 2036 1480 2111 27).
1513 2037 1760 2093 Fortasse
1788 2036 1959 2091 dictu-

383 2152 475 2193 rus
513 2150 572 2193 es
598 2152 611 2187 :
640 2133 859 2199 Christo
899 2141 1021 2187 sunt
1060 2131 1271 2198 tradita,
1311 2127 1566 2199 numquid
1612 2126 1775 2182 mihi?
1823 2126 1962 2183 Audi

384 2227 697 2299 Apostolum
737 2225 1038 2281 dicentem:
1081 2223 1224 2288 audi,
1256 2229 1315 2275 ut
1351 2219 1459 2275 dixi
1498 2216 1808 2291 jamdudum
1832 2258 1848 2285 ,
1892 2231 1961 2274 ne

384 2302 759 2391 desperatione
784 2318 1071 2389 lrangaris;
1095 2314 1217 2371 audi
1243 2311 1511 2385 quomodo
1536 2318 1740 2366 amatus
1768 2324 1827 2365 es
1852 2323 1961 2364 non

383 2414 661 2481 amandus,
687 2412 811 2469 audi
839 2409 1105 2483 quomodo
1127 2416 1334 2464 amatus
1355 2421 1414 2462 es
1429 2405 1619 2475 turpis,
1641 2402 1830 2470 medus,
1859 2417 1958 2457 an-

384 2519 595 2580 tequam
623 2515 769 2565 esset
792 2505 846 2561 in
873 2513 925 2561 te
950 2502 1089 2574 quod
1115 2500 1283 2557 amari
1306 2499 1521 2569 dignum
1548 2504 1709 2554 esset.
1740 2497 1961 2550 Amatus

384 2616 445 2658 es
470 2600 637 2671 prius.
672 2606 730 2655 ut
757 2596 948 2666 dignus
975 2594 1133 2649 ﬁeres
1158 2590 1249 2661 qui
1277 2588 1555 2646 amareris.
1585 2585 1787 2642 Etenim
1808 2583 1959 2640 Chri-

383 2700 512 2757 stus,
535 2690 675 2747 sicut
699 2687 774 2742 ait
808 2683 1109 2756 Apostolus,
1135 2697 1225 2750 pro
1248 2680 1418 2749 impiis
1438 2685 1662 2733 mortuus
1682 2686 1752 2731 est
1784 2674 1957 2749 (Rom.

383 2796 440 2849 v,
466 2780 556 2852 6).
582 2780 663 2834 An
690 2779 827 2835 forte
851 2775 1043 2844 impius
1068 2772 1236 2829 amari
1260 2770 1594 2828 merebatur?
1623 2769 1814 2835 Qumro
1833 2765 1961 2836 quid

384 2872 687 2931 merebatur
707 2867 934 2939 impius?
964 2864 1213 2921 Damnari
1232 2904 1249 2930 ,
1278 2862 1588 2933 respondes.
1631 2859 1859 2915 Christus
1884 2866 1959 2914 ta-

384 2980 511 3023 men
534 2979 626 3033 pro
648 2960 818 3032 impiis
844 2967 1068 3015 mortuus
1094 2965 1185 3011 est.
1223 2955 1363 3010 Ecce
1392 2952 1518 3025 quid
1545 2951 1638 3009 tibi
1669 2950 1960 3023 praestitum

385 3064 469 3113 est
493 3054 678 3126 impio,
700 3053 808 3123 jam
835 3050 925 3124 pio
953 3048 1079 3120 quid
1105 3043 1380 3103 servatur?
1399 3044 1534 3117 Quid
1562 3044 1855 3117 praestitum
1879 3048 1963 3099 est

387 3146 589 3219 impio?
614 3145 843 3202 Christus
883 3158 975 3214 pro
1014 3140 1184 3211 impiis
1222 3146 1447 3194 mortuus
1482 3146 1573 3191 est.
1614 3135 1961 3194 Desiderabas

386 3248 566 3299 autem
594 3238 773 3293 omnia
798 3234 1104 3306 possidere:
1132 3232 1241 3287 noli
1268 3246 1361 3301 per
1382 3230 1696 3297 avaritiam;
1726 3244 1822 3300 per
1846 3229 1961 3298 pie-

388 3340 551 3391 tatem
592 3330 696 3387 hoc
736 3343 948 3401 quaere,
995 3342 1091 3398 per
1134 3325 1486 3382 humilitatem
1527 3322 1629 3378 hoc
1670 3336 1866 3393 quaere.
1905 3319 1964 3378 Si

387 3424 528 3481 enim
555 3424 626 3477 ita
650 3421 942 3494 quasieris,
966 3415 1529 3489 possidehis.'l‘encbis
1553 3412 1697 3471 enim
1717 3428 1840 3468 eum
1870 3426 1964 3482 per

389 3530 549 3588 quem
576 3513 714 3572 facta
741 3520 865 3571 sunt
893 3510 1094 3577 omnia,
1139 3516 1194 3565 et
1232 3521 1352 3565 cum
1382 3506 1497 3576 ipso
1523 3506 1700 3561 omnia
1726 3502 1966 3574 posside-

388 3606 470 3667 bis
496 3605 595 3679 (a).

460 3696 686 3757 CAPUT
723 3693 814 3750 Vl.
841 3721 914 3735 ——
956 3690 1010 3747 6.
1060 3689 1289 3745 Christus
1316 3686 1538 3743 medicus
1565 3686 1802 3757 poculum
1828 3685 1966 3755 prior

388 3801 575 3865 ingrato
619 3789 754 3846 bibit.
799 3786 916 3845 Non
959 3784 1073 3839 haec
1118 3796 1219 3838 nos
1259 3780 1407 3851 quasi
1445 3777 1809 3835 ratiocinando
1837 3777 1967 3833 dici-

387 3900 531 3942 mus.
562 3884 739 3953 ipsum
765 3878 887 3933 audi
914 3875 1227 3948 Apostolum
1248 3874 1540 3930 dicentem:
1569 3873 1667 3940 Qui
1686 3871 1821 3926 Filio
1844 3888 1965 3942 pro-

386 3978 505 4049 prio
528 3992 627 4029 non
658 3972 893 4045 pepercit,
914 3970 1002 4025 sed
1025 3986 1118 4042 pro
1145 3967 1287 4025 nobis
1312 3966 1540 4022 omnibus
1561 3965 1768 4020 tradidit
1788 3964 1967 4029 illum;

387 4066 637 4139 quomodo
666 4080 767 4118 non
794 4070 840 4117 et
865 4078 979 4116 cum
1004 4060 1092 4114 illo
1119 4059 1290 4115 omnia
1320 4055 1460 4111 nobis
1485 4055 1687 4110 donavit
1718 4054 1825 4125 (1d.
1848 4070 1967 4123 vui,

390 4157 458 4213 52
476 4156 527 4225 )?
559 4156 751 4220 Avare,
783 4166 909 4208 ecce
938 4150 1101 4205 habes
1127 4147 1323 4204 omnia.
1356 4146 1544 4202 Omnia
1572 4161 1689 4216 qua:
1717 4159 1882 4209 amas,
1912 4151 1971 4199 ut

391 4265 496 4305 non
518 4248 539 4279 ³
565 4246 872 4317 impediaris
901 4259 932 4299 a
953 4243 1186 4311 Christo,
1215 4247 1517 4306 contemne,
1558 4248 1613 4294 et
1645 4240 1813 4309 ipsum
1848 4248 1967 4293 tene

392 4340 447 4395 in
473 4354 577 4410 quo
609 4338 778 4409 pOSsis
804 4337 979 4391 omnia
1010 4334 1300 4405 possidere.
1329 4333 1447 4404 Ipse
1474 4346 1601 4404 ergo
1629 4331 1863 4387 medicus
1889 4331 1968 4387 ui-

393 4430 468 4485 bil
498 4429 583 4484 tali
629 4427 873 4498 indigens
911 4426 1319 4491 medicamento,
1349 4431 1525 4478 tamen
1570 4433 1626 4477 ut
1656 4422 1966 4476 exhortare-

393 4529 477 4577 tur
500 4532 780 4592 aegrotum,
811 4518 941 4575 bibit
969 4517 1110 4589 quod
1141 4530 1276 4587 opus
1304 4515 1353 4570 ei
1394 4531 1499 4569 non
1530 4522 1645 4569 erat
1673 4533 1686 4569 :
1718 4523 1966 4583 tanquam

391 4620 724 4669 recusantem
745 4609 1043 4680 alloquens,
1060 4616 1114 4663 et
1142 4606 1404 4677 trepidum
1426 4607 1635 4679 erigens
1653 4605 1786 4660 bibit
1802 4605 1965 4674 prior.

393 4702 634 4769 Calicem,
666 4702 855 4771 inquit,
881 4716 1027 4771 quem
1055 4715 1145 4769 ego
1193 4696 1438 4753 bibiturus
1470 4713 1585 4751 sunt
1620 4694 1839 4769 (Matth.
1870 4710 1964 4762 xx,

392 4795 501 4867 22)
533 4814 546 4849 :
576 4796 665 4867 qui
696 4796 749 4849 in
778 4809 863 4849 me
892 4809 997 4847 non
1030 4793 1198 4847 habeo
1222 4790 1364 4861 quod
1390 4790 1458 4844 ab
1489 4789 1578 4843 illo
1617 4788 1781 4843 calice
1815 4802 1971 4842 sane-

392 4896 500 4951 tur,
533 4887 794 4943 bibiturus
822 4901 940 4941 sum
985 4894 1182 4949 tamen,
1218 4898 1286 4938 ne
1328 4890 1383 4936 tu
1426 4881 1727 4952 dedigneris
1765 4880 1966 4946 bibere,

391 4981 477 5036 cui
505 4994 642 5050 opus
665 4988 745 5034 est
774 4986 834 5032 ut
858 4978 1027 5032 bibas.
1058 4976 1175 5032 Jam
1200 4974 1395 5039 videte,
1436 4972 1650 5039 fratres,
1675 4974 1720 5027 si
1744 4973 1971 5042 amplius

393 5080 655 5143 aegrotare
696 5071 858 5127 debet
885 5085 1053 5141 genus
1080 5068 1365 5123 humanum
1392 5076 1605 5137 accepta
1629 5073 1770 5120 tanta
1798 5064 1969 5119 medi-

392 5166 532 5221 cina.
566 5163 682 5220 Jam
722 5163 939 5218 humilis
977 5163 1116 5216 Deus
1176 5169 1229 5213 et
1266 5158 1440 5213 adhuc
1479 5158 1738 5229 superbus
1773 5156 1971 5212 homo?

456 5315 931 5370 ius-nominatum
968 5314 1332 5378 quinquaginta,
1370 5298 1809 5378 ut_intres,_partan
1842 5314 1915 5364 est
1952 5324 1971 5364 :

396 5388 490 5452 ego
507 5393 615 5452 sinu
767 5372 1085 5452 Intratur'per
1104 5372 1323 5439 "jaﬁuam
1359 5387 1377 5428 :
1413 5373 1542 5426 dixit
1570 5372 1731 5436 etiam,
1754 5383 1849 5438 Ego
1867 5388 1973 5425 sum

389 5440 557 5508 [tinum
580 5440 702 5502 quid
721 5441 918 5505 qutm'is,
940 5440 1036 5489 etc.
1418 5480 1421 5484 .
1453 5497 1465 5509 .

458 5503 991 5573 timeam.“
1016 5498 1681 5573 νεὼὴιξοωίειίνξιάεωηω-
1707 5566 1718 5573 ,
1784 5572 1791 5573 ,
1831 5561 1863 5573 _.

460 5565 482 5598 ³
499 5567 584 5637 Hic
616 5565 953 5614 Germanensis
980 5571 1033 5613 et
1060 5562 1375 5625 ttemigiensis
1407 5568 1512 5613 Mss.
1557 5566 1726 5610 carent
1743 5559 1974 5623 particula

396 5634 640 5751 "ﬁndit;
657 5700 821 5741 sermo
838 5687 1017 5751 desinit
1035 5687 1090 5737 in
1104 5685 1443 5751 manuscriptis
1466 5691 1748 5751 sermonum
1768 5684 1831 5735 de
1857 5692 1975 5751 Ver-

370 5786 373 5789 .
398 5748 478 5800 his
493 5748 706 5809 Domini;
726 5760 821 5798 nec
839 5748 1081 5812 reliquum
1104 5749 1311 5800 habetur
1337 5748 1432 5798 nisi
1462 5749 1513 5799 in
1544 5748 1787 5801 codicibus
1810 5748 1972 5800 Homi-

384 5812 554 5864 liarum
582 5813 947 5875 quinquaginta.

1764 361 1994 419 SEBMO
2026 358 2231 418 CXLII.

3530 370 3643 431 781

2070 474 2283 540 Audiat,
2310 474 2497 533 discat.
2528 475 2710 533 Omnia
2733 477 2877 543 mihi,
2906 477 3092 549 inquit,
3124 478 3309 536 tradita
3332 489 3451 539 sunt
3473 500 3505 538 a
3534 483 3642 541 Pa-

2070 574 2146 621 tre
2174 585 2301 623 rneo.
2332 567 2386 625 Si
2417 569 2687 625 desideras
2710 572 2916 638 omnia,
2946 587 3154 627 mecum
3194 572 3445 629 habebis:
3478 574 3521 630 si
3552 576 3645 633 de-

2071 658 2278 716 sideras
2308 660 2537 727 Patrem,
2570 676 2666 731 per
2711 678 2795 717 me
2825 662 3063 730 habebis,
3106 671 3161 718 et
3200 666 3252 719 in
3294 681 3377 719 me
3404 665 3641 723 habebis.

2082 747 2249 806 Nemo
2275 752 2527 822 cognoscit
2556 751 2782 816 Patrem,
2815 754 2912 807 nisi
2943 754 3125 809 Filius.
3161 756 3277 811 Noli
3315 757 3598 828 desperare
3626 778 3641 816 :

2068 842 2188 898 veni
2220 843 2290 898 ad
2318 842 2532 900 Filium.
2562 843 2696 899 Audi
2737 845 2875 916 quod
2905 848 3176 915 sequitur:
3219 846 3288 901 Et
3327 850 3407 902 cui
3434 849 3646 905 uoluerit

2069 931 2240 987 Filius
2263 935 2501 989 revelare.
2530 934 2768 1002 Dicebas,
2791 935 2903 992 Non
2935 953 3169 1007 possum.
3198 937 3299 993 Per
3322 952 3601 1010 angusmm
3624 941 3642 973 ⁸

2068 1037 2155 1077 me
2183 1039 2381 1079 vocas:
2413 1040 2516 1079 non
2546 1040 2761 1096 possum
2806 1028 3003 1081 intrare
3048 1044 3142 1097 per
3184 1038 3485 1101 angustum.
3540 1030 3643 1086 Ve-

2068 1115 2189 1182 nite,
2219 1115 2411 1187 inquit,
2434 1117 2503 1171 ad
2530 1134 2626 1181 me,
2650 1134 2819 1171 omnes
2844 1119 2930 1189 qui
2952 1119 3188 1173 laboratis
3213 1130 3259 1174 et
3285 1123 3479 1176 onerati
3502 1123 3641 1177 estis.

2068 1202 2287 1261 Sarcina
2315 1207 2467 1263 vobis
2494 1216 2674 1263 tumor
2705 1218 2881 1263 vester
2902 1217 3000 1263 est.
3042 1208 3215 1265 Venite
3241 1210 3309 1265 ad
3336 1230 3434 1280 me,
3474 1231 3644 1269 omnes

2067 1296 2155 1366 qui
2183 1296 2423 1353 laboratis
2449 1308 2495 1352 et
2523 1299 2716 1354 onerati
2739 1299 2874 1361 estis,
2908 1309 2953 1352 et
2979 1316 3067 1372 ego
3094 1317 3177 1355 vos
3201 1302 3442 1372 reﬁciam.
3464 1302 3646 1361 Tollite

2056 1385 2247 1458 jugum
2276 1406 2436 1443 meum
2460 1407 2611 1461 super
2636 1406 2741 1457 vos,
2770 1400 2816 1444 et
2842 1391 3017 1444 discite
3044 1408 3075 1444 a
3100 1408 3194 1445 me.

2139 1477 2364 1536 CAPUT
2410 1481 2590 1536 Vll.—
2604 1483 2657 1537 7.
2678 1481 2905 1536 Christus
2922 1500 2953 1536 a
2976 1500 3028 1537 se
3048 1482 3172 1546 vult,
3186 1500 3286 1537 non
3301 1484 3550 1540 mirabilia
3566 1491 3647 1558 fa-

2075 1584 2209 1633 cere,
2234 1570 2323 1623 sed
2356 1569 2569 1626 humiles
2597 1589 2702 1627 esse
2728 1573 2996 1626 discamus.
3027 1572 3231 1628 Clamat
3259 1575 3507 1645 magister
3534 1578 3646 1632 An-

2072 1659 2334 1730 gelorum,
2375 1664 2565 1718 clamat
2601 1663 2834 1719 Verbum
2866 1665 2991 1731 Dei,
3018 1680 3122 1737 quo
3150 1664 3431 1722 rationales
3458 1682 3647 1725 omnes

2070 1760 2281 1807 mentes
2324 1752 2438 1807 sine
2467 1752 2675 1811 defectu
2705 1765 3010 1824 pascuntur,
3038 1757 3187 1811 cibus
3214 1756 3458 1814 reﬁciens
3483 1768 3536 1813 et
3561 1760 3645 1814 in-

2066 1846 2220 1910 teger
2240 1856 2580 1911 permanens,
2603 1845 2815 1913 clamat,
2836 1855 2887 1898 et
2911 1845 3057 1912 dicit,
3080 1844 3271 1901 Discite
3291 1864 3322 1901 a
3345 1864 3441 1902 me.
3467 1848 3644 1904 Exau-

2064 1930 2177 1987 diat
2221 1934 2446 2003 populus
2485 1934 2748 1991 dicentem
2773 1978 2787 2003 ,
2826 1936 3015 1992 Discite
3053 1956 3086 1992 a
3124 1956 3221 1994 me.
3267 1940 3645 2012 Respondeat,

2064 2020 2203 2087 Quid
2247 2021 2500 2079 discimus
2527 2026 2677 2081 ate?
2714 2027 2756 2080 A
2799 2042 2991 2098 magno
3032 2029 3174 2083 enim
3216 2029 3418 2086 artiﬁce
3462 2034 3646 2089 nescio

2063 2111 2190 2181 quid
2217 2112 2446 2167 audituri
2473 2130 2675 2181 sumus,
2702 2131 2821 2170 cum
2849 2117 2995 2187 dicit,
3031 2116 3216 2173 Discite
3237 2137 3269 2174 a
3288 2138 3383 2175 me.
3408 2121 3537 2192 Quis
3561 2132 3645 2179 est

2065 2204 2155 2273 qui
2186 2202 2333 2269 dicit,
2366 2204 2557 2261 Discite
2579 2224 2612 2261 a
2637 2209 2752 2262 me?
2781 2208 2880 2277 Qui
2910 2208 3153 2265 formavit
3181 2220 3372 2268 terram
3390 2256 3405 2281 ,
3444 2217 3533 2287 qui
3562 2216 3645 2272 di-

2064 2295 2187 2352 visit
2209 2312 2354 2353 mare
2379 2307 2433 2352 et
2457 2298 2679 2367 aridam,
2708 2302 2796 2372 qui
2826 2303 3026 2357 creavit
3055 2304 3308 2370 volatilia,
3336 2306 3426 2376 qui
3448 2309 3647 2364 creavit

2067 2388 2316 2443 animalia
2344 2396 2576 2457 terrena,
2608 2391 2699 2463 qui
2729 2392 2926 2447 ereavit
2951 2393 3126 2449 omnia
3151 2396 3405 2462 natantia,
3430 2397 3519 2468 qui
3548 2414 3646 2469 po-

2064 2478 2172 2534 suit
2201 2481 2252 2533 in
2281 2480 2418 2537 coelo
2446 2481 2640 2548 sidera,
2666 2485 2753 2554 qui
2782 2485 3023 2540 diStinxit
3049 2485 3190 2542 diem
3216 2497 3270 2542 et
3298 2499 3529 2558 noctem,
3553 2493 3645 2563 qui

2063 2569 2292 2626 ﬁrmavit
2332 2572 2501 2642 ipsum
2546 2573 2953 2640 ﬁrmamentum,
2996 2577 3084 2648 qui
3126 2578 3297 2634 lucem
3328 2595 3356 2633 a
3402 2582 3634 2637 tenebris

2066 2661 2356 2730 separavit,
2388 2663 2500 2733 ipse
2526 2663 2671 2730 dicit,
2704 2664 2896 2721 Discite
2915 2683 2946 2719 a
2970 2684 3065 2721 me.
3088 2667 3354 2739 Numquid
3382 2670 3518 2728 forte
3544 2673 3647 2729 hoc

2067 2752 2225 2807 nobis
2247 2752 2484 2811 dicturus
2519 2766 2622 2825 est,
2662 2764 2721 2811 ut
2758 2758 2857 2813 ista
2900 2775 3019 2814 cum
3061 2760 3150 2816 illo
3191 2756 3482 2819 faciamus?
3518 2765 3649 2833 Quis

2072 2842 2176 2900 hoc
2201 2847 2407 2916 potest?
2423 2845 2579 2903 Solus
2600 2848 2738 2904 Deus
2765 2850 2905 2905 facit.
2930 2849 3069 2918 Noli,
3094 2852 3280 2923 inquit,
3310 2855 3519 2924 timere,
3543 2872 3648 2913 non

2074 2943 2128 2992 te
2150 2952 2335 2992 onero.
2364 2938 2478 2995 Hoc
2500 2954 2526 2992 a
2552 2955 2636 2995 me
2658 2940 2820 3009 disce,
2843 2943 2981 3013 quod
3012 2953 3227 3014 propter
3245 2954 3297 3000 te
3317 2944 3486 3002 factus
3506 2963 3645 3003 sum.

2065 3025 2269 3083 Discite
2296 3042 2325 3082 a
2360 3044 2467 3096 me,
2514 3029 2708 3101 inquit,
2736 3047 2843 3086 non
2884 3034 3113 3089 formare
3152 3044 3446 3091 creaturam
3473 3078 3488 3103 ,
3531 3054 3649 3108 qua:

2065 3132 2162 3188 per
2193 3134 2281 3174 me
2308 3118 2442 3175 facta
2472 3129 2572 3176 est.
2611 3121 2719 3178 Nec
2758 3123 2846 3177 illa
2876 3124 3092 3193 quidem
3120 3125 3239 3181 dico
3263 3126 3499 3196 discatis,
3529 3145 3650 3199 quae

2066 3210 2382 3282 quibusdam
2411 3213 2599 3269 donavi
2627 3216 2819 3286 quibus
2846 3218 3010 3285 volui,
3044 3235 3148 3274 non
3179 3222 3442 3288 omnibus,
3476 3224 3650 3280 susci-
3748 3218 3751 3219 ν

2072 3311 2189 3359 tare
2221 3314 2481 3373 mortuos,
2506 3307 2808 3366 illuminare
2836 3325 3025 3376 caecos,
3050 3313 3257 3382 aperire
3280 3329 3435 3371 aures
3462 3317 3651 3373 surdo-

2070 3412 2191 3453 rum
2218 3414 2231 3451 :
2261 3413 2363 3453 nec
2387 3399 2487 3453 ista
2517 3415 2613 3470 pro
2641 3417 2831 3471 magno
2854 3403 3025 3457 velitis
3050 3404 3254 3460 discere
3277 3422 3308 3461 a
3338 3422 3441 3463 me.
3474 3408 3649 3464 Gavisi

2068 3485 2322 3557 discipuli
2351 3497 2405 3542 et
2433 3489 2759 3545 exsultantes
2789 3492 3081 3565 redierunt,
3109 3493 3345 3551 dicentes
3376 3514 3389 3551 :
3427 3497 3558 3551 Ecce
3598 3500 3654 3553 in

2069 3580 2281 3633 nomine
2324 3588 2410 3635 tuo
2450 3592 2497 3635 et
2534 3583 2780 3636 dwmonia
2816 3583 2957 3637 nobis
2992 3586 3215 3656 subjecta
3250 3597 3383 3641 sunt.
3421 3589 3507 3643 Ait
3547 3589 3653 3645 illis

2070 3668 2365 3725 Dominus:
2400 3671 2571 3727 Nolite
2596 3674 2648 3727 in
2677 3674 2770 3728 hoc
2798 3675 3039 3746 gaudere,
3081 3678 3198 3746 quia
3231 3679 3477 3734 dazmonia
3514 3684 3652 3737 vobis

2068 3761 2290 3833 subjecta
2310 3773 2459 3818 sunt:
2477 3766 2689 3836 gaudete
2710 3767 2894 3837 potius,
2918 3771 3035 3838 quia
3057 3770 3257 3824 nomina
3278 3781 3439 3826 vestra
3464 3774 3653 3845 scripta

2069 3862 2188 3906 sunt
2215 3855 2267 3907 in
2294 3854 2417 3907 caelo
2446 3854 2607 3927 (Luc.
2640 3873 2695 3922 x,
2726 3858 2814 3922 17,
2843 3856 2913 3911 20
2934 3856 2976 3930 ).
3010 3859 3209 3927 Quibus
3237 3861 3402 3916 voluit
3438 3862 3654 3919 donavit:

2070 3944 2345 4014 expellere
2374 3945 2672 4014 dmnmnia,
2719 3947 2935 4003 donavit
2977 3950 3166 4019 quibus
3208 3951 3375 4005 voluit
3415 3962 3653 4010 mortuos

2072 4037 2352 4091 suscitare.
2387 4037 2548 4091 Facta
2579 4048 2700 4091 sunt
2728 4039 2841 4093 haec
2870 4039 3120 4093 miracula
3161 4049 3214 4095 et
3251 4050 3375 4097 ante
3408 4043 3653 4099 incarna-

2072 4130 2270 4183 tionem
2303 4129 2513 4183 Domini
2542 4147 2554 4183 :
2587 4130 2825 4185 suscitati
2861 4142 2983 4186 sunt
3009 4134 3222 4197 mortui,
3264 4136 3497 4190 mundati
3529 4146 3654 4194 sunt

2070 4219 2300 4289 leprosi;
2343 4220 2565 4290 legimus
2602 4221 2715 4275 lucc
2755 4220 2859 4292 (IV
2897 4221 3023 4293 Reg.
3066 4240 3137 4286 iv,
3165 4223 3255 4296 v).
3290 4225 3353 4278 Et
3381 4227 3498 4296 quis
3528 4227 3654 4284 fecit

2070 4319 2216 4376 time,
2256 4312 2355 4366 nisi
2385 4314 2471 4366 illc
2499 4313 2587 4384 qui
2618 4324 2796 4383 postea
2826 4312 2988 4369 homo
3015 4311 3255 4371 Christus
3296 4328 3417 4389 post
3462 4318 3645 4385 David,

2072 4403 2168 4457 sed
2198 4404 2334 4458 Deus
2360 4401 2747 4458 Christus'ante
2789 4405 3093 4460 Abraham?
3126 4405 3240 4476 Ipse
3276 4408 3489 4463 donavit
3536 4410 3652 4465 hate

2072 4497 2270 4562 omnia,
2304 4498 2417 4566 ipse
2458 4513 2552 4567 per
2590 4498 2832 4553 homines
2858 4499 3015 4555 fecit:
3044 4515 3143 4555 nec
3186 4502 3431 4556 omnibus
3473 4510 3650 4558 tamen

2072 4588 2189 4645 haec
2212 4588 2377 4645 dedit.
2417 4590 2679 4661 Numquid
2712 4592 2903 4662 quibus
2939 4609 3041 4647 non
3070 4592 3216 4648 dedit
3242 4594 3525 4664 deSperare
3553 4594 3651 4650 de-

2071 4682 2221 4749 bent,
2253 4691 2306 4738 et
2334 4681 2513 4738 dicere
2538 4698 2597 4739 se
2631 4683 2697 4737 ad
2735 4699 2855 4739 eum
2892 4700 2997 4739 non
3024 4686 3291 4757 pertinere
3312 4725 3328 4750 ,
3371 4684 3492 4755 quia
3534 4684 3653 4742 haac

2071 4773 2209 4829 dona
2248 4775 2490 4843 accipere
2527 4790 2631 4829 non
2662 4775 3006 4830 meruerunt?
3044 4776 3100 4830 ln
3148 4790 3371 4845 corpore
3410 4774 3651 4832 membra

2073 4872 2196 4919 sunt
2220 4882 2232 4916 :
2265 4863 2407 4917 aliud
2436 4874 2610 4934 potest
2640 4864 2765 4917 illud
2793 4866 3109 4929 membrum,
3142 4864 3283 4919 aliud
3312 4864 3460 4919 illud.
3487 4865 3650 4921 Com-

2073 4954 2217 5025 pegit
2258 4969 2453 5023 corpus
2484 4954 2646 5017 Deus,
2689 4970 2793 5008 non
2828 4954 3007 5009 tribuit
3046 4957 3155 5010 auri
3196 4965 3254 5009 ut
3290 4955 3504 5021 videat,
3550 4971 3652 5015 nec

2083 5047 2241 5102 oculo
2267 5056 2325 5101 ut
2352 5047 2549 5110 audiat,
2580 5063 2677 5101 nec
2706 5046 2861 5101 fronti
2894 5058 2951 5102 ut
2977 5046 3205 5113 olfaciat,
3237 5065 3337 5104 nec
3375 5049 3555 5105 manui
3594 5059 3651 5107 ut

2074 5148 2284 5211 gustet;
2314 5155 2417 5195 non
2450 5139 2596 5194 dedit
2619 5138 2736 5194 hmc
2760 5158 2772 5194 :
2799 5140 2891 5195 sed
2917 5141 3159 5195 omnibus
3183 5142 3434 5197 membris
3457 5145 3647 5200 sanita~

2075 5244 2181 5290 tem
2210 5235 2387 5298 dedit,
2417 5249 2725 5305 compagem
2757 5233 2921 5301 dedit,
2959 5235 3211 5287 unitatem
3241 5234 3421 5302 dedit,
3466 5236 3649 5306 spiritu

2078 5328 2253 5383 omnia
2284 5328 2480 5397 pariter
2499 5325 2782 5382 viviﬁcavit
2805 5334 2860 5380 et
2889 5326 3073 5379 univit.
3108 5327 3195 5381 Sic
3218 5343 3344 5398 ergo
3370 5343 3475 5382 non
3505 5328 3649 5386 dedit

2081 5419 2393 5492 quibusdam
2422 5425 2663 5474 mortuos
2688 5418 2943 5473 suscitare
2961 5458 2976 5484 ,
3018 5418 3135 5472 aliis
3162 5434 3265 5472 non
3295 5417 3438 5474 dedit
3465 5420 3649 5490 dispu-

2078 5520 2195 5569 tare
2224 5530 2240 5568 :
2268 5512 2512 5567 omnibus
2548 5519 2725 5566 tamen
2772 5508 2894 5579 quid
2922 5508 3105 5564 dedit?
3147 5509 3333 5565 Discite
3358 5528 3389 5564 a
3414 5528 3492 5564 me
3522 5527 3649 5580 quo-

2076 5604 2217 5658 niam
2247 5602 2383 5657 mitis
2421 5618 2531 5655 sum
2560 5609 2607 5654 et
2634 5600 2837 5653 humilis
2863 5599 3010 5653 corde
3040 5600 3058 5669 (
3079 5600 3261 5653 Matth.
3292 5616 3349 5654 xt
3372 5642 3386 5668 ,
3414 5599 3580 5655 27-29

2073 5695 2335 5766 Quoniam
2364 5692 2660 5748 audivimus
2692 5691 2981 5757 dicentem,
3017 5689 3157 5745 Mitis
3198 5708 3309 5747 sum
3349 5699 3395 5749 et
3438 5692 3644 5749 humilis

2143 5810 2159 5841 ι
2182 5815 2309 5874 Mss,
2326 5808 2420 5859 hoc
2434 5813 2486 5861 et
2503 5807 2720 5871 proximo
2736 5806 2861 5871 loco,
2881 5818 2967 5872 per
2981 5810 3248 5871 angustam.
