3978 6448
431 423 537 482 785

429 543 581 599 corde
599 559 620 599 :
638 542 826 598 fratres
843 539 969 608 mei,
987 545 1097 594 tota
1117 534 1376 592 medicina
1400 539 1579 588 nostra
1600 529 1696 584 ista
1718 525 2014 591 est,Discite

427 652 462 691 α
494 653 574 692 me
603 638 840 708 quoniam
877 634 1014 690 mitis
1045 650 1159 689 sum
1185 641 1232 686 et
1258 629 1463 685 humilis
1491 626 1660 681 corde.
1692 621 1830 692 Quid
1859 620 2010 692 prod-

427 737 533 795 est,
559 731 604 784 si
635 728 885 783 miracula
910 726 1066 781 faciat
1091 767 1105 790 ,
1148 732 1201 780 et
1231 726 1300 780 sit
1329 719 1610 792 superbus,
1642 733 1748 772 non
1778 716 1849 770 sit
1873 713 2018 769 mitis

425 829 482 876 et
508 821 722 876 humilis
752 821 951 878 corde?
977 820 1166 877 Nonne
1205 819 1256 873 in
1301 817 1392 872 illo
1421 828 1642 871 numero
1679 809 2018 880 deputabitur

425 927 644 975 eorum,
684 911 775 983 qui
806 914 1012 969 venturi
1043 918 1167 966 sunt
1191 911 1242 965 in
1273 910 1376 965 line
1402 916 1456 962 et
1478 904 1694 971 dicturi,
1740 901 1925 957 Nonne
1960 900 2016 954 in

389 993 628 1060 ‘nomine
668 1014 752 1060 tuo
790 1005 1217 1076 prophetavimus,
1263 1011 1308 1056 et
1351 1002 1404 1054 in
1445 998 1646 1054 nomine
1688 1006 1772 1049 tuo
1812 995 2015 1048 virtutes

427 1098 615 1152 multas
645 1098 887 1170 fecimus?
909 1096 1017 1153 Sed
1043 1095 1170 1167 quid
1199 1093 1452 1149 audient?
1479 1091 1598 1145 Non
1625 1089 1738 1143 novi
1763 1103 1869 1141 vos.
1907 1084 2011 1139 Re-

422 1189 586 1244 ccdite
610 1207 642 1244 a
671 1208 768 1259 me,
792 1207 964 1244 omnes
992 1189 1079 1260 qui
1126 1187 1404 1260 operamini
1441 1184 1753 1256 iniquitatem
1793 1177 2004 1253 (Matth.

420 1295 514 1347 vn,
539 1281 629 1344 22.
656 1280 782 1352 ea).

494 1371 722 1427 CAPUT
739 1371 1010 1428 Vlll.—8.
1028 1369 1262 1427 Charitas
1281 1370 1388 1424 sine
1409 1367 1692 1438 inﬂatione.
1721 1362 1857 1432 Quid
1883 1375 2010 1432 ergo

421 1463 642 1534 prodest
672 1473 728 1517 ut
769 1463 1072 1518 discamus?
1116 1463 1369 1530 Quoniam
1399 1459 1531 1513 mitis
1552 1473 1662 1512 sum
1682 1498 1697 1522 ,
1727 1453 1928 1524 inquit,
1963 1461 2010 1506 et
2036 1472 2038 1476 τ

421 1555 628 1609 humilis
664 1555 836 1610 corde.
862 1553 1184 1609 Charitatem
1218 1552 1440 1615 inserit,
1469 1558 1521 1604 et
1547 1545 2007 1619 germanissimam

417 1645 754 1709 charitatem,
787 1647 902 1700 sine
927 1645 1257 1708 confusione,
1287 1643 1402 1697 sine
1423 1640 1726 1703 inﬂatione,
1755 1637 1869 1692 sine
1893 1635 2006 1690 ela-

419 1737 586 1804 tione,
612 1738 726 1791 sinc
752 1737 956 1790 fallacia
985 1754 998 1788 :
1027 1735 1127 1789 hoc
1154 1733 1340 1789 inserit
1358 1733 1444 1801 qui
1474 1731 1620 1793 dicit,
1657 1728 1843 1784 Discite
1871 1744 1901 1779 a
1930 1741 2010 1778 me

418 1830 659 1898 quoniam
685 1829 818 1882 mitis
839 1845 950 1881 sunt
974 1836 1021 1880 et
1050 1827 1252 1880 Immitis
1274 1824 1442 1879 corde.
1468 1821 1690 1890 Quando
1719 1827 1892 1890 potest
1913 1818 2009 1872 ha-

417 1921 548 1976 bere
578 1920 995 1978 sincerissimam
1025 1917 1338 1972 charitatem
1378 1914 1639 1986 superbus
1669 1920 1722 1966 et
1761 1907 2006 1964 inﬂatus?

416 2012 650 2069 Necesse
676 2023 758 2067 est
781 2022 839 2066 ut
868 2011 1121 2066 invideat.
1146 2011 1224 2064 Au
1250 2008 1385 2064 forte
1409 2008 1496 2078 qui
1516 2006 1735 2071 invidet,
1764 2012 1924 2065 amat,
1952 2010 2008 2056 et

417 2119 519 2160 nos
548 2101 824 2159 erramus?
847 2102 998 2157 Absit
1022 2110 1078 2156 ut
1097 2101 1374 2171 quisquam
1401 2098 1477 2152 sic
1503 2106 1666 2163 erret,
1691 2103 1748 2148 ut
1768 2092 2003 2148 invidum

417 2196 558 2252 dicat
587 2194 783 2250 habere
812 2194 1149 2249 charitatem.
1180 2193 1325 2263 Ergo
1359 2192 1483 2262 quid
1521 2191 1650 2245 dicit
1677 2186 2006 2258 Apostolus?

416 2289 651 2344 Charitas
671 2306 770 2342 non
795 2289 1084 2342 (salutatur.
1115 2286 1291 2355 Quare
1319 2300 1420 2339 non
1449 2283 1762 2339 aemulatur?
1791 2280 1912 2334 Non
1933 2281 2007 2334 in-

413 2382 572 2451 ﬂatur
603 2379 644 2450 (l
671 2377 787 2434 Cor.
813 2395 924 2444 χιιι,
955 2378 1014 2449 4)
1049 2397 1062 2430 :
1091 2393 1302 2432 causam
1339 2377 1516 2430 statim
1558 2373 1785 2444 subjecit
1808 2415 1824 2438 ,
1867 2371 2005 2426 unde

413 2469 698 2526 abstulerit
726 2470 1115 2524 aemulationem
1155 2467 1422 2522 charitati.
1453 2465 1586 2533 Quia
1627 2479 1732 2518 non
1769 2461 2002 2528 inﬂatur,

413 2578 520 2618 non
552 2547 847 2617 aemulatur.
868 2561 1046 2616 Primo
1074 2560 1286 2632 quidem
1317 2559 1439 2612 illud
1463 2557 1614 2624 dixit,
1650 2556 1882 2611 Charitas
1902 2573 2007 2609 non

412 2653 684 2709 amittatur
713 2669 732 2706 :
763 2652 853 2706 sed
885 2652 1032 2722 quasi
1057 2659 1110 2705 tu
1141 2665 1427 2720 quaereres,
1452 2650 1627 2717 Quare
1655 2663 1758 2702 non
1784 2645 2004 2701 aemula-

413 2743 538 2799 tur?
575 2743 810 2806 addidit,
851 2742 972 2797 Non
1011 2744 1240 2809 inﬂatur.
1283 2739 1339 2796 Si
1367 2756 1494 2810 ergo
1528 2739 1648 2794 ideo
1683 2738 2000 2802 aemulatur,

413 2836 534 2906 quia
566 2836 797 2899 inﬂatur;
827 2835 871 2889 si
903 2850 1006 2888 non
1032 2833 1265 2895 inllatnr,
1295 2848 1400 2886 non
1430 2831 1727 2886 aemulatur.
1753 2829 1806 2883 Si
1832 2829 2007 2883 chari-

413 2936 496 2982 tas
539 2941 643 2980 non
680 2926 918 2989 inﬂatur,
950 2933 1005 2980 et
1035 2923 1156 2978 ideo
1193 2939 1299 2978 non
1342 2922 1659 2986 tumulatur;
1691 2921 2005 2976 charitatem

414 3019 604 3074 inserit
630 3019 716 3090 qui
745 3019 852 3085 ait,
891 3017 1076 3071 Discite
1103 3033 1134 3070 a
1163 3032 1240 3069 me
1266 3015 1505 3086 quoniam
1533 3014 1668 3068 mitis
1692 3029 1803 3068 sum
1833 3022 1878 3066 et
1904 3013 2004 3065 hu-

417 3111 554 3164 milis
581 3109 750 3164 corde.

485 3203 540 3258 9.
572 3201 698 3260 Sine
735 3201 981 3255 charitate
1005 3217 1106 3255 non
1137 3207 1348 3271 prosunt
1376 3199 1480 3253 alia
1506 3195 1605 3252 Dei
1630 3213 1858 3250 munera.
1885 3194 2003 3250 Jam

417 3296 644 3366 quilibet
672 3293 864 3349 habeat
891 3292 1033 3364 quod
1060 3292 1193 3358 vult,
1221 3291 1385 3361 jactet
1411 3305 1469 3345 se
1489 3290 1628 3345 unde
1649 3290 1782 3344 vult.
1815 3288 1878 3344 Si
1903 3289 2004 3342 tin-

413 3387 529 3458 guis
566 3385 824 3441 hominum
859 3385 1037 3456 loquar
1058 3392 1106 3438 et
1141 3381 1447 3454 Angetorum
1467 3424 1482 3448 ,
1512 3382 1809 3436 charitatem
1837 3390 2004 3435 autem

414 3493 518 3530 non
544 3474 774 3542 habeam,
801 3479 966 3547 factus
989 3492 1100 3529 sum
1127 3482 1181 3529 ut
1196 3483 1522 3529 (crumentum
1542 3489 1728 3528 sonans
1751 3482 1839 3526 aut
1865 3489 2007 3543 cym-

414 3565 588 3622 balum
613 3567 849 3622 tinniens.
883 3565 1018 3634 Quid
1050 3565 1328 3622 sublimius
1354 3580 1575 3620 munere
1601 3564 1898 3636 linguarum
1923 3564 2004 3618 di-

413 3657 1120 3716 versarum?AEramentum
1154 3665 1236 3714 est
1257 3699 1271 3723 ,
1304 3657 1604 3729 cymbalum
1638 3655 1866 3711 tinniens
1887 3665 2000 3722 est,

411 3751 458 3807 si
489 3750 700 3805 auferas
743 3750 1077 3805 charitatem.
1109 3749 1244 3804 Audi
1281 3749 1388 3803 alia
1436 3762 1659 3803 munera
1697 3765 1708 3801 :
1743 3747 1804 3802 Si
1843 3749 2003 3802 sciam

411 3843 582 3896 omnia
618 3851 952 3897 sacramenta.
985 3838 1122 3908 Quid
1164 3838 1547 3895 excellentius?
1584 3837 1708 3908 quid
1757 3837 2000 3907 magniﬁ-

411 3933 652 3989 centius?
675 3932 810 3989 Audi
837 3932 1011 3988 adhuc
1034 3929 1176 3986 aliud
1200 3947 1213 3982 :
1242 3930 1303 3986 Si
1331 3929 1537 3984 habeam
1558 3946 1752 3983 omnem
1779 3929 2002 3999 praphe-

412 4025 536 4078 tiam
564 4033 611 4078 et
635 4040 831 4078 omnem
862 4015 1044 4093 ﬁdem,
1068 4023 1141 4076 ita
1167 4031 1221 4075 ut
1246 4029 1435 4076 montes
1467 4020 1769 4090 transferam
1789 4061 1804 4087 ,
1827 4019 2000 4073 chari-

413 4124 565 4184 tatem
590 4124 757 4169 autem
795 4131 896 4168 non
926 4113 1134 4167 habeam
1153 4154 1168 4178 ,
1197 4111 1325 4165 nihil
1348 4127 1477 4165 sum.
1508 4111 1749 4166 Accessit
1781 4109 1846 4164 ad
1883 4125 2000 4164 am-

417 4205 586 4276 pliora
612 4248 627 4273 ,
660 4204 873 4259 fratres.
901 4203 1036 4272 Quid
1063 4203 1203 4257 aliud
1233 4203 1365 4257 dixit
1385 4203 1408 4256 ?
1429 4201 1491 4256 Si
1510 4202 1807 4256 distribuam
1832 4203 2000 4256 omnia

411 4314 522 4352 mea
543 4295 868 4368 pauperibus.
892 4293 1028 4362 Quid
1054 4301 1229 4363 potest
1257 4294 1369 4348 fieri
1400 4293 1725 4362 perfectius?
1747 4294 1998 4360 Quando-

410 4389 627 4460 quidem
659 4387 812 4442 diviti
842 4397 1054 4458 pmpter
1082 4386 1459 4457 perfectionem
1482 4385 1584 4442 hoc
1613 4387 1870 4442 Dominus
1900 4388 2000 4442 im-

411 4481 646 4554 peravit,
674 4479 857 4535 dicens
888 4498 901 4533 :
935 4478 998 4536 Si
1021 4480 1093 4533 vis
1118 4496 1224 4533 esse
1252 4483 1518 4550 perfectus,
1541 4480 1686 4541 vade,
1714 4479 1871 4534 vende
1889 4495 1999 4532 om-

410 4575 496 4629 nia
523 4590 637 4644 qua:
662 4573 813 4626 habes
832 4615 847 4637 ,
889 4581 937 4627 et
965 4572 1031 4625 da
1071 4571 1391 4641 pauperibus.
1421 4571 1535 4627 Jam
1572 4587 1699 4641 ergo
1731 4571 1997 4641 perfectus

407 4671 526 4732 est,
567 4665 686 4735 quia
730 4662 966 4717 vendidit
1003 4663 1180 4716 omnia
1219 4677 1309 4715 sua
1333 4704 1346 4728 ,
1382 4670 1435 4716 et
1463 4661 1609 4716 dedit
1642 4662 1996 4732 pauperibus?

409 4757 526 4812 Non
555 4773 569 4811 :
603 4755 723 4810 ideo
746 4753 947 4809 addidit
977 4754 1026 4821 ί,
1058 4752 1126 4808 Et
1165 4755 1275 4807 veni
1293 4794 1308 4820 ,
1337 4769 1537 4822 sequere
1556 4769 1652 4807 me.
1689 4751 1861 4808 Vende
1888 4769 1997 4806 om-

406 4847 493 4901 nia
509 4889 524 4914 ,
556 4847 757 4915 inquit,
781 4844 848 4898 da
875 4843 1179 4915 pauperibus
1198 4885 1212 4910 ,
1236 4853 1281 4896 ct
1306 4843 1448 4908 veni,
1474 4861 1678 4914 sequere
1701 4860 1797 4898 me.
1820 4842 1995 4912 Quare

409 4948 459 4992 ιε
483 4937 717 5008 sequor?
742 4937 857 4992 Jam
887 4936 1115 4991 venditis
1143 4934 1392 4989 omnibus
1415 4977 1430 5001 ,
1461 4934 1758 4990 distributis
1798 4951 1995 5005 paupe-

407 5029 558 5098 ribus
576 5069 592 5095 ,
620 5044 800 5083 nonne
845 5027 1113 5098 perfectus
1141 5026 1298 5081 sum?
1324 5025 1458 5092 Quid
1487 5040 1618 5094 opus
1643 5035 1724 5082 est
1749 5035 1805 5079 ut
1833 5035 1885 5081 te
1909 5041 1995 5081 se-

405 5122 584 5193 quar?
611 5121 848 5191 Sequere
879 5135 964 5176 me
982 5161 999 5187 ,
1028 5128 1088 5174 ut
1116 5117 1291 5175 discas
1327 5118 1576 5188 quoniam
1620 5119 1762 5173 mitis
1788 5134 1906 5174 sum
1936 5127 1994 5174 ει

409 5212 628 5267 humilis
656 5210 836 5266 corde.
868 5210 1048 5264 Potest
1082 5210 1222 5264 enim
1251 5209 1529 5277 quisquam
1556 5208 1789 5266 vendere
1813 5211 1991 5265 omnia

408 5320 526 5365 sua,
558 5313 612 5357 ct
637 5304 765 5358 dare
792 5301 1146 5373 pauperibus,
1177 5301 1409 5355 nondum
1439 5300 1599 5364 mitis,
1626 5299 1858 5354 nondum
1893 5300 1992 5354 hu-

409 5397 553 5451 milis
583 5393 744 5450 corde
762 5395 788 5449 ‘t
815 5395 973 5451 Certe
996 5402 1190 5465 potest.
1214 5394 1268 5449 Si
1300 5394 1440 5447 enim
1462 5393 1640 5447 omnia
1666 5407 1782 5447 mea
1808 5392 1991 5447 distri-

408 5489 576 5544 bucro
619 5488 961 5559 pauperibus.
996 5490 1061 5544 Et
1084 5488 1254 5544 adhuc
1301 5488 1444 5543 audi.
1487 5487 1615 5541 Nam
1655 5487 1868 5557 quidam
1901 5502 1991 5540 re-

407 5583 550 5639 lictis
579 5581 830 5637 omuibus
861 5598 979 5651 qua:
1011 5582 1268 5637 haberent
1289 5623 1304 5649 ,
1343 5582 1452 5651 jam
1483 5581 1646 5636 secuti
1676 5580 1988 5644 Dominum,

409 5674 506 5731 sed
533 5673 767 5729 nondum
793 5672 858 5728 ad
883 5671 1174 5746 perfectum
1200 5673 1366 5726 secuti
1398 5672 1503 5741 (ad
1528 5671 1820 5743 perfectum
1847 5670 1989 5725 enim

410 5766 595 5837 sequi,
625 5774 709 5821 est
729 5764 948 5836 imitari)
971 5805 987 5831 ,
1014 5776 1122 5818 non
1158 5773 1444 5833 potuerunt
1480 5764 1619 5820 ferre
1645 5763 1989 5819 tentationem

473 5883 496 5918 ⁸
513 5880 585 5934 εις
603 5887 707 5932 Iss.
727 5880 845 5932 mut
867 5892 1002 5942 vero,
1020 5886 1140 5934 Nam
1155 5873 1268 5928 ideo
1283 5873 1494 5932 addidit.

1656 411 1714 468 S.
1757 403 2120 466 AUGUSTINI
2152 406 2450 468 EPlSCOPI

3602 415 3708 474 784

2123 524 2406 592 passionis.
2438 525 2553 580 Jam
2576 525 2783 591 Petrus,
2811 524 3018 592 fratres,
3037 540 3102 582 ex
3133 525 3218 582 his
3234 535 3348 583 erat
3366 528 3456 599 qui
3485 528 3705 587 dimise-

2124 624 2244 669 rant
2268 618 2464 685 omnia,
2496 625 2551 672 et
2577 619 2746 674 secuti
2775 628 2926 675 erant
2951 620 3254 675 Dominum.
3279 619 3408 674 Nam
3425 621 3590 676 divite
3616 623 3705 678 illo

2122 718 2244 760 cum
2271 709 2483 764 tristitia
2511 710 2813 777 recedente,
2841 711 2930 766 ubi
2956 710 3256 766 conturbati
3281 711 3522 782 discipuli
3548 713 3704 770 inter-

2121 808 2441 868 rogaverunt
2460 815 2565 870 quo
2588 801 2706 872 quis
2723 801 2938 857 tandem
2963 810 3148 873 posset
3177 817 3299 858 esse
3323 802 3591 872 perfectus
3610 846 3626 870 ,
3653 811 3706 859 et

2120 901 2215 944 eos
2242 892 2552 946 consolatus
2573 902 2656 947 est
2682 892 2968 958 Dominus,
3002 893 3249 948 dixerant
3275 895 3502 949 Domino
3533 913 3546 948 :
3571 893 3705 950 Ecce

2121 995 2214 1034 nos
2234 982 2520 1038 dimisimus
2544 985 2742 1049 omnia,
2767 993 2812 1040 et
2840 986 2997 1040 secuti
3019 1003 3190 1041 sumus
3217 995 3264 1040 te
3283 1001 3304 1051 ;
3323 987 3446 1058 quid
3466 1003 3584 1058 ergo
3607 1004 3703 1041 no-

2118 1074 2194 1131 bis
2221 1077 2314 1130 erit
2351 1075 2564 1151 (Matth.
2596 1094 2687 1134 xix
2711 1120 2726 1145 ,
2752 1078 2985 1149 21-29)?
3027 1079 3094 1135 Et
3117 1079 3250 1135 dixit
3289 1080 3546 1134 Dominus
3571 1079 3702 1150 quid

2116 1166 2195 1222 eis
2224 1166 2311 1222 hic
2346 1167 2517 1237 daret,
2545 1168 2670 1241 quid
2695 1169 2749 1224 in
2773 1169 3005 1226 futurum
3030 1183 3346 1228 reservaret.
3369 1171 3572 1228 Tamen
3603 1173 3705 1228 iste

2108 1257 2220 1328 jam
2251 1276 2316 1314 ex
2336 1276 2520 1315 eorum
2549 1277 2771 1317 numero
2796 1270 2910 1317 erat
2929 1303 2944 1328 ,
2971 1262 3060 1333 qui
3087 1262 3200 1318 haec
3231 1262 3484 1318 fecerant.
3516 1264 3585 1318 At
3613 1263 3702 1318 ubi

2114 1361 2331 1407 ventum
2355 1363 2436 1408 est
2461 1353 2526 1407 ad
2557 1355 2837 1409 articulum
2877 1354 3170 1425 passionis,
3203 1353 3272 1409 ad
3314 1369 3497 1410 vocem
3543 1354 3701 1410 unius

2113 1443 2319 1498 ancillae
2345 1452 2426 1500 ter
2452 1445 2662 1516 negavit
2687 1460 2810 1501 eum
2826 1487 2842 1513 ,
2871 1461 2992 1501 cum
3017 1459 3124 1516 quo
3151 1460 3213 1501 se
3237 1445 3555 1501 moriturum
3579 1460 3704 1502 esse

2115 1535 2453 1604 promiserat.

2164 1627 2249 1681 CA
2260 1627 2391 1683 PUT
2419 1628 2488 1682 1X
2499 1630 2610 1684 .—i
2623 1630 2676 1684 0.
2688 1629 2771 1683 Ad
2781 1631 3134 1702 perfectionem
3145 1638 3192 1684 et
3203 1630 3270 1684 ad
3283 1630 3574 1685 charitatem
3585 1630 3704 1684 imi-

2124 1719 2310 1772 tatione
2323 1718 2510 1774 Christi
2521 1721 2824 1789 pervenitur.
2840 1719 3080 1776 lntendat
3093 1736 3220 1791 ergo
3230 1720 3474 1776 Charitas
3487 1729 3665 1775 vestra
3681 1738 3697 1774 :

2124 1808 2280 1873 Vade,
2305 1809 2494 1879 inquit,
2513 1811 2685 1864 omnia
2701 1821 2788 1864 tua
2801 1813 2975 1878 vende,
2999 1812 3066 1865 da
3089 1812 3412 1882 pauperibus,
3435 1820 3480 1865 et
3498 1812 3702 1867 habebis

2113 1901 2402 1956 thesaurum
2422 1904 2473 1956 in
2489 1903 2635 1968 cceto;
2653 1913 2696 1958 et
2712 1905 2821 1957 veni
2837 1946 2852 1971 ,
2874 1920 3078 1974 sequere
3101 1921 3198 1958 me.
3216 1904 3484 1960 Perfectus
3503 1914 3586 1959 est
3601 1904 3702 1959 Pe-

2114 2004 2244 2060 trus,
2265 1996 2374 2066 jam
2400 1996 2622 2052 Domino
2646 1996 2700 2051 in
2723 1998 2860 2052 coelo
2879 1997 3100 2053 sedente
3118 1998 3185 2052 ad
3205 1997 3479 2053 dexteram
3502 1998 3699 2066 Patris,

2112 2095 2238 2141 tunc
2285 2086 2550 2157 perfectus
2591 2097 2675 2143 est
2705 2097 2760 2143 et
2787 2099 3026 2144 maturus
3053 2089 3243 2146 factus.
3279 2090 3361 2145 Ad
3392 2091 3699 2161 passionem

2111 2192 2240 2247 ergo
2269 2194 2390 2233 cum
2421 2189 2738 2250 sequeretur
2766 2181 3070 2247 Dominum,
3101 2197 3205 2236 non
3244 2189 3360 2236 erat
3388 2179 3654 2253 perfectus
3681 2199 3700 2236 :

2111 2280 2166 2324 at
2188 2270 2277 2324 ubi
2304 2271 2470 2342 cmpit
2493 2287 2598 2326 non
2627 2286 2748 2328 esse
2769 2273 2820 2326 in
2847 2283 2984 2328 terra
3012 2288 3168 2344 quem
3191 2281 3506 2344 sequeretur
3525 2315 3538 2338 ,
3572 2281 3703 2333 tunc

2111 2360 2380 2430 perfectus
2405 2371 2507 2418 est.
2540 2363 2653 2418 lmo
2681 2379 2808 2419 vero
2847 2378 3060 2434 semper
3095 2373 3220 2420 ante
3246 2374 3299 2419 te
3324 2363 3493 2419 habes
3539 2380 3702 2434 quem

2111 2454 2351 2523 sequaris
2397 2471 2410 2507 :
2453 2455 2706 2510 Dominus
2736 2455 3036 2525 exemplum
3078 2456 3130 2510 in
3168 2465 3307 2511 terra
3332 2454 3548 2526 posuit,
3574 2471 3703 2510 cum

2113 2543 2458 2614 Evangelium
2481 2544 2572 2599 tibi
2594 2545 2811 2615 reliquit
2833 2547 2873 2611 ί,
2890 2547 2940 2601 in
2963 2545 3252 2616 Evangelia
3272 2555 3444 2601 tecum
3462 2554 3564 2600 est.
3585 2546 3703 2602 Non

2113 2636 2254 2690 enim
2271 2637 2521 2690 mentitus
2534 2647 2638 2705 est,
2657 2637 2842 2693 dicens
2861 2656 2874 2692 :
2893 2637 3027 2692 Ecce
3044 2655 3134 2710 ego
3145 2638 3394 2693 vobiscum
3407 2655 3520 2692 sum
3535 2639 3706 2692 omni-

2113 2727 2204 2783 bus
2216 2727 2411 2796 diebus,
2430 2745 2584 2800 usque
2598 2730 2665 2783 ad
2675 2732 3151 2786 consummationem
3171 2731 3342 2786 secuti
3364 2731 3414 2800 (l
3422 2731 3475 2786 d.
3500 2747 3703 2798 xxvm,

2111 2820 2228 2891 20).
2260 2821 2398 2891 Ergo
2419 2837 2644 2892 sequere
2665 2823 2968 2878 Dominum.
2987 2825 3124 2892 Quid
3148 2829 3250 2890 est,
3275 2839 3499 2894 sequere
3518 2825 3707 2880 Domi-

2111 2926 2236 2966 num
2264 2909 2506 2966 :lmitare
2535 2913 2834 2968 Dominum.
2863 2915 2997 2982 Quid
3019 2925 3121 2981 est,
3139 2915 3350 2970 Imitare
3378 2917 3701 2973 Dominum!

2111 3002 2301 3058 Discite
2320 3021 2352 3058 a
2370 3021 2448 3059 me
2470 3006 2709 3076 quoniam
2729 3008 2863 3061 mitis
2877 3025 2990 3062 sum
3013 3015 3058 3062 et
3080 3009 3283 3063 humilis
3303 3009 3473 3063 corde.
3491 3008 3629 3075 Quia
3659 3009 3706 3064 si

2111 3094 2414 3149 distribuero
2445 3097 2615 3150 omnia
2642 3114 2756 3152 utea
2782 3100 3086 3168 pauperibus
3104 3141 3120 3165 ,
3157 3107 3205 3153 et
3233 3099 3486 3154 tradidero
3514 3116 3706 3171 corpus

2109 3201 2275 3239 meum
2299 3196 2353 3240 ut
2372 3188 2581 3242 ardeam
2599 3231 2614 3254 ,
2643 3189 2939 3244 charitatem
2963 3199 3128 3244 autem
3166 3207 3266 3244 non
3295 3190 3504 3244 habeam
3526 3231 3542 3256 ,
3565 3193 3706 3246 nihil

2109 3279 2236 3333 mihi
2260 3280 2464 3348 prodest
2484 3281 2503 3351 (
2525 3282 2544 3336 Ι
2572 3281 2690 3335 Cor.
2723 3299 2815 3337 xui
2835 3323 2851 3350 ,
2886 3281 3037 3351 1-5).
3066 3283 3335 3338 Exhortor
3356 3299 3485 3354 ergo
3504 3283 3705 3340 Chari-

2111 3381 2272 3428 tatem
2302 3384 2536 3429 vestram
2571 3375 2638 3430 ad
2667 3375 2835 3445 ipsam
2865 3376 3179 3432 charitatem
3207 3394 3220 3429 :
3252 3391 3355 3430 non
3385 3386 3562 3431 autem
3606 3392 3709 3432 ex-

2110 3463 2354 3520 hortarer
2380 3465 2446 3522 ad
2485 3467 2833 3535 charitatem,
2882 3467 2983 3524 nisi
3024 3467 3197 3538 aliqua
3223 3468 3502 3524 charitate.
3543 3469 3707 3537 Quod

2109 3573 2239 3629 ergo
2265 3557 2572 3615 inchoatum
2601 3570 2722 3629 est,
2753 3561 3006 3616 exhortor
3047 3570 3106 3617 ut
3131 3562 3449 3633 impleatur;
3475 3572 3530 3618 et
3552 3564 3708 3634 quod

2108 3658 2341 3718 emptum
2371 3659 2454 3705 est
2475 3693 2490 3716 ,
2521 3665 2654 3721 rogo
2679 3660 2735 3706 ut
2778 3651 3101 3720 perficiatur.
3135 3653 3200 3707 Et
3239 3668 3334 3723 pro
3363 3668 3450 3708 me
3475 3670 3506 3707 a
3545 3655 3708 3711 vobis

2108 3740 2283 3811 rogari
2306 3756 2508 3812 qumso,
2537 3752 2593 3797 ut
2613 3750 2669 3798 et
2689 3743 2738 3796 in
2760 3759 2846 3798 me
2868 3743 3173 3813 perficiatur
3191 3745 3332 3814 quod
3357 3759 3452 3800 vos
3477 3761 3708 3803 moneo.

2109 3833 2308 3890 Omnes
2327 3837 2469 3890 enim
2498 3835 2787 3906 imperfecti
2815 3850 3000 3891 sumus
3019 3879 3033 3900 ,
3057 3847 3111 3891 et
3137 3837 3206 3892 ibi
3248 3837 3588 3906 perficiemur
3611 3838 3710 3895 ubi

2109 3925 2342 3994 perfecta
2371 3935 2496 3980 sunt
2522 3929 2720 3981 omnia.
2746 3927 2939 3983 Paulus
2957 3927 3229 3996 apostolus
3249 3928 3378 3984 dicit
3406 3947 3419 3983 :
3447 3926 3670 3985 Fratres
3691 3972 3708 3998 ,

2107 4031 2200 4087 ego
2248 4032 2328 4071 me
2371 4033 2471 4070 non
2512 4016 2729 4072 arbitror
2755 4018 3166 4089 apprehendissc.
3196 4018 3315 4089 Ipse
3342 4019 3469 4074 dicit
3509 4037 3523 4072 :
3569 4020 3707 4075 Non

2106 4107 2228 4176 quia
2243 4108 2361 4177 jam
2388 4108 2684 4179 acceperim,
2707 4120 2794 4163 aut
2805 4111 2919 4180 jam
2939 4113 3188 4182 perfectus
3211 4112 3306 4166 sim
3332 4111 3596 4183 (Philipp.
3624 4130 3708 4178 ιιι,

2109 4198 2347 4266 15,12).
2384 4199 2452 4254 Ει
2477 4201 2756 4269 quisquam
2796 4199 3071 4257 hominum
3109 4217 3168 4257 se
3204 4202 3361 4258 audet
3396 4203 3463 4258 de
3491 4205 3716 4272 perfec-

2107 4289 2250 4344 tione
2288 4290 2525 4360 jactare?
2567 4289 2680 4345 lmo
2714 4292 3064 4348 couliteamur
3104 4293 3563 4363 impcrfectionem
3589 4337 3608 4362 ,
3649 4305 3714 4350 ut

2106 4396 2411 4436 mereamur
2435 4379 2839 4452 perfectionem.

2567 4516 2795 4574 saeuo
2833 4518 3037 4574 cxuu
3067 4522 3084 4542 ο
3124 4520 3223 4589 (α,.

2106 4653 2182 4710 De
2209 4655 2370 4709 verbis
2405 4653 2672 4725 Evangelii
2710 4653 2957 4720 Joannis,
2994 4654 3106 4725 Ego
3145 4653 3420 4708 veritatem
3445 4652 3574 4712 dico
3602 4671 3712 4710 vo-

2171 4747 2290 4813 bis,
2335 4745 2548 4818 expedit
2587 4745 2736 4802 vobis
2783 4755 2841 4802 ut
2867 4761 2968 4818 ego
2994 4745 3214 4811 vadam,
3239 4755 3334 4801 etc.
3381 4746 3510 4818 Cap.
3560 4765 3666 4803 xv:

2187 4839 2261 4908 ι.
2293 4839 2440 4892 7-H.

2171 4974 2398 5032 CAPUT
2423 4973 2840 5031 PRIMUM.—L
2865 4972 3021 5028 Fides
3041 4973 3095 5026 in
3122 4972 3379 5028 Christum
3403 4971 3471 5026 ad
3489 4974 3717 5044 justiﬁ-

2101 5070 2346 5124 cationem
2393 5067 2691 5122 necessaria.
2733 5065 2993 5121 Medicina
3022 5065 3259 5120 omnium
3297 5066 3488 5120 anima:
3515 5067 3721 5125 vulne-

2102 5176 2218 5216 rum
2246 5202 2260 5223 ,
2302 5169 2358 5215 et
2397 5175 2500 5214 una
2532 5158 2836 5227 pr0pitiatio
2898 5172 2996 5228 pro
3030 5157 3238 5212 delictis
3266 5157 3544 5213 hominum
3575 5170 3714 5229 est,

2096 5254 2316 5311 credere
2346 5254 2397 5307 in
2426 5250 2692 5308 Christum
2723 5268 2738 5306 :
2766 5265 2866 5307 nec
2885 5248 3103 5306 omnino
3132 5251 3406 5322 quisquam
3434 5251 3711 5311 mundan

2097 5355 2292 5420 potest,
2320 5347 2434 5401 sive
2449 5344 2516 5399 ab
2537 5344 2779 5415 originali
2800 5351 3042 5414 peccato,
3061 5343 3204 5414 quod
3219 5358 3285 5397 ex
3307 5343 3473 5398 Adam
3499 5345 3713 5415 traxit,

2098 5439 2153 5494 in
2183 5453 2288 5509 quo
2316 5449 2504 5492 omnes
2527 5442 2896 5505 peccaverunt,
2919 5441 2973 5489 et
2999 5432 3091 5506 lilii
3114 5434 3208 5488 irae
3235 5433 3552 5488 naturaliter
3571 5435 3719 5494 facti

2100 5538 2254 5596 sunt;
2287 5529 2398 5583 sive
2427 5541 2456 5581 τι
2487 5527 2720 5597 peccatis
2743 5541 2861 5596 qua!
2894 5525 2995 5596 ipsi
3022 5539 3129 5581 non
3156 5522 3457 5580 resistendo
3480 5529 3718 5585 carnali

2158 5687 2178 5767 ξ
2200 5677 2756 5767 causam“

2199 5736 2408 5795 Collatus
2433 5736 2500 5794 ad
2520 5750 2626 5792 tres
2652 5743 2740 5790 bn.
2762 5736 2968 5804 quatuor
2987 5739 3053 5792 cl.
3068 5741 3129 5794 ad
3150 5753 3196 5792 tt.
3217 5740 3297 5791 ob.
3313 5738 3347 5791 ἰ.
3370 5737 3431 5795 is.
3452 5753 3504 5806 α.
3524 5736 3605 5794 Ir.
3628 5757 3714 5799 In.

2098 5803 2170 5871 pr.
2193 5807 2388 5871 rm.__vd.

2160 5871 2234 5934 (a)
2258 5867 2398 5928 Alias,
2418 5867 2485 5916 de
2508 5864 2677 5919 verbis
2695 5864 2874 5917 Domini
2892 5862 2972 5916 60.
