4098 6310
451 333 552 390 785

452 444 897 516 concupiscentiae
921 484 937 511 ,
964 443 1055 499 sed
1083 457 1203 498 eam
1231 440 1500 513 sequendo
1518 481 1532 507 ,
1560 441 1715 512 eique
1741 440 2022 496 serviendo

452 539 504 592 in
536 536 747 607 ﬂagitiis
774 548 830 592 et
855 534 1174 591 facinoribus
1194 575 1210 601 ,
1239 533 1586 599 addiderunt;
1620 533 1719 587 nisi
1749 548 1845 605 per
1867 531 2024 587 ﬁdem

452 630 817 687 coadunentur
843 634 898 685 et
923 628 1358 699 compaginentur
1385 627 1594 697 corpori
1618 626 1765 696 ejus,
1797 625 1885 696 qui
1911 624 2027 680 sine

457 724 563 778 ulla
608 723 857 779 illecebra
902 721 1098 776 earnali
1140 729 1195 776 et
1221 720 1490 776 mortifera
1520 719 1874 775 delectatione
1898 731 2028 773 con-

453 823 639 885 ceptus
667 822 749 870 est
768 856 783 879 ,
822 828 922 868 nec
946 827 1069 869 eum
1095 813 1149 868 in
1174 812 1378 869 delictis
1405 820 1577 867 mater
1600 812 1652 866 in
1682 820 1833 866 utero
1859 807 2025 874 aluit,

458 913 511 961 et
534 913 809 975 peccatum
845 919 952 959 non
978 902 1103 960 fecit
1124 945 1141 973 ,
1183 918 1282 960 nec
1304 905 1548 960 inventus
1574 909 1657 957 est
1682 901 1835 957 dolus
1855 900 1908 954 in
1934 913 2029 955 ore

457 998 570 1067 ejus
599 997 616 1067 (
640 996 657 1049 ι
706 996 845 1051 Petr.
873 1013 939 1064 ιι,
970 995 1094 1069 22).
1122 996 1180 1051 ln
1221 1012 1342 1052 eum
1371 1000 1565 1067 quippe
1593 992 1868 1051 credentes
1890 1034 1906 1060 ,
1934 991 2029 1047 ﬁlii

461 1088 553 1142 Dei
585 1086 750 1153 ﬁunt;
782 1089 902 1159 quia
926 1104 990 1144 ex
1015 1088 1126 1145 Deo
1150 1096 1437 1143 nascuntur
1464 1103 1558 1158 per
1584 1085 1885 1156 adoptionis
1910 1100 2030 1155 gra-

459 1180 604 1245 tiam,
632 1195 749 1250 quae
768 1188 850 1234 est
873 1181 925 1234 in
952 1179 1053 1235 ﬁde
1078 1178 1205 1235 Jesu
1231 1178 1425 1234 Christi
1448 1177 1656 1232 Domini
1681 1176 1870 1232 nostri.
1890 1174 2031 1242 Qua-

457 1281 689 1339 propter,
712 1269 1031 1338 charissimi,
1058 1269 1249 1325 merito
1270 1268 1411 1325 idem
1436 1268 1689 1323 Dominus
1712 1275 1766 1321 et
1785 1265 2031 1322 Salvator

455 1370 636 1415 noster
666 1360 767 1416 hoc
791 1376 952 1415 unum
979 1367 1252 1431 peccatum
1283 1359 1432 1427 dicit,
1454 1358 1521 1414 de
1546 1373 1652 1429 quo
1677 1357 1847 1427 arguit
1875 1371 2029 1410 mun-

455 1451 580 1505 dum
606 1451 834 1521 Spiritus
861 1462 1077 1509 sanctus
1100 1495 1116 1520 ,
1141 1453 1263 1522 quia
1294 1468 1397 1506 non
1421 1451 1589 1507 credit
1613 1450 1666 1505 in
1707 1465 1846 1504 cum.
1880 1447 1991 1520 Ego
2009 1488 2026 1515 ,

457 1544 622 1614 inquit
646 1586 661 1611 ,
686 1546 938 1599 veritatem
957 1546 1068 1600 dico
1090 1544 1245 1608 vobis,
1267 1543 1467 1615 expedit
1483 1544 1616 1598 vobis
1638 1553 1689 1595 ut
1712 1559 1802 1613 ego
1826 1542 2027 1594 vadam.

462 1634 517 1691 Si
542 1637 674 1690 enim
714 1652 805 1706 ego
834 1654 933 1690 non
952 1637 1150 1703 abiero,
1185 1636 1476 1691 Paracletus
1503 1653 1603 1689 nou
1625 1635 1777 1689 veniet
1805 1634 1871 1687 ad
1896 1650 1980 1687 vos
2008 1648 2029 1687 :

452 1726 495 1779 si
522 1736 688 1782 autem
710 1727 894 1794 abiero,
916 1730 1107 1782 mittant
1132 1746 1243 1783 eum
1273 1730 1340 1783 ad
1365 1745 1469 1783 vos.
1498 1725 1565 1781 Et
1583 1744 1695 1782 cum
1719 1726 1900 1781 venerit
1919 1724 2025 1791 ille,

453 1828 626 1887 arguet
646 1818 889 1872 mundum
917 1820 980 1874 de
1000 1830 1223 1889 peccato,
1254 1830 1302 1875 et
1329 1820 1391 1873 de
1403 1820 1624 1889 justitia,
1656 1828 1701 1873 et
1724 1818 1787 1872 de
1801 1818 2023 1889 judicio.

455 1906 533 1961 De
570 1918 771 1979 peccato
803 1910 1003 1979 quidem
1025 1952 1041 1977 ,
1084 1912 1201 1981 quia
1230 1928 1330 1965 non
1364 1910 1679 1964 crediderunt
1716 1911 1767 1963 in
1808 1925 1886 1962 me
1924 1925 1942 1962 :
1969 1908 2030 1962 de

452 2001 645 2071 justitia
666 2016 797 2065 vero,
828 2002 947 2070 quia
975 2000 1042 2054 ad
1073 2000 1275 2059 Patrem
1304 2000 1454 2067 vado,
1475 2009 1520 2053 et
1536 2000 1651 2070 jant
1678 2016 1776 2053 non
1804 1998 2029 2052 videbitis

456 2108 533 2145 me
558 2107 577 2145 :
599 2090 662 2145 de
675 2091 873 2162 judicio
901 2101 1088 2160 autem,
1109 2093 1227 2165 quia
1252 2092 1483 2163 princeps
1509 2092 1661 2162 hujus
1684 2090 1858 2145 mundi
1879 2087 2028 2159 judi-

453 2192 593 2238 catus
620 2192 711 2238 est.

526 2274 748 2331 CAPUT
777 2276 840 2332 ll.
866 2308 937 2317 —
960 2277 1015 2331 2.
1042 2276 1315 2332 Peccatum
1340 2275 1655 2347 inﬁdelitatis
1688 2276 1742 2330 in
1777 2272 2029 2331 Christum

454 2381 546 2418 cur
567 2367 731 2421 solum
758 2369 1007 2439 arguitur.
1051 2368 1129 2424 De
1168 2367 1270 2424 hoc
1302 2384 1430 2439 ergo
1467 2383 1572 2424 uno
1602 2375 1817 2438 peccato
1863 2366 2031 2419 voluit

456 2454 707 2511 mundum
733 2458 913 2527 argui,
941 2458 1083 2528 quod
1112 2474 1215 2512 non
1247 2457 1471 2513 credunt
1496 2458 1549 2513 in
1587 2473 1709 2513 eum
1742 2474 1756 2510 :
1785 2455 2031 2511 videlicet

453 2545 573 2614 quia
600 2545 652 2601 in
681 2561 801 2602 eum
848 2548 1115 2603 credendo
1148 2556 1336 2603 cuncta
1367 2558 1579 2619 peccata
1610 2547 1900 2611 solvuntur,
1927 2544 2030 2599 hoc

452 2649 612 2690 unum
659 2637 904 2707 imputari
958 2639 1157 2704 voluit,
1200 2653 1305 2709 quo
1347 2648 1539 2694 caetera
1580 2638 1911 2707 colligantur.
1962 2634 2031 2691 Et

452 2727 869 2795 quiacredendo
905 2740 1193 2786 nascuntur
1226 2746 1291 2785 ex
1321 2730 1430 2785 Deo
1454 2772 1469 2795 ,
1505 2738 1561 2785 et
1593 2730 1688 2784 ﬁlii
1732 2729 1826 2783 Dei
1856 2728 2025 2782 ﬁunt:

453 2818 604 2873 Dedit
646 2821 821 2888 enim,
860 2822 1061 2892 inquit,
1103 2823 1206 2877 illis
1240 2831 1532 2893 potestatem
1578 2822 1711 2890 ﬁlios
1752 2820 1847 2873 Dei
1881 2820 2026 2889 ﬁeri,

451 2911 761 2966 credentibus
779 2914 830 2966 in
851 2929 962 2967 eum
987 2912 1162 2984 (Joan.
1188 2929 1235 2982 ι,
1264 2913 1374 2985 12).
1402 2912 1501 2981 Qui
1526 2926 1650 2982 ergo
1673 2911 1841 2967 credit
1865 2910 1916 2965 in
1944 2910 2030 2965 Fi-

451 2999 579 3057 lium
610 3004 699 3059 Dei
720 3044 737 3070 ,
769 3003 823 3059 in
852 3012 1105 3075 quantum
1140 3004 1377 3060 adhaeret
1400 3005 1473 3059 illi
1495 3047 1510 3072 ,
1558 3006 1611 3059 et
1637 3003 1695 3057 ﬁt
1727 3003 1884 3058 etiam
1916 3004 2029 3071 ipse

454 3109 549 3163 per
584 3095 921 3166 adoptionem
954 3096 1090 3153 ﬁlius
1118 3106 1170 3153 et
1208 3097 1379 3153 haeres
1410 3096 1533 3163 Dei,
1569 3095 1809 3152 colueres
1851 3105 2028 3149 autem

452 3184 680 3251 Christi,
710 3185 763 3240 in
800 3196 998 3242 tantum
1035 3203 1141 3241 non
1170 3196 1369 3257 peccat.
1400 3186 1554 3244 Unde
1589 3188 1718 3243 dicit
1755 3186 2027 3242 Joannes:

455 3273 556 3340 Qui
578 3285 725 3331 natus
770 3285 842 3332 est
880 3293 944 3332 ea:
970 3277 1108 3345 Deo,
1147 3294 1247 3332 non
1271 3288 1442 3349 peccat
1466 3278 1513 3349 (l
1536 3275 1694 3333 Ioan.
1735 3293 1824 3342 ιιι,
1854 3276 1933 3346 9).
1964 3276 2031 3331 Et

455 3363 572 3419 ideo
603 3375 876 3434 peccatum
906 3367 1045 3424 unde
1092 3369 1322 3423 mundus
1365 3352 1600 3439 arguitur
1624 3368 1725 3423 hoc
1753 3376 1853 3432 est,
1885 3366 2028 3437 quod

454 3469 556 3509 non
582 3457 804 3512 credunt
828 3457 879 3511 in
909 3473 1050 3513 eum.
1076 3458 1186 3514 Hoc
1211 3467 1292 3514 est
1316 3467 1588 3529 peccatum
1622 3458 1689 3513 de
1713 3473 1818 3528 quo
1847 3458 2027 3512 itidem

451 3543 579 3600 dicit
601 3563 614 3600 :
636 3546 697 3602 Si
712 3564 810 3601 non
825 3548 1084 3615 venissem,
1102 3560 1354 3618 peccatum
1372 3566 1472 3603 non
1488 3549 1722 3603 haberent
1739 3548 1918 3619 (Joan.
1933 3563 2028 3614 xv,

450 3635 577 3707 22).
606 3638 867 3711 Numquid
897 3642 1040 3696 enim
1083 3641 1183 3696 alia
1230 3641 1629 3698 innumerabilia
1672 3650 1885 3711 peccata
1924 3654 2029 3696 non

454 3727 759 3784 habebant?
790 3729 895 3786 Sed
918 3730 1148 3786 adventu
1173 3731 1289 3801 ejus
1314 3731 1416 3786 hoc
1442 3746 1605 3785 unum
1634 3739 1908 3800 peccatum
1936 3744 2029 3786 ac-

451 3821 613 3875 cessit
657 3835 763 3874 non
809 3820 1188 3888 credentibus,
1228 3837 1333 3892 quo
1364 3831 1555 3878 cmtera
1599 3831 1920 3878 tenerentur.
1971 3822 2030 3879 In

450 3910 792 3966 credentibus
818 3921 995 3967 autem
1020 3914 1140 3983 quia
1170 3914 1273 3970 hoc
1297 3929 1458 3968 unum
1486 3913 1685 3980 defuit,
1717 3913 1910 3969 factum
1950 3923 2034 3969 est

453 4010 513 4055 ut
551 4011 737 4057 cuncta
790 4002 1185 4060 dimitterentur
1230 4005 1586 4060 credentibus.
1631 4006 1739 4060 Nec
1778 4006 1846 4063 ob
1890 4006 2031 4061 aliud

451 4092 723 4160 apostolus
744 4093 967 4160 Paulus,
993 4094 1200 4161 Omnes,
1229 4096 1417 4165 inquit,
1454 4106 1793 4165 peccaverunt,
1824 4107 1869 4151 et
1889 4106 2032 4168 egent

451 4180 615 4251 gloria
638 4181 735 4237 Dei
758 4182 951 4256 (Rom.
978 4200 1069 4251 ιιι,
1100 4184 1243 4257 25);
1276 4192 1331 4239 ιιι
1359 4186 1445 4255 qui
1483 4187 1767 4241 crediderit
1791 4187 1842 4241 in
1871 4202 1990 4242 eum
2012 4230 2028 4255 ,

452 4287 560 4329 non
592 4274 944 4331 confundatur
971 4274 1095 4345 (Id.
1123 4292 1213 4342 ιχ,
1234 4276 1338 4349 5⁸5)
1375 4293 1390 4332 :
1420 4277 1557 4331 sicut
1589 4286 1642 4333 et
1682 4278 1921 4333 Psalmus
1945 4278 2030 4333 di-

452 4368 561 4434 cit,
584 4368 817 4423 Accedite
846 4369 915 4422 ad
941 4372 1080 4435 eunt,
1109 4379 1154 4423 et
1196 4370 1584 4437 illuminantini,
1614 4381 1662 4424 et
1690 4371 1855 4425 vultus
1883 4372 2033 4426 vestri

453 4476 555 4513 non
584 4462 955 4531 confundentur
994 4460 1180 4532 (Psal.
1211 4477 1378 4516 χχχιιι
1403 4503 1416 4527 ,
1460 4460 1547 4529 6).
1595 4462 1692 4529 Qui
1724 4478 1850 4533 ergo
1878 4464 1929 4519 in
1969 4480 2029 4521 se

452 4550 725 4621 gloriatur,
754 4552 1102 4606 confundetur
1134 4570 1148 4605 :
1180 4568 1283 4607 non
1307 4553 1446 4607 enim
1477 4553 1590 4607 sine
1616 4553 1846 4623 peccatis
1878 4553 2029 4610 inve-

456 4642 647 4695 nietur.
679 4641 772 4696 Ille
801 4641 977 4711 itaque
1005 4642 1367 4697 tantummodo
1389 4658 1491 4697 non
1525 4642 1910 4711 confundetur,
1940 4646 2029 4714 qui

454 4731 507 4785 in
539 4731 761 4785 Domino
779 4731 1049 4801 gloriatur.
1083 4731 1268 4785 Omnes
1293 4734 1425 4785 enim
1450 4744 1793 4803 peccaverunt,
1818 4743 1863 4788 et
1886 4746 2031 4806 egent

454 4822 614 4891 gloria
642 4820 757 4875 Dei.
800 4821 978 4891 Itaque
1005 4837 1122 4876 cum
1154 4822 1221 4877 de
1248 4822 1551 4877 Judteorum
1592 4824 1901 4880 inﬁdelitate
1946 4826 2028 4880 lo-

461 4923 727 4983 queretur,
756 4929 859 4968 non
891 4917 994 4968 ait:
1019 4914 1227 4969 Etenim
1250 4916 1292 4969 si
1314 4915 1524 4985 quidam
1547 4916 1754 4971 illorum
1782 4932 2029 4985 peccave-

456 5014 594 5071 runt,
625 5004 1181 5075 numquid-peccatum
1206 5021 1389 5061 eorum
1414 5007 1569 5061 ﬁdem
1592 5009 1683 5062 Dei
1715 5011 2027 5065 evacuabit?

451 5095 730 5163 Quomodo
756 5098 895 5152 enim
937 5097 1174 5165 diceret,
1207 5098 1261 5153 Si
1286 5098 1497 5168 quidam
1536 5099 1745 5154 illorum
1774 5116 2028 5168 peccave-

450 5196 606 5255 runt;
633 5204 753 5243 cum
781 5189 894 5259 ipse
919 5188 1142 5254 dixerit,
1169 5188 1353 5244 Omnes
1382 5190 1513 5243 enint
1539 5192 1903 5256 peccaverunt?
1922 5193 2025 5249 Sed

450 5281 562 5345 ait,
597 5281 659 5337 Si
680 5282 885 5352 quidam
917 5282 1121 5336 illorum
1157 5298 1257 5336 non
1288 5281 1635 5348 crediderunt,
1672 5284 1914 5355 numquid
1942 5285 2024 5338 in-

451 5372 719 5426 credulitas
744 5388 918 5427 eorum
940 5372 1092 5442 [idem
1123 5370 1220 5426 Dei
1244 5371 1495 5426 evacuabit
1522 5372 1695 5445 (Rom.
1723 5390 1799 5441 ιιι,
1832 5374 1931 5448 5)?
1960 5374 2027 5432 Ut

452 5458 555 5515 hoc
577 5471 848 5530 peccatum
875 5462 1177 5532 expressius
1193 5461 1601 5529 demonstraret,
1626 5479 1729 5533 quo
1750 5480 1855 5520 uno
1881 5466 2028 5521 clau-

452 5549 597 5605 ditur
621 5551 875 5607 adversus
898 5562 1112 5619 caetera,
1141 5568 1207 5607 ne
1233 5568 1325 5622 per
1343 5552 1435 5607 Dei
1456 5554 1673 5621 gratiam
1701 5556 2019 5612 relaxentur.

454 5639 530 5695 De
555 5656 659 5710 quo
686 5658 792 5695 uno
820 5651 1030 5710 peccato
1050 5658 1144 5712 per
1162 5642 1442 5699 adventum
1464 5643 1689 5710 Spiritus
1716 5648 1903 5712 sancti,
1924 5646 2024 5703 hoc

454 5738 566 5801 est,
594 5745 692 5803 per
732 5731 929 5788 donum
974 5733 1138 5805 ipsius
1178 5733 1357 5805 gratiae
1393 5732 1533 5803 quod
1559 5733 1979 5792 ﬁdelibusdatur
2001 5780 2015 5808 ,

801 5842 1035 5866 ""“""‘
1078 5849 1185 5882 *ῖν
1241 5860 1267 5886 ιε

1822 320 2050 380 SERMO
2084 324 2310 382 CXLIII.

3592 331 3700 395 786

2130 442 2358 495 mundus
2378 442 2637 513 arguitur,
2660 440 2870 499 dicente
2892 442 3133 513 Domino,
3158 440 3235 501 De
3252 456 3453 519 peccato
3475 450 3697 519 quidem,

2128 534 2245 604 quia
2265 551 2365 588 non
2388 535 2706 591 crediderunt
2733 537 2785 590 in
2812 554 2908 592 me.

2198 623 2423 681 CAPUT
2465 624 2547 681 ιιι.
2576 656 2647 667 --
2689 628 2741 681 5.
2773 627 2996 698 Spiritus
3038 628 3201 685 sancti
3236 647 3474 702 magnum
3516 648 3701 687 munus

2132 727 2241 787 post
2268 716 2457 771 Christi
2500 720 2858 774 ascensionem.
2904 719 3019 775 Non
3058 732 3234 777 autem
3273 730 3417 777 esset
3458 723 3705 778 meritum
3728 743 3741 768 ο

2130 807 2331 879 grande
2372 808 2697 865 credentium
2727 815 2781 864 et
2817 809 3086 865 beatitudo
3110 811 3371 882 gloriosa,
3410 812 3456 867 si
3496 827 3709 882 semper

2130 897 2386 954 Dominus
2412 899 2463 953 in
2489 900 2802 954 resuscitato
2829 916 3052 972 corpore
3080 900 3325 957 humanis
3344 902 3511 957 oculis
3535 916 3705 973 appa-

2132 998 2291 1045 reret.
2321 990 2547 1059 Spiritus
2566 1005 2691 1059 ergo
2717 1000 2928 1045 sanctus
2948 991 3051 1046 hoc
3075 1006 3321 1062 magnum
3349 1009 3542 1049 munus
3564 1002 3710 1049 attu-

2131 1081 2191 1135 lit
2216 1082 2521 1147 creditoris,
2556 1091 2611 1136 ut
2640 1097 2760 1136 eum
2786 1098 2943 1152 quem
2970 1083 3268 1140 carnalibus
3293 1086 3463 1139 oculis
3488 1100 3594 1141 non
3621 1085 3706 1140 vi-

2132 1171 2339 1239 derent,
2363 1188 2393 1226 a
2417 1172 2714 1227 carnalibus
2736 1173 3108 1242 cupiditatibus
3128 1184 3305 1231 mente
3322 1176 3497 1231 sobria
3520 1184 3575 1231 et
3601 1176 3711 1245 spi-

2133 1263 2413 1318 ritualibus
2453 1263 2732 1318 desideriis
2764 1263 2909 1319 ebria
2952 1265 3300 1334 suspirarent.
3346 1265 3499 1323 Unde
3535 1275 3589 1322 et
3620 1267 3711 1323 ille

2131 1354 2443 1426 discipulus,
2471 1356 2558 1425 qui
2590 1369 2647 1410 se
2672 1354 2883 1410 dixerat
2914 1370 3016 1410 non
3046 1357 3370 1412 crediturum
3389 1398 3405 1424 ,
3436 1358 3537 1413 nisi
3565 1358 3711 1413 cica-

2133 1446 2292 1500 trices
2318 1446 2431 1514 ejus
2457 1461 2616 1500 manu
2643 1446 2920 1516 tetigisset,
2951 1460 3070 1500 cum
3101 1456 3458 1503 contrectacto
3483 1463 3710 1519 corpore

2134 1536 2342 1591 Domini
2370 1538 2519 1607 quasi
2544 1538 2794 1607 evigilans
2826 1538 3194 1603 exclamasset,
3222 1537 3471 1594 Dominus
3498 1557 3635 1594 meus
3661 1551 3713 1596 et

2131 1625 2270 1680 Deus
2300 1629 2476 1683 meus!
2503 1629 2575 1684 ait
2612 1629 2687 1683 illi
2726 1629 3014 1696 Dominus,
3058 1629 3188 1695 Quia
3216 1630 3382 1684 vidisti
3404 1648 3516 1698 me,
3547 1634 3712 1687 credi-

2133 1720 2250 1773 disti
2271 1736 2288 1784 ;
2316 1721 2445 1774 beati
2471 1723 2555 1788 qui
2590 1738 2689 1776 non
2715 1722 2942 1775 viderunt
2968 1732 3014 1775 et
3038 1722 3356 1776 crediderunt
3387 1723 3562 1795 (Joan.
3599 1741 3671 1779 xx
3692 1766 3711 1793 ,

2130 1809 2340 1880 25-29).
2372 1811 2517 1866 lianc
2545 1812 2923 1867 beatitudinem
2955 1814 3180 1883 Spiritus
3215 1824 3430 1869 sanctus
3469 1816 3713 1886 paracle-

2133 1908 2217 1954 tus
2242 1901 2418 1955 attulit
2442 1943 2455 1967 ,
2504 1911 2559 1955 ut
2585 1905 2651 1958 ab
2677 1905 2846 1959 oculis
2880 1908 3055 1960 carnis
3084 1906 3224 1960 servi
3266 1904 3433 1961 forma
3464 1917 3670 1964 remota
3692 1948 3710 1976 ,

2137 2005 2294 2059 quam
2324 1993 2392 2047 de
2420 1994 2635 2063 virginis
2652 2002 2805 2052 utero
2825 1997 3046 2065 accepit,
3072 1996 3125 2051 in
3146 1998 3313 2066 ipsam
3345 1998 3438 2053 Dei
3459 1997 3710 2069 fortnam,

2132 2084 2185 2139 in
2214 2098 2315 2153 qua
2348 2084 2488 2139 Patri
2516 2085 2734 2155 aequalis
2759 2086 2916 2140 etiam
2944 2101 3065 2141 cum
3088 2087 3137 2142 in
3160 2104 3319 2144 carne
3343 2106 3599 2160 apparere
3628 2091 3711 2147 di-

2130 2185 2319 2245 gnatus
2347 2184 2429 2231 est
2459 2177 2745 2244 permansit
2771 2219 2786 2243 ,
2817 2186 3034 2248 purgata
3079 2180 3271 2233 mentis
3296 2181 3437 2236 acies
3464 2182 3712 2238 tendere-

2132 2275 2218 2323 tur
2251 2285 2264 2321 :
2296 2275 2352 2320 ut
2391 2266 2579 2321 eodem
2618 2266 2814 2335 Spiritu
2856 2268 3092 2337 repletus
3135 2270 3419 2339 Apostolus
3461 2270 3663 2328 diceret
3686 2314 3704 2340 ,

2132 2358 2201 2413 Et
2228 2361 2272 2414 si
2299 2376 2593 2415 noveramus
2618 2358 2873 2413 Christum
2902 2360 3177 2415 secundum
3200 2378 3436 2428 carnem,
3464 2365 3551 2419 sed
3580 2381 3713 2419 nunc

2123 2452 2236 2522 jam
2273 2468 2372 2505 non
2418 2451 2646 2505 novimus
2692 2449 2757 2522 (ll
2805 2450 2921 2507 Cor.
2966 2452 3175 2525 v.16).
3226 2454 3360 2523 Quia
3404 2464 3458 2510 et
3496 2471 3712 2513 carnem

2130 2541 2325 2599 Christi
2351 2560 2455 2598 non
2476 2544 2766 2599 secundum
2789 2560 3026 2613 carnem,
3042 2546 3135 2602 sed
3159 2549 3445 2603 secundum
3467 2551 3711 2620 spiritum

2134 2636 2297 2700 novit,
2323 2635 2412 2703 qui
2442 2634 2689 2689 virtutem
2716 2636 3121 2691 resurrectionis
3151 2637 3285 2706 ejus,
3314 2654 3417 2694 uon
3448 2641 3713 2711 palpands

2130 2728 2371 2782 curiosus
2394 2768 2408 2793 ,
2443 2727 2536 2782 scd
2578 2728 2844 2783 credendo
2875 2739 3051 2784 certus
3077 2733 3313 2801 agnoscit
3339 2749 3353 2786 :
3382 2750 3487 2788 non
3528 2735 3712 2792 dicens

2132 2816 2187 2871 in
2207 2817 2365 2873 corde
2385 2832 2501 2884 suo,
2527 2818 2652 2883 Quis
2677 2820 2899 2873 ascendit
2922 2821 2974 2874 in
2995 2823 3169 2876 caelum
3194 2824 3219 2877 ?
3248 2825 3340 2878 hoc
3364 2835 3436 2879 est
3457 2824 3712 2883 Christum

2132 2909 2409 2974 deducere;
2430 2920 2535 2976 aut,
2560 2910 2685 2975 Quis
2708 2912 2959 2967 descendit
2979 2915 3031 2967 in
3060 2915 3336 2987 abyssum?
3356 2918 3448 2972 Itoc
3470 2930 3540 2973 est
3565 2919 3715 2975 Chri-

2131 3010 2264 3055 stum
2291 3017 2323 3054 a
2350 3004 2560 3059 mortuis
2587 3005 2841 3060 reducere.
2870 3005 2975 3061 Sed
3000 3024 3156 3079 prope
3177 3020 3266 3076 est,
3293 3011 3479 3081 inquit,
3509 3013 3711 3070 verbum

2131 3093 2183 3146 in
2212 3109 2297 3148 ore
2323 3102 2428 3159 tuo,
2456 3096 2576 3165 quia
2606 3096 2860 3152 Dominus
2890 3107 2971 3153 est
2994 3098 3148 3155 Iesus
3178 3119 3189 3154 :
3220 3108 3275 3156 et
3299 3102 3343 3154 si
3369 3104 3639 3159 credideris
3658 3106 3715 3159 in

2131 3186 2283 3240 corde
2306 3197 2391 3241 tuo
2424 3188 2541 3258 quia
2567 3186 2707 3244 Deus
2750 3190 2895 3244 illum
2925 3192 3180 3246 suscitavit
3212 3210 3243 3246 a
3279 3194 3519 3261 mortuis,
3546 3197 3714 3251 salvus

2132 3278 2250 3332 eris.
2275 3277 2439 3333 Corde
2475 3281 2606 3333 enint
2635 3281 2855 3335 creditur
2878 3280 2945 3334 ad
2966 3283 3221 3351 justitiam
3242 3325 3257 3351 ,
3291 3300 3375 3339 ore
3399 3294 3564 3339 autem
3593 3303 3714 3344 cou-

2133 3370 2282 3439 fessio
2306 3371 2364 3438 ﬁt
2405 3371 2473 3424 ad
2498 3370 2713 3426 salutem
2738 3372 2912 3443 (Rom.
2944 3389 2974 3428 x
2996 3415 3010 3439 ,
3061 3376 3233 3445 6-10).
3276 3376 3400 3432 limo
3423 3417 3440 3443 ,
3483 3377 3709 3445 fratres,

2136 3462 2375 3530 ApoStoli
2421 3464 2581 3518 verba
2628 3473 2795 3533 sunt,
2843 3466 3009 3535 ipsius
3057 3467 3228 3522 sancti
3268 3468 3495 3540 Spiritus
3530 3482 3712 3529 sancta

2132 3554 2388 3610 ebrietate
2411 3557 2721 3610 ructuantis.

2202 3644 2427 3700 CAPUT
2467 3644 2555 3700 IV.
2586 3676 2655 3686 -—
2680 3648 2739 3701 4.
2768 3645 2981 3701 Iustitia
3008 3649 3128 3717 ﬁdei
3149 3667 3182 3703 a
3206 3651 3387 3721 spiritu
3406 3664 3579 3707 sancto
3601 3666 3713 3724 post

2132 3749 2381 3789 recessum
2419 3735 2626 3791 Christi.
2658 3737 2790 3791 Cum
2830 3754 2958 3808 ergo
2987 3740 3122 3795 hanc
3162 3742 3538 3798 beatitudinem
3563 3787 3577 3810 ,
3609 3762 3712 3816 qua

2136 3843 2240 3884 non
2266 3830 2505 3885 videmus
2539 3840 2593 3886 et
2633 3818 2902 3887 credimus
2926 3875 2940 3901 ,
2983 3835 3128 3888 nullo
3155 3836 3313 3891 modo
3354 3837 3672 3895 haberemus
3700 3882 3712 3896 ..

2116 3922 2237 3977 nisi
2263 3938 2378 3978 eam
2402 3940 2430 3977 a
2451 3923 2647 3993 Spiritu
2670 3934 2854 3979 sancto
2874 3926 3269 3996 acciperemus;
3298 3931 3488 3984 merito
3510 3932 3695 3989 dicturi

2135 4023 2250 4080 est,
2284 4014 2500 4084 Expedit
2525 4016 2662 4069 vobis
2687 4024 2741 4068 ut
2770 4032 2860 4086 ego
2884 4017 3088 4074 vadum.
3127 4018 3190 4072 Si
3217 4020 3347 4074 enim
3378 4016 3672 4077 non‘abiero

2136 4102 2431 4159 Paraclelu‘s
2460 4123 2557 4159 non
2582 4107 2740 4160 veniet
2766 4107 2833 4159 ad
2859 4124 2945 4162 vos
2980 4125 2998 4162 :
3022 4110 3064 4163 si
3090 4120 3253 4164 autem
3279 4111 3446 4166 abiero
3468 4153 3483 4179 ,
3516 4114 3709 4168 mittam

2133 4196 2279 4249 illum
2325 4196 2393 4249 ad
2438 4213 2543 4252 vos.
2588 4197 2811 4268 Semper
2857 4199 3067 4269 quidem
3115 4186 3388 4261 divinitate
3438 4206 3709 4262 nobiscum

2134 4295 2217 4343 est
2249 4306 2262 4341 :
2290 4287 2385 4343 sed
2413 4288 2513 4342 nisi
2538 4291 2886 4358 corporaliter
2910 4291 3081 4347 abiret
3105 4306 3135 4347 a
3161 4275 3335 4367 nobis,
3363 4311 3575 4367 semper
3593 4299 3711 4367 ejus

2133 4391 2327 4447 corpus
2352 4380 2636 4435 carnaliter
2656 4381 2975 4451 videremus,
3000 4395 3053 4439 et
3075 4361 3341 4457 nunqii‘a'm
3368 4364 3711 4459 spiritualiter

2134 4470 2475 4526 crederemus
2499 4486 2514 4537 ;
2541 4487 2642 4541 qua
2665 4471 3053 4543 ﬁdejustiﬁcati
3076 4487 3129 4531 et
3154 4460 3453 4542 beatiﬁcati,
3479 4479 3710 4550 idipsum

2135 4559 2368 4614 Verbum
2394 4561 2556 4616 Deum
2571 4562 2712 4631 apud
2733 4564 2918 4631 Deum,
2935 4580 3029 4634 per
3047 4566 3187 4635 quod
3209 4566 3344 4622 facta
3365 4577 3486 4623 sunt
3506 4570 3706 4637 omnia,

2133 4662 2187 4708 et
2216 4653 2359 4723 quod
2387 4668 2515 4709 caro
2543 4655 2732 4710 factum
2766 4665 2869 4722 est,
2900 4668 2958 4712 ut
2982 4658 3245 4715 habitaret
3274 4661 3327 4715 in
3356 4663 3527 4727 nobis,
3549 4664 3709 4720 corde

2134 4745 2390 4800 mundato
2434 4746 2778 4816 contemplari
2808 4763 3157 4805 mereremur.
3194 4752 3257 4805 Et
3291 4753 3333 4807 si
3365 4753 3380 4784 ί
3411 4770 3515 4808 non
3550 4738 3705 4813 manu

2134 4837 2398 4906 tangendo
2422 4876 2436 4899 ,
2478 4837 2569 4892 sed
2596 4838 2756 4893 corde
2784 4840 3018 4896 creditur
3045 4842 3110 4895 ad
3133 4843 3388 4912 justitiam
3416 4861 3430 4910 ;
3464 4826 3614 4902 recte
3637 4848 3704 4902 de

2129 4931 2330 5000 justitia
2361 4942 2540 4987 nostra
2566 4932 2794 4989 mundus
2819 4937 3071 5005 arguitur,
3100 4937 3187 5005 qui
3214 4954 3317 4991 nou
3349 4939 3461 4993 vult
3483 4939 3701 4993 credere

2134 5023 2232 5076 nisi
2262 5021 2403 5092 quod
2434 5023 2594 5078 videt.
2623 5023 2692 5079 Ut
2733 5034 2909 5081 autem
2953 5041 3051 5081 nos
3095 5027 3407 5084 haberemus
3440 5028 3698 5098 justitiam

2132 5111 2276 5179 ﬁdei,
2307 5113 2374 5167 de
2401 5128 2504 5183 qua
2530 5114 2757 5169 mundus
2781 5125 3090 5185 argueretur
3117 5118 3434 5186 incredulus,
3464 5130 3703 5189 propter-

2131 5217 2192 5258 ea
2228 5202 2481 5258 Dominus
2520 5204 2631 5269 ait,
2663 5203 2743 5260 De
2756 5205 2977 5276 justitia,
3006 5208 3123 5276 quia
3151 5207 3219 5261 ad
3243 5207 3449 5262 Patrem
3476 5211 3625 5273 vado,
3655 5220 3702 5265 et

2121 5296 2237 5367 jam
2264 5310 2363 5349 non
2390 5295 2614 5349 videbitis
2653 5312 2748 5349 me.
2781 5296 3052 5366 Tanquam
3073 5297 3275 5353 diceret
3303 5318 3315 5354 :
3345 5298 3469 5355 Hmc
3492 5301 3592 5355 erit
3612 5302 3703 5371 ju-

2130 5386 2271 5440 stitia
2297 5394 2491 5452 vestra,
2517 5394 2573 5441 ut
2596 5386 2823 5441 credatis
2843 5387 2894 5441 in
2921 5403 3008 5443 me
3034 5388 3399 5455 mediatorem,
3431 5407 3587 5463 quem
3614 5407 3699 5447 re-

2132 5479 2441 5533 suscitatum
2488 5478 2554 5533 ad
2600 5478 2813 5533 Patrem
2860 5480 2964 5535 isse
3006 5482 3301 5538 certissime
3343 5482 3606 5539 habebitis
3631 5485 3694 5554 ⁸,

2130 5569 2371 5640 quamvis
2396 5584 2515 5623 cum
2541 5569 2826 5625 carnaliter
2852 5584 2959 5627 non
2998 5572 3257 5642 videatis;
3288 5585 3347 5631 ut
3383 5591 3479 5648 per
3519 5576 3691 5647 ipsum

2193 5688 2207 5718 ⁸
2229 5693 2293 5735 tta
2315 5692 2416 5732 Mss.
2442 5683 2558 5731 Editi
2575 5696 2711 5741 vero.
2734 5688 2786 5733 Et
2801 5684 2888 5735 sic.

2191 5751 2210 5781 ⁸
2235 5756 2361 5808 Mss,
2376 5744 2689 5797 certissimum
2707 5745 2938 5800 habebitis
