4098 6310
394 291 499 349 789

396 403 598 464 Patre?
637 402 717 485 ᾼιι
765 402 853 457 illa
891 401 1067 474 potius
1103 400 1463 456 misericordia
1506 407 1589 456 est
1626 397 1767 471 quod
1809 414 1839 455 a
1866 400 1969 465 Pa-

397 505 479 552 tre
504 494 569 551 ad
599 510 696 548 nos
723 493 885 565 venit,
909 492 1111 563 justitia
1133 509 1263 548 vero
1285 493 1421 565 quod
1445 493 1513 547 ad
1543 493 1753 553 Patrem
1780 492 1969 547 vadit?

467 606 690 677 CAPUT
718 607 800 662 III.
822 638 891 648 —-
908 608 963 667 4.
989 607 1196 661 Justitia
1223 607 1356 678 quod
1378 605 1604 664 Christus
1630 606 1846 669 uaditad
1868 605 1972 660 Pa-

396 710 556 769 trem,
594 716 766 771 quare.
796 698 906 764 Ita,
948 700 1135 756 fratres
1159 740 1174 765 ,
1220 698 1470 767 espcdire
1513 700 1779 766 arbitror,
1824 706 1879 753 ut
1919 698 1972 753 in

399 802 542 851 tanta
567 792 921 863 profunditate
949 793 1336 864 Scripturarum
1358 833 1373 858 ,
1402 795 1454 848 in
1474 794 1665 862 quibus
1693 793 1825 848 forte
1851 807 1973 847 ver-

396 885 481 943 bis
508 884 871 943 absconditum
894 884 1090 953 aliquid
1113 886 1235 939 latet
1255 885 1395 954 quod
1415 893 1712 953 opportune
1734 884 1976 953 aperien-

398 978 524 1035 dum
550 979 647 1044 sit,
668 987 917 1048 tanquam
945 978 1099 1039 simul
1130 977 1351 1032 ﬁdeliter
1372 977 1696 1046 inquiramus
1715 1018 1729 1040 ,
1753 987 1808 1029 ut
1836 976 1977 1031 salu-

396 1070 565 1129 briter
612 1070 853 1127 invenire
897 1085 1211 1126 mereamur.
1256 1070 1365 1124 Cur
1391 1085 1517 1139 ergo
1570 1068 1705 1123 hanc
1751 1067 1979 1136 appellat

395 1159 652 1232 justitiam
682 1162 801 1230 quia
832 1160 976 1223 vadit
1013 1160 1079 1225 ad
1121 1161 1363 1225 Patrem,
1416 1171 1469 1216 et
1512 1176 1615 1213 non
1656 1161 1813 1213 etiam
1853 1159 1977 1227 quia

401 1253 547 1306 venit
569 1267 599 1305 a
630 1252 824 1307 Patre?
854 1254 934 1311 An
983 1253 1104 1321 quia
1136 1252 1495 1307 misericordia
1522 1262 1604 1307 est
1628 1252 1768 1321 quod
1795 1254 1974 1317 venit,

401 1341 521 1397 ideo
543 1342 743 1411 justitia
773 1352 855 1400 est
878 1344 1020 1413 quod
1047 1344 1189 1399 vadit
1222 1362 1234 1397 :
1259 1353 1316 1399 ut
1349 1353 1405 1399 et
1440 1344 1494 1399 in
1523 1344 1675 1398 nobis
1710 1344 1979 1403 discamus

398 1433 610 1503 impleri
638 1451 744 1489 non
775 1451 930 1504 posse
945 1436 1205 1506 justitiam
1229 1476 1245 1501 ,
1273 1437 1317 1492 si
1344 1437 1475 1507 pigri
1506 1436 1760 1493 fuerimus
1781 1453 1981 1506 prarro-

397 1540 525 1596 gare
557 1526 971 1583 misericordiam
990 1569 1005 1594 ,
1034 1544 1137 1583 non
1163 1545 1281 1599 quae
1304 1540 1485 1587 nostra
1516 1539 1636 1584 sunt
1660 1537 1977 1600 quaerentes,

400 1617 496 1679 sed
524 1626 577 1672 et
604 1635 721 1687 qua:
743 1620 1005 1675 aliorum?
1029 1621 1180 1687 Quod
1212 1636 1334 1676 cum
1366 1623 1657 1677 monuisset
1676 1623 1979 1691 Apostolus,

400 1709 655 1775 continuo
681 1710 749 1764 de
788 1711 905 1779 ipso
937 1711 1160 1767 Domino
1198 1713 1471 1782 conjunxit
1496 1715 1795 1785 exemplum
1834 1734 1846 1769 :
1884 1714 1987 1768 Ni-

403 1799 516 1865 hil,
548 1801 746 1871 inquit,
780 1819 867 1870 per
904 1805 1300 1873 contentionem,
1334 1822 1489 1874 neque
1526 1825 1615 1877 per
1651 1809 1849 1862 inanem
1876 1809 1986 1878 glo-

401 1890 530 1945 riam
547 1906 566 1953 ,'
583 1892 671 1945 sed
691 1893 741 1945 in
762 1892 1045 1947 humilitate
1071 1896 1247 1949 mentis
1268 1896 1392 1949 alter
1411 1896 1622 1951 alterum
1647 1900 1986 1955 existimantes

402 1985 710 2052 superiorem
747 1986 880 2052 sibi;
911 2004 1011 2040 non
1039 2004 1153 2057 qua:
1191 2006 1284 2043 sua
1312 1999 1427 2043 sunt
1453 1992 1791 2061 unusquisque
1833 1993 1990 2047 inten-

403 2076 610 2141 dentes,
652 2080 742 2132 sed
768 2088 815 2133 et
854 2096 968 2149 qua:
990 2081 1229 2135 aliorum.
1279 2082 1478 2139 Deinde
1521 2085 1697 2138 statim
1725 2084 1926 2141 addidit
1972 2105 1987 2143 :

405 2167 613 2239 Singuli
636 2171 820 2239 quique
857 2170 953 2226 hoc
976 2174 1149 2228 sentite
1173 2174 1226 2227 in
1262 2174 1397 2228 vobis
1420 2214 1435 2240 ,
1475 2176 1609 2242 quod
1636 2185 1680 2231 et
1708 2177 1760 2231 in
1794 2176 1990 2232 Christo

405 2258 529 2316 Iesu
559 2262 688 2329 :qui
712 2278 827 2317 cum
853 2264 907 2317 in
946 2266 1108 2334 [arma
1134 2262 1232 2320 Dei
1260 2275 1419 2329 esset,
1458 2282 1556 2320 non
1598 2268 1831 2335 rapinam
1859 2266 1993 2321 arbi-

407 2363 569 2411 tratus
594 2365 664 2408 est
693 2372 799 2411 esse
822 2357 1030 2426 aequalis
1058 2356 1167 2412 Deo
1190 2375 1208 2424 ;
1237 2358 1325 2412 sed
1349 2360 1669 2427 semetipsum
1698 2361 1989 2429 ean'nanioit,

409 2449 624 2516 formam
653 2448 783 2501 serui
818 2448 1068 2517 accipiens
1092 2490 1107 2515 ,
1140 2450 1192 2502 in
1232 2451 1607 2505 similitudinem
1632 2451 1891 2505 hominum
1918 2457 1996 2522 fa-

410 2544 549 2601 ctus,
578 2547 624 2592 et
651 2538 823 2592 habitu
848 2539 1073 2597 inuentus
1105 2549 1160 2594 ut
1188 2540 1336 2595 homo
1367 2557 1385 2594 :
1405 2542 1685 2601 humilitwit
1712 2559 1807 2609 se,
1832 2545 1995 2614 factus

410 2626 640 2682 obediens
669 2645 826 2698 usque
850 2629 918 2684 ad
947 2640 1156 2683 mortem
1174 2671 1188 2696 ,
1233 2640 1440 2685 mortem
1463 2642 1627 2686 autem
1657 2634 1836 2687 crucis.
1873 2633 1997 2688 [Iace

410 2731 494 2775 est
523 2722 905 2788 misericordia,
936 2740 1037 2793 qua
1064 2724 1207 2778 venit
1235 2741 1264 2780 a
1290 2726 1468 2780 Patre.
1499 2726 1628 2793 Quae
1658 2728 1813 2796 igitur
1837 2728 1995 2797 justi-

413 2811 484 2866 tia
512 2820 594 2867 est
612 2854 624 2876 ,
650 2829 750 2883 qua
780 2814 921 2868 vadit
946 2814 1010 2869 ad
1034 2816 1288 2871 Patrem?
1331 2816 1579 2887 Sequitur
1598 2827 1651 2873 et
1669 2819 1795 2874 dicit
1820 2837 1833 2873 ;
1860 2819 1996 2876 Pro-

414 2914 523 2976 pter
546 2906 680 2971 quod
718 2916 764 2960 et
802 2905 942 2962 Deus
971 2925 1085 2962 eum
1113 2908 1347 2965 exultavit
1375 2952 1387 2975 ,
1413 2921 1460 2965 et
1489 2911 1691 2971 donavit
1719 2914 1795 2967 illi
1819 2930 1999 2970 nomen

416 2996 546 3065 quod
571 3007 643 3052 est
684 3015 832 3069 super
858 3016 1001 3055 omne
1045 3017 1256 3066 nomen,
1301 3012 1355 3056 ut
1382 3002 1433 3055 in
1460 3004 1662 3059 nomine
1701 3002 1827 3058 Jcsu
1855 3022 2001 3059 omne

416 3105 544 3159 genu
571 3092 824 3158 ﬂectatur,
857 3093 1147 3159 ccelestium,
1178 3096 1481 3151 terrestrium
1508 3104 1556 3151 et
1580 3097 1921 3167 infernarum,
1953 3106 2001 3153 et

416 3180 577 3235 onmis
598 3181 771 3253 lingua
798 3185 1094 3251 conﬁteatur
1113 3186 1231 3253 quia
1254 3186 1501 3242 Dominus
1525 3188 1558 3242 J
1566 3205 1675 3242 esus
1696 3189 1923 3244 Christus
1948 3200 2001 3246 tu

416 3271 579 3340 gloria
604 3283 675 3328 est
699 3272 794 3328 Dei
825 3273 993 3331 Patris
1016 3275 1271 3347 (Philipp.
1298 3294 1367 3345 ιι,
1391 3278 1569 3349 5-11).
1591 3279 1720 3335 Haec
1739 3292 1821 3336 est
1840 3282 1999 3352 justi-

413 3363 491 3417 tia
516 3404 531 3430 ,
556 3380 658 3434 qua
671 3366 827 3422 “dit
853 3367 919 3421 ad
948 3368 1181 3423 Patrem.

488 3452 713 3510 CAPUT
754 3455 844 3511 IV.
866 3487 938 3498 —-
967 3459 1019 3513 5.
1046 3458 1199 3513 Solus
1229 3459 1456 3516 Christus
1479 3464 1700 3517 ascendit
1726 3465 1780 3518 in
1799 3466 1999 3520 emtum.

422 3544 568 3605 Unus
597 3547 825 3601 Christus
852 3564 915 3603 ea:
940 3550 1104 3617 capite
1130 3560 1175 3605 et
1213 3553 1463 3606 membris.
1495 3551 1723 3610 Christus
1752 3558 1896 3611 aliter
1932 3566 2004 3611 est

420 3654 580 3691 unum
614 3654 730 3691 cum
767 3638 924 3695 Patre
947 3683 960 3705 ,
991 3642 1139 3698 aliter
1165 3658 1318 3697 unum
1346 3645 1618 3699 nobiscum.
1651 3647 1754 3701 Sed
1792 3649 1834 3701 si
1862 3649 2005 3703 solus

421 3729 567 3785 vadit
587 3729 653 3783 ad
681 3729 892 3787 Patrem
912 3773 927 3795 ,
958 3733 1081 3802 quid
1108 3735 1264 3789 nobis
1291 3736 1550 3803 prodest?
1579 3736 1773 3805 thuid
1795 3739 1862 3791 ab
1883 3738 2005 3808 Spi-

422 3820 530 3875 ritu
556 3830 743 3876 sancto
778 3822 846 3877 de
867 3822 965 3877 hac
980 3824 1179 3892 justitia
1208 3826 1436 3881 mundus
1455 3828 1714 3896 arguitur?
1740 3830 1802 3882 Et
1831 3838 2006 3885 tamen

424 3910 528 3965 nisi
568 3910 715 3967 solus
760 3912 861 3967 iret
902 3914 968 3969 ad
1016 3914 1268 3981 Patrem,
1312 3931 1417 3970 non
1463 3917 1568 3970 alio
1613 3919 1729 3971 loco
1758 3918 2002 3974 diceret:

427 3998 594 4055 Nemo
629 4003 854 4057 ascendit
894 4005 947 4057 in
976 4005 1154 4061 mlunt
1174 4047 1189 4071 ,
1226 4007 1322 4063 nisi
1359 4009 1447 4077 qui
1479 4008 1731 4062 descendit
1757 4011 1819 4064 de
1846 4013 1969 4065 caelo
1988 4055 2004 4077 ,

429 4090 597 4148 Filius
621 4095 837 4155 hominis
855 4098 941 4169 qui
956 4107 1029 4155 est
1056 4099 1109 4153 iu
1132 4099 1259 4154 creto
1281 4099 1455 4169 (Joan.
1480 4117 1533 4155 ιιι
1555 4144 1569 4169 ,
1595 4103 1702 4171 15).
1721 4103 1827 4159 Sed
1847 4105 2009 4160 etiam

430 4184 625 4241 Paulus
654 4190 923 4256 apostolus
949 4189 1077 4244 dicit
1125 4209 1138 4245 :
1186 4189 1381 4245 Nostra
1426 4195 1558 4247 enim
1603 4199 1911 4251 conversatio
1956 4199 2010 4252 in

431 4280 565 4335 caelis
590 4290 661 4334 est
694 4279 949 4352 (Philipp.
976 4299 1029 4336 ιιι
1051 4325 1065 4347 ,
1096 4283 1212 4351 20).
1240 4283 1351 4339 Sed
1374 4300 1537 4353 quare
1562 4285 1700 4341 hoc?
1723 4288 1854 4353 Quia
1884 4289 2010 4343 item

430 4368 558 4424 dicit
591 4389 605 4424 :
641 4370 700 4425 Si
741 4375 1085 4428 resurrexistis
1120 4391 1233 4429 cum
1271 4376 1468 4430 Christo
1491 4418 1506 4443 ,
1546 4394 1873 4447 quwsursum
1898 4390 2012 4434 sunt

431 4463 670 4529 quwrite,
705 4464 789 4516 ubi
816 4462 1044 4519 Christus
1088 4475 1159 4519 est
1196 4467 1248 4519 in
1283 4466 1485 4523 dextera
1525 4467 1619 4521 Dei
1658 4470 1869 4533 sedens;
1903 4487 2014 4540 quae

433 4569 637 4607 sursum
661 4565 777 4609 sunt
801 4557 983 4625 sapite,
1015 4574 1114 4611 non
1135 4574 1245 4627 qua:
1269 4576 1422 4629 super
1443 4570 1645 4614 terram.
1672 4561 1864 4614 Μοντιιὶ
1884 4564 2014 4615 enim

434 4646 550 4700 estis
574 4687 590 4711 ,
636 4655 683 4701 et
706 4648 803 4700 vita
832 4658 992 4702 vestra
1029 4650 1319 4703 abscondita
1356 4662 1425 4705 est
1465 4669 1575 4705 cum
1604 4653 1803 4706 Christo
1828 4654 1882 4707 in
1908 4653 2014 4707 Deo

438 4734 652 4805 (Coloss.
687 4753 778 4803 ιιι,
814 4740 940 4810 1-5).
983 4740 1260 4809 Quomodo
1286 4758 1414 4812 ergo
1441 4743 1529 4797 ille
1565 4744 1744 4797 solus?
1774 4747 1853 4798 An
1898 4746 2016 4801 ideo

437 4828 583 4883 Solus
605 4869 618 4892 ,
649 4830 772 4898 quia
801 4830 1048 4886 Christus
1074 4849 1212 4888 unus
1235 4842 1317 4889 est
1344 4850 1462 4888 cum
1489 4836 1734 4889 omnibus
1762 4837 2017 4893 membris

436 4918 551 4972 suis
571 4960 585 4982 ,
629 4929 877 4990 tanquam
906 4934 1061 4994 caput
1088 4940 1210 4980 cum
1240 4941 1463 4995 corpore
1506 4943 1604 4982 suo
1623 4928 1647 4981 ?
1669 4929 1798 4995 Quae
1840 4939 2014 4985 autem

438 5022 636 5081 corpus
662 5012 778 5082 ejus
798 5054 814 5079 ,
855 5015 959 5070 nisi
983 5016 1262 5072 Ecclesia?
1288 5021 1433 5074 Sicut
1466 5019 1592 5081 dicit
1631 5022 1768 5076 idem
1793 5023 2016 5080 doctor:

451 5099 553 5159 Vos
578 5114 742 5160 autem
770 5107 886 5163 estis
913 5125 1098 5179 corpus
1132 5109 1318 5167 Christi
1338 5154 1352 5176 ,
1383 5123 1429 5168 et
1456 5114 1675 5168 membra
1702 5133 1764 5169 ea:
1792 5128 1931 5186 parte
1958 5118 1979 5191 (
2002 5119 2021 5173 I

440 5192 562 5249 Cor.
592 5211 667 5251 xu
685 5238 700 5262 ,
722 5198 839 5267 ‘27).
859 5198 992 5256 Cum
1017 5217 1148 5274 ergo
1176 5219 1273 5260 nos
1303 5206 1650 5261 ceciderimus
1672 5249 1685 5272 ,
1717 5216 1773 5262 et
1808 5220 2023 5277 propter

443 5301 542 5341 nos
572 5288 684 5358 ipse
726 5290 1097 5362 descenderit,
1130 5296 1253 5366 quid
1293 5305 1376 5352 est
1399 5340 1413 5361 ,
1444 5297 1609 5353 Nemo
1637 5300 1897 5368 ascendit,
1926 5304 2023 5356 nisi

444 5378 531 5448 qui
554 5380 835 5449 descendit;
860 5386 959 5443 nisi
980 5388 1100 5457 quia
1127 5405 1281 5444 nemo
1307 5392 1566 5459 ascendit,
1600 5394 1697 5448 nisi
1720 5411 1879 5449 unum
1901 5411 2022 5450 cum

445 5487 512 5529 eo
541 5475 710 5532 factus
733 5480 750 5511 ¹
768 5522 783 5547 ,
805 5489 859 5534 et
886 5489 1132 5551 tanquam
1164 5484 1457 5539 membrum
1488 5500 1791 5557 eompactus
1818 5491 1867 5543 in
1909 5490 2024 5558 ejus

445 5583 671 5641 corpore
716 5576 807 5645 qui
836 5576 1143 5633 descendit?
1184 5578 1273 5634 Sic
1315 5590 1369 5635 et
1394 5581 1664 5653 discipulis
1687 5584 1856 5640 dicit:
1893 5584 2026 5651 Quia

508 5724 1400 5795 'Am.etltst.,wutscumeofactus.

1766 285 1995 343 saeuo
2022 285 2255 355 amr.

3542 288 3647 345 790

2075 399 2181 452 sine
2204 414 2282 451 me
2310 398 2436 453 nihil
2461 405 2663 471 potestis
2700 405 2865 473 facere
2889 400 3066 474 (Joau.
3096 416 3165 458 xv
3184 442 3202 470 ,
3243 398 3321 473 ὅ).
3360 399 3531 456 Aliter
3567 412 3651 458 est

2075 489 2215 544 enim
2244 506 2403 543 unum
2450 506 2569 546 cum
2611 492 2799 556 Patre,
2851 499 2906 546 et
2943 492 3096 547 aliter
3136 506 3300 546 unum
3348 491 3649 546 nobiscum.

2076 579 2248 635 Unum
2279 596 2399 635 cum
2434 582 2587 639 Patre
2612 592 2693 637 est
2714 624 2728 649 ,
2759 581 2880 654 quia
2908 598 3008 636 una
3044 582 3335 639 substantia
3361 589 3442 637 est
3479 581 3652 637 Patris

2076 679 2129 725 et
2151 672 2269 726 Filii
2300 691 2311 726 :
2343 689 2503 727 unum
2533 690 2653 727 cum
2682 674 2841 728 Patre
2870 683 2972 747 est,
2996 673 3115 744 quia
3146 690 3259 727 cum
3288 674 3340 728 in
3371 676 3536 745 forma
3555 673 3655 733 Dei

2077 773 2234 831 esset,
2278 783 2377 820 non
2419 767 2650 838 rapinant
2701 767 2969 821 arbitratus
3018 776 3089 821 est
3135 783 3239 821 esse
3277 768 3484 837 aqualis
3521 766 3652 821 Deo.

2078 856 2226 912 Unus
2251 868 2427 915 autem
2458 860 2727 913 nobiscum
2758 858 2924 913 factus
2946 868 3047 927 est,
3075 860 3196 930 quia
3216 860 3533 930 semetipsum
3552 860 3659 913 exi-

2079 948 2295 1011 nanivit,
2321 949 2534 1021 formam
2559 950 2686 1004 servi
2705 950 2953 1021 accipiens
2982 966 3154 1005 :unus
3184 950 3458 1004 nobiscum
3490 949 3660 1007 factus

2079 1048 2182 1106 est,
2215 1041 2500 1095 secundum
2542 1058 2725 1096 semen
2756 1042 2978 1095 Abralue
3004 1085 3018 1108 ,
3062 1042 3113 1095 in
3146 1057 3249 1112 quo
3280 1042 3661 1098 benedicentur

2082 1146 2266 1187 onuws
2295 1140 2495 1201 gentes.
2529 1133 2679 1198 Quod
2717 1149 2835 1187 cum
2871 1140 3371 1199 commemorasset,
3412 1133 3486 1187 ait
3519 1136 3664 1203 Apo-

2082 1222 2250 1276 stolus
2285 1242 2296 1276 :
2326 1222 2445 1276 Non
2473 1224 2628 1290 dicit,
2674 1223 2742 1277 Et
2767 1225 3070 1289 seminibus,
3114 1233 3348 1293 tanquam
3373 1224 3427 1277 in
3467 1225 3662 1290 multis;

2082 1313 2171 1369 Sed
2200 1324 2438 1384 tanquam
2460 1315 2512 1367 in
2546 1332 2644 1367 uno
2666 1356 2678 1379 ,
2708 1313 2772 1367 Et
2798 1315 2972 1369 semini
3008 1323 3091 1367 tuo
3111 1355 3126 1380 ,
3154 1314 3287 1381 quod
3314 1325 3383 1369 est
3414 1313 3659 1370 Christus.

2084 1404 2152 1459 Et
2182 1405 2302 1475 quia
2330 1415 2380 1459 et
2410 1422 2506 1460 nos
2542 1407 2607 1460 ad
2647 1407 2696 1459 id
2728 1407 3053 1475 pertinemus
3082 1405 3221 1475 quod
3264 1414 3347 1460 est
3378 1403 3623 1461 Christus
3645 1448 3660 1473 ,

2084 1498 2236 1553 nobis
2265 1500 2419 1553 simul
2464 1500 2810 1571 incorporalis
2838 1510 2891 1554 et
2931 1500 3003 1553 illi
3040 1499 3200 1568 capiti
3235 1497 3624 1553 cohzerentibus
3646 1540 3661 1563 ,

2086 1606 2223 1645 unus
2243 1592 2578 1647 estChrislus
2611 1610 2623 1645 :
2652 1601 2705 1647 et
2724 1593 2847 1663 quia
2864 1601 2917 1647 et
2944 1592 3094 1646 nobis
3119 1590 3267 1658 dicit,
3298 1590 3434 1663 Ergo
3453 1590 3668 1646 Abrahte

2086 1701 2251 1739 semen
2290 1687 2434 1755 estis,
2485 1687 2757 1740 secundant
2800 1687 3178 1756 promissionem
3207 1686 3432 1741 hwredes
3469 1685 3665 1756 (Galat.

2086 1790 2176 1842 ιιι,
2202 1777 2298 1843 16,
2327 1777 2438 1848 9.9).
2469 1778 2522 1833 Si
2550 1779 2689 1833 enim
2724 1795 2884 1832 unum
2911 1787 2994 1834 est
3022 1794 3202 1834 semen
3232 1778 3458 1832 Abrahae
3478 1819 3494 1845 ,
3520 1786 3573 1832 et
3603 1778 3671 1832 iI-

2088 1865 2178 1921 lud
2206 1884 2366 1921 unum
2412 1884 2593 1924 semen
2639 1869 2865 1923 Abrahae
2894 1885 2998 1924 non
3034 1870 3345 1939 intelligitur
3372 1870 3471 1924 nisi
3509 1868 3666 1924 Chri-

2090 1969 2203 2014 stus
2227 1975 2240 2025 ;
2288 1959 2387 2013 hoc
2435 1971 2609 2015 autem
2638 1976 2824 2015 semen
2868 1960 3097 2015 Abraha:
3126 1962 3287 2015 etiam
3316 1975 3414 2015 nos
3442 1975 3626 2015 sumus
3654 1978 3668 2014 :

2090 2049 2194 2106 hoc
2237 2066 2362 2122 ergo
2389 2060 2589 2121 totum,
2632 2052 2687 2108 id
2716 2060 2833 2121 est,
2878 2060 3039 2125 caput
3075 2061 3129 2108 et
3156 2067 3386 2125 corpus,
3427 2068 3563 2108 unus
3590 2059 3674 2109 est

2092 2140 2352 2197 Christus.

2165 2230 2388 2288 CAPUT
2415 2233 2480 2289 ν.
2506 2262 2577 2273 -
2602 2233 2654 2289 6.
2676 2231 2885 2288 Iustitia
2912 2233 3097 2290 Christi
3115 2235 3362 2306 quomodo
3395 2245 3583 2291 nostra.
3607 2235 3675 2291 Et

2096 2322 2215 2378 ideo
2242 2340 2338 2381 nos
2369 2340 2473 2378 non
2509 2324 2760 2383 debemus
2786 2327 2853 2381 ab
2889 2326 2982 2381 illa
3020 2326 3222 2397 justitia
3266 2334 3539 2397 separatos
3581 2342 3677 2397 pu-

2097 2424 2241 2479 tare,
2272 2433 2428 2487 quam
2469 2418 2722 2474 Dominus
2764 2419 2879 2493 ipse
2907 2428 3319 2486 commemorat,
3358 2420 3539 2475 dicens
3562 2436 3575 2470 :
3598 2418 3678 2473 De

2089 2506 2320 2577 justitia,
2352 2508 2469 2577 quia
2498 2508 2564 2562 ad
2590 2508 2797 2562 Patrem
2840 2510 2987 2564 vado.
3030 2510 3162 2564 Cum
3199 2508 3409 2565 Christo
3447 2511 3586 2564 enim
3626 2518 3678 2564 et

2099 2611 2197 2651 nos
2237 2600 2625 2655 resurreximus
2649 2642 2664 2668 ,
2706 2610 2760 2655 et
2788 2616 2886 2657 nos
2911 2616 3031 2656 cum
3062 2604 3232 2670 capite
3258 2611 3441 2657 nostro
3469 2599 3680 2656 Christo

2102 2706 2282 2746 sumus
2315 2692 2354 2759 ί,
2388 2693 2597 2747 interim
2624 2692 2725 2747 ﬁde
2750 2702 2803 2748 et
2826 2709 2919 2766 spe
2946 2713 2959 2748 :
2987 2694 3337 2763 complebitur
3356 2702 3531 2749 autem
3559 2708 3681 2765 spes

2101 2796 2281 2847 nostra
2314 2788 2364 2841 in
2397 2788 2581 2842 ultima
2626 2788 3017 2849 resurrectione
3045 2797 3395 2844 mortuorum.
3434 2788 3564 2842 Cum
3589 2802 3681 2840 au-

2102 2886 2208 2932 tem
2235 2878 2586 2949 complebitur
2611 2893 2731 2949 spes
2754 2886 2933 2934 nostra
2953 2920 2968 2946 ,
2999 2886 3125 2933 tunc
3149 2877 3501 2949 complebitur
3523 2877 3681 2931 etiam

2097 2968 2403 3039 justiﬁeatio
2430 2979 2629 3031 nostra.
2661 2970 2827 3039 Quam
2854 2970 3214 3040 completurus
3240 2969 3494 3023 Dominus
3511 3009 3525 3034 ,
3558 2966 3684 3037 quid

2103 3074 2319 3130 sperare
2347 3060 2636 3116 debeamus
2655 3046 2933 3125 {ostendit
2959 3060 3010 3114 in
3034 3074 3193 3114 carne
3223 3074 3316 3114 sua
3338 3058 3461 3129 (hoc
3489 3066 3568 3114 est
3592 3099 3606 3124 ,
3632 3056 3683 3111 iu

2104 3155 2275 3223 capite
2304 3150 2509 3225 nostro)
2537 3194 2552 3220 ,
2599 3154 2651 3207 in
2699 3169 2800 3224 qua
2829 3154 3122 3209 resurrexit
3157 3160 3213 3208 et
3236 3150 3470 3207 ascendit
3496 3149 3561 3207 ad
3586 3150 3685 3203 Pa-

2106 3254 2261 3301 trem.
2290 3247 2421 3314 Quia
2449 3247 2527 3302 sie
2558 3247 2813 3316 scriptum
2847 3254 2929 3302 est
2960 3264 2974 3302 :
3002 3245 3243 3301 Traditus
3269 3254 3341 3301 est
3370 3254 3573 3317 propter
3598 3243 3686 3297 de-

2106 3340 2241 3396 licta.
2268 3348 2475 3407 nostra,
2502 3348 2551 3393 et
2578 3340 2851 3394 resurrexit
2903 3348 3107 3411 propter
3140 3337 3557 3409 justiﬁcationem
3596 3351 3688 3389 no-

2106 3442 2262 3491 stram
2296 3433 2467 3506 (Itoni.
2501 3448 2553 3488 1v
2576 3474 2590 3497 ,
2616 3432 2732 3502 25).
2761 3432 3012 3502 Arguitur
3040 3447 3169 3505 ergo
3206 3430 3437 3487 mundus
3475 3430 3536 3483 de
3572 3444 3689 3501 pec-

2105 3535 2248 3591 cato,
2281 3525 2333 3578 in
2364 3525 2442 3580 eis
2471 3524 2560 3595 qui
2590 3539 2694 3579 non
2727 3522 2947 3579 credunt
2979 3523 3029 3577 in
3052 3522 3318 3578 Christum
3346 3539 3359 3576 :
3386 3529 3430 3575 et
3452 3522 3513 3585 de
3527 3520 3688 3591 justi-

2110 3618 2213 3685 tia,
2254 3616 2307 3671 in
2348 3617 2427 3671 eis
2468 3616 2556 3685 qui
2596 3622 2880 3687 resurgunt
2915 3614 2970 3669 in
3011 3613 3264 3668 membris
3290 3611 3503 3669 Christi.
3536 3610 3690 3666 Unde

2109 3709 2307 3773 dictum
2348 3717 2465 3766 est:
2504 3706 2571 3762 Ut
2608 3723 2698 3762 nos
2727 3706 3097 3776 simusjustitia
3126 3703 3219 3757 Dei
3244 3704 3294 3757 in
3323 3703 3433 3773 ipso
3473 3700 3537 3772 (ll
3569 3699 3685 3754 Cor.

2110 3815 2174 3866 v,
2213 3796 2328 3871 21).
2360 3798 2416 3855 Si
2444 3798 2587 3853 enim
2616 3812 2731 3871 non
2750 3798 2801 3852 in
2830 3798 2979 3867 ipso,
3013 3796 3156 3851 nullo
3192 3794 3351 3849 modo
3377 3792 3597 3861 justitia.
3633 3790 3689 3845 Si

2112 3901 2289 3947 autem
2320 3892 2372 3961 in
2418 3891 2567 3960 ipso,
2614 3898 2755 3945 totus
2785 3889 3060 3944 nobiscum
3098 3885 3240 3940 vadit
3279 3883 3344 3939 ad
3370 3884 3603 3949 Patrem,
3635 3891 3690 3937 et

2113 3982 2227 4049 haec
2256 3981 2562 4053 implebitur
2581 3981 2635 4035 in
2663 3981 2816 4035 nobis
2844 3979 3073 4050 perfecta
3095 3976 3319 4048 justitia.
3341 3976 3564 4043 PrOpter
3589 3973 3692 4028 hoc

2114 4082 2167 4130 et
2208 4074 2271 4127 de
2299 4073 2497 4144 judicio
2536 4070 2764 4127 mundus
2802 4071 3034 4140 arguitur
3058 4110 3072 4136 ,
3112 4070 3230 4139 quia
3276 4068 3505 4138 princeps
3541 4065 3693 4134 hujus

2116 4166 2291 4221 mundi
2328 4166 2443 4237 jam
2483 4165 2740 4236 judicatus
2776 4174 2847 4218 est
2881 4162 2971 4217 :id
3009 4169 3125 4226 cst,
3165 4160 3406 4214 diabolus
3451 4158 3695 4227 princeps

2115 4258 2437 4328 iniquorum,
2466 4258 2553 4327 qui
2578 4256 2738 4311 corde
2760 4270 2865 4309 non
2890 4253 3126 4308 habitant
3144 4252 3242 4306 nisi
3266 4251 3316 4305 in
3348 4249 3449 4305 hoc
3473 4247 3692 4314 mundo,

2118 4366 2275 4420 quem
2306 4349 2550 4420 diligunt,
2578 4357 2630 4403 et
2652 4348 2772 4403 ideo
2800 4346 3028 4401 mundus
3051 4354 3333 4409 vocantur;
3358 4342 3490 4396 sicut
3516 4349 3696 4396 nostra

2119 4442 2448 4498 conversatio
2508 4442 2560 4497 in
2616 4439 2766 4497 caelis
2809 4448 2927 4506 est,
2984 4439 3027 4492 si
3074 4435 3521 4493 resnrrexerimus
3576 4446 3695 4486 cum

2120 4534 2350 4590 Christo.
2393 4535 2531 4607 Ergo
2556 4531 2999 4602 quemadmodum
3026 4529 3298 4597 nobiscum
3316 4568 3330 4594 ,
3363 4526 3413 4579 id
3440 4532 3519 4579 est
3539 4565 3552 4588 ,
3577 4538 3695 4577 cum

2120 4643 2345 4698 oorpore
2378 4606 2483 4681 suo
2506 4640 2642 4681 unus
2667 4634 2747 4679 cst
2775 4622 3018 4678 Christus
3048 4639 3061 4677 :
3084 4622 3160 4675 sic
3186 4636 3303 4674 cum
3330 4617 3575 4673 omnibus
3601 4614 3699 4667 im-

2121 4719 2222 4791 piis
2252 4719 2441 4789 quibus
2465 4726 2622 4788 caput
2642 4724 2753 4783 est,
2784 4730 2904 4769 cum
2940 4713 3167 4784 quodam
3196 4722 3419 4779 corpore
3438 4722 3535 4761 suo
3565 4720 3698 4759 unus

2123 4819 2205 4869 est
2246 4810 2506 4865 diabolus.
2548 4808 2879 4877 Quapropter
2908 4805 3042 4859 sicut
3077 4817 3176 4857 nos
3201 4816 3307 4856 non
3334 4812 3640 4868 separamur
3668 4809 3699 4847 a

2120 4902 2343 4975 justitia,
2371 4901 2438 4957 de
2462 4916 2563 4971 qua
2584 4900 2840 4956 Dominus
2864 4898 3017 4962 dixit,
3052 4895 3185 4962 Quia
3208 4891 3275 4947 ad
3304 4891 3508 4945 Patrem
3534 4887 3662 4944 uado
3682 4901 3701 4940 :

2125 4994 2204 5049 sic
2224 4994 2369 5063 impii
2390 5008 2497 5047 non
2528 4999 2842 5063 separantur
2870 4989 2935 5043 ab
2963 4987 3051 5043 illo
3074 4983 3271 5055 judicio
3289 5024 3305 5050 ,
3330 4981 3397 5036 de
3416 4995 3521 5052 quo
3546 4979 3696 5045 dixit,

2129 5082 2263 5150 Quia
2296 5084 2526 5156 princeps
2559 5082 2709 5153 hujus
2737 5079 2911 5134 mundi
2928 5078 3044 5148 jam
3072 5074 3333 5146 judicatus
3361 5080 3452 5137 est.

2594 5195 2825 5253 SERMO
2860 5189 3039 5251 exn
3084 5193 3105 5215 θ
3157 5189 3251 5263 (a).

2128 5300 2209 5356 De
2240 5300 2398 5356 verbis
2426 5298 2686 5371 Evangelii
2713 5297 2961 5364 Joannis,
2987 5312 3101 5365 cap.
3125 5310 3252 5359 xw,
3287 5292 3324 5362 y
3348 5331 3361 5345 .
3390 5290 3462 5345 24
3479 5332 3495 5357 ,
3522 5288 3703 5359 Usque

2128 5409 2271 5448 nunc
2291 5392 2417 5446 nihil
2439 5390 2663 5461 petiistis
2688 5390 2741 5444 in
2770 5389 2984 5443 nomine
3004 5400 3144 5441 meo.
3173 5383 3239 5437 Et
3259 5382 3321 5438 de
3341 5381 3499 5437 verbis
3526 5378 3697 5446 Luca,

2195 5531 2211 5562 ι
2230 5538 2356 5589 Mss.,
2380 5525 2592 5578 Christus
2609 5538 2788 5577 sumus.

2134 5594 2213 5704 αἱ
2234 5576 2365 5662 nunc
2388 5576 2683 5640 sermonem
2723 5601 2821 5638 non
2858 5586 3131 5650 reperimus
3161 5583 3252 5634 nni
3282 5582 3333 5632 in
3361 5576 3707 5644 posterioribus

2202 5664 2295 5704 IIIS.

2202 5664 2295 5704 IIIS.

2198 5738 2269 5803 (α)
2304 5736 2454 5800 ΑΠαει
2494 5736 2526 5786 3
2557 5736 2685 5786 inter
2719 5735 2875 5787 editos
2911 5747 2972 5787 ex
2999 5742 3100 5783 MSS.
3137 5731 3392 5783 Carthasim
3425 5725 3637 5786 maioris.
