4098 6310
503 345 600 400 791

500 477 617 530 cap.
647 475 681 514 x
701 499 715 524 ,
761 459 795 530 7
830 459 864 529 ᾗ
887 495 902 511 .
928 459 1014 524 i7,
1039 457 1140 526 20,
1167 457 1421 525 Domine,
1447 470 1572 513 ecce
1591 455 1644 511 in
1664 455 1879 511 nomine
1905 463 1996 508 tuo
2024 461 2079 508 et

499 553 759 609 daemonia
790 553 943 607 nobis
967 553 1202 622 subjecta
1228 561 1352 606 sunt
1376 550 1474 623 (a).

570 649 620 698 ί.
661 643 828 699 Locus
863 644 1079 698 Joannis
1131 646 1378 714 quomodo
1417 642 1762 698 conciliandus
1813 658 1926 696 cum
1961 655 2074 694 ver-

497 735 573 788 bis
601 733 772 788 Luae.
806 733 1058 790 Sanctum
1103 735 1445 805 Evangelium
1491 750 1610 789 cum
1661 735 1940 804 legeretur,
1976 749 2074 786 au-

499 826 722 880 divimus
763 827 903 896 quod
949 826 1108 880 modo
1152 843 1276 882 vere
1326 827 1515 882 debeat
1557 842 1769 881 omnem
1819 827 2074 880 intentam

494 919 724 972 animam
747 933 961 972 movere
993 918 1059 972 ad
1089 919 1452 988 qumrendum,
1475 934 1579 973 non
1611 918 1677 972 ad
1697 915 2072 972 deﬁciendum.

492 1007 592 1075 Qui
618 1008 758 1062 enim
790 1025 894 1063 non
921 1018 1196 1074 movetur,
1227 1026 1323 1063 nec
1358 1019 1609 1063 mutatur.
1638 1007 1742 1090 Sed
1779 1017 1859 1062 est
1900 1016 2074 1062 motus

492 1101 826 1170 periculosus
845 1143 861 1168 ,
890 1104 957 1157 de
983 1120 1087 1172 quo
1116 1103 1373 1172 scriptum
1394 1111 1475 1157 est
1495 1145 1508 1168 ,
1537 1100 1619 1155 Ne
1647 1102 1733 1156 des
1761 1101 1829 1154 ad
1868 1116 2071 1154 moven-

491 1189 613 1244 dum
633 1193 780 1261 pedes
807 1209 939 1246 meos
965 1191 1132 1263 (Psal.
1167 1209 1286 1258 va,
1309 1193 1388 1263 9).
1418 1192 1588 1246 Motus
1626 1199 1800 1246 autem
1823 1190 1958 1244 alius
1992 1196 2074 1246 est

491 1283 808 1354 quwrentis,
851 1285 1136 1353 pulsantis,
1169 1285 1416 1354 petentis.
1457 1283 1607 1350 Quod
1628 1298 1753 1352 ergo
1774 1281 1968 1337 lectum
1989 1289 2074 1337 est

489 1389 675 1430 omnes
712 1375 1009 1430 audivimus
1042 1395 1054 1429 :
1093 1377 1187 1432 sed
1233 1385 1358 1446 puto
1383 1377 1503 1445 quia
1534 1391 1638 1430 non
1682 1389 1869 1430 omnes
1913 1374 2070 1430 intel-

492 1466 733 1520 leximus.
781 1466 1174 1522 Commemorat
1210 1467 1349 1537 quod
1391 1481 1597 1522 mecum
1631 1466 1912 1536 quaeratis,
1959 1480 2072 1521 me-

489 1575 612 1612 cum
664 1560 890 1627 petatis,
938 1573 1034 1628 pro
1075 1574 1179 1628 quo
1226 1559 1534 1628 accipiendo
1577 1575 1784 1614 mecum
1830 1560 2067 1628 pulsetis.

489 1649 676 1703 Aderit
697 1650 858 1715 enim,
883 1650 1018 1703 sicut
1046 1665 1339 1718 speramus,
1362 1651 1529 1720 gratia
1561 1650 1800 1715 Domini,
1835 1659 1916 1718 ut,
1946 1665 2069 1704 eum

492 1738 616 1791 volo
643 1739 792 1793 vobis
816 1739 1118 1794 ministrare
1141 1781 1154 1805 ,
1194 1748 1247 1794 et
1283 1755 1381 1810 ego
1406 1754 1613 1794 merear
1640 1741 1900 1810 accipere.
1933 1739 2070 1806 Quid

489 1837 601 1893 est,
627 1829 851 1884 obsecro
880 1845 1005 1895 vos,
1037 1830 1176 1900 quod
1208 1831 1489 1885 Dominum
1513 1831 1711 1887 dixisse
1740 1831 1898 1886 modo
1920 1831 2071 1886 audi-

490 1919 662 1973 vimus
687 1919 958 1990 discipulis
987 1921 1096 1974 suis
1129 1939 1141 1973 :
1179 1920 1345 1992 Usque
1367 1939 1498 1976 nunc
1519 1923 1645 1976 nihil
1675 1922 1883 1992 petiistis
1904 1923 1955 1976 in
1980 1939 2070 1975 no-

488 2011 621 2063 mine
650 2012 799 2064 meo?
822 2011 1004 2066 Nonne
1047 2012 1149 2068 illis
1178 2013 1450 2082 discipulis
1479 2004 1744 2084 loquitur,
1775 2029 1908 2084 quos
1946 2030 2066 2070 cum

489 2103 740 2167 misisset,
768 2103 888 2158 data
919 2113 1178 2173 potestate
1204 2105 1269 2159 ad
1298 2106 1697 2176 przedicandum
1722 2107 2065 2176 Evangelium

486 2205 540 2247 et
569 2195 824 2262 magnalia
853 2193 1089 2250 facienda
1110 2237 1125 2262 ,
1153 2197 1353 2252 reversi
1383 2206 1504 2252 sunt
1528 2198 1817 2268 gaudentes
1839 2207 1892 2254 et
1915 2199 2067 2253 dixe-

487 2282 608 2337 runt
629 2285 675 2338 ei
707 2302 719 2336 :
751 2283 985 2352 Domine,
1017 2303 1129 2341 ecce
1160 2288 1214 2340 in
1240 2289 1440 2342 nomine
1467 2294 1550 2341 tuo
1574 2297 1621 2342 et
1651 2287 1899 2342 daemonia
1928 2287 2067 2343 nobis

482 2375 704 2447 subjecta
724 2377 874 2431 sunt?
901 2377 1318 2449 Recognoscitis,
1353 2379 1605 2444 recolitis,
1635 2379 1774 2450 quod
1798 2378 1866 2434 de
1893 2379 2068 2434 Evan-

484 2466 623 2534 gelio
665 2469 1078 2523 commemoravi
1105 2510 1118 2532 ,
1149 2471 1201 2524 in
1227 2471 1371 2524 onmi
1399 2471 1516 2526 loco
1544 2480 1596 2525 et
1624 2471 1768 2525 omni
1804 2472 2065 2527 sententia

485 2556 737 2622 veridico,
771 2574 1025 2628 nusquam
1049 2559 1201 2626 falso,
1232 2575 1490 2630 nusquam
1522 2561 1761 2618 fallente.
1787 2561 2065 2629 Quomodo

483 2664 608 2719 ergo
645 2665 825 2704 verum
865 2659 976 2715 est,
1013 2650 1181 2720 Usque
1206 2654 1354 2706 modo
1393 2653 1519 2707 nihil
1547 2655 1754 2722 petiistis
1776 2655 1830 2708 in
1867 2655 2066 2709 nomine

483 2755 590 2791 meo
612 2756 630 2804 ;
657 2748 730 2804 et,
760 2738 974 2793 Domine
995 2782 1008 2806 ,
1039 2757 1146 2795 ecce
1166 2742 1216 2794 in
1242 2743 1440 2796 nomine
1461 2751 1544 2796 tuo
1582 2753 1627 2796 et
1653 2744 1902 2798 dwmonia
1925 2744 2064 2798 nobis

481 2829 701 2898 subjecta
725 2831 876 2883 sunt?
899 2830 1070 2885 Movet
1094 2840 1239 2886 certe
1265 2833 1520 2898 animum,
1544 2833 1608 2886 ad
1638 2834 2064 2903 cognoscendum

481 2923 790 2990 qumstionis
817 2923 970 2992 hujus
995 2933 1278 2977 secretum.
1304 2924 1444 2994 Ergo
1461 2933 1718 2993 petamus,
1742 2941 2059 2995 quaeramus,

483 3014 774 3082 pulsemus.
806 3016 914 3068 lloc
953 3016 1005 3069 in
1035 3017 1186 3070 nobis
1213 3017 1288 3088 (b)
1318 3017 1484 3070 fidelis
1509 3017 1676 3086 pietas
1696 3059 1710 3081 ,
1756 3033 1859 3071 non
1889 3019 2063 3073 carnis

483 3105 809 3175 inquietudo,
838 3108 931 3162 sed
958 3110 1118 3162 animi
1145 3110 1406 3178 subjectio
1427 3127 1441 3176 ;
1466 3119 1521 3163 ut
1547 3109 1636 3164 ille
1664 3111 1817 3166 nobis
1839 3113 2060 3180 aperiat,

482 3196 571 3265 qui
600 3211 697 3250 nos
717 3197 861 3251 videt
891 3199 1182 3267 pulsantes.

552 3289 604 3342 Ξ.
636 3288 942 3343 Timentibus
968 3293 1290 3345 absconditur
1309 3289 1520 3345 dulcedo
1544 3290 1660 3357 Dei,
1686 3293 1932 3346 reveletur
1950 3311 2064 3364 spe-

481 3383 728 3438 ruatt'bus.
751 3383 885 3450 Quid
915 3399 1040 3454 ergo
1061 3384 1148 3438 det
1174 3386 1426 3438 Dominus
1454 3385 1858 3440 ministrantium
1889 3388 2058 3454 vobis,

482 3475 689 3541 intenti,
713 3475 812 3531 hoc
834 3484 935 3542 est,
959 3477 1252 3532 esurientes
1273 3477 1494 3546 accipite
1518 3495 1530 3530 :
1552 3477 1690 3546 quod
1711 3492 1830 3532 cum
1852 3478 2059 3549 dixero,

482 3567 599 3621 sine
627 3567 788 3622 dubio
832 3567 1121 3637 probabitis
1147 3570 1292 3623 sanis
1329 3568 1567 3622 faucibus
1605 3568 1780 3623 cordis
1811 3569 1949 3639 quod
1994 3569 2062 3626 de

481 3659 697 3714 cellario
747 3658 1012 3713 dominico
1059 3660 1206 3714 vobis
1247 3668 1559 3728 apponatur.
1610 3660 1866 3714 Dominus
1905 3660 2060 3718 Jesus

481 3753 682 3808 sciebat
707 3751 845 3808 unde
872 3760 1052 3822 posset
1069 3753 1242 3807 anima
1269 3751 1515 3815 humana,
1543 3752 1646 3807 hoc
1666 3761 1766 3819 est,
1800 3767 1950 3808 mens
1969 3768 2060 3808 ra-

482 3841 693 3896 tionalis
721 3841 785 3896 ad
829 3841 1111 3911 imaginem
1144 3842 1236 3896 Dei
1268 3841 1400 3896 facta
1428 3843 1641 3908 satiari,
1673 3851 1918 3912 tanquam
1946 3843 2060 3913 ipsa

481 3947 546 3986 eo
581 3931 696 4002 ipso
720 3933 958 3986 satietur.
985 3933 1211 3987 Noverat
1236 3932 1335 3987 hoc
1358 3975 1372 3999 ,
1396 3942 1449 3987 et
1479 3933 1622 3987 illam
1648 3949 1709 3988 ea
1737 3934 2061 4003 plenitudine

483 4023 656 4078 adhuc
679 4039 858 4079 carere
885 4025 1100 4081 sciebat.
1126 4025 1354 4080 Noverat
1374 4040 1430 4080 se
1459 4041 1736 4096 apparere,
1766 4037 1983 4083 noverat
2001 4041 2061 4084 se

484 4117 666 4170 latere.
692 4116 898 4172 Sciebat
925 4117 1048 4187 quid
1080 4119 1130 4171 in
1159 4118 1247 4171 illo
1277 4118 1750 4182 demenstraretur,
1788 4119 1912 4189 quid
1941 4119 2062 4175 abs-

487 4208 820 4262 conderetur.
855 4207 1081 4262 Noverat
1134 4208 1256 4263 hoc.
1298 4209 1460 4275 Quam
1492 4209 1647 4262 multa
1671 4253 1684 4276 ,
1718 4209 1888 4280 inquit
1917 4211 2062 4265 Psal-

486 4315 600 4352 mus
617 4340 632 4363 ,
661 4299 926 4352 multitudo
948 4298 1224 4352 dulcedinis
1246 4309 1374 4365 tum,
1400 4298 1615 4354 Domine
1633 4341 1646 4366 ,
1679 4317 1827 4370 quam
1853 4302 2062 4355 abscon-

486 4393 601 4446 disti
643 4392 922 4445 timentibus
963 4401 1045 4457 te,
1075 4391 1324 4460 perfeciin
1358 4405 1522 4445 autem
1562 4392 1872 4460 sperantibus
1914 4393 1965 4445 in
2015 4405 2061 4447 te

481 4481 651 4557 (Psal.
677 4499 800 4545 xxx,
831 4482 945 4552 20).
984 4482 1321 4537 Dnlccdinem
1351 4491 1489 4536 tuam
1512 4491 1564 4537 et
1587 4497 1829 4552 magnam
1852 4491 1906 4537 et
1927 4483 2061 4536 mul-

483 4585 588 4628 tam
619 4574 939 4630 abscondisti
973 4573 1278 4628 timentibus
1306 4581 1377 4627 te.
1407 4571 1462 4627 Si
1510 4573 1817 4626 timentibus
1858 4581 1909 4627 te
1933 4573 2059 4628 abs-

479 4665 702 4732 condis,
753 4666 940 4736 quibus
988 4663 1199 4734 aperis?
1243 4663 1507 4735 Perfecisti
1541 4665 1856 4735 sperantibus
1891 4665 1944 4718 in
1989 4672 2056 4720 te.

479 4758 711 4823 Quaestio
736 4757 942 4827 gemina
970 4767 1090 4810 nata
1120 4765 1222 4823 est,
1249 4755 1341 4811 sed
1368 4756 1620 4810 alterutra
1648 4755 1867 4809 solvitur
1891 4770 1957 4810 ex
1981 4755 2060 4809 al-

480 4858 610 4904 tera.
636 4849 872 4903 Alterum
900 4849 942 4903 si
972 4849 1088 4917 quis
1114 4849 1375 4918 inquirat,
1404 4847 1524 4918 quid
1559 4855 1642 4901 est
1668 4846 1768 4902 hoc
1789 4888 1806 4913 ,
1833 4847 2057 4901 Abscon-

477 4939 596 4992 disti
623 4939 906 4992 timentibus
929 4948 974 4992 te
994 4981 1007 5003 ,
1039 4939 1288 5009 perfecisti
1310 4939 1621 5009 sperantibus
1652 4938 1705 4991 in
1745 4938 1832 4991 te?
1859 4938 1958 4992 Alii
1989 4939 2058 4994 ti-

477 5041 658 5098 ment,
681 5032 766 5085 alii
795 5030 1046 5102 sperant?
1085 5045 1188 5084 non
1216 5030 1250 5083 ii
1291 5029 1389 5098 ipsi
1429 5038 1554 5084 sunt
1581 5031 1826 5086 timentes
1851 5029 2044 5096 Deum,

476 5132 753 5194 sperantes
782 5123 833 5177 in
885 5122 1094 5178 Deum?
1141 5121 1270 5190 Quis
1314 5120 1366 5175 in
1397 5136 1518 5176 eum
1561 5130 1772 5191 sperat,
1818 5124 1908 5192 qui
1951 5137 2054 5177 non

476 5231 599 5272 eum
627 5214 816 5270 timet?
843 5214 972 5283 Quis
1000 5230 1123 5270 eum
1154 5215 1238 5283 pie
1259 5213 1444 5280 timet,
1473 5222 1528 5268 et
1552 5213 1604 5267 in
1627 5230 1750 5269 eum
1778 5229 1928 5284 spem
1950 5230 2055 5269 non

480 5309 675 5364 habet?
712 5308 854 5379 Ergo
879 5309 1021 5378 prius
1051 5309 1150 5362 ista
1178 5308 1433 5362 solvatur.
1467 5307 1543 5363 De
1561 5309 1893 5378 sperantibus
1919 5317 1972 5364 et
1991 5309 2058 5364 ti-

479 5401 745 5457 mentibus
775 5401 897 5456 volo
925 5400 1122 5470 aliquid
1150 5400 1347 5456 dicere.

549 5494 601 5546 3.
635 5491 808 5546 Timor
827 5492 915 5545 sub
940 5491 1086 5562 Lege,
1108 5509 1219 5561 spes
1241 5491 1329 5546 sub
1350 5493 1531 5564 gratia.
1557 5492 1665 5548 Lex
1697 5494 1940 5549 timorem
1963 5494 2058 5548 ha-

478 5584 597 5652 b3t,
621 5585 787 5656 gratia
813 5599 982 5654 spem.
1012 5586 1146 5651 Quid
1176 5594 1350 5639 autem
1381 5585 1604 5640 interest
1625 5585 1760 5640 inter
1788 5584 1979 5656 Legem
2002 5598 2057 5642 et

561 5718 612 5780 ιι)
634 5723 827 5766 Notatur
848 5717 897 5780 in
917 5717 1111 5780 Possidii
1131 5717 1369 5780 ludiculo,
1382 5731 1488 5780 cap.
1510 5718 1558 5768 9.

561 5718 612 5780 ιι)
634 5723 827 5766 Notatur
848 5718 897 5765 in
917 5718 1111 5768 Possidii
1131 5718 1356 5777 ludiculo,
1382 5731 1488 5780 cap.
1510 5718 1558 5768 9.

539 5718 612 5842 Eb)
633 5787 768 5830 Forte
791 5779 1080 5840 addendum,
1105 5780 1170 5832 sit
1185 5779 1236 5832 in
1265 5779 1430 5840 nobis;
1456 5780 1552 5840 vel,
1573 5777 1730 5831 Pulsel
1752 5779 1801 5831 in
1821 5778 1970 5832 nobis.

1722 334 1781 391 S.
1821 326 2188 390 AUGUSTINI
2227 327 2531 385 EPISCOPI

3656 329 3756 388 793

2183 451 2402 521 gratiam
2423 493 2438 519 ,
2467 449 2890 522 quandoquidem
2919 466 3055 508 unus
3077 451 3230 510 dator
3271 462 3327 512 et
3349 453 3504 526 Legis
3540 463 3596 512 et
3638 473 3756 527 gra-

2184 540 2303 594 tiae?
2329 541 2436 595 Lex
2467 549 2628 595 terret
2655 542 2722 596 de
2755 558 2813 598 se
2853 543 2967 612 ipso
2995 554 3402 614 praesumentem
3422 588 3438 614 ,
3469 546 3633 616 gratia
3664 546 3757 603 ad-

2177 632 2324 700 juvat
2355 633 2404 686 in
2430 631 2596 686 Deum
2617 642 2938 702 sperantem.
2968 635 3078 690 Lex
3097 677 3111 704 ,
3143 637 3353 708 inquam
3378 680 3393 707 ,
3423 647 3584 694 terret
3609 655 3623 692 :
3657 654 3756 694 no-

2181 724 2270 778 lite
2339 735 2714 792 contemnere,
2770 728 2892 797 quia
2948 729 3109 784 breve
3161 740 3274 796 est;
3324 731 3641 802 appendite,
3702 739 3758 788 et

2180 830 2428 885 magnum
2449 825 2546 872 est.
2579 817 2766 873 Videte
2803 817 2928 886 quid
2965 819 3189 874 dixerim
3209 860 3224 886 ,
3254 821 3448 876 sumite
3489 822 3631 891 quod
3657 822 3758 877 mi-
3795 831 3806 835 “

2180 905 2466 961 nistramus
2485 949 2501 974 ,
2525 907 2744 977 probate
2773 909 2908 963 unde
2953 924 3244 965 sumamus.
3269 909 3379 965 Lex
3408 919 3574 967 terret
3600 910 3668 966 de
3696 926 3758 968 se

2113 1008 2118 1012 '
2179 998 2758 1067 ipsepraasumentem,
2789 1001 2957 1070 gratia
2999 1002 3210 1071 adjuvat
3237 1002 3288 1056 in
3317 1002 3486 1057 Deum
3526 1017 3754 1073 speran-

2178 1099 2304 1145 tem.
2332 1091 2466 1157 Quid
2486 1092 2612 1147 dicit
2635 1093 2783 1148 Lex?
2807 1093 2988 1158 Multa,
3013 1101 3066 1149 et
3089 1093 3207 1164 quis
3235 1094 3549 1150 enumerat?
3576 1093 3752 1151 Unum

2178 1195 2497 1252 prasceptum
2535 1201 2754 1255 parvum
2800 1196 2853 1242 et
2896 1186 3164 1241 modicum
3206 1187 3328 1242 inde
3354 1202 3752 1256 commemoro,

2175 1274 2317 1342 quod
2359 1276 2793 1331 commemoravit
2839 1277 3156 1346 Apostolus,
3189 1277 3340 1332 valde
3379 1292 3598 1348 parvum
3629 1295 3644 1330 :
3671 1277 3752 1332 vi-

2175 1363 2396 1419 deamus
2425 1366 2544 1434 quis
2588 1375 2886 1436 supportat.
2933 1367 3056 1422 Non
3096 1370 3434 1429 concupisces.
3474 1367 3611 1434 Quid
3637 1377 3750 1435 est,

2176 1455 2401 1510 fratres?
2425 1457 2736 1513 Audivimus
2764 1459 2987 1529 Legem;
3017 1460 3062 1514 si
3085 1460 3251 1531 gratia
3279 1477 3382 1515 non
3412 1461 3513 1526 sit,
3537 1475 3752 1531 pmnam

2175 1557 2318 1605 tuam
2347 1551 2557 1605 audisti.
2592 1551 2728 1617 Quid
2757 1552 2882 1607 mihi
2909 1553 3108 1621 iactas,
3135 1554 3375 1624 quisquis
3401 1553 3622 1608 audiens
3647 1553 3754 1610 hoc

2174 1643 2240 1697 de
2271 1654 2320 1697 te
2361 1645 2664 1712 praesumis,
2699 1644 2823 1713 quid
2853 1645 2978 1698 mihi
3001 1645 3172 1714 jactas
3197 1643 3588 1700 innocentiam?
3611 1645 3751 1711 Quid

2176 1735 2267 1790 tibi
2297 1736 2362 1790 de
2384 1737 2470 1790 illa
2493 1737 2778 1792 blandiris?
2809 1737 2964 1792 Potes
2983 1736 3164 1792 dicere
3187 1777 3200 1800 ,
3229 1737 3341 1792 Non
3368 1738 3518 1806 rapui
3547 1753 3633 1792 res
3653 1736 3753 1792 ali-

2173 1844 2301 1884 enas
2329 1847 2344 1883 :
2375 1829 2560 1894 audio,
2590 1831 2780 1895 credo,
2813 1830 3051 1885 fortassis
3071 1839 3123 1884 et
3148 1829 3335 1894 video;
3369 1845 3472 1885 non
3493 1830 3636 1899 rapis
3660 1844 3749 1885 res

2171 1919 2392 1980 alienas,
2443 1918 2560 1972 Non
2608 1921 2959 1990 concupisces,
3010 1905 3222 1974 audisti.
3273 1920 3386 1974 Non
3433 1920 3630 1976 accedo
3680 1920 3749 1975 ad

2172 2025 2391 2065 uxorem
2437 2010 2662 2065 alienam
2689 2029 2702 2064 :
2728 2020 2781 2066 et
2823 2012 2922 2065 hoc
2961 2010 3142 2076 audio,
3178 2010 3372 2074 credo,
3403 2011 3578 2066 video.
3621 2010 3747 2066 Non

2170 2102 2506 2171 concupisces,
2537 2102 2751 2156 audisti.
2775 2102 2909 2169 Quid
2935 2111 2985 2156 te
3010 2101 3137 2157 foris
3161 2103 3544 2170 circumspicis,
3566 2110 3621 2157 et
3639 2117 3748 2158 non

2172 2193 2312 2246 intus
2360 2193 2612 2262 inspicis?
2657 2193 2892 2263 Inspice,
2923 2202 2978 2248 et
3023 2191 3225 2248 videbis
3268 2191 3422 2246 aliam
3471 2193 3640 2262 legem
3692 2195 3748 2248 in

2172 2286 2423 2340 membris
2454 2286 2574 2341 tuis.
2593 2286 2738 2341 Intus
2760 2287 2978 2357 inspice,
2997 2285 3122 2356 quid
3147 2285 3338 2339 transis
3362 2284 3447 2340 te?
3473 2284 3749 2343 Descende

2170 2380 2221 2434 in
2247 2389 2316 2435 te.
2353 2380 2566 2436 Videbis
2585 2382 2740 2436 aliam
2765 2383 2932 2452 legem
2959 2383 3010 2435 in
3038 2381 3291 2437 membris
3321 2381 3425 2436 tuis
3452 2395 3748 2452 repugnan-

2171 2482 2274 2528 tem
2309 2473 2409 2543 legi
2439 2475 2628 2528 mentis
2669 2484 2802 2539 tum,
2834 2483 2889 2529 et
2917 2476 3273 2544 captivantem
3309 2484 3360 2529 te
3390 2475 3440 2527 in
3473 2473 3591 2543 lege
3617 2488 3746 2535 pec-

2167 2566 2292 2631 cati,
2314 2580 2431 2635 quae
2459 2574 2542 2620 est
2567 2567 2617 2620 in
2639 2566 2893 2620 membris
2923 2568 3045 2620 tuis.
3078 2565 3264 2621 Merito
3293 2565 3385 2620 tibi
3406 2564 3748 2620 absconditur

2167 2657 2392 2712 dulcedo
2418 2657 2531 2712 Dei.
2563 2656 2802 2727 Captivat
2830 2666 2883 2711 te
2909 2658 2990 2710 lex
3025 2657 3192 2726 posita
3231 2656 3284 2710 in
3311 2655 3565 2710 membris
3604 2655 3741 2720 tuis,

2168 2763 2474 2817 repugnans
2491 2747 2593 2816 legi
2623 2749 2813 2802 mentis
2841 2757 2964 2801 tum.
2991 2747 3068 2801 De
3087 2745 3368 2801 dulcedine
3397 2747 3484 2799 illa
3510 2761 3627 2814 quae
3651 2744 3744 2800 tibi

2167 2841 2524 2903 absconditur,
2557 2840 2726 2895 sancti
2747 2840 2933 2909 Angeli
2956 2839 3141 2893 bibunt
3165 2855 3178 2892 :
3202 2853 3307 2893 non
3330 2846 3480 2908 potes
3505 2836 3744 2891 dulcedi-

2166 2946 2286 2986 nem
2315 2931 2422 3000 pati
2448 2939 2500 2986 et
2524 2939 2734 3002 gustare
2761 2932 2998 3000 captivus
3032 2929 3128 3000 (a).
3161 2928 3626 2999 Concupiscentiam
3649 2942 3743 2983 ne-

2165 3022 2400 3090 sciebas,
2424 3023 2519 3076 nisi
2563 3022 2671 3076 Lea:
2717 3023 2918 3085 diceret,
2951 3020 3071 3074 Non
3116 3021 3454 3091 concupisces.
3496 3019 3737 3086 Audisti,

2166 3112 2420 3176 timuisti;
2449 3113 2661 3168 tentasti
2681 3128 2912 3183 pugnare
2932 3154 2944 3177 ,
2974 3127 3076 3167 non
3108 3112 3323 3181 potuisti
3344 3125 3618 3180 superare.
3642 3110 3742 3164 0c-

2165 3202 2364 3256 casione
2399 3201 2539 3257 enim
2568 3212 2800 3271 accepta,
2827 3213 3081 3272 peccatum
3109 3219 3199 3273 per
3233 3203 3530 3256 mandatum
3554 3218 3736 3271 opera-

2165 3303 2270 3346 tum
2304 3303 2376 3346 est
2411 3303 2636 3348 mortem.
2679 3295 2837 3349 Certe
2879 3295 3285 3363 recognoscitis,
3319 3294 3553 3363 Apostoli
3578 3293 3741 3349 verba

2163 3392 2314 3450 sunt,
2345 3382 2618 3439 Occasione
2640 3396 2843 3456 accepta
2865 3395 3124 3456 peccatum
3144 3402 3233 3454 per
3253 3386 3547 3438 mandatum
3567 3400 3742 3454 opera-

2162 3484 2270 3528 tum
2289 3485 2359 3528 est
2379 3475 2432 3528 in
2458 3492 2535 3530 me
2554 3492 2748 3530 omnem
2770 3477 3238 3546 concupiscentiam.
3263 3476 3400 3544 Quid
3431 3485 3481 3530 te
3500 3477 3738 3545 jactabas

2163 3566 2458 3636 superbus?
2485 3567 2622 3621 Ecce
2655 3567 2817 3622 armis
2846 3565 2950 3621 tuis
2975 3574 3028 3620 te
3052 3566 3177 3620 vicit
3203 3567 3465 3621 inimicus.
3492 3565 3568 3620 Tu
3596 3574 3740 3620 certe

2164 3659 2470 3714 mandatum
2531 3660 2807 3730 quaerebas
2855 3657 2923 3713 ad
2977 3657 3324 3713 monitionem
3373 3658 3391 3690 ί
3426 3675 3441 3713 :
3473 3672 3600 3713 ecce
3642 3671 3739 3726 per

2163 3751 2470 3806 mandatum
2505 3751 2706 3806 invenit
2728 3749 2897 3805 hostis
2925 3748 3153 3805 intrandi
3181 3749 3538 3806 occasionem.
3575 3749 3740 3802 Occa-

2164 3843 2302 3896 sione
2340 3842 2473 3896 enim
2514 3851 2718 3910 accepta
2740 3879 2756 3907 ,
2783 3849 3036 3910 peccatum
3076 3856 3164 3910 per
3202 3841 3495 3893 mandatum
3524 3841 3736 3912 fefellit,

2163 3933 2359 4003 inquit,
2386 3950 2498 3998 me,
2521 3943 2568 3986 et
2609 3949 2696 4003 per
2733 3949 2846 3988 eum
2869 3933 3052 3986 occidit
3079 3935 3120 3986 ⁸.
3147 3932 3286 4001 Quid
3311 3943 3396 3988 est
3424 3934 3563 4003 quod
3593 3934 3737 3999 dixi,

2161 4025 2342 4081 Armis
2371 4025 2473 4080 tuis
2496 4034 2548 4080 te
2567 4025 2694 4080 vicit
2718 4024 2999 4080 inimicus?
3018 4025 3153 4080 Audi
3177 4025 3423 4081 eumdem
3443 4027 3740 4096 apostolum

2163 4126 2470 4188 sequentem
2497 4127 2552 4173 et
2573 4118 2834 4173 dicentem
2863 4135 2876 4171 :
2905 4116 3085 4188 Itaque
3104 4117 3212 4173 Lex
3229 4119 3429 4190 quidem
3448 4131 3623 4174 sancta
3641 4161 3657 4182 ,
3691 4129 3741 4175 et

2165 4208 2455 4260 mandatum
2475 4218 2704 4261 sanctum
2733 4217 2782 4262 et
2817 4209 3008 4275 iustum
3029 4217 3076 4262 et
3104 4210 3306 4262 bonum.
3328 4207 3444 4262 Jam
3475 4211 3741 4278 responde

2165 4299 2639 4368 reprehensoribus
2660 4299 2812 4370 Legis
2831 4320 2846 4355 :
2865 4301 3101 4368 Apostoli
3122 4301 3434 4356 auctoritate
3451 4302 3736 4370 responde,

2164 4387 2465 4442 Mandatum
2489 4399 2745 4456 sanctum,
2774 4391 2856 4444 lea:
2890 4399 3064 4445 sancta
3086 4431 3102 4457 ,
3138 4391 3432 4444 mandatum
3461 4392 3656 4461 justum
3691 4401 3740 4446 et

2163 4479 2366 4532 bonum.
2413 4479 2560 4545 Quod
2597 4495 2713 4550 ergo
2747 4479 2929 4534 bonum
2965 4489 3066 4545 est,
3090 4480 3213 4533 mihi
3251 4484 3441 4550 factum
3467 4491 3539 4535 est
3564 4483 3740 4536 mors?

2163 4570 2301 4624 Absit
2325 4570 2449 4624 :sed
2486 4579 2744 4640 peccatum
2769 4579 2820 4624 ut
2848 4580 3120 4642 appareat,
3146 4588 3234 4642 per
3258 4571 3442 4626 bonum
3474 4575 3599 4626 milii
3621 4591 3739 4642 ope-

2161 4673 2330 4717 ratum
2367 4672 2438 4717 est
2477 4672 2686 4716 mortem
2711 4661 2888 4732 (Rom.
2931 4678 3038 4729 vn,
3071 4664 3228 4730 7-15,
3256 4662 3370 4733 23).
3402 4663 3578 4730 Quare
3605 4664 3732 4730 hoc,

2162 4755 2263 4810 nisi
2313 4755 2434 4825 quia
2477 4755 2726 4810 mandato
2771 4765 2992 4825 accepto
3039 4755 3288 4822 timuisti,
3321 4771 3427 4812 non
3469 4757 3740 4812 dilexisti?

2161 4847 2404 4903 Timuisti
2447 4863 2693 4917 minam,
2739 4864 2843 4903 non
2881 4849 3070 4904 amaSti
3113 4849 3390 4919 justitiam.
3440 4852 3540 4918 Qui
3593 4853 3740 4907 timet

2163 4954 2404 5010 pinnam,
2431 4947 2578 5009 optat
2619 4940 2664 4992 si
2695 4938 2809 4994 fieri
2849 4948 3053 5008 potest,
3082 4938 3258 4995 facere
3291 4941 3432 5010 quod
3461 4943 3653 5008 libeat,
3685 4952 3740 4998 et

2162 5047 2266 5086 non
2299 5031 2497 5087 habere
2521 5031 2661 5101 quod
2692 5032 2892 5086 timeat.
2934 5031 3186 5088 Prohibet
3215 5033 3354 5088 Deus
3381 5034 3734 5102 adulterium;

2160 5122 2451 5192 concupisti
2479 5137 2696 5178 uxorem
2722 5123 2978 5187 alienam,
3008 5139 3113 5178 non
3151 5123 3396 5190 accedis,
3426 5141 3532 5181 non
3573 5127 3735 5194 lacis,

2161 5214 2369 5270 occasio
2410 5213 2531 5267 data
2574 5222 2684 5271 est.
2717 5211 2880 5268 habes
2921 5224 3160 5284 tempus,
3192 5223 3338 5284 patet
3376 5216 3556 5283 locus,
3585 5215 3740 5272 deest

2224 5349 2243 5382 ί
2267 5353 2425 5407 Forte,
2461 5356 2526 5396 'nt
2555 5353 2701 5413 certe,
2715 5355 2994 5399 ntanaalum
3029 5361 3280 5413 quaerebas
3307 5365 3378 5413 aa
3412 5359 3736 5404 munitionem

2160 5416 2268 5460 Lov.
2286 5445 2300 5469 ,
2330 5419 2394 5458 Tu
2408 5418 2536 5459 certe
2556 5409 2835 5460 mandatum
2854 5409 3104 5470 quaerebas
3121 5411 3506 5464 admzitiatem.
3571 5422 3620 5467 LL

2233 5475 2246 5503 ι
2277 5479 2434 5528 Forte,
2453 5479 2495 5520 et
2535 5485 2618 5530 per
2640 5470 2693 5522 id
2713 5472 2907 5522 occidit.

2223 5534 2294 5599 (a)
2330 5533 2491 5590 Morel,
2514 5534 2662 5581 Elem.
2689 5534 2867 5599 (‘:ri_tie.,
2892 5546 3000 5599 pag.
3040 5534 3272 5599 198-199,
3305 5545 3530 5599 opinatur
3560 5537 3635 5585 hic
3666 5534 3738 5585 le-

2161 5594 2411 5664 gemlan
2433 5604 2530 5645 non
2569 5594 3471 5664 potesndulcedinempatriw’gustare
3505 5599 3732 5662 captivas.

2160 5657 2272 5717 Quae
2306 5659 2447 5706 lectio
2469 5657 2586 5706 sane
2617 5657 2908 5712 meliorest,
2948 5657 3146 5706 minime
3173 5657 3297 5708 verr;
3329 5661 3387 5708 ad
3421 5657 3619 5709 sensum
3648 5672 3734 5708 ne-

2160 5723 2384 5770 cessaria.
2420 5726 2466 5766 tn
2490 5727 2556 5777 8.,
2581 5732 2728 5780 super
2748 5726 2940 5781 vocem,
2960 5725 3170 5784 gustare,
3205 5729 3393 5782 [nitatur
3413 5724 3462 5774 in
3499 5723 3735 5786 margine,

2165 5786 2298 5846 f0!‘lt’,
2331 5800 2350 5826 tt
2377 5791 2581 5844 [:(it'wt'c.
2601 5798 2620 5824 ν
2692 5790 2747 5830 Μ.
3091 5787 3094 5790 ’
