4098 6310
343 304 497 373 793,

337 419 605 483 conscius,
630 426 684 474 tu
712 426 889 475 tamen
928 431 1035 475 non
1077 418 1235 484 facis;
1267 414 1439 473 unde?
1462 415 1596 483 Quia
1624 416 1781 472 times
1808 429 1922 485 pte-

337 528 483 569 nam.
514 510 618 567 Sed
648 510 823 565 nullus
847 510 998 566 sciet.
1025 508 1292 581 Numquid
1320 522 1419 564 nec
1448 505 1621 562 Deus?
1646 506 1719 561 lta
1746 506 1920 576 plane,

336 606 457 675 quia
496 603 597 658 scit
640 602 783 658 Deus
819 601 959 672 quod
1005 600 1239 656 facturus
1276 614 1371 664 es,
1402 614 1509 654 non
1548 598 1716 653 facis:
1748 597 1843 654 sed
1870 605 1925 653 et

336 695 511 765 ipsum
542 694 707 749 Deum
736 693 1025 748 minantem
1053 692 1266 756 tremis,
1294 706 1399 747 non
1420 690 1816 761 praecipientem
1843 689 1924 745 di-

335 787 473 856 ligis.
508 785 681 853 Quare
710 802 817 841 non
856 782 1021 840 facis?
1050 784 1182 853 Quia
1212 784 1257 839 si
1291 783 1514 851 feceris,
1547 784 1599 837 in
1624 782 1921 855 gehennam

332 878 581 933 mitteris.
625 876 1009 947 Ignem-times.
1042 877 1086 932 Ο
1114 876 1159 930 si
1198 875 1492 931 castitatem
1538 890 1745 929 amares
1767 917 1781 942 ,
1814 889 1921 929 non

333 970 568 1035 faceres,
600 970 701 1025 etsi
730 970 875 1026 omni
917 969 1076 1026 modo
1118 970 1408 1039 impunitus
1432 984 1552 1023 esse
1586 968 1829 1023 deberes.
1864 965 1922 1021 Si

332 1065 427 1120 tibi
458 1065 599 1119 Deus
638 1064 873 1131 diceret,
904 1064 1040 1119 Ecce
1066 1063 1182 1129 fac,
1214 1079 1320 1120 non
1352 1071 1405 1118 te
1427 1062 1719 1127 damnabo;
1745 1063 1796 1115 in
1825 1076 1921 1131 ge-

330 1154 561 1210 hennam
603 1164 656 1211 te
682 1171 787 1209 non
812 1154 1107 1220 damnabo,
1135 1154 1230 1210 sed
1259 1152 1450 1209 faciem
1490 1168 1663 1207 meam
1705 1152 1796 1208 tibi
1828 1168 1923 1208 ne-

328 1247 486 1316 gabo.
516 1245 573 1302 Si
618 1255 834 1317 propter
874 1246 1010 1301 hanc
1048 1245 1513 1302 comminationem
1546 1260 1651 1298 non
1683 1244 1918 1311 faceres,

328 1353 513 1393 amore
530 1338 622 1393 Dei
652 1353 756 1392 non
784 1338 1006 1404 faceres,
1025 1337 1217 1392 timore
1235 1336 1309 1407 (α)
1328 1336 1532 1407 judicii.
1560 1336 1666 1391 Sed
1693 1336 1916 1401 faceres,

329 1430 465 1485 forte
486 1431 628 1486 enim
657 1432 734 1485 sic
761 1429 965 1486 faceres
992 1448 1005 1484 :
1029 1446 1134 1486 non
1160 1430 1302 1485 enim
1336 1445 1513 1484 meum
1554 1439 1634 1484 est
1656 1430 1916 1501 judicare.

328 1522 558 1592 Adjuvat
596 1522 762 1592 gratia
782 1562 799 1590 ,
828 1539 947 1593 qua:
986 1531 1200 1579 sanctos
1237 1522 1395 1585 facit,
1427 1523 1471 1577 si
1512 1523 1589 1579 sic
1619 1540 1724 1578 non
1753 1524 1917 1594 facis,

327 1615 450 1685 quia
491 1614 678 1669 horres
719 1614 1227 1669 contaminationem
1272 1613 1547 1681 adulterii,
1580 1616 1701 1685 quia
1744 1615 1920 1685 diligis

328 1714 711 1775 praeceptorem
728 1748 741 1769 ,
771 1716 827 1760 ut
848 1706 1026 1775 exigas
1050 1706 1429 1778 promissorem
1453 1749 1466 1771 ,
1495 1724 1598 1761 non
1621 1708 1738 1777 quia
1764 1708 1919 1763 times

326 1799 694 1854 damnatorem
726 1817 737 1851 :
762 1799 870 1868 jam
890 1801 1077 1869 gratiae
1102 1808 1218 1866 est,
1247 1799 1348 1854 hoc
1376 1799 1468 1854 tibi
1488 1800 1595 1856 noli
1620 1815 1914 1867 assumere,

326 1890 527 1945 viribus
558 1892 662 1945 tuis
692 1891 796 1945 noli
847 1891 1101 1946 tribuere.
1137 1891 1498 1947 Delectatione
1548 1890 1672 1945 facis
1698 1933 1712 1953 ,
1744 1890 1912 1959 bene;

326 1984 583 2040 charitate
609 1984 768 2049 facis,
800 1984 965 2052 bene;
993 2001 1201 2050 annuo,
1233 1984 1529 2039 consentio.
1578 1984 1821 2038 Charitas
1850 1984 1918 2040 de

328 2086 379 2132 te
424 2089 696 2148 operatur,
722 2076 935 2147 quando
959 2078 1144 2132 volens
1185 2076 1333 2131 facis.
1362 2076 1479 2131 Jam
1518 2084 1705 2149 gustas
1736 2075 1917 2131 dulce-

324 2170 531 2235 dinem,
560 2173 602 2224 si
633 2185 815 2240 speras
843 2171 894 2225 in
924 2172 1227 2225 Dominum.

395 2266 448 2321 4.
468 2263 701 2321 Charitas
719 2282 818 2318 non
831 2281 893 2319 ea:
913 2264 1074 2329 nobis,
1088 2265 1175 2317 sed
1191 2281 1253 2317 ea:
1269 2263 1395 2318 Deo.
1416 2264 1522 2319 Sed
1542 2263 1680 2318 unde
1699 2264 1791 2318 tibi
1816 2263 1915 2318 ista

324 2357 595 2413 charitas?
621 2358 663 2411 si
692 2367 868 2412 tamen
892 2366 972 2412 cst
996 2374 1008 2410 :
1038 2358 1198 2412 timeo
1220 2356 1361 2410 enim
1384 2371 1451 2411 ne
1477 2356 1650 2411 adhuc
1681 2355 1915 2411 timendo

323 2466 433 2505 non
478 2448 671 2514 facias,
706 2457 760 2503 et
784 2462 1006 2519 magnus
1036 2447 1128 2502 tibi
1157 2447 1405 2502 videaris.
1441 2446 1557 2502 Jam
1588 2446 1632 2503 si
1657 2446 1916 2501 charitate

321 2557 431 2597 non
456 2540 603 2607 facis,
623 2555 749 2595 vere
776 2555 998 2610 magnus
1019 2555 1097 2595 es.
1128 2540 1302 2594 Habes
1331 2539 1683 2594 charitatem?
1710 2539 1912 2608 Habeo,

327 2634 523 2705 inquis.
554 2632 741 2689 Unde?
757 2634 802 2687 Α
824 2650 911 2688 me
934 2634 1069 2702 ipso.
1089 2634 1268 2703 Longe
1286 2648 1341 2687 es
1372 2648 1399 2686 a
1418 2632 1721 2699 dulcedine,
1741 2633 1786 2687 si
1812 2649 1840 2685 a
1865 2641 1917 2687 te

323 2728 441 2795 ipso
461 2726 642 2781 habes.
661 2726 913 2796 Teipsum
931 2725 1134 2780 amabis
1156 2743 1169 2789 ;
1193 2726 1315 2796 quia
1334 2726 1475 2780 unde
1498 2726 1662 2781 habes
1688 2725 1912 2779 amabis.

322 2819 431 2874 Sed
449 2820 705 2873 convinco
722 2818 861 2888 quod
879 2835 982 2873 non
1001 2818 1182 2873 habes.
1198 2817 1350 2886 Quod
1363 2820 1502 2871 enim
1524 2826 1675 2887 putas
1692 2834 1720 2869 a
1736 2826 1785 2872 te
1800 2818 1915 2887 ipso

322 2908 522 2965 habere
548 2925 659 2965 rem
699 2920 895 2964 tantam
918 2952 931 2975 ,
953 2909 1077 2964 inde
1115 2925 1219 2964 non
1248 2908 1409 2963 credo
1436 2907 1575 2979 quod
1604 2907 1820 2962 habeas.
1855 2907 1911 2961 Si

320 3001 464 3057 enim
495 3001 718 3056 haberes
738 3043 752 3068 ,
785 3002 951 3057 scires
988 3001 1127 3055 unde
1176 3000 1419 3055 haberes.
1447 2999 1771 3054 Charitatem
1811 3014 1838 3052 a
1866 3010 1917 3053 te

321 3092 509 3159 habes,
526 3094 673 3164 quasi
692 3094 808 3149 leve
822 3093 1041 3163 aliquid,
1059 3094 1210 3163 quasi
1228 3093 1389 3147 breve
1410 3092 1633 3163 aliquid?
1649 3092 1702 3147 Si
1725 3091 1917 3163 linguis

322 3185 600 3240 hominum
623 3185 920 3255 loquereris
948 3192 1004 3239 et
1031 3184 1374 3255 Angelorum,
1403 3183 1715 3239 charitatem
1738 3192 1915 3238 autem

323 3292 433 3331 non
464 3277 688 3333 haberes
709 3319 723 3343 ,
748 3286 1094 3333 aeramentum
1117 3292 1265 3333 esses
1290 3276 1520 3332 tinniens
1544 3285 1598 3331 et
1616 3277 1916 3347 cymbalum

322 3384 671 3439 concrepans.
719 3370 775 3426 Si
814 3371 982 3425 scires
1016 3369 1195 3425 omnia
1246 3379 1578 3425 sacramenta
1621 3378 1675 3424 et
1702 3384 1915 3423 omnem

326 3458 553 3518 haberes
578 3462 884 3528 scientiam,
917 3476 1131 3517 omnem
1164 3460 1498 3531 prophetiam
1537 3469 1592 3515 et
1618 3476 1831 3516 onmem
1858 3461 1920 3515 fi-

324 3552 486 3621 dem,
530 3555 601 3610 ita
645 3566 703 3610 ut
741 3563 953 3611 montes
993 3553 1347 3623 transferres,
1380 3553 1693 3609 charitatetn
1740 3563 1918 3607 autem

324 3662 435 3701 non
461 3644 688 3703 haberes
708 3688 723 3713 ,
755 3645 1012 3717 prodesse
1058 3646 1149 3700 tibi
1177 3646 1276 3700 ista
1323 3660 1429 3701 non
1460 3655 1699 3717 possent.
1728 3645 1784 3700 Si
1809 3646 1920 3700 dis-

324 3737 590 3793 tribueres
622 3738 801 3792 omnia
850 3747 935 3790 tua
967 3736 1318 3806 pauperibus,
1347 3745 1399 3791 et
1449 3736 1685 3790 traderes
1726 3751 1921 3806 corpus

326 3841 476 3883 tuum
522 3838 581 3883 ut
629 3830 883 3893 arderes,
912 3828 1229 3881 charitatem
1280 3837 1458 3881 autem
1504 3843 1611 3881 non
1660 3828 1918 3897 haberes,

322 3919 459 3972 nihil
484 3932 636 3972 esses
658 3918 701 3988 (l
732 3918 849 3972 Cor.
879 3934 999 3981 xm,
1031 3918 1171 3987 1-5).
1201 3916 1408 3985 Quanta
1438 3926 1519 3972 est
1544 3918 1641 3972 ista
1666 3917 1917 3986 charitas,

322 4027 447 4081 qua:
477 4010 521 4065 si
552 4010 814 4077 defuerit,
848 4010 978 4064 nihil
1011 4020 1235 4079 prosunt
1260 4010 1475 4064 omnia?
1502 4009 1763 4085 Compara
1802 4026 1920 4065 eam

324 4118 433 4157 non
472 4099 597 4157 ﬁdei
644 4110 775 4166 tua),
810 4117 915 4155 non
964 4102 1201 4155 scientia:
1245 4110 1380 4165 tua},
1414 4118 1519 4157 non
1562 4100 1754 4172 linguas
1783 4111 1917 4168 tua);

324 4194 623 4249 minoribus
661 4194 855 4260 rebus,
886 4193 1041 4248 oculo
1087 4195 1328 4263 corporis
1381 4194 1489 4259 tui,
1518 4194 1728 4259 manui,
1762 4195 1919 4264 pedi,

324 4285 537 4353 ventri,
567 4285 724 4340 alicui
750 4285 992 4339 membro
1017 4294 1258 4340 extremo
1300 4301 1549 4356 compara
1576 4285 1920 4354 charitatem;

326 4376 585 4445 numquid
622 4392 689 4432 ex
728 4378 905 4447 aliqua
954 4387 1107 4447 parte
1136 4377 1234 4431 ista
1266 4378 1484 4432 minima
1516 4376 1760 4431 charitati
1800 4388 1925 4432 sunt

324 4467 725 4537 comparanda?
753 4468 893 4539 Ergo
922 4468 1137 4523 oculum
1167 4476 1221 4523 et
1245 4483 1431 4523 nasum
1459 4484 1489 4522 a
1521 4469 1628 4524 Deo
1657 4468 1841 4537 habes,
1870 4479 1926 4525 et

324 4559 642 4615 charitatem
684 4576 715 4613 a
761 4569 812 4613 te
853 4559 1055 4616 habes?
1085 4558 1141 4615 Si
1170 4561 1482 4615 charitatem
1504 4602 1520 4629 ,
1547 4576 1665 4633 qua:
1711 4570 1927 4631 superat

324 4652 505 4708 omnia
525 4692 542 4719 ,
573 4660 628 4707 tu
657 4653 750 4708 tibi
775 4652 997 4721 dedisti,
1026 4654 1184 4708 vilem
1225 4653 1317 4708 tibi
1360 4654 1526 4709 Deum
1566 4653 1759 4710 fecisti.
1788 4655 1926 4724 Quid

328 4744 425 4798 tibi
449 4743 569 4814 plus
610 4753 787 4814 potest
815 4744 942 4800 dare
974 4745 1147 4800 Deus?
1172 4744 1437 4816 Quidquid
1477 4745 1717 4810 dederit,
1750 4746 1926 4802 minus

326 4846 433 4892 est.
464 4834 656 4892 Omnia
687 4838 921 4893 charitas
950 4839 1144 4905 vincit,
1177 4854 1336 4909 quam
1364 4848 1423 4894 tu
1456 4839 1549 4894 tibi
1576 4840 1787 4894 dedisti.
1818 4839 1924 4895 Sed

327 4930 375 4983 si
418 4930 616 4995 habes,
650 4948 756 4987 non
797 4932 889 4986 tibi
930 4931 1142 4987 dedisti.
1186 4930 1322 5000 Quid
1367 4932 1509 4986 enim
1553 4931 1751 5001 habes,
1783 4932 1926 5003 quod

328 5037 438 5074 non
468 5022 717 5092 accepisti
754 5022 861 5093 (Id.
896 5039 967 5089 tv,
996 5022 1050 5092 7)
1070 5022 1096 5075 ‘l
1118 5022 1246 5091 Quis
1272 5022 1400 5077 mihi
1420 5065 1435 5089 ,
1463 5023 1580 5097 quis
1622 5024 1714 5079 tibi
1748 5024 1927 5079 dedit?

330 5112 492 5167 Dens.
548 5114 791 5184 Agnosce
838 5115 1109 5181 datorem,
1161 5131 1231 5171 ne
1280 5117 1479 5171 sentias
1534 5116 1923 5172 damnatorem.

328 5203 616 5261 Credendo
661 5205 728 5260 de
777 5206 1067 5274 Scripturis
1100 5206 1239 5260 Dcus
1285 5206 1375 5262 tibi
1420 5205 1566 5261 dedit
1586 5206 1923 5276 charitatcm,

331 5312 583 5367 magnum
609 5297 830 5363 bonum,
858 5298 1173 5353 charitatem
1196 5299 1371 5353 omnia
1396 5308 1759 5369 superantem.
1786 5300 1929 5355 Deus

332 5389 427 5443 tibi
454 5388 637 5444 dedit:
658 5392 777 5461 quia
798 5391 1019 5445 charitas
1042 5390 1134 5445 Dei
1158 5389 1348 5458 diffusa
1370 5400 1441 5445 est
1470 5392 1521 5444 in
1548 5391 1779 5446 cordibus
1806 5410 1926 5446 nos-

330 5483 455 5548 tris;
487 5484 623 5539 forte
648 5500 674 5537 a
708 5484 796 5539 te?
816 5485 985 5550 absit;
1019 5502 1106 5557 per
1128 5484 1380 5554 Spiritum
1406 5494 1631 5538 sanctum
1659 5486 1746 5557 qui
1774 5486 1923 5541 datus

330 5588 404 5633 est
437 5574 578 5629 nobis
610 5576 784 5645 (Rom.
819 5594 870 5641 γ,
902 5575 978 5649 5).

406 5670 460 5725 5.
509 5667 748 5722 Hominis
793 5673 1119 5741 pt'tt’sumptio
1152 5688 1239 5741 per
1280 5668 1495 5744 Legem,
1539 5671 1801 5743 captivitas
1839 5688 1926 5729 ver

396 5806 470 5868 (a)
503 5810 661 5868 Forte,
683 5816 777 5855 non
798 5804 983 5857 ts'nwre.

1735 294 1963 357 SERMO
1998 296 2203 355 CXLV.

3518 306 3621 365 79A

2030 418 2246 488 gratiam
2271 417 2480 472 tollitur.
2504 417 2693 476 Redite
2714 431 2921 477 meeum
2947 419 3014 477 ad
3043 421 3310 492 captivum
3338 421 3508 490 illum,
3531 438 3621 480 re-

2028 508 2136 565 dite
2159 525 2366 566 mecum
2388 511 2454 567 ad
2482 514 2895 583 propositionem
2922 530 3115 571 meam.
3145 516 3254 571 Lex
3280 524 3445 571 terret
3464 515 3531 571 de
3556 531 3617 572 se

2028 606 2674 683 prtesumentem,gratia
2716 605 2928 675 adjuvat
2968 607 3021 662 in
3070 607 3237 663 Deum
3284 618 3612 678 sperantem.

2029 692 2163 749 Vide
2210 695 2353 749 enim
2412 696 2561 751 illum
2607 700 2893 768 captivum.
2922 698 3082 755 Videt
3131 701 3288 755 aliam
3343 701 3514 771 legem
3558 702 3613 757 in

2029 787 2287 843 membris
2315 788 2424 842 suis
2450 799 2831 860 repugnantem
2861 788 2964 862 legi
3006 793 3198 849 mentis
3226 809 3335 849 sum
3361 801 3414 848 et
3442 794 3615 864 capti-

2027 892 2150 930 vum
2178 891 2236 931 se
2262 877 2540 933 ducentem
2582 880 2635 934 in
2667 880 2783 950 lege
2821 883 3058 951 peccati,
3090 900 3208 953 qua:
3233 893 3315 939 est
3357 885 3409 939 in
3440 899 3611 940 mem-

2028 966 2139 1023 bris
2168 970 2303 1039 ejus.
2350 972 2485 1025 Ecce
2512 972 2760 1037 vincitur,
2795 987 2919 1029 ecce
2946 974 3190 1042 trahitur,
3219 992 3345 1032 ecce
3373 978 3612 1047 captiva-

2032 1069 2134 1122 tur,
2163 1076 2287 1116 ecce
2314 1062 2643 1133 subjugatur.
2683 1062 2817 1130 Quid
2843 1065 2890 1119 ei
2921 1064 3151 1135 profuit,
3185 1066 3306 1122 Non
3343 1069 3612 1140 concupis-

2028 1155 2418 1221 ces?Audivit,
2471 1155 2593 1211 Non
2637 1160 2991 1229 concupisces,
3025 1167 3081 1214 ut
3129 1170 3309 1216 nosset
3364 1161 3607 1231 hostem,

2027 1261 2134 1299 non
2167 1256 2222 1301 ut
2248 1247 2498 1303 vinceret.
2544 1250 3009 1321 Concupiscentiam
3035 1254 3194 1320 enim,
3223 1253 3274 1309 id
3299 1263 3380 1310 est
3403 1254 3611 1312 hostem

2027 1355 2220 1410 suum,
2246 1343 2549 1409 nesciebat,
2584 1345 2681 1398 nisi
2719 1344 2827 1400 Lex
2868 1346 3081 1413 diceret,
3106 1346 3226 1401 Non
3270 1350 3611 1420 concupisces.

2025 1432 2141 1487 Jam
2188 1434 2365 1488 vidisti
2409 1434 2851 1507 hostem;pugna
2878 1480 2891 1505 ,
2924 1437 3085 1492 libera
3131 1446 3216 1505 te,
3245 1454 3425 1495 assere
3467 1449 3519 1495 te
3558 1440 3612 1495 in

2026 1525 2362 1595 libertatem;
2393 1540 2665 1598 prematur
2710 1530 2939 1601 jucunda
2987 1532 3253 1602 suggestio
3274 1574 3288 1598 ,
3322 1534 3614 1603 perimatur

2028 1618 2210 1673 illicita
2254 1620 2557 1676 delectatio.
2602 1624 2861 1690 Armare,
2893 1623 3059 1678 habes
3104 1624 3310 1695 legem;
3345 1624 3608 1694 procede,

2025 1712 2211 1778 vince,
2242 1714 2285 1767 si
2317 1724 2486 1784 potes.
2531 1716 2665 1782 Quid
2694 1717 2834 1771 enim
2880 1724 2963 1772 est
3000 1716 3142 1787 quod
3188 1733 3255 1772 ex
3291 1717 3612 1786 aliquantula

2019 1803 2128 1873 jam
2170 1806 2336 1875 gratia
2368 1808 2459 1861 Dei
2489 1810 2871 1865 eondclectaris
2899 1812 2998 1881 legi
3028 1812 3119 1865 Dei
3146 1811 3441 1865 secundum
3473 1811 3613 1866 inte-

2024 1896 2220 1951 riorem
2252 1898 2565 1954 hominem?
2595 1902 2699 1956 Sed
2727 1902 2874 1957 vides
2896 1903 3053 1956 aliam
3084 1904 3251 1973 legem
3279 1902 3332 1956 in
3359 1902 3615 1959 membris

2024 1989 2126 2043 tuis
2157 2001 2538 2061 repugnantem
2570 1993 2669 2062 legi
2702 1995 2895 2048 mentis
2927 2004 3029 2049 tute
3055 2012 3066 2046 :
3097 2010 3201 2048 non
3229 2004 3610 2065 repugnantem

2022 2090 2077 2135 et
2105 2081 2233 2135 nihil
2264 2083 2526 2139 valentem
2546 2128 2559 2149 ,
2592 2086 2683 2140 sed
2714 2087 2980 2157 captivum
3017 2096 3069 2141 te
3096 2087 3380 2142 ducentem
3411 2088 3463 2140 in
3496 2087 3612 2156 lege

2024 2172 2247 2240 peccati.
2274 2172 2414 2229 Ecce
2446 2175 2585 2230 unde
2609 2176 2813 2231 timenti
2843 2177 2935 2231 tibi
2958 2177 3304 2233 absconditur
3328 2176 3611 2232 multitudo

2023 2261 2109 2316 illa
2133 2263 2465 2320 dulcedinis:
2490 2267 2835 2322 absconditur
2873 2268 3114 2336 timenti,
3146 2269 3415 2340 quomodo
3456 2269 3613 2339 perfi-

2021 2354 2158 2408 citur
2187 2358 2461 2426 spcranti?
2490 2356 2668 2413 Clama
2716 2360 2815 2413 sub
2853 2359 3006 2415 hoste
3026 2402 3040 2426 ,
3068 2360 3188 2429 quia
3230 2359 3394 2415 habes
3438 2376 3611 2430 oppu-

2020 2455 2327 2516 gnatorem,
2355 2448 2521 2505 habes
2548 2460 2604 2504 ct
2651 2450 2946 2521 adjutorem
2990 2451 3079 2520 qui
3120 2460 3171 2505 te
3213 2460 3487 2521 exspectat
3516 2467 3614 2521 pu-

2020 2551 2311 2610 gnantem,
2345 2544 2589 2597 sublevat
2614 2544 3094 2610 laborantem;sed
3138 2544 3182 2598 si
3228 2544 3463 2600 inveniat
3489 2559 3612 2613 spe-

2022 2643 2227 2688 rantem
2254 2652 2267 2688 :
2290 2634 2401 2689 odit
2421 2636 2560 2689 enim
2584 2636 3001 2705 superbientem.
3026 2635 3138 2689 Sub
3158 2634 3312 2691 hoste
3337 2651 3463 2706 ergo
3485 2634 3609 2706 quid

2022 2722 2254 2779 clamas?
2278 2724 2433 2780 Miser
2453 2744 2541 2796 ego
2565 2726 2731 2781 homo.
2761 2726 2875 2781 Jam
2894 2727 3084 2782 videtis
3104 2768 3119 2791 ,
3144 2725 3393 2796 quoniam
3415 2726 3614 2782 clama-

2022 2816 2137 2869 stis.
2167 2816 2247 2871 Sit
2292 2818 2390 2871 istc
2421 2819 2623 2872 clamor
2666 2828 2863 2885 vester,
2907 2819 3119 2890 quando
3160 2818 3294 2875 forte
3327 2820 3426 2875 sub
3457 2820 3612 2877 hoste

2021 2907 2305 2973 laboratis,
2333 2910 2527 2975 dicite,
2567 2912 2618 2964 in
2672 2911 2871 2965 intimis
2915 2911 3222 2982 prmcordiis
3263 2910 3455 2977 dicite,
3484 2924 3613 2964 sana

2024 2997 2126 3053 fide
2170 2998 2361 3065 dicite,
2396 3000 2553 3053 Miser
2592 3019 2683 3069 ego
2726 3002 2895 3056 homo.
2943 3002 3102 3057 Miser
3138 3018 3272 3073 ego,
3304 3001 3424 3057 ideo
3451 3000 3614 3055 miser

2023 3090 2145 3159 quia
2166 3106 2285 3161 ego.
2306 3092 2463 3149 Miser
2487 3109 2586 3164 ego
2616 3093 2796 3161 homo,
2816 3092 2869 3149 et
2897 3095 3019 3165 quia
3047 3110 3146 3165 ego
3162 3136 3176 3158 ,
3207 3102 3262 3149 et
3285 3094 3405 3164 quia
3428 3092 3612 3146 homo.

2024 3182 2172 3238 Vane
2211 3186 2352 3238 enim
2395 3185 2762 3239 conturbatur.
2806 3186 3059 3253 Quamvis
3100 3186 3242 3241 enim
3288 3188 3343 3240 in
3386 3186 3617 3256 imagine

2024 3276 2362 3346 perambulet
2392 3278 2551 3332 homo
2574 3277 2743 3346 (Psal.
2771 3294 2998 3344 xxxvnt,
3018 3278 3072 3348 7)
3105 3296 3116 3331 :
3150 3277 3309 3332 Miser
3329 3294 3419 3349 ego
3441 3277 3609 3342 homo,

2023 3369 2135 3438 quis
2159 3386 2234 3423 me
2257 3369 2481 3423 liberabit
2509 3370 2571 3423 de
2597 3386 2806 3440 corpore
2827 3370 3001 3424 mortis
3027 3370 3215 3436 huius?
3236 3368 3500 3439 Numquid
3527 3366 3618 3424 tu?

2026 3458 2124 3514 Ubi
2174 3469 2296 3514 sunt
2341 3461 2482 3515 vires
2530 3470 2630 3514 tua:
2650 3501 2665 3527 ,
2698 3461 2787 3516 ubi
2816 3471 2897 3515 est
2926 3459 3271 3530 prmsumptio
3301 3460 3427 3514 tua?
3458 3458 3618 3515 Certe

2027 3553 2203 3623 aliqua
2234 3563 2377 3608 taces
2395 3553 2468 3625 (a)
2503 3572 2514 3606 :
2548 3563 2711 3619 taces,
2741 3552 2835 3607 sed
2867 3563 3008 3607 taces
3032 3568 3062 3605 a
3095 3562 3146 3607 te
3172 3551 3496 3618 extollendo,
3512 3566 3617 3606 non

2026 3658 2055 3697 a
2079 3643 2188 3698 Deo
2208 3643 2521 3698 invocando.
2544 3644 2681 3698 Tace
2709 3652 2764 3698 et
2785 3643 2975 3698 clama.
2999 3643 3131 3711 Quia
3162 3651 3217 3698 et
3237 3643 3351 3713 ipse
3374 3641 3516 3697 Deus
3541 3651 3619 3696 ta-

2026 3744 2112 3789 cet
2140 3743 2192 3789 et
2220 3734 2450 3799 clamat;
2476 3742 2615 3789 tacet
2642 3750 2668 3786 a
2688 3733 2890 3804 judicio
2909 3776 2925 3801 ,
2955 3749 3059 3789 non
3092 3741 3232 3788 tacet
3256 3747 3285 3786 a
3309 3742 3614 3802 prwcepto:

2028 3828 2105 3881 sic
2131 3836 2185 3882 ct
2212 3836 2265 3880 tu
2294 3837 2408 3881 tace
2437 3827 2504 3881 ab
2532 3826 2759 3881 elatione
2780 3867 2795 3891 ,
2820 3826 2929 3880 noli
2951 3826 3018 3881 ab
3042 3824 3411 3889 invocatione;
3442 3838 3509 3878 ne
3535 3823 3620 3877 di-

2028 3927 2115 3974 cat
2156 3918 2249 3972 tibi
2299 3918 2470 3983 Deus,
2500 3916 2692 3984 Tacui,
2726 3917 2970 3987 numquid
3014 3933 3212 3987 semper
3254 3914 3424 3970 tacebo
3465 3913 3617 3987 (Isai.

2029 4025 2138 4064 xut
2159 4052 2174 4079 ,
2209 4010 2336 4081 14)?
2367 4010 2615 4065 Exclama
2660 4025 2786 4080 ergo
2806 4050 2821 4075 ,
2846 4007 3006 4062 Miser
3033 4024 3123 4080 ego
3170 4008 3337 4062 homo.
3377 4008 3623 4077 Agnosco

2032 4112 2083 4155 te
2131 4103 2356 4166 victum,
2401 4102 2544 4156 vires
2585 4110 2702 4155 tuas
2745 4099 3121 4167 confunde,et
3163 4100 3286 4167 dic,
3334 4098 3492 4153 Miser
3528 4114 3620 4169 ego

2031 4194 2203 4261 homo,
2231 4194 2339 4262 quis
2368 4210 2446 4246 me
2479 4191 2703 4246 liberabit
2730 4193 2792 4246 de
2821 4208 3030 4261 corpore
3056 4191 3227 4244 mortis
3267 4190 3460 4261 hujus?
3485 4187 3623 4257 Quid

2030 4284 2307 4340 dixeram?
2329 4283 2440 4340 Lex
2469 4293 2633 4340 terret
2654 4283 2720 4339 de
2750 4298 2808 4339 se
2832 4292 3265 4354 praesumentem.
3291 4281 3430 4338 Ecce
3460 4281 3623 4337 homo

2035 4376 2101 4431 de
2131 4393 2191 4432 se
2222 4376 2577 4447 prazsumebat
2600 4418 2615 4445 ,
2649 4375 2873 4431 tentavit
2902 4391 3138 4447 pugnare
3157 4416 3172 4441 ,
3205 4390 3310 4430 non
3333 4374 3503 4445 potuit
3528 4390 3622 4428 su-

2032 4484 2256 4540 perare;
2290 4469 2460 4524 victus
2503 4476 2613 4533 est,
2660 4475 2955 4538 prostratus
2998 4477 3110 4530 est,
3149 4466 3458 4538 subjugatus
3504 4474 3620 4529 est,

2033 4562 2330 4633 captivatus
2357 4542 2459 4617 est;
2506 4560 2700 4617 Didicit
2724 4564 2791 4617 de
2836 4562 2950 4617 Deo
2983 4575 3341 4633 praesumere,
3370 4568 3422 4615 et
3463 4572 3623 4629 quem

2034 4656 2119 4711 lex
2150 4656 2340 4711 terruit
2363 4654 2429 4710 de
2455 4669 2513 4710 se
2535 4664 2941 4725 praesumentem
2960 4697 2975 4721 ,
3007 4662 3174 4709 restat
3197 4660 3256 4707 ut
3278 4651 3444 4722 gratia
3474 4649 3626 4720 adju-

2032 4760 2120 4806 vet
2149 4751 2202 4805 in
2235 4752 2401 4806 Deum
2423 4759 2746 4820 sperantem.
2776 4749 2887 4804 Hoc
2906 4747 3181 4803 conlidens
3205 4745 3368 4811 dicit,
3401 4742 3526 4809 Quis
3549 4758 3628 4797 me

2034 4842 2259 4897 liberabit
2289 4844 2351 4896 de
2376 4859 2585 4915 corpore
2607 4842 2779 4896 mortis
2804 4842 2956 4911 hujus
2972 4840 2997 4893 ?
3013 4838 3191 4893 Gratia
3214 4836 3314 4892 Dei
3340 4853 3428 4905 per
3445 4835 3625 4890 Jesum

2035 4931 2290 4990 Christum
2340 4934 2615 4989 Dominum
2659 4943 2884 4990 nostrum
2914 4930 3088 5006 (Rom.
3136 4927 3477 5001 vu,22-25).
3504 4927 3625 4985 Jam

2036 5026 2157 5082 vide
2196 5026 2530 5082 dulcedinem
2548 5070 2563 5096 ,
2592 5037 2776 5099 gusta,
2803 5026 2974 5097 sapiat
3005 5023 3098 5079 tibi
3126 5022 3287 5079 :audi
3315 5022 3623 5091 Psalmum,

2036 5122 2247 5177 Gustate
2292 5132 2340 5176 et
2380 5122 2540 5176 videte
2582 5123 2822 5193 quoniam
2864 5119 3029 5175 suavis
3058 5127 3129 5175 est
3174 5116 3419 5172 Dominus
3450 5114 3625 5188 (Psal.

2036 5229 2235 5281 χχχιιι,
2266 5212 2341 5286 9).
2386 5212 2579 5269 Factus
2615 5222 2699 5270 est
2738 5212 2833 5268 tibi
2880 5210 3092 5279 suavis,
3125 5210 3246 5280 quia
3278 5207 3521 5264 liberavit
3552 5217 3625 5263 te.

2040 5308 2269 5362 Amarus
2293 5306 2385 5361 tibi
2428 5304 2572 5361 fuisti
2592 5349 2606 5371 ,
2635 5320 2757 5361 cum
2788 5318 3137 5375 praesumeres
3163 5303 3214 5357 in
3246 5310 3315 5357 te.
3349 5300 3475 5356 Bibe
3502 5298 3624 5356 dul-

2040 5397 2279 5456 cedinem
2299 5439 2315 5465 ,
2346 5398 2528 5470 accipe
2560 5398 2749 5467 pignus
2772 5397 2906 5452 tanti
2937 5396 3111 5451 horrei
3137 5394 3236 5469 (b).

2108 5492 2159 5546 6.
2185 5489 2439 5560 Discipuli
2473 5494 2563 5546 sub
2609 5491 2740 5563 Lege
2777 5493 2999 5546 nondum
3023 5508 3054 5544 a
3082 5489 3437 5561 cupiditatibus
3464 5488 3626 5544 liberi.

2036 5586 2361 5657 Temporalia
2412 5603 2443 5639 a
2491 5586 2599 5640 Deo
2656 5594 2894 5657 petentes,
2937 5585 3065 5641 nihil
3114 5592 3310 5655 petunt.
3370 5580 3627 5653 Discipuli

2095 5746 2170 5868 qui
2201 5752 2360 5826 F‘orte,
2385 5744 2566 5819 clamas
2588 5748 2634 5797 et
2655 5749 2802 5797 taces.

2123 5809 2175 5867 ὁ)
2206 5816 2364 5865 Forte.
2393 5808 2501 5861 olet.

2123 5809 2175 5867 ὁ)
2206 5816 2364 5865 Forte.
2393 5808 2501 5861 olei.
