4098 6310
281 299 388 359 797

280 431 411 474 suos
445 421 629 470 contra
666 409 936 469 Christum
977 419 1198 481 pascere
1242 403 1543 460 voluerunt.
1590 395 1756 454 Plane
1804 391 1862 446 in

281 507 414 580 ipsis
458 501 940 578 deprtedationibus
984 499 1096 556 suis
1135 495 1342 552 titulum
1383 493 1524 549 illius
1552 491 1860 580 posuerunt,

283 578 342 657 ut
385 599 578 672 praeda:
622 597 858 670 ipsorum
897 593 1050 668 quasi
1089 589 1501 648 defenderentur
1528 599 1623 656 per
1653 578 1864 636 titulum

282 691 534 766 potentis.
562 687 698 758 Quid
729 684 856 743 facit
876 684 1118 742 Christus
1149 679 1360 755 quando
1383 679 1518 734 tales
1541 680 1864 766 convertun-

285 765 393 854 tur,
419 785 511 857 qui
541 782 667 838 foris
695 779 763 836 ab
788 779 1023 836 Ecclesia
1049 777 1253 834 titulum
1280 773 1394 843 eius
1419 765 1757 841 Baptismatis
1777 774 1866 857 ac-

285 854 762 952 ceperunt?Ejicit
803 871 1174 944 prmdatorem,
1215 866 1422 921 titulum
1469 877 1577 917 non
1624 854 1861 927 deponit,

285 980 338 1026 et
369 967 603 1040 possidet
630 966 845 1022 domum
880 983 893 1019 :
923 963 1045 1034 quia
1089 961 1290 1018 invenit
1327 957 1396 1014 ibi
1441 954 1649 1012 titulum
1687 961 1861 1005 suum.

284 1059 421 1128 Quid
448 1073 580 1130 opus
600 1067 682 1114 est
707 1069 763 1112 ut
791 1063 959 1110 mutet
984 1069 1177 1108 nomen
1201 1049 1389 1108 suum?
1410 1042 1670 1115 Numquid
1695 1049 1864 1095 atten-

287 1151 421 1208 dunt
466 1149 605 1221 quod
644 1149 718 1203 ait
760 1146 1015 1202 Dominus
1053 1145 1242 1208 Petro,
1300 1141 1460 1194 Pasce
1507 1151 1664 1208 agnos
1706 1148 1864 1200 meos,

287 1261 435 1315 pasce
462 1259 573 1296 oves
599 1241 771 1294 meas?
797 1235 1060 1307 Numquid
1089 1235 1220 1289 dixit
1240 1233 1308 1297 ei,
1331 1231 1495 1286 Pasce
1522 1241 1686 1297 agnos
1709 1234 1826 1278 tuos
1849 1241 1864 1278 :

283 1344 394 1400 aut,
425 1335 589 1389 Pasce
619 1348 745 1387 oves
771 1329 922 1388 tuas?
963 1327 1204 1384 Exclusis
1243 1331 1449 1388 autem,
1481 1318 1607 1390 quid
1638 1316 1770 1372 dixit
1814 1315 1867 1371 in

285 1427 517 1484 Canticis
551 1426 878 1482 canticorum
903 1423 967 1477 ad
999 1417 1328 1475 Ecclesiam?
1365 1415 1611 1484 Loquens
1639 1423 1868 1480 Sponsus

281 1522 350 1576 ad
395 1534 643 1591 sponsam
687 1516 779 1582 ait,
818 1516 932 1569 Nisi
967 1511 1252 1584 cognoveris
1294 1509 1624 1578 temetipsum,
1655 1501 1870 1575 pulchra

282 1614 418 1668 inter
455 1612 705 1677 mulieres,
747 1611 826 1664 emi
867 1618 939 1662 tu.
980 1607 1250 1675 Tanquam
1289 1602 1493 1667 dicens,
1531 1599 1648 1653 Non
1687 1611 1787 1667 ego
1818 1605 1870 1650 te

283 1705 467 1775 ejicio,
521 1703 605 1758 exi
637 1711 732 1765 tu,
765 1701 866 1754 nisi
910 1697 1242 1767 temetipsam
1289 1691 1617 1764 cognoveris,
1651 1686 1870 1758 pulchra

285 1797 430 1851 inter
458 1794 730 1856 mulieres,
763 1791 864 1845 nisi
900 1788 1212 1858 cognoveris
1235 1794 1291 1840 te
1320 1786 1370 1838 in
1391 1782 1608 1853 speculo
1633 1779 1871 1848 Scriptu-

283 1905 361 1943 ra:
394 1888 618 1951 diviute;
649 1885 750 1939 nisi
796 1882 1101 1946 attenderis,
1132 1895 1164 1934 o
1201 1880 1390 1934 mulier
1414 1875 1656 1948 pulchra,
1685 1887 1874 1942 specu-

285 1982 396 2035 lum
422 1980 559 2050 quod
605 1990 656 2032 te
683 1977 817 2031 falso
857 1977 1027 2029 nitore
1067 1987 1168 2028 non
1205 1971 1337 2026 fallit
1375 1988 1390 2026 :
1420 1969 1521 2024 nisi
1553 1965 1870 2038 cognoveris

283 2072 407 2141 quia
439 2069 503 2124 de
541 2077 594 2123 te
635 2067 831 2122 dictum
873 2074 975 2132 est,
1027 2064 1195 2133 Super
1241 2077 1436 2116 omnem
1485 2067 1667 2112 terram
1710 2055 1874 2128 gloria

287 2174 374 2217 tua
405 2161 574 2236 (Psal.
609 2177 715 2223 Lvt,
762 2158 886 2231 19);
919 2159 1040 2229 quia
1068 2158 1133 2211 de
1161 2166 1212 2210 te
1249 2156 1445 2210 dictum
1489 2163 1588 2218 est,
1619 2151 1762 2205 Dabo
1786 2149 1872 2204 tibi

286 2264 455 2325 gentes
481 2254 820 2307 Iiwreditatem
864 2260 1016 2314 tuam,
1051 2258 1095 2302 et
1137 2247 1493 2318 possessionem
1520 2255 1655 2298 tuam
1699 2243 1872 2296 termi-

289 2361 381 2399 nos
410 2353 556 2398 terrm
583 2342 748 2415 (Psal.
777 2357 836 2408 ιι,
868 2341 945 2410 8);
983 2349 1037 2396 ει
1071 2339 1172 2394 alia
1202 2337 1598 2393 innumerabilia
1634 2333 1874 2388 testimo-

289 2438 399 2504 nia,
444 2452 562 2506 qua:
605 2434 918 2489 catholicam
972 2431 1261 2486 Ecclesium
1314 2426 1704 2483 commendant.
1762 2423 1874 2478 Nisi

285 2541 418 2597 ergo
438 2525 769 2595 cognoveris,
805 2532 1007 2592 partem
1037 2535 1144 2574 non
1167 2519 1354 2583 habes,
1386 2510 1650 2571 hmredem
1687 2524 1738 2569 te
1769 2530 1874 2568 non

287 2629 444 2690 potes
467 2618 664 2672 facere.
695 2613 851 2686 Ergo,
882 2615 961 2668 exi
1003 2622 1056 2666 tu
1087 2614 1139 2665 in
1168 2611 1384 2682 vestigiis
1421 2625 1644 2679 gregum,
1685 2622 1790 2660 non
1822 2605 1877 2660 in

286 2712 550 2767 societate
573 2709 746 2779 gregis
772 2726 783 2760 :
816 2714 863 2761 et
894 2720 1041 2775 pasce
1075 2704 1243 2757 hwdos
1269 2713 1380 2755 tuos
1413 2699 1578 2769 (Cant.
1602 2715 1640 2765 ι,
1669 2697 1745 2769 7),
1770 2712 1875 2752 non

289 2802 563 2875 quomodo
592 2802 750 2855 Petro
779 2799 976 2853 dictum
1011 2803 1110 2862 est,
1140 2811 1251 2849 oves
1280 2809 1434 2847 meas.
1473 2791 1632 2846 Petro
1661 2790 1873 2856 dicitur,

293 2912 408 2950 ores
430 2910 566 2949 meas
584 2909 602 2958 ;
632 2891 982 2947 schismaticis
1012 2889 1226 2954 dicitur,
1262 2887 1431 2940 hwdos
1461 2894 1589 2938 tuos.
1621 2883 1716 2937 Hic
1741 2897 1874 2948 oves,

291 2989 367 3042 ibi
399 2988 571 3041 ha’dos
596 3001 615 3039 :
643 2985 730 3038 hic
765 3001 920 3049 meas,
965 2979 1036 3036 ibi
1080 2989 1206 3034 tuos.
1241 2979 1477 3033 Recolite
1515 2976 1789 3030 dexteram
1826 2980 1880 3028 et

293 3081 564 3134 Sinistram
604 3076 792 3147 judicis
833 3075 1002 3129 nostri
1037 3092 1048 3125 :
1079 3072 1295 3127 recolite
1333 3072 1420 3124 ubi
1463 3069 1678 3121 stabunt
1717 3063 1876 3129 hmdi,

296 3178 352 3225 et
375 3170 464 3224 ubi
491 3184 617 3224 oves
646 3167 855 3241 (Matth.
887 3181 1014 3229 xxv,
1045 3163 1134 3234 33)
1174 3181 1188 3218 :
1219 3171 1273 3218 et
1305 3161 1577 3230 apparebit
1604 3157 1752 3211 vobis
1791 3155 1880 3210 ubi

291 3260 536 3324 dextera,
571 3259 657 3314 ubi
695 3258 932 3322 sinistra,
963 3254 1180 3310 candida
1219 3260 1273 3307 et
1318 3253 1485 3324 nigra,
1529 3249 1791 3304 luminOsa
1829 3253 1883 3299 et

296 3351 598 3417 tenebrosa,
629 3349 851 3420 pulchra
891 3356 943 3400 et
967 3345 1242 3410 deformis,
1271 3352 1553 3414 acceptura
1579 3354 1799 3412 regnum
1827 3353 1883 3409 ει

295 3442 579 3498 inventura
599 3439 913 3512 supplicium
934 3438 1338 3508 sempiternum.

759 3595 988 3652 SERMO
1024 3593 1253 3650 CXLVII
1282 3597 1300 3619 ί
1329 3592 1425 3666 (α).

301 3733 388 3793 De
427 3736 611 3792 eisdem
649 3733 808 3790 verbis
851 3731 1114 3804 Evangelii
1155 3731 1390 3795 Joannis,
1432 3729 1616 3786 Simon
1643 3726 1884 3794 Joannis,

413 3828 589 3900 diligis
619 3843 704 3883 me
730 3828 848 3897 plus
874 3824 956 3883 his
984 3824 1036 3878 ‘?
1060 3833 1177 3878 etc..
1209 3821 1334 3894 Cap.
1367 3838 1478 3890 xxx,
1525 3823 1559 3894 ᾗ
1601 3819 1778 3877 45-19.

363 3960 606 4017 CAPUT
641 3958 925 4014 PRM-Uti.
953 3988 1027 4000 —
1049 3960 1102 4013 1.
1135 3957 1274 4012 Petri
1304 3955 1628 4028 praesumptio
1660 3964 1706 4009 et
1737 3969 1891 4023 nega-

305 4055 399 4110 es.
447 4052 761 4122 Apostoium
800 4049 1014 4106 Petrum
1063 4050 1290 4120 primum
1331 4048 1564 4102 omnium
1607 4045 1889 4115 Apostolo-

303 4161 430 4202 rum
459 4144 780 4200 meministis
805 4144 856 4197 in
891 4141 1102 4197 Domini
1129 4140 1374 4211 passione
1408 4137 1573 4192 fuisse
1599 4138 1886 4192 turbatum.

309 4239 357 4293 A
385 4253 443 4292 se
467 4237 731 4290 turbatum
750 4275 766 4304 ,
794 4234 934 4290 scda
960 4233 1171 4289 Christo
1200 4233 1506 4287 innovatum
1531 4231 1574 4286 '.
1599 4229 1720 4285 Fuit
1749 4230 1890 4284 enim

307 4329 463 4400 prius
480 4328 650 4383 audax
679 4336 1052 4397 presumptor,
1077 4334 1131 4383 et
1153 4334 1334 4396 postea
1363 4325 1532 4380 factus
1561 4333 1642 4380 est
1675 4323 1893 4379 timidus

310 4429 559 4491 negator.
591 4421 920 4475 Promiserat
945 4435 1006 4476 se
1029 4433 1126 4490 pro
1159 4419 1380 4474 Domino
1407 4420 1744 4483 moriturum,
1773 4432 1892 4471 cum

313 4513 464 4584 prius
488 4527 582 4582 pro
609 4513 702 4567 illo
729 4521 872 4568 esset
899 4512 1152 4567 Dominus
1176 4511 1483 4566 moriturus.
1509 4508 1731 4578 Quando
1769 4522 1895 4578 ergo

309 4605 564 4671 dicebat,
596 4603 780 4660 Tecum
820 4621 906 4660 ero
951 4621 1105 4675 usque
1143 4603 1211 4657 ad
1254 4610 1502 4665 mortem;
1543 4610 1616 4667 et,
1661 4600 1896 4654 Animam

315 4713 481 4753 om
517 4714 610 4768 pro
650 4707 698 4751 te
731 4712 917 4768 ponam
940 4695 1248 4764 :-re9p0ndit
1275 4695 1323 4749 ei
1363 4693 1634 4759 Dominus,
1663 4693 1896 4745 Animam

315 4802 457 4846 utrm
484 4807 574 4860 pro
609 4805 691 4844 me
715 4791 906 4861 pones?
933 4789 1088 4842 Amen
1125 4788 1238 4841 dico
1270 4786 1376 4851 tibi,
1412 4786 1702 4854 priusquam
1731 4783 1896 4855 gallus

313 4893 504 4948 castret,
534 4893 608 4937 ter
627 4899 706 4937 me
731 4883 932 4954 negabis
957 4882 1108 4953 (Luc.
1135 4895 1230 4946 xx,
1250 4880 1339 4946 33,
1362 4880 1450 4946 54,
1471 4878 1654 4944 55-61,
1677 4887 1724 4931 et
1739 4877 1891 4931 Joan.

319 4991 435 5040 nn,
477 4976 571 5040 37,
621 4976 708 5040 58,
747 4986 886 5041 xv",
915 4973 1133 5044 25.27).
1179 4971 1406 5026 Ventum
1447 4978 1530 5024 est
1570 4969 1635 5022 ad
1667 4969 1848 5022 horam
1880 4985 1893 5022 :

319 5077 374 5123 et
409 5068 532 5137 quia
562 5067 703 5120 Deus
741 5076 854 5120 erat
875 5063 1138 5128 Christus,
1172 5062 1331 5116 homo
1359 5071 1536 5116 autem
1562 5061 1769 5124 Petrus,
1800 5059 1897 5112 im-

319 5160 465 5230 pleta
493 5169 572 5214 est
598 5159 887 5229 Scriptura,
932 5155 1042 5226 Ego
1087 5156 1193 5210 dixi
1235 5156 1288 5208 in
1325 5168 1508 5225 pavore
1547 5169 1678 5218 meo,
1723 5151 1899 5206 Omnis

321 5252 472 5307 homo
491 5251 715 5308 mendax
741 5250 1062 5324 (Psal.cxv,
1096 5245 1204 5320 ii).
1227 5247 1364 5304 Dicit
1385 5256 1564 5304 autem
1589 5248 1896 5316 Apostolus,

386 5411 406 5442 ι
421 5416 474 5459 ιιι
489 5407 648 5459 altero
667 5419 701 5458 ε
711 5405 850 5457 «Getis.
866 5413 972 5456 uss.
990 5405 1074 5454 hic
1087 5416 1252 5454 sermo
1273 5408 1482 5462 notatur,
1497 5400 1684 5453 habitus
1705 5399 1902 5453 sabbato

319 5470 524 5530 multa
547 5483 566 5520 :
583 5471 633 5519 id
650 5476 743 5531 est,
765 5469 837 5519 uti
865 5469 1019 5519 met
1038 5467 1192 5531 codex
1207 5467 1344 5525 vict.;
1367 5463 1555 5531 sabbato
1575 5463 1896 5531 post_Paselta.

382 5525 407 5567 ’³
424 5533 592 5583 Plures
599 5539 708 5583 luas.
725 5524 896 5583 carent
911 5531 992 5581 his
1015 5529 1195 5590 verbis,
1221 5541 1255 5576 Α
1269 5541 1319 5579 se
1333 5524 1596 5588 turbatum,
1611 5526 1694 5578 sed
1715 5540 1746 5578 a
1765 5524 1903 5578 Chri-

317 5603 395 5650 α
409 5600 698 5648 mall.

386 5680 408 5702 ‘
442 5677 729 5730 Enendatus
760 5676 820 5727 ad
854 5675 976 5726 duos
1006 5673 1069 5727 cl.
1101 5672 1162 5728 ad
1181 5679 1285 5727 tres
1301 5673 1380 5727 ob.
1398 5671 1461 5726 ad
1481 5685 1551 5726 cs.
1567 5671 1617 5724 d.
1639 5685 1692 5725 ιι.
1717 5679 1756 5727 ι.
1777 5686 1826 5726 v.

389 5743 462 5809 (α)
483 5742 624 5807 Alias,
647 5741 710 5794 de
727 5739 907 5793 sanata
923 5737 1033 5803 24.,-

471 5858 560 5868 ..ανο-

1653 269 1882 334 SERMO
1917 267 2171 329 CXLVII.

3433 269 3541 332 798

1967 408 2228 480 Quoniam
2249 410 2389 478 Deus
2403 429 2576 484 ma,
2589 414 2769 474 omnis
2783 422 2953 471 atem
2971 415 3122 472 homo
3132 414 3353 474 mendas:
3367 414 3546 488 (Rom.

1970 516 2050 569 ut,
2080 501 2165 573 4).
2198 503 2373 560 Verax
2395 505 2655 572 Christus,
2686 508 2912 564 mendax
2941 508 3152 565 Petrus.

2039 591 2263 650 CAPUT
2300 594 2363 656 ll.
2383 623 2452 638 -—
2475 597 2530 654 2.
2554 597 2696 654 Petri
2718 615 2861 656 arnor
2881 599 2936 656 in
2957 600 3210 660 Christum
3225 614 3392 658 verus.
3415 599 3548 658 Uni-

1970 694 2048 742 tas
2088 689 2314 746 euntium
2354 699 2613 761 pastorum
2650 693 2704 746 in
2743 690 2898 748 Petro
3193 693 3352 752 Modo
3379 694 3548 766 quid?

1969 780 2265 852 Interrogat
2292 797 2418 844 eum
2439 783 2698 844 Dominus
2727 785 2767 852 ¹,
2791 785 2931 842 sicut
2959 786 3182 847 audistis
3213 802 3338 844 eum
3365 787 3546 845 Evan-

1969 874 2161 944 gelium
2184 874 2468 944 legeretur,
2492 884 2546 930 et
2567 875 2693 931 dicit
2715 876 2764 930 ei
2790 894 2802 930 :
2829 876 3006 931 Simon
3025 875 3260 944 Joannis,
3272 878 3452 949 diligis
3467 893 3550 934 me

1970 969 2086 1040 plus
2115 969 2228 1023 his?
2251 967 2542 1038 Respondit
2571 968 2688 1035 ille,
2711 977 2764 1028 et
2789 969 2920 1030 dixit
2945 988 2958 1024 ε
2989 969 3156 1026 Etiam
3175 1013 3188 1036 ,
3219 969 3461 1037 Domine,
3492 978 3548 1024 tu

1971 1062 2068 1116 seis
2096 1061 2214 1131 quia
2241 1077 2356 1115 amo
2382 1068 2449 1116 te.
2471 1060 2540 1115 Et
2564 1060 2754 1115 iterum
2776 1061 3028 1116 Dominus
3054 1062 3154 1117 hoc
3181 1061 3545 1132 interrogavit,

1967 1159 2025 1209 et
2041 1153 2202 1208 tertio
2229 1152 2328 1208 hoc
2347 1153 2712 1222 interrogavit.
2735 1153 2802 1206 Et
2823 1153 3166 1222 respondenti
3186 1153 3546 1222 dilectionem,

1971 1244 2364 1300 commendavit
2385 1259 2620 1316 gregem.
2641 1245 2744 1300 Per
2762 1245 2965 1314 singula
2991 1244 3132 1300 enim
3149 1244 3360 1300 dicebat
3377 1242 3550 1299 Domi-

1973 1350 2073 1389 nus
2101 1336 2256 1391 Jesus
2291 1336 2450 1391 Petro
2479 1336 2694 1403 dicenti,
2732 1335 2858 1389 Amo
2885 1346 2932 1389 te
2958 1351 2976 1389 :
3004 1335 3165 1390 Pasce
3198 1350 3357 1408 agnos
3389 1349 3549 1402 meos,

1974 1446 2122 1500 pasce
2159 1430 2380 1483 oviculas
2422 1446 2578 1484 meas.
2613 1427 2669 1482 in
2713 1444 2818 1483 uno
2847 1428 3004 1483 Petro
3033 1427 3353 1498 ﬁguraber
3375 1427 3553 1484 unitas

1975 1521 2212 1575 omnium
2250 1530 2551 1602 pastorum,
2598 1519 2692 1575 sed
2739 1520 3019 1582 bonorum,
3067 1519 3158 1592 qui
3207 1517 3377 1573 sciant
3425 1532 3553 1575 oves

1975 1611 2175 1667 Christi
2207 1629 2424 1682 pascere
2445 1611 2676 1675 Christo,
2703 1628 2809 1666 non
2840 1607 2960 1667 sibi.
2981 1605 3248 1684 Numquid
3276 1609 3435 1666 modo
3455 1607 3554 1666 Pe-

1976 1712 2089 1757 trus
2120 1703 2342 1757 mendax
2383 1712 2516 1769 erat,
2558 1710 2649 1757 aut
2676 1718 2853 1758 amare
2882 1718 2941 1757 se
2967 1702 3247 1758 Dominum
3277 1699 3554 1756 mendaci-

1978 1802 2058 1849 ter
2105 1794 2495 1865 rcspoudebat?
2540 1794 2813 1850 Veraciter
2858 1795 2963 1850 hoc
3010 1793 3366 1864 respondebat
3402 1812 3416 1852 :
3449 1791 3555 1850 hoc

1976 1885 2119 1940 enim
2147 1885 2520 1956 respondebat,
2544 1886 2683 1958 quod
2707 1887 2758 1941 in
2785 1887 2944 1942 corde
2965 1903 3064 1942 suo
3089 1887 3316 1943 videbat.
3332 1886 3555 1956 Quando

1976 1988 2150 2032 autem
2179 1977 2403 2041 dixerat,
2432 1977 2666 2031 Animam
2695 1995 2854 2031 meum
2881 1995 2974 2048 pro
3006 1989 3052 2032 te
3073 1995 3282 2050 ponam,
3314 1977 3380 2033 de
3409 1975 3556 2032 futu-

1977 2068 2052 2123 ris
2100 2068 2262 2123 voluit
2308 2084 2631 2139 prmsumere
2673 2069 2889 2124 viribus.
2937 2066 3123 2125 Omnis
3169 2079 3346 2125 autem
3395 2068 3556 2125 homo

1978 2160 2150 2231 qualis
2177 2161 2246 2216 sit
2277 2171 2400 2216 tunc
2425 2178 2543 2216 cum
2571 2162 2820 2232 loquitur,
2850 2162 2984 2216 forte
3009 2163 3137 2226 scit;
3168 2161 3338 2232 qualis
3365 2160 3554 2218 crasti-

1979 2267 2049 2306 no
2074 2251 2282 2308 futurus
2313 2253 2399 2318 sit,
2431 2253 2548 2326 quis
2578 2253 2710 2308 scit?
2737 2251 3036 2308 Revocabat
3065 2267 3190 2322 ergo
3220 2253 3404 2314 oculos
3429 2265 3556 2308 suos

1978 2344 2044 2399 ad
2069 2360 2162 2400 cor
2201 2362 2352 2399 suum
2390 2346 2602 2413 Petrus,
2629 2345 2838 2416 quando
2869 2347 3290 2415 interrogabatur
3314 2362 3344 2401 a
3375 2347 3555 2402 Domi-

1981 2449 2068 2498 no,
2095 2443 2148 2489 ct
2171 2435 2336 2489 litlens
2353 2435 2704 2505 respondebat
2725 2436 2864 2505 quod
2889 2436 2957 2490 ibi
2975 2436 3420 2505 videbat:Etiam,
3450 2438 3556 2493 Do-

1980 2525 2134 2590 mine,
2154 2535 2206 2577 tu
2227 2527 2323 2580 scis
2339 2526 2457 2597 quia
2483 2541 2596 2581 amo
2619 2536 2680 2580 te.
2705 2524 2855 2601 Quod
2886 2526 2976 2580 tibi
3008 2526 3145 2594 dico,
3176 2538 3229 2582 tu
3253 2529 3358 2585 scis
3382 2547 3395 2582 :
3415 2529 3557 2601 quod

1981 2617 2068 2672 hic
2099 2617 2252 2673 video
2284 2618 2334 2671 in
2381 2619 2540 2673 corde
2583 2635 2724 2688 meo,
2765 2619 2913 2674 vides
2955 2629 3008 2675 et
3035 2631 3106 2675 tu.
3135 2621 3249 2676 Non
3276 2637 3436 2677 ausus
3475 2630 3558 2678 est

1981 2719 2155 2766 tamen
2173 2711 2351 2766 dicere
2373 2712 2509 2783 quod
2542 2714 2792 2770 Dominus
2817 2714 3252 2786 interrogaverat.
3275 2715 3388 2770 Non
3412 2716 3555 2770 enim

1981 2803 2294 2874 simpliciter
2313 2803 2567 2858 Dominus
2589 2805 2814 2870 dixerat,
2834 2805 3015 2878 Diligis
3031 2809 3134 2861 me?
3151 2808 3242 2862 sed
3259 2807 3554 2875 addiderat,

1984 2894 2112 2949 Plus
2137 2897 2214 2950 his
2239 2897 2408 2968 diligis
2439 2897 2551 2950 me?
2577 2896 2625 2951 id
2654 2908 2754 2964 est,
2788 2897 2911 2952 Plus
2942 2915 3026 2954 me
3053 2898 3224 2969 diligis
3249 2914 3408 2969 quam
3438 2899 3558 2954 isti?

1984 2986 2061 3042 De
2090 2989 2208 3041 aliis
2233 2987 2507 3057 discipulis
2523 2987 2733 3042 dicebat
2758 3008 2769 3042 :
2798 2989 2885 3043 ille
2913 3007 3016 3044 non
3042 2992 3211 3062 potuit
3231 2991 3408 3046 dicere
3433 2991 3557 3059 nisi,

1983 3079 2110 3134 Amo
2136 3091 2181 3134 te
2209 3098 2227 3134 :
2249 3096 2351 3135 non
2382 3097 2542 3136 ausus
2569 3093 2650 3136 est
2671 3082 2867 3150 dicere,
2889 3083 3015 3138 Plus
3045 3083 3146 3139 his.
3169 3084 3345 3140 Noluit
3371 3085 3560 3139 iterum

1985 3189 2103 3227 esse
2153 3173 2397 3227 mendax.
2455 3173 2749 3229 Suffecerat
2791 3176 2838 3229 ei
2883 3175 3239 3234 testimonium
3274 3177 3563 3247 perhibere

1986 3266 2131 3322 cordi
2165 3282 2260 3320 suo
2286 3285 2298 3320 :
2327 3283 2430 3320 non
2461 3267 2641 3321 debuit
2671 3282 2788 3322 eSSc
2816 3267 2972 3338 iudex
3003 3268 3177 3324 cordis
3206 3268 3384 3326 alieni.

2056 3356 2282 3412 CAPUT
2323 3357 2407 3412 lli.
2439 3388 2509 3397 —
2544 3358 2594 3411 5.
2634 3356 2817 3412 Petrus
2844 3358 3065 3413 desertus
3089 3375 3118 3411 a
3140 3355 3360 3424 Christo,
3382 3365 3565 3430 etpost

1986 3450 2269 3504 roboratus.
2301 3449 2472 3504 Verax
2496 3463 2622 3522 ergo
2644 3451 2852 3518 Petrus,
2877 3467 2941 3508 an
2965 3467 3122 3507 verax
3150 3452 3206 3508 in
3227 3451 3386 3510 Petro
3407 3451 3566 3510 Chri-

1987 3543 2138 3597 stus?
2162 3542 2383 3610 Quando
2421 3553 2594 3598 autem
2632 3542 2795 3598 voluit
2822 3543 3075 3598 Dominus
3113 3543 3266 3608 Jesus
3299 3541 3563 3612 Christus,

1989 3633 2224 3686 deseruit
2254 3633 2490 3698 Petrum,
2516 3641 2567 3688 et
2598 3633 2845 3688 inventus
2874 3642 2952 3688 est
2980 3633 3139 3687 homo
3159 3633 3380 3689 Petrus:
3401 3649 3568 3703 quan-

1989 3722 2060 3777 do
2089 3731 2263 3776 autem
2299 3723 2492 3794 placuit
2523 3723 2746 3784 Domino
2773 3724 2898 3782 Jesu
2927 3725 3160 3791 Christo,
3193 3725 3434 3800 implevit
3460 3725 3567 3783 Pe-

1991 3823 2152 3884 trum,
2185 3824 2238 3871 et
2266 3816 2514 3872 iuventus
2544 3827 2625 3870 est
2650 3817 2836 3872 Petrus
2863 3833 3040 3875 vorax.
3074 3819 3324 3880 Veracem
3351 3819 3568 3880 Petrum

1993 3917 2139 3977 petra
2168 3906 2367 3962 fecerat
2398 3925 2411 3962 :
2441 3907 2597 3963 Petra
2623 3909 2764 3963 enim
2794 3919 2908 3968 erat
2928 3908 3170 3968 Christus
3195 3908 3245 3983 (Ι
3269 3905 3387 3965 Cor.
3410 3926 3466 3977 x,
3485 3910 3566 3978 4).

1994 4001 2063 4056 Et
2091 4001 2216 4072 quid
2255 4002 2305 4056 ei
2346 4001 2628 4067 nuntiavit,
2659 4001 2870 4072 quando
2901 4004 3056 4058 tertio
3092 4001 3366 4071 respondit
3391 4015 3572 4058 amare

1995 4107 2056 4147 se
2096 4091 2383 4155 Christum,
2415 4101 2468 4148 et
2506 4092 2662 4146 tertio
2690 4093 2944 4148 Dominus
2977 4091 3134 4148 Petro
3169 4107 3300 4154 suas
3335 4091 3573 4148 oviculas

1997 4182 2421 4238 commendavit?
2449 4184 2826 4238 Prteunntiavit
2854 4185 2900 4240 ei
2930 4186 3230 4255 passionem
3259 4182 3573 4242 suam.Cum

1999 4291 2144 4342 esses,
2189 4274 2376 4348 inquit,
2412 4275 2608 4346 junior,
2649 4275 2880 4348 cingebas
2904 4284 2970 4340 te,
3002 4286 3045 4329 et
3073 4275 3180 4338 ibas
3207 4292 3306 4348 quo
3330 4275 3528 4334 uolebas
3553 4291 3573 4333 :

2001 4383 2115 4421 cum
2162 4377 2328 4420 autent
2377 4368 2619 4433 seuueris,
2656 4368 2888 4426 extendes
2913 4384 3091 4421 manus
3133 4376 3264 4435 tuas,
3297 4376 3348 4428 et
3377 4367 3505 4424 alter
3529 4376 3576 4422 te

2000 4460 2178 4529 cinget,
2209 4468 2254 4513 et
2275 4461 2404 4530 feret
2433 4476 2531 4530 quo
2557 4469 2610 4513 tu
2637 4476 2737 4512 non
2759 4461 2849 4514 vis.
2876 4460 3204 4531 Evangelista
3234 4461 3388 4518 nobis
3413 4475 3577 4530 expo-

2001 4550 2106 4603 suit
2134 4550 2259 4618 quid
2299 4550 2493 4604 dixerit
2521 4550 2782 4606 Christus.
2808 4550 2921 4605 Hoc
2948 4563 3113 4606 autem
3138 4553 3352 4617 dicebat,
3384 4551 3573 4622 inquit,

2001 4639 2292 4711 signiﬁcans
2311 4659 2412 4714 qua
2438 4653 2592 4696 morte
2617 4645 2985 4710 clari/Scutariis
3014 4653 3137 4698 esset
3161 4643 3322 4698 Deum
3347 4659 3367 4697 :
3391 4642 3441 4698 id
3470 4651 3573 4710 est,

2001 4733 2121 4803 quia
2147 4734 2459 4803 protLhristo
2490 4734 2659 4790 fuerat
2685 4738 2704 4767 ³
2734 4736 3149 4808 cruciﬁgcndus;
3182 4737 3281 4790 hoc
3306 4745 3384 4790 est
3410 4736 3572 4799 enim,

2004 4823 2254 4878 E‘xtendes
2294 4841 2470 4878 manus
2517 4835 2646 4885 tuas.
2689 4825 2788 4880 Uhi
2835 4836 2917 4881 est
2964 4825 3053 4880 ille
3098 4825 3351 4894 negator?
3377 4825 3579 4880 Deinde

2003 4924 2123 4984 post
2163 4916 2276 4970 haec
2316 4917 2390 4970 ait
2430 4917 2682 4970 Dominus
2716 4916 2959 4970 Christus
2989 4933 3001 4970 :
3037 4914 3254 4983 Sequere
3278 4931 3356 4968 me
3381 4913 3575 4984 (Joan.

2005 5021 2126 5074 xxi,
2161 5007 2321 5062 {5-19
2348 5005 2388 5078 ).
2417 5001 2532 5063 Non
2560 5002 2638 5064 sic
2664 5009 2928 5078 quomodo
2955 5009 3114 5077 prius,
3139 5007 3349 5078 quando
3370 5007 3582 5062 vocavit

2004 5098 2312 5169 discipulos.
2339 5098 2470 5155 Nam
2511 5110 2566 5155 et
2602 5110 2727 5155 tunc
2761 5100 2912 5166 dixit,
2942 5099 3161 5168 Sequere
3184 5115 3263 5153 me
3291 5115 3308 5152 :
3332 5099 3426 5154 sed
3456 5108 3581 5158 tunc

2006 5191 2070 5246 ad
2099 5192 2414 5258 doctrinam,
2436 5191 2594 5246 modo
2613 5190 2678 5246 ad
2706 5207 2978 5258 coronam,
3001 5189 3264 5259 Numquid
3285 5205 3390 5246 non
3413 5205 3581 5260 quan‘

2007 5282 2075 5337 do
2103 5282 2311 5353 negavit
2335 5282 2627 5349 Christum,
2656 5283 2823 5346 occidi
2871 5283 3073 5340 timuit?
3097 5281 3208 5338 Hoc
3239 5283 3411 5340 timuit
3447 5283 3578 5354 pati,

2007 5375 2144 5446 quod
2175 5392 2359 5445 passus
2384 5387 2466 5432 est
2485 5375 2746 5432 Christus.
2769 5376 2875 5432 Sed
2899 5377 3007 5448 jam
3035 5378 3220 5433 timere
3244 5394 3348 5438 non
3375 5377 3578 5436 debuit.

2005 5468 2232 5528 Videbat
2257 5472 2399 5526 enim
2431 5473 2481 5526 in
2509 5486 2670 5526 carne
2697 5470 2959 5528 viventem
2977 5513 2990 5538 ,
3019 5487 3175 5541 quem
3203 5471 3404 5528 viderat
3430 5472 3486 5527 in
3511 5471 3580 5529 li-

2009 5613 2163 5724 minum
2179 5617 2252 5658 Er.
2282 5609 2428 5720 mitiga.
2456 5618 2573 5658 ven.
2598 5616 2728 5670 Lov.,
2770 5607 2912 5661 Modo
2947 5607 3140 5675 qtddem
3168 5611 3431 5676 auerrogat
3469 5619 3581 5661 eum

2117 5685 2253 5724 unus.
2363 5707 2375 5719 .

2117 5685 2253 5724 unus.
2318 5685 2375 5720 ﬂ.

2073 5738 2093 5767 ²
2128 5735 2200 5784 sic
2221 5733 2445 5798 plerique
2469 5732 2614 5798 editi;
2639 5734 2690 5784 in
2712 5739 2782 5798 3.,
2805 5740 2928 5788 erat.
2991 5742 3051 5786 It.
