3978 6436
594 329 698 392 ⁸)99

593 462 700 518 gno
730 445 1067 517 pendentem.
1100 447 1442 519 Resurgendo
1466 446 1708 504 Christus
1731 446 1949 504 abstulit
1974 449 2162 505 mortis

593 538 837 594 timorem
876 555 889 592 :
929 547 983 594 et
1024 540 1273 610 quoniam
1324 539 1616 595 abstulerat
1665 541 1851 594 mortis
1896 541 2162 604 timorem,

592 628 783 682 merito
822 629 1180 700 interrogabat
1209 630 1349 685 Petri
1378 645 1634 686 amorem.
1658 629 1762 686 Ter
1786 641 2068 701 negaverat
2095 632 2164 685 ti-

592 736 730 789 mor,
761 731 840 778 ter
863 721 1137 778 confessus
1165 731 1248 778 est
1273 738 1441 778 amor.
1463 722 1693 778 Trinitas
1729 724 2040 794 negationis,
2069 722 2163 778 de-

590 812 756 867 sertio
782 813 1023 869 veritatis
1063 831 1077 868 :
1120 813 1328 870 trinitas
1377 813 1762 884 confessionis,
1805 813 2162 870 testimonium

588 901 909 960 dilectionis.

1047 1035 1272 1093 SERMO
1309 1037 1562 1094 cxmn
1588 1041 1607 1062 α
1632 1035 1727 1112 (α).

589 1145 670 1202 De
709 1148 867 1202 verbis
908 1149 1122 1204 Actuum
1161 1150 1536 1221 Apostolorum,
1565 1169 1681 1222 cap.
1708 1168 1764 1221 ν,
1802 1153 1837 1222 ᾗ
1861 1190 1874 1204 .
1897 1152 1952 1220 4,
1976 1151 2162 1209 Nonne

659 1255 880 1296 manens
912 1241 1002 1296 tibi
1033 1243 1296 1311 manebat,
1326 1254 1419 1298 etc.
1440 1287 1455 1311 ,
1486 1246 1567 1298 die
1596 1245 1845 1299 dominico
1875 1256 2160 1300 octavarum

659 1332 878 1390 Pascha
904 1335 1069 1390 dictus
1093 1337 1160 1390 ad
1182 1348 1381 1392 sanctos
1402 1337 1657 1409 Martyres
1684 1338 1876 1409 viginti.

658 1488 881 1547 CAPUT
917 1491 1199 1547 PRIMUM.
1238 1523 1308 1533 —
1345 1493 1397 1547 l.
1439 1493 1650 1547 Ananiae
1688 1503 1734 1547 et
1760 1493 2032 1564 Sappltirte
2059 1511 2159 1550 non

585 1583 802 1637 severior
829 1585 1098 1654 correptio,
1119 1600 1252 1638 mors
1281 1585 1590 1653 temporalis.
1613 1583 1742 1637 Cum
1770 1585 1923 1640 lectio
1953 1587 2156 1655 legere-

587 1679 672 1727 tur
698 1674 766 1728 de
795 1674 928 1728 libro
958 1675 1046 1744 qui
1077 1675 1380 1731 inscribitur
1409 1676 1572 1730 Actus
1606 1678 2000 1748 Apostolorum,
2041 1680 2156 1732 ani-

586 1763 943 1819 madvertistis
969 1764 1095 1834 quid
1123 1767 1401 1835 contigerit
1438 1767 1532 1832 eis,
1561 1767 1652 1838 qui
1678 1782 1798 1822 cum
1826 1769 1999 1822 villam
2026 1785 2125 1824 ven
2151 1799 2159 1810 -

584 1854 861 1922 didissent,
894 1856 1270 1912 subtraxerunt
1294 1858 1361 1913 de
1391 1858 1560 1928 pretio
1585 1859 1742 1924 villae,
1768 1867 1822 1914 et
1847 1869 1968 1915 ante
1995 1859 2156 1930 pedes

585 1937 985 2013 Apostolorum,
1010 1946 1159 2016 quasi
1186 1956 1350 2001 totum
1377 1949 1622 2019 pretium,
1648 1959 1952 2018 posuerunt.
1977 1950 2157 2005 Conti-

583 2049 689 2090 nno
716 2037 943 2107 correpti
971 2039 1372 2108 exspiraverunt
1412 2040 1590 2109 ambo,
1631 2041 1712 2096 vir
1748 2049 1804 2097 et
1844 2058 1978 2096 uxor
2018 2043 2151 2112 ejus.

582 2123 858 2180 Nonnullis
882 2127 1087 2182 videtur
1114 2129 1271 2183 nimis
1310 2145 1495 2185 severa
1538 2130 1638 2185 ista
1671 2130 1830 2186 fuisse
1866 2131 2151 2202 correptio,

582 2227 638 2272 ut
664 2229 880 2289 propter
908 2221 1184 2290 pecuniam
1212 2222 1277 2277 de
1315 2237 1375 2277 re
1411 2237 1506 2278 sua
1541 2223 1886 2290 subtractam,
1911 2223 2154 2282 homines

583 2321 942 2367 morerentur.
961 2312 1076 2368 Non
1109 2313 1210 2369 hoc
1234 2314 1458 2384 Spiritus
1501 2324 1714 2371 sanctus
1749 2315 1969 2372 avaritia
2009 2317 2151 2386 fecit,

581 2402 675 2458 sed
721 2404 949 2472 Spiritus
1001 2414 1215 2461 sanctus
1263 2408 1594 2462 mendacium
1643 2409 1722 2464 sic
1766 2411 1984 2478 punivit.
2020 2409 2150 2465 Nam

578 2494 736 2549 verba
768 2494 988 2550 audistis
1016 2495 1306 2552 beatissimi
1337 2497 1496 2564 Petri,
1528 2498 1789 2554 dicentis:
1818 2499 2002 2554 Nonne
2041 2519 2152 2554 ma-

582 2601 704 2639 nens
729 2585 816 2639 tibi
844 2587 1092 2654 manebat,
1124 2598 1171 2642 et
1199 2589 1451 2643 venditum
1480 2591 1532 2643 in
1562 2601 1647 2644 tua
1673 2602 1778 2645 erat
1804 2592 2078 2663 potestate?
2097 2593 2152 2648 Si

579 2677 749 2732 nolles
769 2679 1019 2746 vendere,
1043 2681 1160 2750 quis
1190 2690 1240 2735 te
1259 2685 1506 2753 cogeret?
1531 2682 1585 2738 Si
1608 2684 1766 2738 velles
1787 2684 1976 2740 offerre
1996 2686 2152 2740 dimi-

580 2769 721 2824 dium
744 2812 759 2835 ,
797 2771 915 2840 quis
958 2773 1193 2842 exigeret
1234 2775 1437 2830 totum?
1464 2776 1519 2832 Si
1547 2778 1686 2832 enim
1716 2778 1987 2832 dimidimn
2019 2779 2152 2834 offe-

578 2861 802 2915 rendum
842 2872 976 2928 erat,
1011 2862 1286 2919 dimidium
1313 2866 1592 2921 dicendum
1622 2877 1755 2923 erat.
1789 2869 1893 2924 Pro
1933 2879 2042 2924 toto
2064 2869 2148 2925 di-

576 2951 816 3019 midium,
851 2954 950 3008 hoc
979 2965 1061 3010 est
1093 2957 1413 3026 puniendum
1444 2959 1794 3013 mendacium.
1826 2960 1938 3014 Non
1974 2971 2145 3016 tamen

576 3045 835 3112 videatur,
868 3046 1081 3116 fratres,
1112 3064 1296 3104 severa
1325 3050 1612 3119 correptio,
1645 3066 1790 3106 mors
1821 3053 2142 3120 temporalis.

575 3137 748 3205 Atque
792 3137 993 3192 utinam
1045 3139 1310 3210 hecusque
1355 3142 1583 3196 vindicta
1632 3145 1967 3211 processerit.
2009 3145 2145 3212 Quid

574 3225 716 3280 enim
774 3242 1020 3298 magnum
1077 3231 1386 3286 mortalibus
1440 3233 1659 3304 contigit
1708 3234 2146 3306 quandocumque

572 3316 880 3371 morituris?
903 3317 1006 3374 Sed
1033 3334 1125 3388 per
1154 3319 1366 3375 illorum
1397 3324 1743 3392 temporalem
1769 3339 1979 3396 poenam
2007 3330 2146 3383 Deus

571 3406 693 3460 sciri
719 3399 884 3462 voluit
921 3409 1271 3480 disciplinam.
1301 3412 1637 3469 Credendum
1673 3425 1756 3471 est
1792 3426 1965 3472 autem
2002 3419 2142 3489 quod

571 3506 691 3567 post
718 3497 853 3555 hanc
880 3500 1040 3556 vitam
1067 3503 1147 3557 eis
1173 3506 1464 3573 pepercerit
1482 3506 1622 3561 Deus
1646 3524 1658 3560 :
1686 3524 1872 3579 magna
1899 3520 1981 3565 est
2000 3511 2143 3567 enim

569 3589 686 3657 ejus
705 3590 1088 3647 misericordia.
1111 3595 1184 3649 De
1211 3597 1467 3651 mortibus
1495 3607 1672 3654 autem
1694 3616 1810 3671 qum
1829 3602 2145 3674 contingunt

567 3695 635 3734 ex
656 3681 904 3749 vindicta,
929 3683 997 3737 ait
1025 3684 1253 3753 quodam
1284 3687 1400 3741 loco
1426 3690 1697 3758 apostolus
1727 3691 1943 3759 Paulus,
1971 3697 2141 3748 corri-

566 3773 718 3842 piens
743 3789 836 3830 eos
873 3777 962 3846 qui
991 3778 1130 3834 male
1170 3781 1466 3837 tractabant
1507 3798 1700 3854 corpus
1739 3795 1794 3841 et
1830 3789 2139 3859 sanguinem

564 3863 784 3934 Christi,
811 3877 867 3922 et
887 3867 1092 3938 dicens,
1117 3868 1393 3942 Propterea
1428 3875 1482 3929 in
1510 3877 1646 3931 vobis
1684 3879 1829 3932 multi
1865 3880 2054 3949 inﬁrmi
2093 3891 2142 3938 et

565 3956 704 4024 wgri,
731 3965 777 4010 et
801 3959 1054 4012 dormiunt
1080 3963 1374 4033 suﬁicientes
1400 3981 1418 4020 :
1444 3965 1495 4021 id
1527 3976 1636 4033 est,
1666 3981 1919 4039 quantum
1947 3974 2140 4030 sufficit

564 4045 630 4097 ad
656 4045 986 4116 disciplinam
1014 4052 1407 4123 imponendam.
1436 4057 1589 4112 Multi
1617 4061 1668 4113 in
1698 4062 1832 4116 vobis
1861 4062 2131 4131 dormiunt,

568 4134 671 4191 hoc
697 4147 798 4204 est,
827 4143 1142 4197 moriuntur.
1175 4144 1404 4215 Flagello
1445 4150 1585 4202 enim
1632 4151 1839 4206 Domini
1878 4155 2134 4224 corripie-

563 4225 755 4282 bantur
783 4248 796 4284 :
824 4234 1169 4300 aegrotabant,
1201 4245 1253 4288 et
1282 4237 1659 4294 moriebantur.
1688 4241 1753 4296 Et
1777 4242 1997 4313 subjecit
2020 4253 2138 4314 post

565 4316 680 4373 haec
704 4321 885 4387 verba,
917 4331 970 4376 et
998 4323 1072 4377 ait
1101 4342 1112 4376 :
1148 4325 1210 4379 Si
1236 4326 1364 4379 enim
1394 4344 1484 4382 nos
1526 4329 1661 4400 ipsos
1691 4324 2072 4402 judic'aremus,
2103 4354 2136 4390 a

561 4410 782 4468 Domino
797 4432 894 4469 non
909 4416 1273 4487 iudicaremur.
1292 4417 1419 4475 Cant
1438 4423 1733 4492 judicamur
1756 4436 1943 4494 autem,
1965 4446 1996 4482 a
2020 4429 2132 4484 Do-

562 4504 697 4556 mino
727 4507 1048 4575 corripimur,
1079 4525 1140 4561 ne
1164 4525 1276 4562 cum
1302 4513 1489 4566 mundo
1519 4513 1814 4570 damnentur
1842 4517 1885 4588 (1
1910 4517 2028 4577 Cor.
2056 4537 2129 4588 χι,

560 4595 782 4667 50-52).
809 4598 944 4663 Quid
972 4599 1014 4652 si
1043 4615 1170 4670 ergo
1196 4601 1318 4658 huic
1344 4604 1456 4658 viro
1483 4615 1538 4660 et
1565 4608 1714 4662 uxori
1745 4609 1859 4677 ejus
1893 4611 1996 4666 tale
2030 4611 2130 4666 ali-

556 4687 683 4757 quid
723 4688 978 4760 contigit?
1004 4691 1244 4762 Correpti
1284 4705 1406 4750 sunt
1435 4698 1623 4754 mortis
1650 4699 1880 4771 ﬂagello,
1911 4720 1978 4759 ne
2007 4721 2132 4777 sup-

557 4781 715 4850 plicio
737 4783 1049 4852 punirentur
1069 4794 1286 4842 mterno.

625 4871 851 4928 CAPUT
891 4875 953 4929 ll.
993 4906 1063 4916 —
1098 4877 1151 4931 2.
1201 4876 1327 4932 Vota
1354 4878 1460 4936 Deo
1488 4884 1762 4939 reddenda.
1787 4886 1897 4943 Hoc
1927 4899 2128 4948 tantum

555 4965 793 5020 attendat
817 4966 1058 5022 Charitas
1084 4979 1280 5038 vestra,
1302 4973 1421 5043 quia
1449 4974 1497 5030 si
1520 4975 1630 5032 Deo
1657 4978 1924 5049 displicuit
1949 4984 2128 5041 detra-

553 5054 684 5112 here
734 5056 800 5112 de
841 5060 1060 5128 pecunia
1106 5077 1265 5132 quam
1295 5077 1548 5122 voverant
1587 5069 1717 5138 Deo,
1745 5081 1799 5128 et
1827 5076 2008 5148 utique
2038 5079 2124 5134 illa

552 5149 774 5217 pecunia
801 5151 979 5206 usibus
1006 5151 1276 5210 hominum
1305 5158 1474 5213 fuerat
1502 5167 1798 5221 necassaria
1823 5185 1836 5222 :
1861 5171 2126 5238 quomodo

550 5239 794 5296 irascitur
823 5243 984 5312 Deus,
1007 5248 1218 5316 quando
1243 5259 1465 5306 vovctur
1491 5255 1728 5323 castitas,
1759 5271 1812 5314 et
1840 5277 1943 5316 non
1976 5263 2125 5318 exhi-

551 5331 738 5396 betur;
768 5337 978 5405 quando
1009 5349 1228 5395 vovctur
1265 5341 1567 5413 virginitas,
1597 5355 1781 5403 et-non
1810 5351 2124 5410 exhibetur?

553 5423 785 5481 Vovetur
810 5431 944 5484 enim
978 5432 1041 5486 ad
1075 5448 1198 5489 usus
1227 5435 1338 5500 Dei,
1365 5446 1416 5491 et
1447 5454 1550 5491 non
1580 5440 1644 5495 ad
1677 5457 1802 5497 usus
1828 5444 2117 5504 hominum.

550 5513 684 5582 Quid
711 5521 950 5588 estquod
981 5522 1108 5589 dixi,
1136 5523 1201 5579 ad
1229 5541 1352 5581 usus
1374 5527 1502 5582 Dei?
1522 5529 1652 5598 Quia
1677 5531 1743 5588 de
1767 5537 1965 5592 sanctis
1983 5537 2120 5596 Dctts

611 5679 632 5750 ζ
663 5681 948 5750 emendatus
973 5686 1031 5750 ad
1054 5688 1130 5734 ch.
1156 5701 1230 5750 gr.
1258 5697 1310 5740 et
1330 5690 1388 5741 ad
1412 5689 1546 5743 Ulim.
1569 5701 1667 5744 Par.
1686 5702 1793 5746 ων.

611 5739 684 5804 (a)
706 5740 844 5806 Alias,
867 5745 931 5795 de
951 5739 1253 5800 Diversisvlo.

1830 336 1890 392 S.
1928 329 2293 394 AUGUSTINI
2332 334 2637 400 EPISCOPI

3748 361 3853 426 800

2273 451 2398 506 facit
2421 454 2518 509 sibi
2545 455 2760 512 domum
2779 500 2795 526 ,
2819 459 2945 516 facit
2973 458 3074 520 sibi
3101 466 3377 540 templum,
3404 471 3456 528 in
3484 488 3591 544 quo
3623 477 3859 540 habitare

2270 541 2518 612 dignetur
2547 565 2560 600 :
2585 557 2639 602 et
2664 550 2844 621 utique
2868 563 3108 612 sanctum
3127 561 3240 615 vult
3262 541 3577 632 permanere
3605 572 3854 640 templum

2269 647 2442 688 suum.
2474 636 2654 694 Potest
2685 657 2810 712 ergo
2836 645 3026 717 virgini
3055 653 3448 712 sanctimoniali
3477 659 3696 715 nubenti
3726 663 3850 733 diei,

2268 727 2408 794 quod
2438 729 2512 783 ait
2537 730 2726 788 Petrus
2763 735 2831 789 de
2869 741 3088 806 pecunia
3117 743 3447 817 :Virginitas
3477 757 3567 805 tua
3602 727 3852 824 numquid

2268 831 2372 871 non
2406 835 2624 878 manens
2653 825 2747 880 tibi
2776 831 3042 898 manebat,
3070 843 3125 890 et
3150 848 3432 916 antequam
3457 859 3572 898 eam
3601 859 3846 916 voveres,

2266 905 2322 960 in
2351 915 2437 963 tua
2465 910 2637 968 fuerat
2666 923 2962 984 potestate?
2982 905 3338 998 Quaecumque
3363 946 3540 989 autem
3568 942 3670 992 hoc
3709 905 3848 996 fere:

2731 1345 2962 1405 SERMO
2998 1349 3207 1411 CXLIX
3235 1359 3256 1381 ο
3281 1356 3384 1430 (α).

2262 1499 2330 1555 1η
2366 1519 2464 1573 quo
2500 1509 2800 1576 qwstiones
2843 1526 3116 1584 praposttte
3142 1535 3206 1573 ea:
3233 1520 3438 1578 Actibus
3465 1524 3844 1601 Apostolorum,

2333 1608 2448 1664 cap.
2479 1611 2537 1662 χ,
2560 1607 2608 1650 et
2633 1615 2695 1653 ex
2730 1597 3029 1674 Evangelia,
3077 1609 3372 1678 solvuntur;
3414 1632 3503 1670 seu
3539 1617 3602 1671 de
3632 1597 3848 1691 quatuor

2332 1687 2687 1754 quwstionibus
2715 1710 2733 1745 :
2758 1693 2955 1762 prima,
2987 1697 3049 1752 de
3076 1700 3263 1755 visione
3291 1702 3450 1758 Petri.
3482 1687 3754 1779 Secunda,
3787 1715 3848 1768 de

2332 1777 2491 1830 verbis
2517 1777 2798 1850 Evangelii,
2830 1783 3028 1842 Luceat
3066 1789 3245 1846 lumen
3275 1803 3511 1851 vestrum
3536 1815 3721 1856 coram
3744 1777 3850 1857 ibo-

2339 1867 2586 1935 minibus,
2613 1881 2668 1925 ut
2686 1874 2898 1930 videant
2923 1877 3057 1933 bona
3090 1881 3223 1938 facta
3254 1897 3448 1955 vestra,
3477 1900 3574 1944 etc.
3600 1891 3671 1946 Et
3694 1896 3846 1962 paulo

2331 1968 2463 2028 post,
2491 1960 2688 2018 Cavete
2725 1963 2900 2022 facere
2919 1968 3178 2039 justitiam
3201 1987 3430 2032 vestram
3459 1996 3637 2036 coram
3669 1960 3846 2040 homi-

2331 2050 2518 2118 nibus,
2549 2063 2604 2108 ut
2629 2055 2910 2114 videamini
2957 2063 3026 2118 ab
3071 2066 3169 2134 eis,
3214 2079 3312 2123 etc.
3368 2070 3559 2138 Tertia,
3591 2075 3655 2129 de
3689 2078 3850 2132 verbis

2328 2138 2610 2213 Evangelii,
2651 2146 2864 2204 Nesciat
2906 2152 3118 2209 sinistra
3152 2168 3239 2211 tua
3264 2159 3387 2228 quid
3431 2161 3590 2218 faciat
3618 2164 3842 2222 dextera

2331 2241 2438 2288 tua.
2471 2235 2684 2305 Quarta,
2717 2238 2781 2293 de
2805 2240 3072 2299 dilectione
3096 2246 3284 2302 inimici
3308 2249 3406 2321 (ὁ).
3435 2252 3622 2308 Matth.
3650 2273 3770 2328 cap.
3790 2273 3842 2323 v,

2343 2323 2378 2393 Ῡ
2401 2361 2416 2376 .
2450 2324 2538 2394 16,
2559 2342 2675 2398 cap.
2705 2343 2779 2397 vr,
2817 2330 2852 2401 ᾗ
2877 2371 2891 2385 .
2924 2333 3038 2404 1-4,
3060 2345 3108 2390 et
3131 2352 3246 2407 cap.
3276 2355 3327 2408 ν,
3363 2342 3401 2410 y
3425 2382 3438 2396 .
3468 2344 3661 2401 4548.

2327 2505 2553 2600 CAPUT
2579 2509 2983 2571 PRIMUM.—l.
3014 2517 3324 2583 Qutzstiones
3351 2525 3602 2582 solvenda
3627 2545 3650 2584 :
3678 2531 3849 2600 prima

2259 2599 2492 2666 quastio,
2515 2599 2578 2654 de
2601 2601 2789 2658 visione
2809 2602 2972 2660 Petri.
3001 2609 3138 2665 Ante
3166 2611 3304 2668 diem
3329 2614 3653 2674 dominicum
3683 2599 3846 2692 Supe-

2255 2688 2474 2753 riorem,
2509 2691 2725 2746 memini
2756 2710 2840 2750 me
2865 2700 3257 2768 propositarum
3286 2703 3353 2759 de
3381 2706 3672 2778 Scripturis
3711 2727 3844 2782 qua-

2253 2777 2497 2832 rumdam
2528 2782 2879 2850 quaestionum
2925 2787 3119 2844 factum
3147 2807 3274 2852 esse
3317 2777 3612 2854 debitorem
3637 2777 3849 2858 Sancti-

2256 2869 2348 2922 tati
2378 2879 2567 2926 vestra:
2596 2871 2692 2944 (ε).
2723 2874 2819 2929 Est
2866 2886 3066 2949 autem,
3108 2893 3359 2950 quantum
3406 2887 3667 2944 Dominus
3717 2892 3848 2949 dare

2252 2957 2521 3028 dignatur,
2547 2963 2785 3020 solvendi
2816 2975 3044 3040 tempus,
3077 2987 3144 3027 ne
3172 2972 3371 3031 diutius
3399 2976 3713 3048 debeamus,
3740 2984 3844 3039 nisi

2252 3051 2418 3104 solam
2459 3052 2791 3120 charitatem,
2831 3073 2949 3128 qua:
2991 3075 3205 3131 semper
3231 3064 3491 3134 redditur,
3535 3078 3590 3124 et
3626 3085 3844 3142 semper

2258 3139 2500 3197 debetur.
2517 3144 2592 3200 De
2612 3147 2816 3202 visione
2842 3148 2983 3205 Petri
3003 3151 3304 3211 dixeramus
3323 3160 3670 3227 quaerendum
3694 3139 3839 3229 esse,

2249 3231 2374 3300 quid
2401 3232 2499 3287 sibi
2525 3235 2650 3290 velit
2670 3253 2756 3291 vas
2783 3239 2934 3306 illud,
2959 3251 3193 3314 tanquam
3217 3245 3426 3302 linteum
3449 3251 3755 3309 submissum
3779 3257 3843 3310 de

2247 3324 2372 3376 coelo
2414 3320 2631 3396 quatuor
2668 3328 2831 3395 lineis,
2875 3332 2928 3386 in
2965 3350 3062 3403 quo
3103 3347 3248 3392 erant
3291 3344 3460 3396 omnia
3487 3346 3840 3418 quadrupedia
3906 3358 3909 3359 ⁷

2248 3421 2412 3482 terre,
2429 3426 2477 3469 et
2499 3421 2770 3488 serpentia,
2794 3430 2840 3476 ct
2863 3424 3086 3479 volatilia
3111 3430 3223 3483 cali
3244 3446 3264 3484 :
3288 3443 3341 3487 et
3364 3434 3507 3504 quod
3527 3436 3734 3494 dictum
3755 3449 3841 3497 est

2247 3503 2405 3560 Petro
2436 3521 2563 3563 voce
2587 3508 2786 3578 divina,
2818 3511 3002 3568 Occide
3021 3525 3066 3570 et
3095 3521 3348 3576 manduca
3371 3503 3462 3580 :et
3483 3530 3624 3597 quod
3653 3538 3738 3585 ter
3761 3532 3812 3586 fa

2248 3600 2395 3646 ctum
2429 3603 2510 3650 est
2536 3605 2590 3650 et
2614 3610 2962 3672 assumptum.
3223 3608 3230 3613 ’

2314 3680 2538 3740 CAPUT
2557 3685 2748 3743 ll.—2.
2780 3689 3032 3747 Voracitas
3052 3711 3152 3750 non
3167 3697 3412 3768 imperata
3428 3701 3602 3759 Petro.
3627 3708 3838 3766 Adver-

2245 3784 2336 3824 sus
2361 3785 2454 3826 eos
2482 3775 2694 3843 quidem
2721 3779 2808 3847 qui
2835 3783 3175 3839 voracitatem
3205 3802 3235 3841 a
3266 3789 3488 3847 Domino
3515 3795 3627 3851 Deo
3656 3799 3833 3869 impe-

2244 3869 2412 3916 ratam
2441 3862 2598 3918 Petro
2631 3868 2981 3939 arbitrantur,
3015 3872 3167 3931 facile
3195 3887 3277 3932 est
3300 3879 3590 3951 disputare.
3628 3862 3831 3957 Primo,

2241 4140 2512 4198 peccatum
2537 4144 2639 4203 est,
2673 4138 2764 4193 sed
2795 4140 3144 4203 immoderate
3163 4151 3236 4204 uti
3262 4149 3416 4207 donis
3440 4153 3555 4217 Dei.
3581 4171 3704 4226 qua:
3734 4161 3831 4214 tri-

2239 4221 2354 4276 buit
2379 4223 2445 4277 ad
2476 4240 2604 4281 usus
2635 4227 2852 4287 homini.

2311 4315 2362 4368 3.
2382 4313 2679 4374 Iudaeorum
2700 4322 3002 4381 abstinentia
3019 4329 3082 4382 ab
3096 4330 3368 4390 immundis
3382 4337 3685 4396 animalibus
3703 4343 3830 4416 figis.

2238 4407 2399 4461 rativa
2415 4417 2540 4464 erat.
2561 4412 2729 4469 Judaei
2761 4417 2899 4471 enim
2926 4433 3240 4491 acceperant
3263 4435 3407 4482 certa
3431 4430 3680 4487 animalia
3703 4407 3829 4505 ᾦξε

2239 4499 2640 4571 manducarent,
2667 4513 2723 4560 et
2754 4517 2896 4562 certa
2924 4526 2954 4565 a
2977 4513 3168 4582 quibus
3195 4516 3522 4576 abstinerent
3551 4540 3566 4576 :
3597 4499 3741 4593 quod
3767 4527 3824 4582 in

2238 4589 2620 4660 significatione
2646 4611 2823 4653 rerum
2843 4598 3140 4658 futurarum
3167 4621 3260 4663 eos
3279 4612 3567 4681 accepisse,
3597 4589 3826 4672 manife-

2235 4686 2622 4751 statapostolus
2645 4688 2858 4755 Paulus,
2883 4693 3066 4750 dicens
3093 4714 3106 4750 :
3132 4695 3298 4755 Nemo
3322 4718 3439 4774 ergo
3455 4721 3540 4759 vos
3549 4707 3751 4777 judicet
3766 4711 3824 4764 in

2235 4773 2362 4839 cibo,
2393 4785 2481 4829 aut
2502 4777 2555 4830 in
2584 4789 2727 4848 potu,
2759 4792 2845 4835 aut
2870 4783 2922 4837 in
2946 4796 3089 4855 parte
3107 4789 3206 4843 diei
3232 4793 3364 4862 festi,
3382 4773 3481 4848 aut
3514 4773 3823 4868 neomeniaa,

2233 4876 2320 4920 aut
2345 4868 2680 4940 sabbatorum,
2712 4874 2847 4942 quod
2873 4886 2944 4931 est
2971 4879 3148 4935 umbra
3171 4887 3459 4954 futurorum
3487 4887 3506 4960 (
3529 4889 3727 4947 Coloss.
3761 4911 3826 4960 tt,

2235 4955 2321 5024 i6,
2354 4957 2481 5031 l7).
2524 4959 2703 5033 Itaque
2734 4963 2843 5035 jam
2874 4971 3201 5040 temporibus
3242 4955 3505 5034 Ecclesize
3538 4981 3671 5037 dicit
3712 4955 3830 5040 alio

2338 5154 2620 5224 emendatus
2651 5158 2710 5224 ad
2743 5173 2819 5224 gr.
2855 5168 2894 5224 t,
2917 5169 2973 5224 et
2992 5165 3052 5215 ad
3077 5165 3216 5220 Ulim.
3237 5176 3338 5222 Par.
3363 5178 3474 5224 nov.

2291 5213 2363 5338 ξηέ
2387 5214 2523 5274 Alias,
2558 5219 2620 5266 de
2640 5213 2852 5274 Diversis
2872 5223 2949 5275 26.

2314 5275 2342 5323 b
2387 5277 2458 5324 sic
2477 5277 2645 5329 titulus
2665 5289 2854 5333 notatur
2893 5287 2943 5336 in

2314 5275 2645 5360 li)=
2665 5289 2855 5360 notatur
2887 5287 2943 5360 in
3179 5292 3405 5356 lndlatlo,
3434 5309 3539 5360 mp.
3574 5297 3634 5348 8.
3672 5307 3732 5352 At
3767 5304 3831 5353 in

2231 5341 2335 5401 Mss.
2348 5338 2647 5401 inscribitur,
2681 5360 2704 5388 ι
2724 5351 2791 5392 De
2811 5348 2998 5398 visione
3018 5338 3158 5401 retia.
3179 5338 3204 5400 ἶ

2295 5398 2364 5470 (ο)
2389 5398 2736 5487 tinncslieic‘tare
2763 5398 3277 5487 videturilludjnfine
3581 5419 3693 5482 aee,
3733 5437 3830 5487 qua

2228 5461 2466 5547 Pisias?
2485 5461 3024 5547 i3.ﬁ‘."lil‘.a¥3“{‘5.'ilit=
3051 5492 3075 5519 ι
3294 5461 3830 5547 ἐδτιῑῐιῖτῖιωῖἐι-ὶῗ

2234 5534 2256 5562 α
2274 5520 2478 5606 stiones,
2500 5536 2618 5606 quas
2639 5525 2867 5606 hesterna
2988 5520 3558 5606 Ξίξῦξῆ
3570 5520 3831 5606 Iis-1.135;;

2233 5597 2254 5624 α
2274 5580 2570 5669 impediente
2594 5600 2688 5634 non
2707 5587 2848 5669 solvi,
2877 5580 3828 5669 raiedr'EtiéaEBeiia‘F‘éESEEEJ'Qi'n:

2233 5641 2791 5730 :
2811 5641 2910 5730 iam
2933 5641 3396 5730 «έιέελοῖίξηδῖέῑίιέη
3405 5641 3676 5730 mni?
3694 5641 3828 5730 ita:

2231 5717 2254 5745 ι
2274 5703 2793 5786 jurejorensi
2811 5703 2867 5764 ct
2883 5703 3210 5781 publicani—ec
3230 5703 3678 5786 tta-53-15553.va

2232 5778 2255 5808 ι
2275 5764 2378 5826 gite
2394 5764 2506 5828 jure
2523 5768 2714 5821 ωηιξη
2674 5772 2684 5782 ’
2719 5785 2796 5824 uo,
2821 5790 2844 5820 ι
2883 5764 2900 5779 ⁸
2924 5764 2975 5767 Ἣ
2988 5764 3092 5781 ﬂ"
3113 5764 3202 5772 ’⁷⁷⁷
3230 5764 3259 5772 “
3277 5764 3357 5774 ”’”
3388 5764 3563 5821 "'5'"-
