4098 6310
269 337 372 395 801

268 454 392 512 loco
423 466 439 505 :
473 447 660 504 Omnia
686 445 875 500 munda
895 443 1117 507 mundis,
1148 441 1235 496 sed
1256 440 1444 496 malum
1463 446 1533 494 est
1559 436 1748 492 homini
1767 435 1852 505 qui

271 562 362 619 per
389 542 717 612 offensionem
742 537 1013 592 manducet
1038 535 1166 606 (Tit.
1191 551 1229 599 ι,
1260 535 1314 598 5,
1344 542 1388 587 et
1417 532 1570 586 Rom.
1596 544 1707 593 ιη’,
1737 527 1849 597 20).

269 636 444 691 Erant
472 633 612 688 enim
642 631 731 702 qui
762 638 1000 698 tempore
1030 628 1141 693 illo,
1168 641 1273 695 quo
1298 624 1397 678 ista
1426 620 1688 677 scribebat
1713 620 1855 690 Apoc

267 725 463 789 stolus,
486 723 739 778 carnibus
764 719 1131 782 vescebantur,
1158 718 1211 771 in
1237 714 1582 770 oll'ensionem
1606 724 1856 781 quemm-

268 816 393 872 dam
418 813 769 869 inﬁrmorum.
797 806 1129 867 lmmolatitia
1154 806 1297 861 enim
1334 818 1459 860 caro
1482 818 1666 858 eorum
1692 815 1854 871 peco-

272 922 391 964 rum
418 920 536 975 qua
560 903 836 972 aruspices
855 898 1219 965 immolabant,
1242 904 1366 952 tunc
1395 896 1447 950 in
1476 893 1697 950 macello
1720 907 1855 947 ven-

268 998 516 1063 debatur,
557 1002 614 1050 et
653 992 805 1049 multi
844 991 1034 1047 fratres
1075 987 1407 1044 abstinebant
1447 1000 1507 1041 se
1542 984 1610 1039 ab
1637 982 1856 1039 edendis

270 1089 555 1154 carnibus,
588 1102 657 1143 ne
686 1085 772 1142 vel
812 1084 979 1156 ignari
1016 1084 1349 1137 incurrerent
1390 1080 1442 1133 in
1467 1093 1559 1134 eas
1578 1092 1766 1133 carnes
1789 1075 1856 1131 de

270 1183 463 1256 quibus
491 1180 809 1236 sacriﬁcium
839 1177 993 1233 idolis
1035 1175 1230 1231 factum
1271 1180 1403 1229 erat.
1432 1170 1585 1228 Unde
1612 1169 1715 1225 alio
1738 1170 1856 1223 loco

271 1274 415 1331 idem
446 1272 737 1343 apostolus,
764 1286 830 1325 ne
852 1270 1040 1324 timore
1064 1265 1386 1322 conscientia
1415 1261 1721 1332 trepidaret,
1743 1260 1852 1315 ait:

275 1367 436 1422 Omne
461 1364 594 1436 quod
631 1364 686 1417 in
714 1362 925 1416 macello
949 1360 1113 1426 venit,
1149 1358 1470 1422 manducate,
1497 1354 1624 1407 nihil
1643 1353 1857 1406 interro-

271 1468 448 1531 gantes
478 1464 683 1527 propter
715 1452 1090 1507 conscientiam.
1129 1448 1331 1503 Domini
1368 1456 1439 1501 est
1473 1445 1606 1499 enim
1646 1452 1777 1497 terra
1808 1451 1857 1498 et

270 1547 535 1622 plenitudo
561 1546 690 1617 ejus.
720 1545 788 1600 Et
811 1544 999 1600 iterum
1032 1558 1046 1595 :
1080 1541 1141 1596 Si
1169 1540 1278 1611 quis
1300 1548 1464 1593 autem
1497 1553 1582 1590 uos
1614 1535 1857 1589 vocaverit

272 1656 334 1695 ea:
364 1637 673 1708 infidelibus,
698 1645 742 1690 et
774 1634 1022 1688 volueritis
1051 1632 1160 1697 ire;
1190 1630 1358 1685 omnia
1390 1644 1503 1698 qua
1535 1636 1857 1697 apponuntur

270 1729 409 1783 vobis
430 1727 748 1790 manducata,
767 1725 895 1777 nihil
916 1724 967 1776 di
961 1723 1249 1794 judicantes
1267 1729 1471 1790 propter
1486 1716 1853 1772 conscientiam.

270 1810 335 1876 Si
360 1820 470 1890 quis
498 1826 662 1871 autem
682 1816 817 1870 vobis
846 1813 1048 1880 dixerit,
1084 1811 1218 1881 quod
1237 1808 1607 1863 immolatitium
1631 1815 1737 1871 est;
1766 1821 1858 1859 no-

271 1911 361 1967 lite
391 1910 727 1972 manducare,
766 1918 969 1978 prapter
1006 1906 1151 1959 illaut
1188 1903 1273 1974 qui
1304 1902 1559 1967 indicavit,
1583 1909 1627 1953 et
1658 1907 1859 1969 propter

269 2002 624 2059 conscientiam
652 1999 693 2071 (l
720 1998 842 2053 Cor.
872 2014 926 2063 x,
946 1995 1159 2067 25-28).
1181 1994 1351 2051 Omne
1371 2008 1497 2063 ergo
1523 1993 1572 2046 in
1597 1992 1677 2044 his
1699 1990 1858 2045 rebus

271 2096 385 2149 sive
408 2091 659 2147 mundum
684 2090 795 2144 sive
820 2081 1176 2152 immundum,
1194 2101 1299 2140 non
1323 2086 1375 2138 in
1399 2092 1642 2139 contactu
1659 2080 1855 2149 carnis,

272 2183 370 2240 sed
398 2184 451 2237 in
478 2180 819 2237 conscientia
844 2179 1073 2249 puritate
1095 2218 1110 2245 ,
1146 2185 1236 2232 aut
1272 2176 1325 2230 in
1354 2174 1558 2230 macula
1594 2171 1858 2229 constitu-

272 2282 387 2330 tum
408 2281 511 2329 est.
696 2280 697 2287 “

344 2363 570 2421 CAPUT
610 2361 698 2418 Ill.
735 2392 807 2403 -—
832 2362 885 2417 4.
926 2361 1181 2415 Animalia
1204 2358 1401 2413 Iudicis
1422 2357 1695 2429 prohibita,
1714 2357 1860 2429 signa

273 2468 413 2516 sunt.
456 2456 609 2511 Fissa
635 2455 843 2527 ungula.
876 2453 1185 2509 aninatio.
1216 2451 1369 2507 Unde
1396 2450 1519 2505 data
1544 2457 1628 2504 est
1650 2449 1859 2503 licentia

272 2548 624 2613 Christianis,
650 2562 767 2618 qua
795 2545 990 2601 Judais
1033 2560 1138 2598 non
1169 2551 1251 2598 est
1292 2542 1435 2597 data.
1482 2541 1671 2596 Omnia
1718 2540 1860 2594 enim

273 2641 522 2697 animalia
542 2656 659 2711 qua
679 2639 874 2694 Judais
903 2636 1167 2708 prohibita
1196 2644 1320 2689 sunt
1349 2633 1685 2694 manducare,
1714 2632 1864 2701 signa

275 2742 402 2789 sunt
447 2748 647 2795 rerum,
678 2742 731 2786 et
756 2731 891 2785 sicut
929 2729 1124 2783 dictum
1155 2736 1271 2791 est,
1305 2725 1504 2779 umbra
1544 2724 1859 2777 futurorum.

280 2823 432 2880 Sicut
453 2824 537 2877 illa
559 2821 892 2877 circumcisio
914 2819 1169 2887 signiﬁcat
1188 2814 1642 2872 circumcisionem
1662 2811 1860 2878 cordis,

274 2930 433 2986 quam
460 2912 535 2968 illi
558 2913 609 2966 in
634 2928 793 2967 carne
812 2909 1109 2981 gestabant,
1127 2916 1181 2962 et
1199 2908 1251 2961 in
1271 2905 1430 2960 corde
1458 2903 1809 2973 repudiabant
1835 2918 1849 2954 :

273 3009 354 3062 sic
381 3016 436 3062 et
465 3005 634 3077 epula
656 3005 759 3059 illa
785 3011 1047 3073 pracepta
1075 3000 1445 3071 mysteriorum
1473 3007 1613 3059 sunt,
1636 3006 1691 3051 et
1714 2994 1863 3065 signa

274 3097 597 3154 futurorum.
628 3095 802 3151 Veluti
829 3093 968 3164 quod
996 3093 1250 3161 scriptum
1280 3099 1363 3145 est
1383 3089 1481 3155 eis,
1513 3097 1570 3142 ut
1597 3102 1714 3157 qua
1742 3092 1865 3141 sunt

272 3188 593 3246 ruminantia
626 3197 680 3243 et
720 3187 844 3241 ﬁssa
884 3185 1073 3254 ungula
1095 3224 1111 3248 ,
1147 3184 1257 3253 ipsa
1290 3181 1641 3241 manducent;
1673 3177 1863 3248 quibus

276 3289 453 3336 autem
490 3280 575 3335 vel
619 3288 903 3347 utrumque
935 3276 1016 3330 vel
1048 3270 1209 3327 unum
1250 3272 1436 3325 horum
1465 3268 1728 3337 defuerit,
1756 3282 1861 3322 non

279 3373 599 3429 manducent
627 3370 643 3439 (
667 3368 815 3424 Dent.
851 3366 974 3437 xw)
1008 3384 1020 3419 :
1050 3365 1294 3421 homines
1321 3362 1535 3433 quidam
1563 3360 1868 3432 signiﬁcan-

275 3472 363 3519 tur
381 3505 396 3531 ,
422 3478 527 3517 non
558 3462 880 3532 pertinentes
920 3458 987 3513 ad
1015 3457 1329 3511 societatem
1357 3464 1682 3510 sanctorum.
1713 3452 1865 3507 Fissa

277 3553 417 3609 enim
440 3553 635 3624 ungula
670 3550 734 3606 ad
758 3566 954 3617 mores,
978 3549 1268 3604 ruminatio
1287 3561 1415 3602 vero
1444 3546 1509 3600 ad
1543 3544 1857 3615 sapientiam

277 3648 530 3719 pertinet.
568 3647 742 3714 Quare
771 3644 835 3699 ad
868 3658 1043 3697 mores
1078 3642 1198 3695 ﬁssa
1229 3639 1420 3709 ungula
1444 3639 1466 3691 ?
1493 3637 1625 3705 Quia
1652 3635 1865 3690 difﬁcile

281 3738 497 3794 labitur.
534 3737 737 3807 Lapsus
761 3733 901 3788 enim
945 3733 1146 3801 peccati
1186 3731 1394 3799 signum
1421 3736 1523 3783 est.
1556 3725 1863 3781 Ruminatio

277 3835 459 3882 autem
497 3826 565 3881 ad
605 3824 877 3894 sapientia
914 3821 1247 3876 doctrinam‘
1286 3818 1554 3887 quomodo
1601 3817 1865 3887 pertinet?

278 3917 409 3987 Quia
444 3917 575 3971 dixit
602 3915 895 3982 Scriptura,
914 3911 1203 3965 Thesaurus
1228 3907 1571 3963 desiderabilis
1600 3907 1865 3978 requiescit

278 4010 329 4062 in
367 4024 459 4061 ore
500 3996 781 4076 sapientis,
806 4005 880 4058 vir
916 4011 1084 4055 autem
1122 4001 1305 4055 stultus
1336 3998 1484 4072 glutt't
1513 3997 1662 4053 illum
1682 3996 1862 4071 (Prov.

279 4114 391 4165 ut,
417 4097 508 4162 20,
539 4113 640 4150 sec.
665 4093 854 4168 LXX).
873 4081 976 4159 Qui
1013 4106 1140 4163 ergo
1176 4091 1343 4158 audit,
1380 4098 1436 4145 et
1460 4089 1777 4161 negligentia
1808 4088 1867 4143 ﬁt

282 4189 601 4251 obliviosus,
632 4184 783 4256 quasi
817 4184 972 4255 glutit
1008 4182 1150 4253 quod
1176 4180 1413 4245 audivit;
1444 4188 1502 4234 ut
1535 4180 1643 4250 jam
1679 4179 1733 4233 in
1771 4192 1865 4232 ore

282 4297 391 4335 non
419 4280 608 4349 sapiat,
630 4277 950 4332 auditionem
975 4275 1140 4345 ipsam
1167 4273 1431 4329 oblivione
1458 4272 1739 4341 sepeliens.
1765 4271 1863 4340 Qui

282 4381 459 4426 autem
488 4372 540 4424 in
562 4371 678 4440 lege
696 4368 907 4424 Domini
930 4366 1213 4422 meditatur
1231 4365 1318 4420 die
1337 4373 1389 4419 et
1418 4374 1592 4428 nocte,
1617 4374 1864 4432 tanquam

283 4465 548 4524 ruminat,
576 4471 632 4517 et
666 4461 721 4516 in
745 4459 972 4532 quodam
999 4458 1148 4529 quasi
1178 4458 1353 4527 palato
1390 4455 1565 4511 cordis
1595 4453 1741 4508 verbi
1775 4468 1863 4506 sa-

284 4572 415 4628 pore
443 4555 757 4611 delectatur.
781 4553 893 4609 Hoc
904 4567 1029 4622 ergo
1045 4552 1184 4622 quod
1208 4559 1527 4619 praeceptum
1544 4557 1627 4603 est
1643 4546 1859 4613 Judais,

283 4648 547 4719 signiﬁcat
565 4646 705 4718 quod
726 4645 792 4701 ad
817 4644 1132 4709 Ecclesium,
1154 4642 1209 4697 id
1228 4652 1331 4707 est,
1352 4640 1418 4695 ad
1433 4654 1626 4711 corpus
1645 4639 1857 4706 Christi,

284 4740 351 4795 ad
394 4738 616 4810 gratiam
653 4738 1066 4806 societatemque
1108 4742 1411 4790 sanctorum
1450 4748 1556 4788 non
1596 4733 1863 4803 pertinent

283 4834 381 4898 illi,
410 4833 497 4903 qui
519 4841 610 4886 aut
629 4831 953 4902 negligentes
976 4828 1245 4884 auditores
1269 4837 1411 4894 sunt,
1437 4836 1528 4881 aut
1552 4827 1720 4882 malos
1748 4842 1863 4882 mo-

282 4941 372 4982 res
399 4925 618 4991 habent,
639 4933 729 4979 aut
754 4925 808 4978 in
826 4932 1053 4992 utroque
1080 4922 1209 4975 vitio
1238 4920 1717 4991 reprehenduntur.

352 5015 583 5072 CAPUT
621 5015 709 5071 1V.
747 5045 818 5055 —
851 5017 905 5071 5.
947 5012 1283 5066 Judaicarum
1310 5012 1704 5066 obseruationum
1730 5026 1863 5081 prte-

283 5118 431 5179 cepta
453 5124 546 5162 cur
570 5106 799 5179 legantur
820 5104 1134 5161 Christianis.
1155 5104 1243 5158 Sic
1269 5111 1461 5158 catera
1484 5117 1600 5171 qua
1627 5102 1693 5156 ad
1725 5102 1862 5157 hunc

281 5199 503 5257 modum
541 5206 803 5269 pracepta
843 5206 967 5251 sunt
997 5195 1119 5249 data
1144 5194 1371 5260 Judaeis,
1408 5192 1714 5248 umbratica
1741 5204 1865 5249 sunt

283 5288 699 5361 signiﬁcationes
723 5287 1041 5342 futurorum.
1062 5285 1411 5354 Posteaquam
1430 5285 1577 5339 venit
1598 5284 1686 5339 lux
1710 5299 1865 5339 mun-

282 5381 339 5437 di
366 5381 626 5436 Dominus
652 5390 834 5436 noster
852 5378 1007 5435 Jesus
1029 5376 1291 5441 Christus,
1314 5377 1677 5433 tantummodo
1694 5387 1755 5433 ut
1776 5378 1863 5432 in-

283 5472 616 5543 telligantur,
642 5486 749 5527 non
775 5471 931 5526 etiam
958 5477 1018 5524 ut
1044 5468 1414 5535 observentur,
1442 5469 1705 5537 leguntur.
1731 5469 1864 5525 Data

284 5574 370 5624 est
390 5580 517 5635 ergo
536 5564 747 5619 licentia
773 5562 1107 5629 Christianis,
1136 5571 1193 5617 ut
1212 5562 1500 5616 secundum
1524 5562 1659 5617 hanc
1676 5578 1863 5618 vanam

286 5659 731 5715 consuetudinem
755 5672 862 5712 non
888 5656 1100 5725 faciant,
1133 5655 1227 5711 sed
1252 5655 1571 5712 manducent
1606 5659 1747 5728 quod
1772 5675 1866 5723 ve.

353 5778 377 5813 ι
396 5775 734 5827 Germanens's
754 5784 859 5838 δίδη
878 5771 1507 5841 αάωρίωιιίωηαοαάιρ.

1610 320 1868 410 ’ssnuo
1902 319 2133 379 CXLIX.

2628 259 2703 271 ν..-
2798 254 2837 261 ’³-

1964 433 2084 499 lint,
2112 448 2232 490 cum
2262 435 2652 506 moderatione,
2688 452 2809 493 cum
2836 438 3202 497 benedictione
3219 482 3234 508 ,
3262 455 3380 498 cum
3410 458 3534 512 gra-

1960 526 2149 581 tiarum
2178 527 2404 582 actione.
2436 528 2699 584 Fortassis
2717 546 2845 601 ergo
2861 541 2915 586 et
2939 532 3096 586 Petro
3116 532 3184 587 ita
3206 533 3401 587 dictum
3426 544 3529 601 est,

1964 616 2167 686 Occide,
2195 627 2243 671 et
2263 620 2548 686 manduca;
2569 628 2627 674 ut
2652 635 2757 677 non
2782 622 2890 692 jam
2914 630 3115 678 teneret
3136 623 3533 682 observationes

1957 706 2258 765 Judaorum
2283 727 2297 763 :
2319 726 2425 765 non
2448 720 2621 767 tamen
2643 714 2693 768 ei
2711 714 2861 785 quasi
2884 729 3074 786 gurges
3095 716 3292 772 ventris
3309 727 3364 773 et
3391 716 3532 774 fada

1957 801 2219 856 voracitas
2246 802 2499 871 imperata
2523 812 2625 859 est.

2029 890 2253 947 CAPUT
2290 892 2356 948 ν.
2397 922 2463 933 -
2504 892 2557 947 6.
2600 892 2736 949 Visio
2776 894 2916 949 Petri
2949 896 3232 968 ﬁgurativa.
3286 897 3405 953 Vas.
3438 898 3531 953 Li-

1959 998 2067 1036 nea:
2091 991 2327 1054 quatuor.
2365 982 2471 1039 Sed
2509 992 2685 1040 tamen
2726 995 2783 1040 ut
2808 986 3109 1058 intelligatis
3144 990 3244 1045 hoc
3281 990 3331 1045 in
3368 991 3531 1062 ﬁgura

1959 1088 2080 1130 esse
2104 1082 2452 1131 monstratum
2472 1115 2489 1143 ,
2530 1087 2684 1132 erant
2711 1078 2765 1133 in
2791 1079 2879 1134 illo
2904 1095 3027 1135 vase
3050 1085 3333 1151 serpentia.
3371 1084 3534 1139 Num-

1958 1167 2210 1238 quidnam
2232 1176 2437 1238 poterat
2455 1170 2776 1225 manducare
2801 1174 3106 1241 serpeutes?
3131 1174 3264 1240 Quid
3286 1191 3413 1246 ergo
3433 1176 3531 1231 sibi

1959 1259 2072 1313 vult
2098 1258 2196 1315 ista
2231 1258 2578 1330 signiﬁcatio?
2606 1260 2714 1317 Vas
2751 1262 2875 1316 illud
2910 1264 3197 1320 Ecclesiam
3229 1267 3530 1337 signiﬁcat:

1959 1359 2184 1421 quatuor
2212 1351 2366 1406 linea
2391 1353 2579 1424 quibus
2603 1354 2961 1425 dependebat,
2988 1367 3212 1429 quatuor
3236 1369 3412 1429 partes
3441 1376 3533 1415 or-

1958 1443 2040 1498 bis
2072 1451 2328 1497 terrarum
2350 1484 2365 1509 ,
2406 1460 2502 1514 per
2538 1461 2669 1516 quas
2700 1447 2934 1502 tenditur
2971 1448 3208 1505 Ecclesia
3235 1452 3490 1507 catholica
3513 1493 3528 1519 ,

1959 1549 2077 1606 qua
2106 1534 2299 1604 ubique
2334 1534 2524 1590 diffusa
2565 1545 2665 1591 est.
2697 1538 3021 1609 Quicumque
3063 1555 3188 1610 ergo
3226 1542 3451 1597 voluerit
3481 1544 3532 1597 in

1959 1632 2162 1696 partem
2200 1624 2299 1691 ire,
2328 1635 2382 1681 et
2405 1626 2473 1681 ab
2504 1626 2751 1681 universo
2778 1628 3070 1697 conscindi,
3096 1646 3199 1683 non
3222 1632 3449 1700 pertinet
3468 1631 3534 1686 ad

1959 1723 2185 1784 quatuor
2224 1714 2483 1770 linearum
2525 1727 2933 1772 sacramentum.
2967 1718 3021 1772 Si
3063 1729 3235 1776 autem
3265 1721 3331 1776 ad
3370 1722 3533 1777 visio-

1959 1820 2081 1861 nem
2102 1806 2246 1861 Petri
2275 1822 2380 1862 non
2410 1809 2658 1879 pertinet,
2690 1825 2788 1863 nec
2812 1811 2876 1864 ad
2902 1810 3078 1867 claves
3107 1829 3226 1883 qua
3250 1814 3386 1868 data
3412 1824 3538 1868 sunt

1960 1896 2140 1952 Petro.
2167 1899 2208 1952 Λ
2251 1907 2481 1969 quatuor
2514 1899 2653 1952 enim
2691 1900 2863 1955 ventis
2890 1901 3019 1956 dicit
3056 1903 3198 1957 Deus
3228 1906 3536 1974 congregari

1960 1999 2172 2046 sanctos
2196 2007 2320 2047 suos
2348 1992 2399 2046 in
2431 1991 2534 2047 ﬁne
2565 1992 2774 2065 (Matth.
2811 2010 2954 2060 xxxv,
2982 1995 3072 2065 51)
3096 2013 3109 2049 :
3139 1998 3259 2066 quia
3284 2012 3423 2050 nunc
3444 2013 3539 2067 per

1961 2098 2149 2139 omnes
2179 2084 2308 2138 istos
2331 2093 2556 2155 quatuor
2589 2084 2833 2139 cardines
2866 2085 2997 2141 ﬁdes
3023 2089 3322 2157 evangelica
3352 2089 3537 2144 dilata-

1963 2179 2066 2227 tur.
2111 2172 2370 2228 Animalia
2410 2188 2534 2243 ergo
2581 2174 2699 2240 illa,
2741 2174 2939 2229 Gentes
2978 2186 3117 2230 sunt.
3158 2176 3354 2231 Omnes
3395 2179 3536 2233 enim

1961 2263 2161 2320 Gentes
2185 2280 2301 2334 qua
2323 2264 2607 2320 immunda
2632 2275 2803 2334 erant,
2835 2266 2887 2320 in
2919 2268 3186 2323 erroribus
3211 2277 3265 2323 et
3285 2270 3539 2338 supersti-

1963 2358 2197 2413 tionibus
2241 2367 2296 2414 et
2342 2360 2787 2429 concupiscentiis
2835 2360 2973 2428 suis,
3019 2370 3297 2432 antequam
3338 2363 3539 2418 veniret

1963 2448 2223 2515 Christus,
2255 2451 2347 2506 illo
2371 2451 2687 2505 adveniente
2707 2451 2915 2506 donatis
2943 2452 3042 2507 sibi
3071 2454 3300 2521 peccatis
3330 2454 3538 2509 munda

1965 2550 2088 2595 sunt
2111 2540 2287 2597 facta.
2324 2542 2470 2599 Unde
2490 2543 2597 2613 jam
2628 2554 2748 2613 post
2778 2543 3144 2598 remissionem
3181 2556 3536 2614 peccatorum,

1964 2650 2129 2706 quare
2151 2651 2255 2690 non
2285 2636 2607 2705 recipiantur
2627 2636 2678 2689 in
2708 2650 2900 2705 corpus
2919 2635 3134 2703 Christi,
3161 2637 3299 2707 quod
3328 2646 3410 2693 est
3438 2636 3538 2692 Ec-

1965 2727 2127 2781 clesia
2154 2726 2271 2790 Dei,
2299 2726 2448 2796 cujus
2470 2741 2748 2796 personam
2776 2727 2964 2781 Petrus
2988 2726 3262 2797 gestabat?

2037 2817 2263 2873 CAPUT
2304 2817 2390 2872 Vl.
2430 2848 2500 2858 —
2524 2818 2577 2871 7.
2614 2816 2794 2870 Petrus
2833 2834 3095 2888 personam
3128 2818 3253 2888 gerit
3286 2817 3537 2873 Ecclesiae.

1965 2908 2157 2964 Petrus
2177 2908 2318 2963 enim
2339 2908 2391 2962 in
2413 2907 2592 2962 multis
2612 2907 2742 2962 locis
2760 2907 3144 2977 Scripturarum
3166 2919 3383 2977 apparet
3400 2908 3539 2978 quod

1966 3016 2248 3072 personam
2283 3009 2456 3072 gestet
2494 3000 2779 3065 Ecclesiae;
2812 3002 3040 3055 maxime
3078 3001 3164 3054 illo
3208 3001 3259 3056 in
3300 3001 3417 3055 loco
3453 3001 3540 3057 ubi

1967 3093 2163 3149 dictum
2185 3102 2286 3161 est,
2314 3092 2424 3147 Tibi
2447 3092 2593 3146 trado
2627 3091 2788 3145 claves
2815 3093 2957 3161 regni
2980 3092 3238 3146 caelorum.
3275 3093 3542 3158 Quaecum-

1966 3202 2063 3258 que
2086 3184 2315 3256 ligaveris
2343 3184 2395 3238 in
2418 3193 2549 3238 terra
2573 3225 2587 3249 ,
2626 3192 2768 3238 erunt
2796 3184 2951 3254 ligata
2975 3193 3020 3238 et
3054 3186 3106 3237 in
3135 3185 3293 3249 calo;
3327 3195 3371 3238 et
3404 3200 3542 3255 quie-

1966 3293 2176 3349 atmque
2218 3278 2420 3331 solveris
2460 3278 2514 3330 in
2556 3285 2722 3343 terra,
2749 3286 2897 3330 erunt
2920 3277 3081 3331 soluta
3106 3288 3150 3332 et
3179 3279 3232 3331 in
3267 3279 3389 3332 calo
3415 3276 3541 3349 (Id.

1968 3383 2092 3435 xu,
2132 3370 2258 3439 l9).
2289 3367 2552 3438 Numquid
2590 3368 2720 3422 istas
2758 3368 2934 3423 claves
2976 3368 3162 3422 Petrus
3213 3369 3448 3438 accepit,
3490 3379 3544 3427 et

1968 3461 2165 3519 Paulus
2188 3475 2295 3515 non
2323 3460 2567 3530 accepit?
2596 3460 2782 3514 Petrus
2806 3460 3028 3529 accepit,
3051 3467 3105 3513 et
3123 3458 3353 3514 Joannes
3373 3469 3427 3514 et
3450 3459 3543 3515 Ja-

1968 3554 2135 3607 cobus
2158 3565 2268 3607 non
2292 3552 2526 3620 accepit,
2559 3560 2612 3603 et
2636 3550 2813 3604 cateri
2842 3550 3118 3617 Apostoli?
3156 3552 3260 3604 Aut
3285 3544 3388 3605 non
3421 3560 3545 3607 sunt

1967 3643 2085 3699 ista
2113 3644 2167 3699 in
2207 3642 2445 3698 Ecclesia
2487 3643 2663 3697 claves
2683 3684 2698 3709 ,
2738 3643 2825 3697 ubi
2856 3650 3067 3711 peccata
3096 3640 3329 3712 quotidie
3365 3644 3545 3698 dimit-

1967 3735 2191 3791 tuntur?
2217 3735 2324 3790 Sed
2352 3735 2601 3804 quoniam
2629 3734 2683 3788 in
2713 3733 3095 3804 signiﬁcatione
3136 3746 3415 3804 personam
3442 3734 3545 3789 Pe-

1968 3834 2083 3882 trus
2103 3825 2343 3897 gestabat
2371 3824 2647 3891 Ecclesia,
2668 3824 2809 3894 quod
2832 3824 2906 3879 illi
2929 3826 3017 3877 unl
3037 3823 3213 3878 datum
3239 3831 3340 3888 est,
3364 3824 3545 3879 Eccle-

1968 3918 2063 3975 sia
2080 3916 2261 3974 datum
2283 3925 2383 3971 est.
2404 3917 2545 3986 Ergo
2567 3916 2758 3970 Petrus
2776 3915 2994 3987 ﬁguram
3011 3916 3509 3987 gestabatEcclesia
3528 3933 3543 3981 ;

1970 4011 2207 4069 Ecclesia
2231 4025 2424 4081 corpus
2461 4018 2543 4065 est
2563 4010 2780 4064 Christi.
2811 4009 3052 4079 Recipiat
3078 4009 3235 4080 igitur
3253 4010 3362 4080 jam
3389 4024 3544 4062 mun-

1968 4106 2120 4162 datas
2148 4105 2367 4167 Gentes.
2395 4103 2585 4175 quibus
2616 4113 2832 4173 peccata
2868 4102 3060 4157 donata
3098 4111 3248 4167 sunt;
3282 4100 3419 4155 unde
3447 4100 3533 4154 mi-

1969 4206 2112 4253 serat
2139 4197 2203 4252 ad
2251 4197 2399 4251 illum
2424 4195 2707 4251 Cornelius
2743 4194 2957 4265 gentilis
2993 4192 3181 4258 homo,
3210 4202 3263 4248 et
3289 4192 3378 4262 qui
3419 4206 3541 4245 cum

1969 4290 2063 4347 illo
2089 4290 2315 4362 gentiles
2348 4298 2521 4343 erant.
2565 4286 2733 4355 Hujus
2761 4287 3111 4356 eleemosyna
3133 4292 3363 4352 accepta
3391 4297 3542 4336 mun-

1971 4382 2225 4438 daverant
2254 4396 2375 4436 eum
2396 4378 2460 4434 ad
2490 4378 2769 4449 quemdam
2798 4376 3011 4431 modum
3037 4394 3051 4431 :
3083 4374 3316 4431 restabat
3339 4383 3397 4428 ut
3421 4381 3541 4428 tan-

1966 4491 2125 4548 quam
2150 4475 2301 4530 cibus
2323 4471 2550 4528 mundus
2575 4472 3001 4541 incorporaretur
3023 4467 3292 4531 Ecclesia,
3318 4465 3421 4520 hoc
3439 4473 3540 4531 est,

1968 4566 2181 4637 corpori
2209 4564 2438 4620 Domini.
2466 4563 2657 4618 Petrus
2670 4571 2845 4617 autem
2864 4559 3157 4631 trepidabat
3175 4558 3382 4614 tradere
3401 4557 3545 4613 Gen-

1970 4660 2108 4715 tibus
2132 4656 2476 4727 Evangelium
2503 4672 2515 4708 :
2537 4654 2659 4723 quia
2680 4653 2755 4707 illi
2770 4652 2857 4722 qui
2877 4650 3211 4706 crediderant
3229 4665 3293 4705 ex
3313 4650 3542 4704 circum-

1968 4750 2201 4812 cisione,
2253 4745 2603 4818 prohibebant
2652 4744 2935 4813 Apostolos
2966 4742 3176 4797 tradere
3216 4740 3543 4795 incircumci-

1969 4843 2043 4899 sis
2089 4841 2429 4896 christianam
2473 4837 2667 4902 ﬁdem;
2709 4845 2765 4891 et
2800 4836 3044 4891 dicebant
3080 4849 3184 4889 non
3225 4848 3318 4888 eos
3352 4832 3546 4888 debere

1972 4934 2228 4990 accedere
2274 4931 2341 4985 ad
2388 4929 2842 5000 participationem
2888 4924 3182 4995 Evangelii,
3226 4923 3326 4977 ﬂiSl
3361 4937 3545 4978 susce-

1967 5028 2173 5098 pissent
2217 5022 2675 5080 circumcisionem
2696 5060 2712 5087 ,
2751 5034 2869 5089 qua
2908 5016 3097 5073 tradita
3147 5026 3262 5071 erat
3308 5015 3546 5086 patribus

1967 5134 2265 5265 θοὲᾘέυτ
2306 5205 2418 5260 VII.
2432 5234 2503 5245 —
2517 5204 2569 5258 8.
2603 5201 2836 5257 Gentium
2858 5197 3072 5267 receptio
3090 5198 3225 5251 intra
3244 5197 3543 5252 Ecclesium.

1972 5304 2081 5359 Vas
2109 5318 2237 5372 ergo
2273 5299 2399 5355 illud
2427 5296 2809 5353 dubitationem
2849 5292 3003 5347 istam
3036 5291 3245 5346 sustulit
3284 5307 3297 5343 :
3337 5297 3391 5345 et
3428 5290 3549 5346 ideo

1974 5404 2094 5468 post
2120 5393 2265 5448 illam
2290 5390 2546 5446 visionem
2579 5385 2881 5441 admonitus
2904 5390 2988 5439 est
3012 5382 3080 5437 ab
3103 5380 3303 5450 Spiritu
3332 5390 3547 5447 sancto,

1974 5497 2033 5543 ut
2051 5484 2401 5543 descenderet
2417 5490 2471 5537 et
2493 5482 2592 5535 iret
2608 5494 2728 5534 cum
2749 5478 2827 5532 eis
2846 5475 2935 5545 qui
2954 5481 3207 5529 venerant
3228 5487 3255 5526 a
3277 5471 3545 5537 Cornelio,

1975 5591 2029 5638 et
2048 5579 2301 5652 perrexit.
2325 5574 2602 5631 Cornelius
2628 5570 2768 5625 enim
2793 5576 2847 5622 et
2864 5567 2954 5635 qui
2977 5580 3096 5621 cum
3123 5564 3213 5621 illo
3236 5571 3409 5630 erant,
3433 5570 3549 5616 tan-

1974 5687 2132 5743 quam
2152 5685 2219 5725 ex
2244 5667 2353 5722 illis
2372 5662 2684 5720 animalibus
2711 5659 3054 5723 habebantur,
3082 5656 3273 5728 quain
3295 5669 3420 5710 vase
3438 5652 3549 5708 fue'

1976 5772 2099 5838 rant
2115 5762 2475 5819 demonstrata
2502 5771 2519 5811 :
2548 5765 2682 5826 quos
2701 5759 2878 5806 tamen
2896 5763 3002 5823 jam
3017 5746 3362 5804 mandaverat
3386 5744 3547 5815 Deus,
