3978 6442
539 369 646 430 803

538 489 658 564 quia
684 485 1050 558 elcemosynas
1074 497 1258 540 eorum
1279 481 1404 539 inde
1423 487 1812 554 acceptaverat.
1827 477 2126 537 Occidendi

536 579 667 654 ergo
692 587 844 636 erant
870 587 924 634 et
945 575 1324 644 manducandi,
1358 574 1408 630 id
1437 583 1538 640 est,
1573 585 1630 630 ut
1659 573 2046 629 interﬁceretur
2076 572 2128 626 in

537 677 616 735 eis
640 675 746 732 vita
782 674 1072 746 prseterita,
1120 689 1222 744 qua
1267 686 1373 727 non
1418 680 1682 726 noverant
1726 668 2031 733 Christum;
2078 674 2132 721 et

536 769 828 825 transirent
871 766 923 820 in
967 781 1162 838 corpus
1199 765 1344 835 ejus,
1384 772 1633 836 tanquam
1665 762 1716 817 in
1746 775 1935 816 novam
1966 760 2130 813 vitam

535 863 805 918 societatis
832 859 1108 916 Ecclesizc.
1144 859 1276 920 Nam
1320 867 1374 913 et
1411 857 1526 930 ipse
1556 855 1744 912 Petrus
1772 870 1893 916 cum
1932 843 2130 914 ad‘eos

535 956 804 1026 venisset,
835 953 1274 1010 commemoravit
1303 951 1535 1007 breviter
1567 949 1693 1022 quid
1721 943 1821 1002 sibi
1853 947 1902 1002 in
1936 946 2024 1001 illa
2053 947 2131 1000 vi-

535 1049 689 1105 sione
730 1056 1084 1102 monstratum
1127 1046 1216 1100 sit.
1247 1045 1336 1102 Ait
1361 1044 1505 1100 enim
1535 1061 1549 1097 :
1582 1041 1649 1097 Et
1683 1058 1768 1097 vos
1804 1041 1939 1096 scitis
1976 1055 2128 1112 quant

531 1143 768 1198 illicitum
795 1142 858 1197 sit
883 1141 989 1196 viro
1018 1139 1201 1195 λειάωο
1217 1140 1478 1212 conjungi,
1501 1148 1588 1192 aut
1609 1135 1842 1192 accedere
1861 1136 1927 1190 ad
1951 1135 2128 1190 alicni-
2162 1163 2168 1169 -

531 1251 714 1307 genam
738 1250 758 1289 .'
787 1233 875 1288 sed
903 1231 1026 1287 milii
1059 1231 1198 1288 Deus
1240 1231 1484 1297 ostendit,
1529 1230 1778 1284 neminem
1814 1241 2127 1282 communem

533 1337 619 1384 aut
661 1325 980 1381 immundum
1028 1325 1277 1379 hominem
1327 1324 1507 1377 dicere.
1565 1320 1717 1390 Quod
1776 1320 1958 1389 utique
2003 1328 2127 1375 tunc

532 1419 764 1475 ostendit
792 1419 950 1485 Deus,
983 1431 1103 1474 cum
1140 1433 1242 1472 vox
1274 1415 1361 1470 illa
1393 1414 1566 1470 sonuit
1602 1432 1614 1467 :
1649 1413 1775 1482 Qua:
1808 1410 1944 1466 Deus
1977 1429 2126 1466 mun-

533 1511 701 1580 davit,
734 1519 788 1564 tu
827 1527 889 1564 ne
932 1508 1194 1562 immunda
1231 1509 1438 1564 dixeris.
1485 1508 1548 1561 Et
1587 1515 1771 1577 postea
1809 1507 2028 1560 veniens
2057 1502 2124 1560 ad

532 1603 724 1662 fratres
755 1603 808 1662 in
835 1602 1243 1673 Jerostilymam,
1268 1615 1387 1653 cum
1410 1598 1623 1670 quidam
1654 1599 2118 1664 tumultuarentur,

531 1698 674 1770 quod
702 1697 962 1756 Gentibus
988 1695 1328 1766 Evangelium
1362 1695 1680 1761 traderetur,
1712 1699 2008 1767 reprimens
2033 1709 2125 1750 co-

531 1807 649 1848 rum
676 1789 1112 1854 commotionem,
1141 1788 1301 1843 etiam
1333 1787 1504 1858 ipsntn
1537 1787 1706 1842 visum
1737 1801 2124 1842 commemora-

529 1884 608 1939 vit
634 1880 769 1957 (Act.
797 1879 871 1954 ιι)
898 1898 911 1936 :
933 1881 1074 1952 quod
1097 1881 1198 1936 nisi
1222 1880 1288 1936 ad
1311 1879 1552 1936 eamdem
1581 1879 1978 1952 intelligentiam
2000 1893 2122 1948 per-

532 1977 744 2039 tinerct.
775 1973 1302 2032 commemorandum
1334 1988 1437 2028 non
1469 1980 1633 2027 esset.

599 2068 824 2126 CAPUT
866 2066 1001 2126 Vlll.
1040 2095 1114 2107 -—
1157 2066 1210 2121 9.
1250 2065 1500 2122 Linteum.
1546 2061 1813 2120 Fortassis
1854 2072 2122 2134 qumratur

529 2162 688 2220 etiam
716 2161 868 2226 illud,
897 2176 1062 2232 quare
1093 2161 1312 2218 linteum
1335 2167 1475 2226 erat,
1504 2159 1556 2212 in
1579 2173 1686 2232 quo
1705 2167 1857 2215 erant
1884 2157 1969 2214 illa
2000 2158 2118 2216 ani-

527 2254 707 2310 malia.
747 2251 865 2310 Non
909 2252 1089 2324 utique
1127 2251 1245 2308 sine
1279 2265 1459 2306 causa.
1502 2249 1758 2304 Novimus
1798 2249 1938 2304 enim
1977 2247 2120 2320 quod

527 2347 749 2404 linteum
777 2345 920 2402 tinea
941 2359 1044 2402 non
1066 2341 1352 2406 consumit,
1380 2356 1500 2413 qua:
1522 2349 1695 2398 vestes
1723 2340 1853 2396 alias
1879 2355 2119 2396 corrum-

527 2439 626 2509 pit.
657 2436 918 2494 Excludat
943 2435 1305 2508 unusquisque
1333 2433 1400 2488 de
1428 2432 1590 2490 corde
1618 2446 1717 2490 suo
1747 2431 2120 2503 corruptiones

525 2530 786 2590 malarum
816 2529 1385 2600 concupiscentiarum,
1418 2537 1577 2600 atque
1603 2527 1674 2584 ita
1703 2527 2117 2598 incorruptibili-

525 2631 609 2682 ter
637 2625 876 2682 ﬁrmetur
897 2624 952 2682 in
976 2623 1108 2690 ﬁde,
1131 2632 1192 2684 ut
1220 2622 1396 2694 pravis
1431 2620 1836 2692 cogitationibus
1865 2628 2117 2691 tanquam

524 2718 684 2774 tineis
709 2733 816 2772 non
857 2725 1192 2788 penetratur,
1225 2716 1270 2774 si
1309 2715 1420 2769 vult
1459 2715 1524 2772 ad
1558 2721 1948 2772 sacramentum
1976 2713 2118 2776 illius

523 2808 672 2876 lintei
704 2808 1004 2879 pertinere,
1034 2822 1142 2878 quo
1174 2807 1430 2877 ﬁguratur
1458 2805 1719 2862 Ecclesia.

593 2900 817 2966 CAPUT
852 2899 944 2956 IX.
973 2932 1043 2946 σ-
1073 2902 1160 2958 10.
1198 2899 1356 2958 Trina
1392 2898 1677 2954 submissio.
1728 2899 1902 2967 Quare
1943 2907 2023 2958 ter
2049 2901 2117 2969 de

524 2995 662 3056 evolo
699 2994 1024 3058 submissum
1048 2993 1164 3054 est?
1192 2993 1326 3061 Quia
1363 2993 1494 3062 ipsa:
1526 3008 1718 3050 omnes
1743 2993 1967 3062 Gentes,
1996 3011 2116 3066 qua)

524 3088 793 3158 pertinent
815 3088 883 3145 ad
907 3095 1136 3160 quatuor
1159 3096 1339 3156 partes
1368 3087 1516 3146 orbis
1541 3094 1718 3153 terra),
1748 3104 1852 3158 qua
1871 3088 2118 3154 dissemi-

523 3189 680 3242 natur
720 3179 980 3247 Ecclesia,
1029 3193 1186 3248 quam
1231 3177 1600 3248 signiﬁcabant
1647 3187 1874 3248 quatuor
1921 3181 2115 3258 linem,

522 3273 718 3345 quibus
740 3286 836 3328 vas
870 3271 1000 3329 illud
1028 3271 1478 3339 connectebatur,
1507 3271 1558 3326 in
1590 3273 1805 3332 nomine
1839 3273 2115 3337 Trinitatis

525 3367 877 3437 baptinntur.
907 3365 963 3420 In
994 3365 1210 3422 nomine
1231 3365 1406 3422 Patris
1429 3377 1486 3422 et
1511 3365 1631 3426 Filii
1655 3374 1712 3424 et
1731 3366 1959 3437 Spiritus
1985 3383 2110 3426 san.

524 3459 598 3514 eti
624 3457 904 3514 credentes
932 3457 1272 3523 innovantur,
1306 3465 1362 3512 ut
1389 3457 1688 3526 pertineant
1709 3458 1775 3516 ad
1799 3460 2111 3522 societatem

523 3550 1058 3620 oetamttnionemque
1084 3557 1411 3605 sanctorum.
1437 3549 1678 3615 Quatuor
1710 3565 1840 3621 ergo
1873 3551 2028 3614 lineas
2056 3561 2115 3614 ot

523 3645 661 3702 trina
686 3645 994 3710 submissio,
1016 3644 1172 3701 etiam
1200 3643 1589 3702 duodenarium
1612 3643 1988 3714 Apostolorum
2015 3663 2113 3702 nun

520 3749 726 3796 mettum
749 3736 1020 3794 ostendit:
1047 3746 1296 3807 tanquam
1327 3737 1493 3795 ternis
1521 3751 1615 3805 per
1631 3745 1862 3806 quatuor
1881 3738 2110 3808 deputa.

522 3829 608 3886 tis.
637 3830 839 3897 Quam
861 3829 1007 3888 enim
1048 3829 1166 3891 tria.
1199 3827 1484 3890 duodecim
1513 3829 1664 3886 ﬁunt.
1689 3827 1855 3897 Satis,
1879 3838 1941 3886 ut
1961 3831 2112 3888 arbiu-

519 3929 652 3986 tror,
676 3921 743 3976 de
763 3923 862 3978 ista
888 3922 1091 3980 visione
1121 3928 1401 3976 tractatum
1432 3928 1534 3977 est.

587 4013 819 4071 CAPUT
853 4014 922 4072 Χ.
953 4043 1014 4058 --
1051 4015 1138 4069 Η.
1169 4013 1397 4078 Quiestio
1423 4014 1676 4081 secunda,
1710 4031 1774 4076 es
1805 4012 2104 4089 Evangelia.

517 4105 634 4162 Alia
663 4106 886 4175 quaestio
927 4121 958 4160 a
1001 4105 1156 4161 nobis
1185 4106 1344 4162 dilata
1377 4114 1522 4169 erat,
1559 4121 1727 4176 quare
1769 4107 2026 4166 Dentibus
2053 4109 2110 4170 in

518 4197 636 4267 ipso
669 4211 916 4253 sermone
951 4213 1108 4268 quem
1137 4198 1192 4253 in
1224 4205 1408 4256 monts
1432 4197 1650 4265 habuit,
1676 4198 1810 4256 dixit
1832 4199 2108 4271 discipulis

519 4289 632 4343 suis
652 4304 668 4343 :
691 4287 918 4343 buerant
933 4306 1087 4360 opera
1111 4299 1276 4344 castra
1299 4305 1470 4346 coram
1495 4291 1799 4358 hominibus,
1833 4299 1886 4348 ut
1905 4293 2108 4354 eidem

517 4381 650 4436 bona
673 4386 810 4453 facta
829 4392 1011 4448 serva,
1043 4391 1091 4436 et
1119 4382 1403 4454 glori/imi
1435 4381 1646 4443 Patrem
1669 4393 1908 4449 vestrum,
1937 4386 2024 4455 qui
2051 4387 2108 4442 in

515 4473 654 4530 catis
670 4483 765 4528 at.
792 4473 860 4530 Et
881 4474 1040 4542 paulo
1067 4484 1186 4542 putet
1215 4474 1269 4530 in
1291 4490 1360 4546 eo
1388 4474 1503 4544 ipse
1527 4489 1776 4535 sermone
1803 4476 1900 4542 ait,
1925 4475 2106 4540 Βαναία

515 4563 684 4634 [sum
703 4565 956 4634 iustitiam
984 4576 1199 4622 nestum
1223 4583 1396 4623 eorum
1420 4567 1703 4626 hminibus
1718 4609 1734 4633 .
1762 4569 2108 4630 utﬁdsmnini

513 4656 580 4710 ab
613 4656 720 4720 eis;
751 4665 834 4722 et,
882 4656 966 4711 Sit
989 4655 1302 4726 oleariam
1334 4668 1420 4714 tua
1445 4659 1498 4714 in
1527 4658 1841 4725 abscondita.
1873 4668 1919 4716 st
1949 4658 2106 4720 Paton

514 4758 632 4805 tuus
659 4750 898 4820 quicidet
927 4751 982 4804 in
1009 4749 1308 4805 abscondito
1325 4792 1342 4816 ,
1376 4752 1552 4806 reddet
1579 4753 1686 4808 tibi.
1716 4752 1958 4820 ﬂuctuat
1984 4754 2108 4822 plen

512 4855 740 4913 nmque
763 4853 1013 4912 operator
1043 4843 1181 4898 inter
1216 4842 1336 4897 hinc
1364 4842 1474 4898 duo
1496 4853 1786 4912 prmeepta,
1816 4851 1874 4902 ut
1899 4845 1984 4900 cui
2008 4845 2108 4902 ob,

513 4937 778 5006 temperet
799 4935 972 4990 nescit
997 4952 1010 4988 ε
1039 4934 1256 5004 quando
1282 4935 1466 5004 utique
1507 4936 1732 4998 Domino
1758 4937 1872 4992 vult
1893 4937 2105 4994 obtemq

506 5041 720 5105 perure,
737 5027 836 5098 qui
849 5041 1130 5098 utrumque
1151 5027 1403 5096 praeerit
1425 5027 1520 5096 (α).
1543 5028 1824 5094 Quomodo
1851 5030 2106 5100 lucebunt

506 5142 666 5198 opera
697 5131 881 5183 nostra
909 5138 1088 5177 coram
1118 5121 1440 5188 hominibus,
1471 5130 1527 5175 ut
1554 5123 1768 5176 videant
1797 5123 1932 5180 bona
1961 5124 2106 5182 facta

505 5228 720 5288 uestra;
745 5231 798 5275 et
817 5215 1088 5289 quomodo
1109 5230 1294 5269 rursus
1321 5215 1427 5270 erit
1453 5215 1794 5287 eleemosyna
1829 5226 2009 5271 nostra
2043 5219 2096 5272 in

505 5313 818 5368 abscondito
839 5311 863 5365 τ
889 5311 948 5365 Si
973 5311 1078 5366 hoc
1099 5307 1392 5367 observare
1417 5307 1660 5374 voluero,
1688 5307 1740 5362 in
1767 5308 1898 5364 illud
1927 5309 2099 5364 client.

506 5402 615 5457 do:
647 5405 695 5455 si
724 5401 854 5457 illud
885 5403 1271 5471 observavero,
1302 5399 1429 5458 hinc
1467 5414 1653 5470 pecco.
1699 5401 1838 5472 Ergo
1876 5410 2102 5474 tuerth

505 5491 796 5561 Scriptura:
831 5493 979 5549 iocus
1017 5494 1088 5549 ita
1117 5491 1497 5565 temperandus
1524 5500 1628 5560 est,
1655 5502 1718 5548 ut
1744 5494 2101 5552 ostendantur

503 5581 684 5638 divina
705 5595 971 5654 precepts
990 5587 1212 5643 adversa
1238 5589 1336 5644 sibi
1362 5604 1484 5646 esse
1505 5601 1612 5646 non
1641 5601 1820 5662 posse.
1842 5586 1975 5642 Nam
1995 5589 2100 5644 ista
2169 5641 2184 5647 -

502 5687 624 5747 qua;
650 5673 865 5732 videtur
894 5692 1066 5748 pugna
1095 5680 1151 5734 in
1185 5680 1384 5749 verbis,
1413 5697 1602 5752 pacem
1627 5678 1978 5740 intellecturis
2006 5681 2095 5736 is?

562 5854 637 5920 (ο)
656 5852 775 5906 Vide
792 5865 958 5922 supra,
971 5868 1122 5918 serta.
1144 5855 1225 5922 47,
1245 5869 1297 5908 ιι.
1324 5859 1398 5923 15,
1423 5867 1474 5913 et
1492 5874 1640 5913 serm.
1661 5861 1742 5922 54.
1762 5875 1814 5914 n.
1841 5867 1886 5917 1.

1795 366 1857 425 S.
1896 357 2265 423 AUGUSTI!"
2305 361 2610 422 EPISCOPI

2242 477 2422 549 quirit.
2446 477 2649 534 Habeat
2676 479 2901 553 quisque
2932 493 3055 537 cum
3091 479 3192 539 Dei
3228 480 3396 541 verba
3422 481 3479 540 in
3499 482 3664 543 corde
3695 499 3826 543 coa-

2239 573 2495 638 cordiam,
2525 581 2577 629 et
2599 573 2884 645 Scriptura:
2910 577 3050 632 nulla
3079 577 3344 634 discordia
3369 587 3470 634 est.

2308 662 2533 720 CAPUT
2572 665 2860 722 XL—ii.
2909 666 3160 724 Locorum
3210 686 3368 743 prava
3410 673 3823 743 interpretatione

2238 755 2511 812 discordia.
2551 755 2780 831 Virgines
2819 763 2983 816 oleum
3015 780 3118 817 non
3159 769 3393 835 ferentes.
3426 765 3675 838 Propone
3699 783 3827 841 ergo

2237 845 2508 908 hominem
2537 853 2931 928 eleemosynam
2954 853 3256 922 facientem,
3285 860 3364 914 sic
3393 869 3450 914 ut
3484 861 3708 915 omnino
3734 875 3827 918 ne-

2235 943 2369 998 sciat
2392 943 2602 1018 aliquis,
2630 945 2674 999 si
2697 946 2811 1001 ﬁeri
2837 953 3033 1018 potest,
3066 963 3164 1003 nec
3187 948 3277 1004 ille
3297 948 3384 1005 cui
3409 949 3602 1017 datur;
3628 961 3690 1008 ut
3710 953 3824 1024 ejus

2235 1040 2394 1095 etiam
2425 1040 2609 1096 oculos
2638 1041 2812 1096 vitans
2841 1053 3001 1114 ponat
3024 1045 3199 1114 potius
3217 1043 3359 1116 quod
3378 1045 3635 1111 inveniat,
3665 1063 3822 1117 quam

2233 1133 2470 1208 porrigat
2495 1134 2636 1206 quod
2667 1135 2912 1206 accipiat.
2943 1134 3079 1212 Quid
3126 1147 3303 1210 potest
3350 1136 3526 1194 facere
3569 1141 3823 1211 amplius,

2234 1235 2290 1289 ut
2319 1227 2610 1284 abscondat
2630 1230 3023 1302 eleemosynatn
3054 1231 3241 1286 suam?
3262 1231 3365 1286 Iste
3387 1233 3570 1304 utique
3593 1233 3821 1292 incurrit

2233 1318 2285 1373 in
2309 1319 2453 1374 illaut
2491 1321 2808 1377 sententiam
2831 1364 2846 1390 ,
2877 1331 2931 1378 et
2958 1338 3062 1380 non
3093 1321 3219 1378 facit
3252 1321 3395 1396 quod
3426 1324 3686 1381 Dominus
3713 1327 3821 1397 ait,

2229 1411 2453 1467 Luceant
2479 1431 2632 1486 Opera
2660 1425 2825 1469 vestra
2849 1433 3024 1470 coram
3055 1415 3362 1484 hominibus,
3387 1427 3440 1472 ut
3465 1418 3670 1474 videant
3691 1418 3825 1475 bona

2231 1507 2365 1577 facta
2393 1516 2572 1560 vestra.
2607 1507 2774 1562 Nemo
2795 1507 2940 1562 videt
2967 1508 3105 1564 facta
3137 1509 3256 1580 ejus
3288 1509 3450 1580 bona,
3494 1527 3604 1567 non
3635 1513 3826 1570 invitat

2229 1599 2294 1654 ad
2325 1599 2661 1656 imitandum.
2683 1601 2848 1656 Erunt
2876 1601 3054 1659 caeteri
3079 1603 3311 1673 steriles,
3344 1614 3602 1677 quantum
3625 1605 3676 1660 in
3707 1606 3825 1677 ipso

2229 1702 2309 1746 est
2330 1733 2344 1757 ,
2367 1692 2492 1747 dum
2517 1703 2700 1763 putant
2725 1710 2754 1747 a
2786 1695 2998 1750 nemine
3020 1695 3132 1750 ﬁeri
3158 1695 3300 1766 quod
3345 1698 3600 1769 praecepit
3631 1697 3775 1754 Deus
3794 1738 3814 1770 ,

2228 1783 2274 1838 si
2297 1783 2396 1838 hoc
2413 1783 2656 1841 homines
2680 1795 2858 1856 agant,
2882 1795 2937 1840 ut
2959 1802 3062 1841 non
3086 1787 3366 1843 videantur
3388 1788 3524 1844 bona
3548 1804 3715 1860 Opera
3731 1805 3825 1847 e0-

2227 1890 2343 1932 rum
2371 1895 2384 1934 :
2411 1892 2530 1934 cum
2555 1877 2729 1948 major
2753 1879 3119 1935 misericordia
3161 1882 3216 1936 in
3261 1897 3382 1936 eum
3420 1882 3531 1949 ﬁat,
3560 1883 3648 1938 cui
3697 1898 3827 1954 pro-

2227 1967 2446 2042 ponitur
2465 1969 2619 2024 bona:
2643 1970 2952 2028 imitationis
2979 1972 3309 2042 exemplum,
3344 1988 3503 2043 quam
3530 1975 3616 2029 cui
3639 1975 3822 2046 porri-

2226 2059 2365 2127 gitur
2390 2059 2662 2116 reﬁciendi
2684 2061 2925 2132 corporis
2945 2063 3275 2119 alimentum.
3307 2063 3551 2135 Propone
3582 2066 3814 2124 alterum

2226 2151 2590 2223 eleemosynas
2631 2167 2754 2208 suas
2786 2153 2926 2223 apud
2973 2155 3226 2226 populum
3271 2157 3616 2214 ventilantem
3656 2169 3824 2236 atque

2220 2243 2509 2313 jactantcm
2529 2286 2544 2310 ,
2569 2243 2698 2298 nihil
2725 2244 2866 2299 aliud
2894 2247 2946 2300 in
2968 2247 3046 2300 eis
3081 2263 3242 2317 quam
3270 2247 3412 2304 velle
3443 2249 3649 2308 laudari
3682 2269 3696 2305 :
3731 2250 3822 2310 lu-

2223 2347 2381 2398 ceant
2407 2354 2567 2412 opera
2595 2340 2712 2412 ejus
2747 2354 2926 2396 coram
2965 2341 3291 2400 hominibus.
3323 2343 3526 2400 Videtis
3551 2347 3680 2417 quia
3711 2363 3823 2406 non

2223 2430 2442 2488 offendit
2472 2431 2527 2486 in
2570 2431 2697 2492 illud
2738 2442 3062 2510 praeceptum
3095 2451 3108 2492 :
3140 2433 3236 2491 sed
3257 2435 3477 2494 oﬂ'endit
3509 2437 3560 2496 in
3586 2439 3823 2501 alterum

2223 2520 2449 2578 dicentis
2487 2522 2730 2588 Domini,
2765 2520 2846 2580 Sit
2897 2524 3216 2598 eleemosyna
3258 2534 3347 2580 tua
3391 2526 3444 2580 in
3497 2528 3821 2592 abscondito.

2223 2610 2368 2672 Talis
2395 2612 2484 2682 qui
2512 2612 2699 2678 fuerit,
2741 2613 2902 2668 etiam
2951 2614 3237 2684 pigrescit,
3283 2615 3330 2670 si
3373 2617 3604 2673 existant
3649 2619 3824 2694 aliqui

2223 2703 2392 2778 impii,
2421 2703 2509 2774 qui
2541 2702 2676 2760 forte
2705 2703 3100 2774 reprehendant
3143 2704 3286 2776 quod
3335 2705 3478 2762 facit.
3514 2707 3723 2765 Pendet
3749 2725 3824 2771 ex

2223 2795 2399 2866 lingua
2423 2795 2752 2854 laudantium
2785 2796 3016 2854 :similis
3043 2805 3127 2852 est
3154 2806 3337 2855 autem
3368 2799 3663 2870 virginibus
3695 2819 3824 2874 qua

2222 2901 2328 2941 non
2355 2896 2567 2956 portant
2585 2887 2762 2942 oleum
2792 2901 2996 2944 secum.
3029 2888 3210 2946 Nostis
3235 2890 3379 2948 enim
3427 2893 3663 2964 quinque
3706 2894 3824 2952 vir-

2218 2979 2370 3054 gines
2412 2979 2622 3044 stultas,
2661 2994 2780 3052 qua:
2833 2979 3010 3039 oleum
3056 2995 3238 3038 secum
3280 2997 3388 3040 non
3423 2993 3820 3058 portaverant;

2219 3070 2350 3124 alias
2375 3078 2553 3129 autem
2570 3074 2860 3140 sapientes,
2885 3087 3004 3141 quin
3033 3073 3212 3128 oleum
3234 3089 3414 3131 secum
3437 3086 3817 3146 portaverunt.

2219 3161 2466 3224 Omnium
2496 3163 2769 3234 lampades
2788 3165 3035 3221 lucebant
3065 3184 3076 3222 :
3105 3166 3203 3224 sed
3243 3167 3363 3227 alia:
3393 3183 3500 3228 non
3542 3169 3825 3236 habebant

2218 3270 2398 3318 secum
2429 3255 2569 3312 unde
2597 3256 2742 3312 illam
2773 3266 3052 3328 pascerent
3075 3259 3270 3327 lucem,
3296 3271 3351 3316 et
3376 3261 3444 3322 ab
3463 3264 3542 3321 eis
3566 3280 3688 3336 qua:
3721 3266 3825 3326 ha.

2217 3347 2416 3408 bebant
2446 3347 2520 3406 ita
2571 3347 3056 3420 distinguebantur,
3101 3361 3162 3408 ut
3208 3353 3316 3410 illa:
3350 3356 3548 3423 stultzn,
3590 3359 3700 3418 illa:
3727 3377 3820 3422 sa.

2217 3439 2425 3512 pientes
2447 3428 2753 3502 dicerentur
2780 3441 2992 3514 (Matth.
3020 3459 3146 3510 xxv,
3176 3445 3349 3518 1-15).
3377 3446 3511 3516 Quid
3551 3459 3634 3510 est
3659 3465 3817 3527 ergo,

2216 3533 2358 3588 ferre
2382 3531 2561 3592 oleum
2601 3547 2820 3600 secum,
2877 3534 2979 3615 nisi
3027 3534 3224 3591 habere
3267 3539 3653 3597 conscientiam
3701 3545 3820 3615 ph.

2215 3625 2371 3686 cendi
2398 3625 2506 3682 Deo
2539 3624 2608 3690 de
2637 3626 2790 3681 bonis
2818 3627 3093 3697 operibus,
3119 3639 3172 3684 et
3194 3645 3302 3688 non
3330 3631 3399 3688 ibi
3449 3633 3609 3690 ﬁnem
3627 3638 3818 3708 gaudii

2215 3721 2296 3784 sui
2325 3735 2544 3791 ponere,
2577 3721 2622 3780 si
2644 3720 2890 3786 homines
2932 3722 3168 3789 laudent,
3198 3724 3286 3794 qui
3310 3728 3696 3785 conscientiam
3731 3732 3819 3790 vi.

2215 3813 2344 3878 dere
2367 3829 2474 3874 non
2500 3813 2754 3882 possunt?
2785 3813 2917 3878 Quia
2943 3813 3070 3870 facit
3093 3817 3260 3884 enim,
3289 3827 3466 3887 potest
3490 3820 3678 3880 videre
3715 3822 3819 3884 bo.

2214 3920 2305 3969 lno
2337 3923 2351 3960 :
2379 3919 2485 3980 quo
2505 3915 2682 3962 autem
2705 3905 2884 3964 animo
2913 3905 3089 3974 iaciat,
3117 3908 3256 3963 Deus
3286 3910 3450 3968 videt.

2284 3996 2510 4060 CAPUT
2555 3994 2876 4052 Xll.-—-—i5.
2924 3996 3275 4058 Conciliantur
3329 4000 3442 4057 loco
3490 4003 3547 4060 in
3592 4009 3818 4076 speciem

2214 4089 2488 4151 contraria,
2551 4088 2920 4159 Proponamus
2985 4106 3115 4161 ergo
3185 4095 3416 4166 aliquam
3477 4109 3819 4172 praeceptum

2213 4192 2500 4252 utrumque
2544 4193 2868 4248 servantem.
2926 4185 3137 4262 utrique
3180 4189 3545 4250 obedientem.
3570 4195 3817 4271 Pet-rixis

2213 4288 2404 4344 panem
2441 4273 2720 4340 esurienti,
2752 4283 2807 4335 et
2832 4277 3052 4347 porrigit
3080 4292 3260 4337 coram
3291 4281 3396 4338 illis
3417 4299 3552 4354 quos
3582 4288 3698 4343 vult
3729 4288 3820 4347 fa.

2214 4381 2339 4421 cere
2367 4366 2662 4423 imitatores
2704 4382 2866 4432 suos.
2901 4369 3136 4429 imitatus
3166 4374 3328 4432 etiam
3361 4376 3684 4447 Apostolum
3721 4382 3818 4439 di-

2211 4467 2451 4523 centem,
2496 4457 2789 4516 IntiIutores
2813 4463 2908 4520 mei
2936 4473 3110 4532 estate,
3137 4465 3268 4525 simu
3311 4479 3361 4526 st
3403 4487 3495 4542 em
3531 4470 3819 4550 Christi“

2213 4548 2331 4614 Car.
2364 4565 2442 4613 tv,
2474 4551 2562 4612 16,
2595 4561 2640 4610 at
2679 4567 2760 4617 xl,
2794 4554 2865 4622 i).
2893 4553 3126 4625 Porrigit
3164 4573 3296 4628 ergo
3331 4564 3562 4631 pauperi.
3583 4548 3814 4638 partem,

2210 4641 2524 4706 manifestus
2547 4643 2599 4700 in
2625 4659 2811 4712 opere,
2829 4645 3056 4710 devotus
3078 4649 3131 4704 in
3160 4652 3342 4712 conlo.
3375 4653 3568 4720 Utrum
3587 4659 3820 4719 inb-

2210 4748 2360 4794 suatn
2388 4735 2460 4789 ibi
2489 4747 2692 4805 quierat
2711 4778 2727 4804 ,
2749 4753 2818 4797 an
2837 4740 3063 4808 gloriam
3091 4742 3187 4800 Dei
3215 4745 3393 4803 nauus
3417 4747 3700 4816 horninmn
3729 4755 3822 4812 vi»

2209 4827 2322 4894 det,
2353 4828 2528 4888 nullus
2559 4827 2831 4890 hominum
2858 4832 3064 4900 judicat
3095 4853 3108 4888 :
3139 4837 3240 4894 sed
3264 4849 3439 4900 tamen
3464 4843 3538 4896 illi
3566 4847 3661 4915 qui
3685 4856 3819 4904 snt-

2210 4921 2298 4976 dio
2324 4922 2584 4984 benevolo
2611 4925 2680 4981 ad
2705 4925 3016 4982 imitandum
3050 4931 3217 4998 pamti
3251 4943 3396 5000 sunt,
3421 4937 3570 5005 quati
3597 4939 3824 5001 bona.

2211 5015 2328 5072 ﬁeri
2365 5015 2562 5080 vident,
2589 5011 2748 5074 etiam
2773 5019 2859 5088 pio
2873 5021 3056 5077 animo
3075 5021 3190 5078 ﬁeri
3218 5026 3475 5090 credunt;
3502 5038 3556 5084 et
3575 5030 3816 5092 laudant

2210 5107 2401 5174 Deum,
2431 5108 2581 5177 cujus
2606 5123 2879 5180 precepts
2902 5112 3120 5168 etdono
3155 5116 3280 5171 talia
3301 5115 3420 5172 ﬁeri
3449 5120 3655 5178 vitiant.
3688 5127 3826 5198 Ap-

2209 5209 2360 5270 paret
2385 5213 2516 5269 ergo
2543 5215 2677 5269 opus
2701 5202 2836 5271 ejus,
2876 5213 2935 5259 ut
2966 5205 3182 5262 videant
3209 5207 3474 5278 homines,
3505 5224 3560 5277 et
3595 5216 3828 5286 uiuiﬁ-

2207 5301 2332 5348 ceatt
2357 5293 2566 5348 Patrem
2588 5294 2681 5362 qui
2705 5293 2756 5347 in
2774 5295 2924 5350 oculis
2948 5305 3066 5352 es:
3096 5298 3210 5369 ipse
3236 5310 3416 5358 autem
3433 5303 3660 5362 σασα.
3683 5311 3832 5381 ojau

2207 5386 2263 5441 in
2291 5387 2454 5441 corde
2473 5395 2585 5453 est,
2617 5396 2674 5441 ut
2699 5388 2770 5442 sit
2793 5390 3136 5463 ehemosyna
3161 5393 3281 5462 ejus
3297 5395 3352 5451 in
3377 5398 3732 5469 abscondito,
3761 5414 3834 5464 οι

2206 5479 2363 5534 Pater
2391 5478 2480 5548 qui
2501 5477 2643 5534 videt
2669 5478 2724 5542 in
2747 5480 3058 5536 abscondito
3075 5523 3092 5546 ,
3111 5483 3302 5540 reddat
3328 5487 3398 5541 ei.
3421 5486 3678 5554 Ser-ruit.
3694 5494 3826 5556 iss.

2205 5569 2423 5626 modum
2459 5585 2622 5640 quem
2655 5571 2875 5640 debuit,
2912 5573 3109 5630 rutilius
3143 5579 3400 5649 pmcepti
3425 5589 3826 5657 centeupsor,

2205 5663 2300 5722 sed
2328 5665 2604 5736 utriusque
2630 5665 2918 5737 perfector.
2937 5666 3096 5724 Cavit
3118 5671 3262 5726 enim
3299 5688 3370 5728 ne
3411 5672 3566 5730 ﬁeret
3587 5681 3831 5747 justiti.

2203 5761 2321 5829 eius
2339 5775 2523 5816 coram
2554 5761 2884 5832 haesitantem
2903 5763 2957 5826 id
2983 5774 3090 5834 est,
3120 5783 3191 5828 ac
3231 5767 3310 5828 ibi
3342 5767 3572 5835 habeer
3599 5774 3827 5850 linem,

2203 5861 2264 5912 ut
2288 5853 2356 5909 ab
2382 5851 2685 5912 hominibus
2706 5855 3044 5925 laudaretur,
3088 5859 3300 5930 quando
3341 5875 3450 5920 non
3475 5878 3539 5923 se
3581 5864 3818 5944 ipsum,
