4098 6310
527 271 636 329 807

531 385 585 450 I.
621 385 704 454 2).
750 380 975 440 iubebat
1011 392 1137 451 ergo
1163 376 1300 431 orari
1326 387 1420 444 pro
1444 370 1692 443 regibus:
1719 378 1774 424 et
1789 377 1913 423 tunc
1941 380 2094 438 reges

529 475 978 550 persequebantur
997 469 1276 525 Ec'clesias.
1299 465 1402 523 Sed
1429 479 1558 535 quas
1585 471 1710 516 tunc
1734 476 1830 532 pro
1855 473 2097 550 seorau-

531 547 614 624 tes
657 563 1129 636 persequebantur,
1179 572 1321 613 nunc
1359 571 1455 626 pro
1495 569 1554 610 se
1583 552 1858 608 exauditas
1906 547 2116 626 defen-g,

527 659 820 804 dugiirur
855 744 1018 802 XVII.
1037 773 1109 785 ——
1122 742 1208 798 I8.
1237 739 1469 796 Proximi
1487 738 1686 792 nomine
1698 734 1927 790 inimicus
1947 730 2095 786 etiam

524 839 811 913 diligendus
834 837 1144 910 prmeipitur.
1171 833 1263 889 Vis
1285 846 1411 903 ergo
1427 840 1481 887 et
1495 828 1621 885 illud
1653 827 1986 895 antiquorum
2002 836 2094 875 cu-

523 932 723 989 stodire
755 927 1110 1001 praeceptum?
1135 925 1306 996 Dilige
1334 922 1631 995 proximum
1658 927 1827 982 tuum,
1874 914 1978 968 hoc
2011 919 2094 966 est

522 1040 736 1082 omnem
758 1023 1048 1078 hominem.
1076 1020 1157 1075 Ex
1179 1017 1389 1074 duobus
1412 1016 1551 1070 enim
1575 1011 1762 1084 primis
1784 1004 2092 1079 parentibus

523 1132 710 1176 omnes
737 1115 867 1183 nati,
895 1126 1080 1168 omnes
1104 1111 1284 1180 utique
1309 1106 1535 1179 proximi
1559 1117 1758 1158 sumus.
1779 1100 1936 1156 Certe
1951 1096 2092 1154 enim

523 1212 638 1282 ipse
662 1208 918 1265 Dominus
936 1205 1091 1261 Iesus
1114 1203 1356 1259 Christus
1375 1200 1462 1270 qui
1493 1197 1634 1268 diligi
1667 1195 1902 1266 praecipit
1920 1193 2095 1247 inimi-

521 1319 634 1370 cos,
657 1304 710 1357 in
730 1300 933 1356 duobus
953 1297 1057 1351 illis
1082 1294 1358 1365 praeceptis
1373 1300 1535 1346 totam
1557 1289 1750 1358 Legem
1772 1295 1825 1341 et
1851 1283 2091 1354 Prophe-

521 1402 604 1450 tas
630 1391 864 1463 pendere
884 1397 1103 1445 testatus
1127 1395 1208 1440 est
1227 1401 1240 1437 :
1259 1383 1451 1454 Diliges
1477 1380 1746 1434 Dominum
1767 1377 1930 1431 Deum
1953 1385 2093 1428 tuum

521 1500 585 1540 ea:
619 1491 722 1536 toto
749 1480 899 1535 corde
922 1488 1026 1542 tuo,
1050 1485 1096 1531 et
1120 1491 1182 1530 ea:
1201 1483 1303 1527 tota
1322 1474 1492 1526 anima
1523 1479 1627 1534 tua,
1652 1478 1698 1521 et
1726 1483 1788 1521 ea:
1807 1476 1909 1520 tota
1929 1473 2093 1518 mente

521 1583 610 1629 tua
621 1589 642 1638 ;
657 1580 733 1638 et,
745 1570 938 1640 Diliges
954 1567 1236 1639 proximum
1248 1576 1384 1618 tuum
1397 1572 1631 1627 tanquam
1644 1569 1690 1613 te
1700 1559 1863 1627 ipsum
1882 1554 2088 1626 (Matth.

520 1681 658 1731 xxu,
683 1662 893 1730 57-40).
930 1659 1072 1718 Nihil
1098 1657 1171 1714 ibi
1196 1655 1446 1727 prmcepit
1469 1653 1534 1708 de
1560 1651 1844 1706 dilectione
1870 1647 2089 1700 inimici.

520 1756 635 1812 Non
665 1769 792 1824 ergo
819 1761 986 1807 totum
1022 1751 1136 1804 haec
1161 1748 1266 1804 duo
1293 1753 1555 1817 praecepta
1583 1739 1887 1797 continent?
1917 1737 2088 1792 Absit.

519 1846 652 1914 Quia
676 1859 795 1900 cum
811 1843 958 1907 dicit,
986 1841 1177 1910 Diliges
1193 1839 1478 1910 proximum
1498 1845 1657 1898 tuum,
1676 1834 1747 1887 ibi
1768 1840 1889 1886 sunt
1907 1845 2091 1884 omnes

521 1937 780 2001 homines,
811 1934 1017 1990 etiamsi
1047 1931 1242 1986 fuerint
1277 1927 1507 1984 inimici:
1536 1925 1660 1996 quia
1697 1924 1855 1978 etiam
1903 1937 2094 1976 secun-

517 2029 646 2085 dum
673 2026 994 2097 spiritualem
1026 2021 1467 2094 propinquitatem
1507 2017 1682 2073 nescis
1720 2014 1845 2084 quid
1887 2012 1980 2067 tibi
2023 2012 2094 2065 sit

517 2119 576 2178 in
603 2115 933 2190 praescientia
958 2115 1052 2169 Dei
1078 2115 1258 2180 homo,
1285 2111 1375 2180 qui
1406 2108 1498 2162 tibi
1540 2106 1608 2160 ad
1648 2114 1857 2174 tempus
1885 2100 2092 2155 videtur

518 2211 781 2266 inimicus.
802 2208 934 2276 Quia
955 2206 1096 2261 enim
1119 2201 1370 2274 patientia
1391 2199 1486 2255 Dei
1504 2197 1570 2253 ad
1590 2193 1952 2267 pteniteutiam
1971 2207 2092 2245 eum

514 2301 752 2362 adducit.
776 2297 1018 2354 fortassis
1041 2301 1328 2366 cognoscet
1353 2300 1406 2347 et
1429 2298 1680 2360 sequetur
1707 2287 2008 2342 ducentem.
2033 2281 2090 2336 Si

517 2394 660 2450 enim
691 2392 832 2446 Deus
861 2391 973 2459 ipse
999 2388 1088 2458 qui
1116 2386 1264 2440 novit
1289 2383 1378 2453 qui
1407 2383 1513 2436 sint
1551 2380 1604 2434 in
1650 2377 1882 2447 peccatis
1910 2389 2092 2444 perse—

518 2483 772 2547 veraturi,
802 2481 888 2552 qui
929 2477 1162 2534 relicturi
1195 2475 1452 2544 justitiam
1491 2480 1547 2527 et
1585 2467 2002 2524 irrevocabiliter
2025 2463 2092 2518 ad

518 2574 847 2645 iniquitatem
872 2569 1090 2640 lapsuri,
1115 2577 1288 2623 tamen
1311 2566 1436 2620 facit
1458 2565 1625 2618 solem
1660 2577 1814 2617 suum
1842 2559 1968 2613 oriri
1997 2572 2092 2611 su-

519 2681 616 2736 per
644 2666 812 2720 bonos
833 2671 888 2717 et
911 2663 1099 2727 malos,
1131 2668 1186 2715 et
1211 2659 1345 2728 pluit
1369 2671 1528 2726 super
1555 2656 1726 2724 justos
1767 2663 1822 2707 et
1847 2651 2091 2751 injustos,

521 2754 750 2810 inritans
778 2753 958 2822 utique
986 2751 1053 2806 ad
1080 2749 1444 2820 paenitentiam
1464 2761 1558 2815 per
1575 2744 1902 2815 patientiam,
1933 2744 2094 2810 utqui

519 2846 848 2917 neglexerint
877 2845 990 2912 ejus
1016 2841 1325 2906 bonitatem,
1357 2839 1697 2908 experiantur
1729 2835 1785 2889 in
1808 2834 1912 2888 fine
1940 2847 2092 2887 seve-

521 2937 770 3002 ritatem;
797 2943 994 3004 quanta
1017 2931 1371 2987 sollicitudine
1391 2928 1702 3000 placabilem
1736 2932 1947 2994 oportet
1976 2937 2095 2978 esse

522 3025 812 3092 hominem,
843 3040 911 3080 ne
950 3023 1084 3078 forte
1124 3023 1370 3077 nesciens
1409 3021 1578 3091 qualis
1620 3019 1823 3073 futurus
1852 3019 1940 3084 sit,
1973 3032 2094 3071 cum

521 3127 816 3189 praesentes
841 3117 956 3184 ejus
975 3116 1277 3171 inimicitias
1301 3114 1604 3180 attenderit,
1634 3113 1806 3168 oderit
1832 3127 1954 3167 eum
1972 3126 2093 3167 cum

522 3226 628 3281 quo
655 3211 708 3265 in
747 3218 943 3266 aeterna
972 3208 1219 3264 felicitate
1247 3207 1519 3278 regnabit?
1549 3207 1711 3276 Imple
1738 3222 1864 3276 ergo
1892 3221 2094 3275 praece-

522 3311 670 3373 ptum
696 3303 946 3371 primum,
977 3303 1144 3374 Dilige
1170 3303 1466 3372 proximum
1489 3311 1659 3367 tuum,
1691 3315 1903 3354 omnem
1926 3301 2096 3354 homi-

523 3410 677 3462 nem;
705 3403 760 3450 et
786 3394 961 3451 oderis
990 3395 1259 3450 inimicum
1307 3404 1474 3460 tuum,
1519 3394 1806 3449 diabolum.
1852 3391 2017 3461 Imple
2043 3400 2096 3445 et

521 3485 833 3542 secundum.
863 3486 1029 3556 Dilige
1048 3487 1288 3543 inimicos
1309 3496 1446 3553 tuos,
1480 3485 1574 3540 sed
1595 3487 1866 3541 homines:
1888 3499 1979 3540 ora
1999 3499 2095 3554 pro

522 3576 602 3631 eis
627 3577 714 3647 qui
743 3586 796 3631 te
825 3585 1229 3646 persequuntur,
1261 3577 1353 3632 sed
1383 3593 1477 3646 pro
1505 3577 1838 3631 hominibus:
1863 3575 1998 3631 bene
2015 3575 2096 3631 fac

523 3667 600 3723 eis
629 3667 716 3737 qui
744 3676 796 3722 te
820 3666 1064 3732 oderunt,
1090 3669 1185 3723 sed
1212 3667 1531 3722 hominibus.

592 3759 814 3814 CAPUT
852 3759 1035 3814 XVIII.
1065 3790 1135 3800 —
1165 3760 1249 3814 19.
1290 3759 1587 3824 Explicatur
1613 3759 1840 3827 Apostoli
1857 3758 2014 3823 locus,
2033 3759 2097 3812 de

519 3850 818 3906 carbonibus
839 3852 1160 3922 congerendis
1185 3867 1334 3920 super
1361 3861 1509 3921 caput
1546 3852 1754 3905 inimici.
1783 3851 1846 3906 Si
1871 3851 2096 3905 esurierit

519 3940 752 3995 inimicus
768 3951 902 4007 tuus,
918 3942 1030 3995 ciba
1048 3942 1224 4005 illum;
1242 3942 1286 3995 si
1302 3941 1424 4009 sitit,
1450 3951 1620 4012 potum
1642 3942 1706 3995 da
1727 3943 1804 3996 illi
1821 3959 1838 3997 :
1853 3945 1947 3996 hoc
1961 3943 2096 3997 enim

522 4032 731 4100 faciens,
761 4031 998 4085 carbones
1023 4032 1153 4102 ignis
1175 4048 1409 4103 congeras
1435 4049 1586 4102 super
1613 4045 1763 4103 caput
1787 4035 1895 4105 ejus
1917 4035 2092 4103 (Rom.

522 4137 618 4188 xu,
647 4120 762 4192 20).
791 4121 858 4176 Et
897 4121 984 4176 hic
1003 4124 1224 4192 quaestio
1251 4134 1352 4178 est.
1385 4124 1660 4192 Quomodo
1702 4125 1845 4180 enim
1871 4126 2095 4194 quisque

521 4212 710 4283 diligit,
742 4228 897 4282 quem
927 4214 1038 4268 vult
1058 4215 1244 4270 ardere
1267 4215 1616 4271 carbonibus?
1635 4215 1738 4272 Sed
1766 4217 1809 4271 si
1837 4218 2096 4289 intelliga-

522 4310 628 4366 tur,
651 4302 793 4356 nulla
821 4304 1088 4358 contentio
1107 4313 1207 4359 est.
1230 4305 1305 4359 De
1326 4305 1430 4359 illis
1449 4306 1589 4359 enim
1610 4308 1963 4362 vastatoribus
1979 4324 2096 4364 car-

521 4391 747 4447 bonibus
772 4392 982 4458 dicitur,
1013 4395 1101 4464 qui
1128 4396 1319 4466 dantur
1351 4396 1551 4450 homini
1580 4397 1836 4453 adversus
1861 4399 2094 4470 linguam

522 4484 796 4539 subdolam
841 4483 1010 4555 (Psal.
1043 4502 1184 4554 cxrx,
1219 4488 1272 4554 5,
1320 4489 1396 4560 4).
1428 4489 1558 4544 Cum
1588 4491 1728 4544 enim
1755 4491 1977 4562 quisque
2003 4493 2096 4549 be-

519 4574 776 4630 nefcccrit
800 4576 1030 4641 inimico,
1061 4587 1114 4632 et
1141 4594 1245 4632 non
1276 4579 1444 4634 victus
1482 4581 1621 4635 malo
1660 4582 1796 4652 ejus,
1834 4585 2018 4640 vicerit
2041 4586 2094 4642 in

521 4666 664 4722 bono
690 4669 916 4733 malum;
941 4670 1255 4741 plerumque
1280 4672 1426 4726 illum
1460 4673 1848 4729 inimicitiarum
1877 4691 2092 4734 suarum

519 4760 818 4829 ptenitebit,
854 4772 908 4816 et
938 4760 1193 4817 irascetur
1217 4764 1338 4832 sibi,
1379 4765 1516 4834 quod
1549 4775 1652 4820 tam
1679 4766 1873 4823 bonum
1918 4769 2093 4826 homi-

519 4866 644 4906 nem
676 4851 890 4906 laeserit.
915 4853 1031 4923 lpsa
1056 4869 1182 4908 vero
1212 4855 1368 4920 ustio,
1399 4856 1709 4925 poenitentia
1727 4867 1828 4923 est,
1845 4876 1962 4930 quae
1980 4872 2094 4916 tan-

519 4957 678 5012 quam
708 4942 968 4998 carbones
988 4943 1123 5014 ignis
1150 4945 1451 5001 inimicitias
1473 4946 1587 5018 ejus
1615 4949 1942 5022 malitiasque
1961 4968 2091 5008 con-

521 5033 700 5087 sumit.

1049 5104 1276 5161 sarum
1313 5106 1395 5160 CL
1427 5109 1446 5131 α
1467 5106 1563 5175 (α).

522 5217 603 5272 De
622 5217 779 5273 verbis
805 5218 1030 5278 Acutum,
1049 5222 1420 5290 Apostolorum,
1448 5221 1670 5290 Quidam
1699 5235 1873 5282 autem
1901 5228 2093 5298 Epicu-

592 5308 669 5362 rei
698 5317 750 5363 et
789 5307 952 5364 Stoici
999 5309 1298 5381 philosophi
1347 5312 1676 5371 disserebant
1717 5331 1835 5373 cum
1863 5333 1947 5386 eo,
1994 5331 2089 5376 etc.

592 5415 708 5470 cap.
746 5416 876 5468 xvu,
923 5402 960 5472 Ῡ
985 5402 1180 5458 ,18-54
1205 5402 1300 5476 (b).

588 5551 606 5616 '_
641 5551 930 5616 mnendatus
949 5555 1011 5604 ad
1032 5553 1094 5605 cl.
1119 5569 1184 5606 m.
1211 5563 1263 5608 et
1292 5566 1390 5609 Am.
1412 5565 1486 5610 Er.
1510 5560 1642 5610 Ulim.
1671 5569 1771 5612 Par.
1796 5568 1903 5616 Lov.

585 5613 658 5680 (ᾳ)
681 5612 820 5672 Alias,
843 5615 894 5664 in
906 5624 1045 5680 tomo
1071 5617 1120 5668 6.

584 5674 1016 5737 (b)Ccnsurabuic
1058 5683 1278 5738 tractatui
1331 5684 1381 5733 in
1431 5691 1559 5737 torno
1590 5685 1622 5736 6
1654 5686 1759 5740 haec
1804 5689 1866 5741 ab
1903 5695 2090 5744 Erasnn

1760 252 1822 310 S.
1860 243 2224 310 AUGUSTINI
2263 249 2562 309 EPISCOPI

3671 253 3783 313 808

2745 365 2942 415 Habitus
2961 365 3246 430 Carthagini.

2272 454 2494 511 CAPUT
2537 456 2814 512 PRIMUM.
2866 444 3024 512 -Λ,
3069 457 3267 512 Paulus
3307 459 3445 529 apud
3506 458 3782 514 Athenien-

2199 563 2277 602 ses
2317 545 2616 616 prwdicans.
2677 548 2914 604 Advertit
2956 548 3229 618 nobiscum
3272 549 3516 605 Charitas
3565 561 3776 620 vestra,

2198 650 2321 690 cum
2365 636 2628 707 legeretur
2672 638 2803 693 liber
2844 641 3069 693 Actuum
3123 641 3520 709 Apostolorum,
3558 641 3781 699 Paulum

2198 723 2430 780 locutum
2454 741 2574 781 esse
2599 727 3031 793 Atheniensibus,
3060 737 3114 783 et
3136 731 3204 783 ab
3228 731 3307 786 eis
3325 731 3414 800 qui
3442 732 3782 800 prtedicatio-

2200 829 2321 870 nem
2347 817 2590 871 veritatis
2620 817 2926 885 irridebant,
2954 818 3154 872 dictum
3185 819 3346 875 fuisse
3375 821 3658 877 verborum
3686 838 3781 878 se-

2203 906 2539 960 minatorem.
2559 907 2766 961 Dictum
2783 916 2866 963 est
2879 908 3090 978 quidem
3107 911 3175 964 ab
3191 910 3547 980 irridentibus,
3562 913 3654 969 sed
3672 929 3778 969 non

2198 997 2552 1066 respuendum
2575 1008 2657 1052 est
2679 1014 2709 1052 a
2734 999 3090 1056 credentibus.
3124 1001 3254 1056 Erat
3277 1004 3420 1058 enim
3459 1019 3643 1060 revera
3691 1006 3781 1061 ille

2201 1086 2495 1141 seminator
2521 1087 2826 1157 verborum,
2859 1089 2953 1144 sed
3001 1105 3209 1145 messor
3233 1107 3464 1147 morum.
3495 1095 3558 1148 Et
3588 1109 3686 1149 nos
3709 1095 3776 1150 li-

2197 1188 2283 1234 cet
2313 1180 2497 1233 lantilli
2537 1189 2591 1234 et
2620 1196 2948 1251 nequaquam
2995 1183 3141 1238 illius
3190 1184 3518 1239 excellentiae
3559 1201 3782 1256 compa-

2196 1271 2370 1336 randi,
2402 1273 2454 1326 in
2489 1288 2616 1342 agro
2655 1275 2769 1340 Dei,
2811 1274 2951 1344 quod
2979 1286 3061 1330 est
3086 1290 3180 1330 cor
3208 1285 3468 1345 vestrum,
3493 1279 3654 1334 verba
3681 1281 3778 1336 Dei

2198 1361 2542 1428 seminamus,
2570 1373 2625 1418 et
2662 1365 2880 1420 uberem
2921 1379 3154 1420 messem
3203 1367 3270 1422 de
3313 1369 3504 1423 vestris
3543 1370 3782 1426 moribus

2197 1464 2587 1523 exspectamus.
2623 1455 3000 1512 Verumtamen
3046 1458 3186 1513 unde
3239 1458 3587 1515 admonemur
3628 1461 3777 1532 loqui

2197 1540 2449 1599 Charitati
2477 1555 2686 1612 vestrae,
2714 1548 2850 1616 quod
2880 1549 2992 1617 ipsa
3019 1549 3246 1605 lectione
3283 1552 3606 1618 continetur,
3647 1551 3775 1607 hor-

2197 1641 2371 1688 tamur
2393 1638 2643 1692 attentius
2669 1640 2974 1704 auvertatis,
3008 1641 3052 1697 si
3075 1641 3344 1709 quomodo
3368 1642 3648 1711 adjuvante
3667 1644 3776 1698 Do-

2197 1727 2343 1782 mino
2390 1728 2499 1783 Deo
2538 1739 2720 1784 nostro
2759 1731 2984 1787 dicimus
3013 1733 3232 1802 aliquid,
3279 1734 3419 1803 quod
3463 1750 3564 1790 nec
3600 1735 3775 1801 facile,

2197 1816 2298 1872 nisi
2332 1819 2556 1884 dicatur,
2589 1821 2656 1874 ab
2681 1822 2934 1877 omnibus
2979 1824 3142 1892 possit
3174 1824 3422 1894 intelligi;
3455 1841 3628 1895 neque
3654 1842 3777 1883 cum

2197 1909 2523 1964 intellectum
2548 1909 2724 1976 fuerit,
2752 1911 2944 1967 debeat
2968 1913 3034 1966 ab
3061 1914 3168 1968 ullo
3195 1917 3484 1970 contemni.

2266 1998 2319 2050 2.
2361 1997 2518 2052 Fides
2538 1998 2959 2054 Christianorum.
2991 2001 3146 2072 Apud
3172 2002 3409 2058 Athenas
3439 2004 3774 2074 loquebatur.

2197 2087 2548 2145 Athenienses
2592 2091 2643 2145 in
2687 2093 2833 2146 omni
2879 2092 3169 2148 litteratura
3213 2104 3372 2165 atque
3401 2095 3640 2151 doctrina
3680 2113 3778 2168 per

2197 2180 2330 2235 alios
2358 2182 2580 2250 populos
2607 2197 2796 2252 magna
2825 2183 2963 2236 fama
2993 2185 3284 2253 pollebant.
3328 2185 3444 2257 Ipsa
3471 2195 3586 2242 erat
3609 2189 3777 2258 patria

2196 2287 2508 2343 magnorum
2532 2273 2988 2345 philosophorum.
3018 2276 3145 2337 Inde
3172 2292 3233 2333 se
3262 2293 3358 2348 per
3383 2287 3604 2335 ceteras
3631 2279 3780 2336 Gras-

2195 2361 2292 2416 cia:
2311 2373 2466 2433 atque
2491 2363 2621 2419 alias
2649 2365 2794 2419 orbis
2818 2374 2989 2421 terras
3008 2368 3154 2421 varia
3170 2376 3224 2422 et
3239 2369 3511 2440 multiplex
3536 2369 3776 2427 doctrina

2196 2450 2495 2507 diffuderat.
2523 2452 2600 2508 lbi
2641 2453 2926 2522 Apostolus
2957 2455 3393 2534 loquebatur,_ibi
3433 2461 3780 2517 annuntiabat

2198 2541 2452 2596 Christum
2479 2545 2812 2612 cruciﬁxum:
2835 2545 3032 2602 Iudaeis
3057 2549 3257 2619 quidem
3293 2550 3610 2619 scandalum,
3643 2550 3777 2608 Gen-

2197 2635 2327 2688 tibus
2350 2644 2514 2689 autem
2541 2638 2834 2706 stultitiam;
2860 2640 2983 2709 ipsis
3002 2657 3117 2696 vero
3140 2644 3326 2697 vocatis
3344 2642 3540 2700 Judan's
3558 2655 3605 2698 et
3633 2643 3778 2701 Gra-

2199 2725 2270 2778 cis
2293 2724 2543 2780 Christum
2571 2725 2668 2780 Dei
2704 2727 2948 2783 Virtutem
2985 2740 3030 2784 et
3059 2730 3157 2785 Dei
3195 2733 3490 2804 sapientiam
3521 2734 3566 2804 (I
3588 2735 3705 2790 Cor.
3737 2751 3777 2804 l,

2197 2818 2302 2886 25,
2349 2819 2463 2890 24).
2511 2821 2624 2877 Hoc
2667 2825 2984 2881 annuntiare
3024 2827 3164 2882 inter
3205 2828 3462 2898 superbos
3500 2840 3552 2885 et
3592 2831 3780 2888 doctos

2201 2911 2382 2978 quanti
2413 2911 2628 2980 periculi
2667 2913 2846 2981 fuerit,
2877 2925 3110 2971 vestrum
3157 2927 3237 2972 est
3262 2920 3513 2989 cogitare.
3538 2921 3778 2992 Denique

2199 3012 2444 3055 sermone
2472 3003 2641 3069 linito,
2673 3005 2850 3059 audita
2894 3006 2970 3060 illi
3009 3010 3400 3064 resurrectione
3427 3022 3777 3080 mortuorum,

2199 3104 2316 3160 quae
2337 3093 2595 3160 praecipua
2623 3094 2753 3149 Iides
2781 3105 2862 3151 est
2880 3095 3320 3167 Christianorum,
3350 3101 3439 3155 alii
3459 3102 3778 3172 irridebant;

2199 3180 2442 3235 dicebant
2468 3193 2642 3238 autem
2686 3186 2796 3252 alii,
2827 3187 3101 3242 Audiemus
3137 3200 3184 3244 te
3224 3192 3288 3245 de
3328 3193 3422 3246 hoc
3445 3194 3642 3248 iterum.
3668 3194 3781 3251 Nec

2200 3269 2483 3325 defuerunt
2511 3275 2598 3342 qui
2641 3276 3002 3344 crediderunt,
3049 3289 3208 3350 atque
3257 3282 3309 3336 in
3354 3284 3432 3338 eis
3476 3287 3782 3341 nominatur

2200 3360 2413 3429 quidam
2456 3363 2738 3434 Dionysius
2775 3369 3141 3439 Areopagites,
3184 3371 3235 3426 id
3262 3382 3345 3427 est
3369 3373 3776 3432 Atheniensium

2200 3452 2506 3522 principalis
2535 3454 2862 3527 (Areopagos
2889 3461 3028 3514 enim
3064 3462 3474 3522 Atheniensium
3503 3468 3646 3523 curia
3676 3485 3777 3525 vo-

2200 3544 2470 3615 cabatur);
2493 3556 2546 3602 et
2575 3549 2766 3604 mulier
2785 3551 3024 3620 quaedam
3046 3554 3262 3623 nobilis,
3289 3567 3342 3612 et
3361 3559 3470 3612 alii.
3502 3560 3662 3616 Facta
3695 3573 3779 3619 est

2199 3649 2328 3704 ergo
2351 3636 2598 3706 loquente
2626 3642 2880 3709 Apostolo
2919 3646 3176 3714 tripartita
3217 3647 3305 3702 illa
3336 3651 3634 3719 multitudo,
3683 3667 3780 3723 per

2199 3727 2455 3794 quosdam
2485 3728 2679 3798 gradus
2707 3732 2839 3786 mira
2865 3733 3204 3808 distinctione
3231 3737 3520 3808 disposita;
3554 3742 3780 3798 irriden-

2201 3817 2352 3884 tium,
2409 3819 2786 3890 dubitantium,
2844 3828 3193 3883 credentium.
3241 3830 3457 3896 Quidam
3504 3835 3666 3902 enim,
3720 3846 3781 3892 ut

2199 3910 2450 3980 scriptum
2477 3927 2594 3968 esse
2619 3915 2940 3984 audivimus,
2976 3920 3282 3991 irridebant,
3308 3925 3512 3995 quidam
3527 3928 3775 3997 dicebant,

2199 3999 2471 4056 Audiamus
2493 4013 2538 4055 te
2570 4003 2632 4057 de
2661 4006 2755 4059 hoc
2788 4007 3004 4074 iterum;
3029 4011 3117 4066 isti
3144 4011 3446 4071 dubitantes
3471 4029 3657 4073 erant:
3688 4019 3781 4076 alio

2199 4092 2287 4162 qui
2329 4095 2688 4150 crediderunt.
2731 4100 2873 4154 Inter
2920 4102 3200 4160 irridentes
3225 4115 3278 4160 et
3300 4109 3590 4175 credentes,
3612 4112 3779 4168 medii

2199 4192 2323 4237 sunt
2349 4183 2669 4241 dubitantes.
2703 4189 2800 4254 Qui
2835 4192 3036 4260 irridet,
3067 4196 3239 4251 cadit:
3269 4201 3359 4269 qui
3399 4201 3585 4268 credit,
3633 4212 3776 4258 stat:

2199 4274 2286 4343 qui
2317 4273 2540 4342 dubitat,
2572 4277 2805 4336 ﬂuctuat.
2836 4282 3110 4340 Audiamus
3153 4298 3199 4341 te
3227 4290 3292 4345 de
3324 4291 3418 4346 hoc
3454 4293 3651 4359 iterum,
3690 4296 3776 4350 in-

2198 4363 2698 4440 quiuntzincertum
2736 4386 2802 4424 an
2837 4375 3011 4429 casuri
3045 4387 3226 4432 essent
3253 4395 3373 4434 cum
3411 4382 3772 4452 irridentibus,

2198 4467 2264 4508 an
2291 4457 2474 4510 staturi
2501 4473 2620 4512 cum
2655 4462 3012 4521 credentibus.

2270 4544 2494 4600 CAPUT
2540 4547 2983 4624 IL—Numquid
3029 4566 3204 4615 tamen
3251 4562 3478 4620 inaniter
3516 4566 3776 4625 laboravit

2199 4632 2490 4688 seminator
2518 4636 2607 4692 ille
2635 4641 2950 4697 verborum?
2976 4643 3069 4700 Ille
3099 4664 3224 4702 vero
3251 4651 3295 4706 si
3321 4652 3627 4711 formidaret
3655 4657 3777 4712 irri-

2199 4721 2405 4792 dentes,
2436 4743 2540 4781 non
2569 4735 2870 4799 perveniret
2897 4735 2963 4790 ad
2990 4739 3300 4797 credentes:
3323 4747 3590 4814 quomodo
3615 4749 3777 4805 semi-

2199 4826 2354 4871 nator
2380 4819 2468 4874 ille
2505 4825 2860 4893 evangelicus,
2901 4844 3058 4899 quem
3099 4848 3482 4894 commemorat
3521 4841 3776 4898 Dominus

2200 4906 2344 4981 (nam
2373 4913 2554 4983 utique
2598 4915 2699 4970 hoc
2739 4931 2856 4972 erat
2881 4921 3117 4996 Paulus),
3159 4928 3205 4981 si
3245 4930 3535 4998 trepidaret
3562 4935 3775 4991 mittere

2197 5004 2419 5070 semina,
2464 5022 2532 5060 ne
2581 5008 2724 5064 aliud
2766 5013 2980 5068 caderet
3008 5016 3060 5070 in
3102 5018 3205 5085 via,
3235 5021 3376 5076 aliud
3407 5023 3546 5079 inter
3571 5041 3771 5097 sprnas,

2197 5094 2338 5149 aliud
2365 5097 2415 5150 in
2446 5097 2560 5152 loca
2605 5110 2844 5170 petrosa;
2876 5121 3145 5178 nunquam
3175 5127 3357 5170 semen
3402 5127 3583 5186 posset
3603 5094 3771 5176 etiam

2198 5187 2263 5242 ad
2303 5196 2495 5243 terram
2525 5193 2777 5261 optimam
2825 5201 3122 5266 pervenire.
3175 5203 3243 5258 Et
3285 5221 3382 5261 nos
3424 5209 3768 5277 scminemus,

2197 5290 2538 5348 spargamus:
2567 5283 2724 5338 corda
2746 5300 3060 5357 praeparate,
3088 5293 3314 5350 fructum
3342 5298 3483 5354 date.

2197 5389 2860 5473 ?’E§¥3§§E§E°R?mni99
2893 5399 3063 5473 ωξιυεν
3101 5405 3190 5454 sed
3210 5406 3328 5457 nihil
3347 5416 3428 5473 aut
3453 5423 3597 5473 quam
3633 5415 3773 5463 mini-

2206 5453 2877 5533 :Psaeszeesmgusum.
2895 5479 2917 5508 ι
2943 5453 3773 5533 οοηέη,.,χῇ‹ξέῒάᾱιῑέτιςῆῐδ·ίᾱέέιῖε

2200 5520 2466 5597 $111992
2481 5517 2987 5597 bonnum‘s'enrmouem,
2999 5533 3059 5597 et_
3070 5517 3184 5597 nihil
3206 5517 3771 5597 miiégiﬁisiﬁgﬁi

2200 5581 2702 5655 stini_.‘f.ju__stneminlt
2724 5581 3022 5655 Possidius'in
3042 5589 3271 5655 tndiculo,
3291 5605 3394 5655 cap.
3414 5595 3458 5653 l,
3477 5581 3560 5645 his
3574 5581 3766 5646 verbis:

2209 5635 2562 5717 522899293
2575 5648 2773 5717 estnam
2799 5635 3168 5717 Apamiam;
3178 5635 3271 5703 ns:
3295 5635 3772 5717 ξάεάξᾶηθίνέδδ

2210 5712 2235 5745 ι
2254 5709 2363 5751 cum
2383 5697 2596 5765 apostolo
2617 5704 2756 5756 Paulo
2774 5697 3136 5762 commorantis
