4098 6310
347 5991 385 6019 ὁ.

377 370 483 429 809

447 490 502 545 5.
542 485 784 558 Epicurei
803 497 849 543 et
875 487 1033 543 Stoici
1057 502 1173 543 cum
1196 484 1435 558 Apostolo
1463 474 1793 557 conferentes.
1839 482 1953 539 Hoc

379 595 610 652 quoque,
630 580 674 635 si
691 566 930 635 meminit
951 578 1194 636 Charitas
1216 587 1414 647 vestra,
1440 593 1560 633 cum
1588 577 1852 649 legeretur
1869 591 1963 630 au-

378 673 626 741 divimus,
665 672 807 743 quod
847 673 1058 743 quidam
1101 687 1169 729 ex
1212 671 1539 743 philosophis
1587 670 1862 742 Epicureis
1913 677 1968 725 et

377 766 570 822 Stoicis
594 754 942 822 conferebant
967 781 1086 821 cum
1114 766 1391 837 Apostolo.
1441 765 1542 832 Qui
1586 765 1693 820 sint
1735 763 1819 820 vel
1847 761 1964 818 fue-

378 859 485 915 rint
510 858 811 931 philosophi
840 859 1087 930 Epicurei
1118 868 1172 914 et
1199 858 1386 926 Stoici,
1416 857 1468 913 id
1495 866 1595 923 est,
1627 856 1751 929 quid
1777 869 1964 911 sense-

378 954 503 1018 rint,
532 951 661 1023 quid
682 967 867 1007 verum
897 967 1015 1008 esse
1043 936 1367 1024 putaverint,
1392 950 1516 1021 quid
1540 948 1963 1021 philosophando

379 1042 566 1098 sectati
592 1042 716 1108 sint,
741 1043 925 1112 procul
950 1042 1110 1099 dubio
1137 1042 1288 1098 multi
1317 1050 1552 1098 vestrum
1582 1041 1851 1097 nesciunt:
1871 1038 1967 1095 sed

379 1134 627 1206 quoniam
645 1134 951 1205 Carthagini
972 1133 1259 1205 loquimur,
1278 1134 1428 1189 multi
1446 1134 1643 1189 sciunt.
1666 1132 1931 1201 Adjuvent
1945 1131 1963 1163 ³

378 1241 506 1297 ergo
532 1226 691 1281 modo
716 1241 814 1281 nos
841 1226 1076 1281 dicturos
1120 1226 1290 1281 vobis.
1320 1225 1401 1281 Ad
1440 1240 1555 1281 rem
1583 1224 1781 1296 quippe
1810 1222 1967 1279 valde

381 1319 628 1391 pertinet,
672 1318 813 1390 quod
843 1327 971 1388 puto
999 1333 1119 1374 esse
1147 1317 1451 1373 dicendum.
1499 1315 1731 1371 Audiant
1772 1330 1871 1371 nos
1912 1323 1968 1371 et

380 1410 678 1466 nescientes
704 1419 758 1465 et
787 1409 1053 1465 sdentes:
1084 1408 1385 1466 nescientes
1411 1408 1761 1474 instruantur,
1792 1408 1967 1463 scien-

379 1510 459 1558 tes
486 1511 953 1567 commoneantur;
988 1501 1063 1556 illi
1090 1508 1431 1571 cognoscant,
1455 1500 1529 1555 illi
1556 1508 1963 1570 recognoscant.

448 1594 672 1651 CAPUT
713 1593 887 1649 ill.—
914 1595 966 1650 4.
1010 1594 1167 1648 Beata
1199 1595 1301 1649 vita
1338 1594 1399 1648 ab
1430 1592 1662 1649 omnibus
1691 1594 1963 1664 appetitur.

380 1686 559 1743 Primo
584 1686 903 1758 generaliter
919 1685 1098 1743 audite
1113 1686 1349 1741 omnium
1368 1685 1802 1755 philosophorum
1822 1699 1968 1739 com-

379 1794 541 1833 mune
585 1776 842 1846 studium,
890 1778 944 1832 in
987 1792 1091 1849 quo
1134 1776 1309 1833 studio
1352 1776 1622 1833 communi
1666 1776 1965 1831 habuerunt

376 1872 614 1941 quinque
642 1870 929 1926 divisiones
958 1880 1012 1925 et
1051 1870 1377 1926 dili‘erentias
1422 1869 1805 1925 sententiarum
1839 1884 1965 1940 pro—

376 1965 637 2035 priarum.
691 1964 1060 2024 Communiler
1102 1978 1289 2019 omnes
1334 1962 1633 2033 philosophi
1682 1961 1964 2032 studendo,

377 2058 687 2130 quaerendo,
734 2057 1073 2128 disputando,
1120 2056 1346 2112 vivendo
1376 2055 1744 2126 appetiverunt
1771 2069 1963 2125 appre-

376 2150 611 2207 hendere
650 2150 814 2207 vitam
853 2150 1084 2206 beatam.
1115 2149 1238 2205 Haec
1278 2164 1380 2203 una
1408 2148 1503 2203 fuit
1528 2163 1687 2203 causa
1726 2146 1963 2218 philoso-

376 2240 572 2311 phandi
595 2260 606 2295 :
631 2243 723 2297 sed
747 2250 873 2312 puto
889 2239 1033 2311 quod
1057 2240 1216 2296 etiam
1235 2240 1334 2294 hoc
1354 2238 1655 2309 philosophi
1684 2237 1961 2293 nobiscum

379 2350 662 2390 commune
692 2334 909 2389 habent.
943 2334 1000 2390 Si
1029 2334 1169 2395 enim
1212 2348 1241 2387 a
1272 2330 1421 2387 vobis
1459 2347 1691 2402 quaeram
1720 2347 1884 2400 quare
1910 2331 1963 2386 in

377 2426 643 2481 Christum
672 2425 1026 2494 credideritis,
1068 2441 1236 2495 quare
1264 2423 1537 2480 christiani
1564 2423 1687 2478 facti
1719 2423 1958 2489 fueritis;

378 2519 641 2575 veraciter
672 2518 802 2573 mihi
833 2517 1006 2574 omnis
1048 2518 1209 2572 homo
1245 2515 1535 2586 respondet
1566 2532 1579 2567 :
1612 2515 1838 2585 PrOpter
1883 2515 1962 2568 vi-

378 2619 484 2665 tam
516 2610 745 2666 beatam.
776 2609 1049 2680 Appetitio
1090 2608 1248 2679 igitur
1285 2608 1455 2663 beatae
1487 2607 1608 2662 vitae
1628 2606 1961 2677 phi1050phis

378 2702 797 2774 Christianisque
827 2702 1129 2758 communis
1158 2711 1257 2757 est.
1298 2700 1404 2756 Sed
1447 2715 1536 2755 res
1576 2708 1682 2753 tam
1728 2714 1961 2754 consona

379 2793 465 2849 ubi
493 2793 714 2849 inveniri
743 2792 930 2865 possit,
950 2792 1075 2848 inde
1092 2792 1315 2863 quaestio
1340 2800 1440 2857 est,
1468 2789 1662 2847 deinde
1686 2789 1959 2845 discretio.

377 2884 508 2940 Nam
536 2885 697 2940 vitam
727 2885 936 2941 beatam
962 2893 1233 2955 appetere,
1264 2884 1424 2939 vitam
1456 2883 1665 2938 beatam
1692 2882 1848 2949 velle,
1875 2882 1960 2936 vi-

378 2986 486 3032 tam
506 2976 711 3032 beatam
730 2977 1127 3046 concupiscere,
1146 2974 1472 3041 desiderare,
1494 2974 1705 3039 sectari,
1724 2973 1963 3027 omnium

380 3066 652 3123 hominum
677 3080 794 3122 esse
816 3066 1063 3121 arbitror.
1094 3064 1248 3122 Unde
1270 3080 1354 3120 me
1377 3064 1530 3120 video
1551 3078 1739 3135 parum
1760 3062 1961 3118 dixisse

379 3160 519 3216 hunc
540 3160 831 3232 appetitum
858 3160 1027 3215 beatae
1049 3159 1170 3214 vitae
1192 3157 1523 3228 pliilOSOphis
1544 3155 1965 3225 Christianisque

378 3269 754 3310 communem:
786 3252 944 3308 debui
971 3252 1113 3308 enim
1158 3250 1357 3317 dicere,
1386 3248 1623 3305 omnium
1665 3248 1962 3313 hominum,

380 3362 595 3417 prorsus
624 3346 862 3402 omnium
900 3345 1165 3400 bonorum
1208 3353 1261 3398 et
1290 3342 1572 3397 malorum.
1605 3340 1735 3397 Nam
1782 3348 1837 3394 et
1873 3340 1965 3410 qui

377 3436 551 3493 bonus
576 3447 677 3506 est,
706 3436 825 3492 ideo
847 3436 1020 3491 bonus
1049 3443 1132 3490 est
1160 3444 1219 3491 ut
1246 3432 1432 3488 beatus
1458 3434 1555 3498 sit;
1588 3441 1639 3487 et
1669 3431 1757 3502 qui
1794 3431 1966 3487 malus

378 3539 479 3596 est,
508 3531 679 3584 malus
704 3544 809 3584 non
838 3538 999 3593 esset,
1030 3527 1132 3581 nisi
1163 3526 1287 3582 inde
1330 3540 1387 3580 se
1428 3527 1638 3581 beatum
1668 3540 1785 3579 esse
1810 3538 1967 3593 posse

377 3630 641 3691 speraret.
669 3620 746 3675 De
770 3620 924 3673 bonis
958 3617 1128 3673 facilis
1154 3617 1380 3688 quaestio
1422 3626 1524 3683 est,
1571 3615 1712 3685 quod
1757 3615 1969 3671 beatam

377 3712 549 3765 vitam
589 3718 851 3781 quaerant,
899 3708 1022 3763 inde
1046 3708 1171 3764 boni
1200 3708 1325 3762 sint.
1362 3707 1438 3762 De
1470 3706 1621 3761 malis
1646 3706 1781 3761 forte
1809 3707 1971 3776 aliqui

378 3804 645 3869 dubitant,
680 3812 853 3857 utrum
887 3809 941 3857 et
966 3801 1067 3871 ipsi
1093 3800 1301 3856 beatam
1328 3800 1491 3854 vitam
1520 3809 1780 3869 quaerant.
1805 3795 1911 3854 Sed
1925 3799 1969 3853 si

378 3903 655 3967 separatos
681 3894 851 3951 malos
881 3901 933 3949 et
957 3908 986 3948 a
1012 3892 1169 3949 bonis
1194 3891 1456 3947 discretos
1484 3891 1814 3961 interrogare
1846 3906 1966 3959 pos-

381 4003 494 4044 sem
525 3994 579 4043 et
600 3986 802 4053 dicere,
831 3984 1001 4041 Vultis
1031 3982 1174 4039 beati
1199 3982 1355 4038 esse?
1382 3996 1541 4037 nemo
1567 3980 1788 4047 diceret,
1812 3980 1963 4037 Nolo.

380 4080 541 4137 Verbi
590 4079 777 4150 gratia,
826 4092 962 4146 pone
1003 4077 1236 4145 aliquem
1277 4074 1483 4129 furem:
1510 4088 1691 4143 qumro
1739 4072 1806 4128 ab
1850 4072 1962 4138 illo,

381 4169 558 4238 Quare
577 4170 774 4225 furtum
802 4168 964 4223 facis?
984 4166 1053 4222 Ut
1078 4165 1325 4233 habeam,
1353 4164 1543 4235 inquit,
1573 4164 1714 4235 quod
1745 4179 1852 4220 non
1878 4164 1973 4220 ha-

383 4265 594 4321 bebam.
637 4263 812 4329 Quare
848 4261 931 4315 vis
960 4259 1157 4315 habere
1202 4257 1342 4330 quod
1389 4273 1495 4312 non
1547 4256 1972 4324 habebas?Quia

383 4358 636 4412 miserum
667 4361 751 4409 est
779 4368 885 4408 non
915 4352 1131 4407 habere.
1174 4350 1229 4406 Si
1274 4365 1403 4420 ergo
1449 4350 1705 4405 miserum
1748 4360 1829 4406 est
1867 4367 1973 4405 non

383 4448 602 4512 habere,
634 4445 847 4501 beatum
875 4450 1023 4514 putat
1050 4442 1269 4498 habere.
1297 4441 1405 4496 Sed
1427 4441 1481 4495 in
1510 4456 1573 4496 eo
1600 4441 1876 4511 impudens
1892 4451 1975 4497 est

382 4550 435 4597 et
465 4549 627 4605 errat,
656 4538 780 4609 quia
818 4536 885 4593 de
919 4536 1059 4591 malo
1087 4535 1200 4591 vult
1243 4535 1432 4591 beatus
1475 4534 1611 4590 fieri.
1644 4535 1847 4590 Bonum
1893 4545 1976 4591 est

382 4635 526 4688 enim
552 4630 799 4686 omnibus
814 4629 1026 4685 beatum
1055 4641 1193 4683 esse.
1223 4624 1380 4683 Unde
1405 4641 1533 4695 ergo
1550 4627 1637 4680 ille
1654 4628 1975 4696 perversus?

382 4724 516 4790 Quia
542 4724 741 4779 bonum
761 4720 953 4793 quaerit
978 4728 1033 4776 et
1062 4719 1258 4775 malum
1276 4717 1418 4774 facit.
1440 4717 1578 4786 Quid
1602 4720 1792 4790 quterit
1815 4719 1968 4790 ergo?

384 4817 521 4885 Quid
546 4817 745 4886 aspirat
771 4814 1030 4885 cupiditas
1057 4812 1320 4868 malorum
1361 4811 1428 4866 ad
1469 4811 1771 4867 mercedem
1802 4812 1973 4867 bono-

384 4910 543 4965 rum?
566 4909 725 4963 Beata
764 4907 870 4961 vita
916 4919 1120 4960 merces
1156 4903 1417 4957 bonorum
1445 4901 1793 4957 estzbonitas
1837 4916 1974 4971 opus

384 5010 485 5067 est,
519 5000 789 5057 beatitudo
815 5013 1018 5054 merces
1040 5006 1137 5052 est.
1162 4996 1301 5051 Deus
1322 5010 1456 5065 opus
1478 4994 1648 5063 jubet,
1671 4992 1974 5050 mercedem

386 5093 636 5163 proponit
664 5108 679 5145 :
705 5091 851 5156 dicit,
876 5089 989 5144 Hoc
1018 5088 1129 5154 fac,
1160 5095 1213 5143 et
1245 5085 1347 5141 hoc
1380 5085 1628 5154 accipies.
1673 5083 1767 5140 llle
1797 5092 1973 5139 autem

386 5185 560 5241 malus
584 5183 874 5255 respondet
899 5180 1085 5237 nobis:
1114 5177 1227 5234 Nisi
1261 5176 1399 5232 male
1426 5176 1623 5244 fecero,
1651 5176 1837 5233 beatus
1866 5189 1975 5230 non

386 5293 503 5334 ero.
527 5276 801 5345 Tanquam
827 5274 969 5330 dicat
987 5271 1176 5342 aliquis
1198 5288 1210 5325 :
1235 5268 1318 5325 Ad
1337 5268 1533 5324 bonum
1559 5284 1665 5324 non
1694 5267 1972 5339 pervenio,

388 5367 494 5424 nisi
539 5367 711 5423 malus
754 5366 924 5421 fuero.
956 5364 1072 5419 Non
1100 5360 1251 5417 vides
1295 5360 1418 5431 quia
1466 5359 1664 5415 bonum
1692 5367 1748 5415 et
1777 5357 1976 5413 malum

385 5458 655 5514 contraria
697 5457 856 5514 sunt?
901 5457 1103 5515 Bonum
1133 5451 1349 5524 quaeris,
1380 5459 1436 5507 et
1463 5451 1658 5509 malum
1697 5450 1864 5507 facis?
1914 5450 1974 5506 ln

385 5552 715 5609 contrarium
744 5549 945 5613 curris;
968 5544 1180 5618 quando
1201 5542 1487 5615 pervenis?

460 5642 685 5699 CAPUT
727 5641 816 5697 IV.
847 5672 915 5681 —
941 5640 992 5695 5.
1026 5638 1385 5709 Epicureorum
1405 5645 1451 5691 et
1480 5635 1768 5690 Stoicorum
1805 5636 1977 5706 opinio

384 5735 451 5792 de
494 5734 638 5788 beata
678 5735 799 5788 vita.
840 5731 1224 5800 Relinquamus
1258 5743 1385 5800 ergo
1420 5728 1583 5795 istos;
1624 5727 1759 5785 forte
1783 5743 1978 5799 Oppor-

357 5895 366 5901 .
450 5847 476 5922 _'
491 5845 798 5900 Colbertinus
816 5851 920 5907 Ms,
945 5842 1168 5893 Audiwzt.

663 5928 892 6005 Sacr.
922 5926 1203 6008 Auecsr.
1228 5924 1311 5993 V.

1863 330 2088 427 SEthiO
2124 366 2229 424 cn.

3538 378 3644 437 810

2067 492 2251 539 tunum
2285 486 2387 540 erit
2415 502 2473 540 τη
2508 491 2578 541 ad
2600 502 2691 542 eos
2720 487 3034 557 redeamus,
3071 505 3193 547 cum
3222 491 3289 548 de
3314 492 3645 565 philosophis

2066 576 2207 647 quod
2229 578 2553 634 instituimus
2574 582 2952 651 peregerimus.
2980 582 3095 637 Non
3119 586 3259 639 enim
3282 586 3509 640 arbitror
3530 588 3647 644 sine

2067 683 2248 737 causa,
2272 684 2368 741 per
2396 673 2696 729 nescientes
2721 684 2896 732 aetum
2923 692 3040 733 esse
3069 678 3267 748 aliquid
3293 697 3537 751 magnum
3560 682 3644 737 di-

2067 772 2351 833 Spensante
2379 765 2555 820 divina
2585 767 2699 839 ipsa
2726 770 3073 838 providentia,
3102 782 3159 825 ut
3180 788 3302 827 cum
3323 786 3503 829 essent
3523 778 3646 845 plu-

2068 854 2217 909 rimm
2243 853 2680 926 philosophorum
2697 868 2855 914 sectae
2876 861 2927 914 in
2950 862 3158 917 civitate
3174 864 3509 931 Atheniensi,
3541 882 3646 921 non

2068 946 2389 1023 contulerint
2420 962 2539 1002 cum
2578 950 2834 1020 Apostolo
2863 952 3026 1008 Paulo
3051 955 3152 1008 nisi
3179 956 3337 1009 Stoici
3368 966 3422 1011 et
3455 958 3647 1025 Epicu-

2068 1039 2148 1095 rei
2163 1037 2296 1111 (Act.
2314 1041 2577 1111 xvu,18).
2595 1041 2727 1097 Cum
2748 1044 2888 1099 enim
2909 1045 3178 1101 audieritis
3199 1048 3321 1115 quid
3343 1049 3573 1103 sentiant
3596 1050 3648 1104 in

2071 1132 2229 1187 sectis
2251 1134 2383 1199 suis,
2402 1134 2649 1189 videbitis
2668 1151 2825 1205 quam
2846 1153 2951 1193 non
2973 1138 3168 1194 frustra
3188 1139 3383 1195 laetum
3408 1142 3495 1207 sit,
3513 1153 3567 1195 ut
3582 1158 3648 1198 ex

2071 1223 2317 1278 omnibus
2336 1224 2662 1295 phiIOSOphis
2676 1227 2783 1296 soli
2800 1243 2922 1281 cum
2939 1228 3104 1283 Paulo
3120 1230 3443 1287 conferrent.
3468 1232 3650 1302 Neque

2070 1314 2214 1368 enim
2238 1314 2330 1370 ille
2358 1316 2551 1384 eligere
2578 1317 2675 1371 sibi
2703 1318 2875 1387 potuit
2908 1319 3097 1389 quibus
3126 1322 3499 1379 altercantibus
3533 1341 3650 1379 res-

2069 1406 2345 1475 ponderet;
2369 1408 2461 1462 sed
2481 1408 2660 1464 divina
2681 1410 2937 1479 sapientia
2958 1414 3133 1468 omnia
3155 1416 3456 1484 gubernans
3481 1418 3577 1472 hos
3600 1418 3651 1473 ei

2070 1498 2348 1567 apposuit,
2377 1498 2430 1553 in
2456 1500 2646 1570 quibus
2681 1500 3030 1558 dissensionis
3069 1505 3507 1576 philos0phorum
3540 1519 3648 1565 tota

2072 1606 2239 1660 prope
2275 1606 2435 1648 causa
2460 1594 2803 1651 consisteret.
2832 1596 3074 1653 Breviter
3101 1614 3228 1669 ergo
3256 1600 3376 1654 dico
3410 1620 3421 1653 :
3456 1602 3650 1657 indocti

2071 1681 2291 1738 credant
2331 1684 2486 1740 nobis
2510 1726 2525 1752 ,
2573 1685 2714 1741 docti
2755 1687 2993 1757 judicent
3040 1690 3106 1745 de
3134 1691 3309 1745 nobis.
3358 1692 3492 1747 Puto
3530 1696 3656 1763 quia

2072 1773 2284 1827 mentiri
2310 1789 2415 1829 non
2445 1777 2617 1831 audeo
2639 1778 2886 1845 indoctis,
2907 1780 3177 1849 judicibus
3202 1782 3394 1846 doctis;
3422 1785 3655 1841 maxime

2071 1864 2193 1935 quia
2222 1865 2341 1921 dico
2375 1868 2571 1938 aliquid
2593 1911 2607 1935 ,
2636 1871 2725 1926 ubi
2756 1873 2952 1940 pariter
2981 1881 3032 1929 et
3057 1876 3199 1931 docti
3225 1886 3279 1931 et
3301 1878 3494 1934 indocti
3527 1896 3657 1949 pos-

2071 1956 2178 2013 sint
2205 1960 2740 2031 veraciterjudicare.
2763 1964 2876 2019 Hoc
2896 1982 3022 2037 ergo
3051 1970 3194 2038 prius
3216 1970 3355 2036 dico,
3381 1971 3654 2031 hominem

2070 2060 2320 2108 constare
2361 2069 2427 2109 ex
2467 2055 2643 2111 anima
2675 2065 2729 2112 et
2768 2072 3011 2127 corpore.
3042 2060 3136 2116 llic
3168 2078 3271 2118 non
3302 2074 3424 2134 peto
3454 2076 3510 2120 ut
3538 2081 3658 2122 crc-

2070 2141 2230 2211 datis,
2258 2144 2352 2201 sed
2382 2154 2435 2202 et
2465 2162 2561 2203 vos
2588 2158 2709 2220 peto
2738 2160 2796 2204 ut
2829 2150 3094 2219 judieetis.
3136 2153 3249 2208 Non
3288 2159 3427 2211 enim
3460 2158 3654 2224 timeo,

2069 2251 2136 2290 ne
2164 2236 2214 2290 in
2247 2236 2350 2293 hoc
2379 2238 2523 2295 dicto
2554 2240 2692 2296 male
2730 2242 3007 2313 quisquam
3047 2244 3250 2314 judicet
3292 2247 3359 2302 de
3400 2263 3517 2311 me,
3565 2266 3656 2320 qut

2068 2330 2307 2396 agnoscit
2326 2345 2404 2384 se.
2438 2331 2608 2386 Homo
2637 2348 2782 2405 ergo,
2811 2334 2952 2404 quod
2978 2349 3135 2390 nemo
3160 2337 3377 2408 ambigit
3396 2381 3410 2404 ,
3443 2350 3654 2395 constat

2069 2436 2133 2476 ex
2166 2422 2339 2476 anima
2378 2431 2433 2477 et
2464 2438 2707 2494 corpore.
2751 2425 3055 2480 Substantia
3083 2427 3181 2481 ista
3202 2470 3215 2492 ,
3252 2444 3340 2484 res
3369 2430 3467 2484 ista
3488 2473 3501 2495 ,
3535 2448 3658 2501 per-

2070 2527 2201 2567 sona
2228 2512 2327 2568 ista
2358 2530 2476 2585 qua:
2501 2515 2661 2571 homo
2686 2516 2899 2585 dicitur,
2929 2516 3138 2573 beatam
3169 2520 3328 2574 vitam
3356 2523 3545 2589 quaerit
3568 2540 3581 2577 :
3606 2531 3661 2578 et

2073 2603 2175 2659 hoc
2200 2606 2400 2672 nostis;
2432 2622 2531 2662 nec
2560 2608 2699 2663 insto
2749 2592 2815 2662 ut
2851 2608 3081 2665 credatis
3103 2650 3119 2676 ,
3162 2610 3255 2665 sed
3296 2612 3557 2667 admoneo
3602 2623 3660 2669 ut

2069 2697 2386 2765 agnoscatis.
2407 2696 2600 2765 Homo,
2620 2698 2859 2767 inquam,
2883 2698 2936 2753 id
2969 2707 3069 2766 est,
3100 2714 3189 2755 res
3210 2696 3305 2755 ista
3336 2718 3440 2756 non
3472 2718 3656 2772 parva,

2071 2787 2379 2856 przecedens
2408 2790 2586 2844 omnia
2614 2804 2839 2858 pecora,
2879 2790 3058 2845 omnia
3094 2791 3324 2845 volatilia
3348 2834 3361 2857 ,
3396 2795 3574 2849 omnia
3602 2803 3659 2851 et

2071 2878 2331 2945 natatilia,
2362 2887 2415 2933 et
2443 2879 2699 2950 quidquid
2720 2895 2935 2936 carnem
2961 2882 3098 2951 gerit
3125 2892 3181 2937 et
3211 2883 3373 2939 homo
3399 2902 3502 2939 non
3533 2896 3612 2943 est
3641 2904 3659 2942 :

2072 2972 2232 3026 homo
2262 2988 2390 3043 ergo
2419 2982 2669 3029 constans
2709 2989 2775 3029 ex
2815 2974 2989 3028 anima
3032 2982 3087 3030 et
3125 2989 3385 3045 corpore;
3419 2978 3512 3033 sed
3555 2993 3661 3037 non

2070 3066 2443 3136 qualicumque
2480 3067 2656 3121 anima
2679 3108 2694 3133 ,
2725 3081 2846 3119 nam
2875 3074 2927 3121 et
2958 3080 3118 3135 pecus
3146 3076 3355 3122 constat
3388 3084 3454 3124 ex
3484 3070 3661 3127 anima

2070 3165 2125 3212 et
2151 3172 2376 3227 corpore
2401 3175 2412 3210 :
2441 3158 2600 3213 homo
2625 3173 2753 3229 ergo
2773 3166 3024 3213 constans
3052 3173 3119 3214 ex
3140 3159 3315 3214 anima
3342 3162 3585 3218 rationali
3607 3171 3663 3218 et

2071 3261 2234 3302 carne
2260 3248 2505 3315 mortali,
2547 3249 2737 3315 quaerit
2777 3248 2986 3303 beatam
3023 3249 3204 3304 vitam.
3235 3250 3363 3318 Quae
3394 3266 3478 3307 res
3504 3251 3664 3310 faciat

2078 3340 2289 3396 beatam
2316 3341 2475 3395 vitam
2496 3356 2615 3395 cum
2638 3341 2946 3411 cognoverit
2967 3342 3147 3409 homo,
3170 3342 3276 3396 nisi
3298 3343 3435 3398 hanc
3458 3354 3654 3413 teneat,

2073 3432 2210 3488 hanc
2238 3442 2507 3504 sequatur,
2533 3432 2669 3487 hanc
2694 3432 2793 3487 sibi
2817 3431 3069 3499 vindicet,
3097 3442 3333 3488 assumat
3351 3436 3395 3488 si
3420 3444 3662 3504 potestas

2075 3534 2175 3591 est,
2208 3534 2354 3593 petat
2386 3524 2431 3577 si
2457 3522 2741 3577 difﬁcultas
2765 3531 2880 3589 est,
2924 3524 3109 3578 beatus
3144 3539 3265 3579 esse
3310 3541 3414 3580 non
3458 3536 3657 3597 potest.

2075 3616 2208 3670 Tota
2247 3616 2404 3685 igitur
2441 3614 2664 3684 quaestio
2705 3622 2820 3680 est,
2866 3613 2990 3684 quid
3035 3614 3190 3669 faciat
3232 3614 3443 3671 beatam
3474 3619 3659 3673 vitam.

2075 3710 2390 3765 Constituite
2416 3723 2555 3763 nunc
2580 3716 2703 3762 ante
2732 3707 2915 3762 oculos
2942 3715 3150 3763 vestros
3178 3709 3492 3778 Epicureos,
3522 3710 3665 3766 Stoi-

2076 3818 2189 3868 cos,
2221 3812 2275 3858 et
2301 3801 2611 3871 Apostolum
2638 3817 2650 3852 :
2680 3799 2821 3870 quod
2848 3799 3008 3854 etiam
3038 3800 3115 3855 sic
3139 3799 3317 3856 dicere
3348 3802 3514 3871 potui,
3542 3803 3663 3873 Epi-

2077 3906 2286 3959 cureos,
2317 3891 2543 3956 Stoicos,
2569 3890 2916 3945 Christianos.
2940 3888 3334 3961 [interrogemus
3359 3892 3504 3963 prius
3534 3894 3663 3964 Epi-

2078 4001 2269 4043 cureos
2289 4027 2305 4055 ,
2338 4000 2456 4056 qua:
2483 4000 2570 4040 res
2597 3984 2754 4039 faciat
2790 3985 2951 4039 vitam
2992 3985 3223 4040 beatam.
3269 3986 3614 4056 Respondent
3645 4006 3660 4043 :

2080 4079 2336 4149 Voluptas
2357 4079 2614 4148 corporis.
2643 4077 2741 4133 Hic
2763 4077 2871 4148 jam
2898 4078 3126 4134 credatis
3146 4089 3289 4148 peto,
3313 4082 3435 4150 quia
3455 4081 3664 4151 judices

2080 4172 2272 4229 habeo.
2306 4170 2495 4228 Utrum
2526 4171 2671 4226 enim
2700 4170 2803 4226 hoc
2824 4169 3031 4237 dicant,
3060 4170 3164 4225 hoc
3202 4173 3433 4226 sentiant
3468 4172 3665 4243 Epicu-

2079 4266 2180 4335 rei,
2214 4264 2429 4319 nescitis
2448 4305 2464 4329 ,
2494 4263 2617 4333 quia
2637 4263 2753 4317 illas
2780 4261 2984 4318 litteras
3012 4278 3119 4318 non
3149 4263 3381 4333 legistis;
3412 4265 3507 4320 sed
3536 4275 3663 4323 sunt

2080 4355 2167 4411 hic
2196 4357 2285 4427 qui
2319 4355 2580 4425 legerunt.
2626 4353 2927 4410 Redeamus
2964 4354 3030 4409 ad
3070 4354 3493 4425 interrogandos.
3523 4356 3660 4425 Quid

2080 4445 2273 4513 dicitis,
2298 4444 2567 4515 Epicurei,
2585 4460 2705 4515 qua:
2728 4459 2814 4499 res
2835 4444 2960 4499 facit
2978 4445 3187 4499 beatam
3206 4446 3393 4501 vitam?
3413 4446 3661 4517 Respon-

2079 4538 2210 4595 dent
2236 4557 2248 4593 :
2281 4537 2535 4607 Voluptas
2560 4537 2820 4606 corporis.
2844 4535 2979 4605 Quid
3006 4536 3201 4605 dicitis,
3223 4536 3407 4606 Stoici,
3431 4554 3549 4609 quae
3574 4555 3663 4596 res

2078 4630 2205 4685 facit
2231 4629 2395 4684 vitam
2424 4626 2676 4682 beatam?
2704 4625 3047 4697 Respondent
3079 4644 3093 4681 :
3122 4626 3304 4683 Virtus
3344 4629 3527 4683 animi.
3570 4629 3661 4685 ln-

2081 4722 2263 4779 tendat
2289 4736 2497 4777 mecum
2527 4718 2772 4775 Charitas
2802 4730 2998 4788 vestra,
3024 4718 3313 4776 Christiani
3341 4736 3542 4787 sumus,
3573 4723 3663 4778 in-

2080 4824 2161 4872 ter
2183 4812 2528 4885 philosophos
2544 4812 2921 4882 disceptamus.
2939 4811 3130 4867 Videte
3148 4827 3313 4882 quare
3333 4813 3437 4868 illa:
3457 4821 3664 4871 tantum

2080 4908 2200 4965 duae
2228 4913 2388 4961 sectae
2431 4912 2727 4975 procuratae
2751 4913 2877 4960 sunt
2912 4916 3033 4958 cum
3068 4902 3325 4973 Apostolo
3365 4904 3661 4961 collaturae.

2082 4998 2222 5055 Nihil
2247 5007 2329 5053 est
2360 4998 2410 5052 in
2439 4997 2671 5065 homine,
2705 4996 2846 5069 quod
2872 4995 2938 5051 ad
2978 4994 3093 5066 ejus
3119 4994 3467 5056 substantiam
3494 4999 3667 5066 peni-

2083 5099 2206 5147 neat
2226 5097 2382 5160 atque
2403 5098 2668 5155 naturam,
2690 5096 2883 5157 praeter
2905 5100 3097 5156 corpus
3117 5096 3170 5141 et
3190 5087 3441 5141 animam.
3460 5086 3665 5144 Horum

2083 5183 2309 5240 duorum
2336 5183 2392 5238 in
2422 5196 2525 5237 uno
2545 5222 2560 5249 ,
2588 5180 2691 5237 hoc
2717 5188 2798 5236 est
2824 5179 2875 5234 in
2900 5194 3124 5249 corpore
3142 5219 3159 5246 ,
3192 5179 3443 5249 Epicurei
3467 5198 3667 5253 posue-

2083 5282 2209 5331 runt
2234 5274 2442 5329 beatam
2468 5272 2629 5327 vitam
2660 5288 2674 5326 :
2705 5271 2760 5327 in
2783 5270 2890 5325 alio
2909 5310 2925 5337 ,
2949 5267 3002 5323 id
3024 5277 3106 5325 est
3129 5269 3304 5325 anima
3329 5310 3345 5338 ,
3373 5270 3538 5328 Stoici
3570 5291 3666 5345 po-

2076 5376 2306 5425 suerunt
2325 5368 2534 5423 beatam
2552 5367 2731 5421 vitam.
2745 5364 3011 5434 Quantum
3032 5363 3100 5419 ad
3118 5364 3389 5422 hominem
3408 5368 3664 5440 pertinet,

2084 5461 2130 5517 si
2151 5462 2217 5517 ab
2238 5460 2330 5515 illo
2351 5459 2451 5515 sibi
2472 5468 2555 5514 est
2574 5458 2678 5512 vita
2699 5457 2876 5525 beata,
2906 5456 3036 5511 nihil
3063 5465 3228 5513 restat
3252 5467 3447 5528 praeter
3470 5472 3666 5530 corpus

2084 5564 2139 5611 et
2158 5554 2411 5609 animam.
2434 5550 2543 5607 Aut
2567 5564 2760 5619 corpus
2784 5558 2868 5604 est
2892 5562 3050 5603 causa
3075 5548 3247 5604 beatae
3264 5548 3406 5616 vitat,
3433 5558 3524 5604 aut
3547 5550 3667 5603 ani-

2086 5660 2172 5702 ma
2201 5656 2282 5701 est
2311 5658 2471 5699 causa
2500 5640 2670 5697 beata:
2700 5639 2822 5695 vita:
2847 5657 2859 5694 :
2888 5638 2932 5693 si
2964 5639 3083 5709 plus
3110 5638 3326 5709 quaeris,
3356 5638 3423 5694 ab
3451 5638 3669 5695 homine

2086 5740 2314 5796 recedis.
2344 5737 2409 5792 Hi
2437 5751 2564 5807 ergo
2587 5736 2678 5805 qui
2702 5734 2912 5791 beatam
2933 5734 3093 5788 vitam
3119 5733 3346 5787 hominis
3377 5733 3429 5786 in
3450 5730 3670 5792 homine

2086 5838 2413 5911 posuerunt,
2444 5828 2569 5889 alibi
2594 5844 2793 5906 ponere
2832 5826 3048 5888 omnino
3086 5842 3190 5880 non
3222 5835 3531 5901 potuerunt,
3552 5817 3670 5889 nisi

2903 5915 3343 6021 (ﬂuat-six.)
