4098 6310
504 320 604 380 8H

503 446 599 495 aut
634 437 686 493 in
714 448 958 507 corpore,
989 440 1081 490 aut
1112 433 1166 490 in
1194 430 1393 489 anima.
1421 427 1620 487 Horum
1649 431 1741 502 qui
1772 431 1825 486 in
1856 422 2083 503 corpore

504 538 834 605 posuerunt,
862 529 1217 601 principatum
1255 526 1504 599 Epicurei
1532 532 1818 583 tenuerunt
1849 544 1862 582 :
1891 524 2085 581 horum

504 626 595 698 qui
616 625 669 681 in
690 623 864 679 anima
885 629 1198 692 posuerunt,
1221 621 1573 693 principatum
1594 619 1757 677 Stoici
1779 626 2081 676 tenuerunt.

573 715 801 774 CAPUT
838 714 906 773 ν.
936 740 1008 757 --
1035 714 1089 771 6.
1134 715 1504 787 Epicureorum
1541 714 1713 786 opinio
1746 712 1809 768 ab
1840 712 2083 784 Apostoto

499 809 803 881 improbata.
827 807 909 865 De
931 810 1104 864 anima
1136 807 1260 882 quid
1287 806 1527 878 Epicurei
1550 807 1785 862 sentiunt.
1808 803 2084 862 Christiani

498 904 706 976 quidam
742 901 965 957 moribus
1008 901 1246 973 epicurei.
1290 898 1429 956 Ecce
1463 906 1621 967 sunt,
1654 896 1932 954 conterunt
1961 912 2083 952 cum

498 989 793 1065 Apostolo;
826 990 1096 1063 aliquidue
1123 988 1244 1062 plus
1282 989 1477 1047 habeat
1500 988 1826 1061 Apostolus;
1859 1003 1926 1044 an
1956 1003 2083 1043 vero

497 1088 591 1144 uni
621 1086 813 1142 harum
837 1086 1061 1141 duarum
1085 1088 1242 1141 sectie
1270 1086 1573 1142 necessario
1601 1084 1903 1141 consentire
1923 1082 2081 1138 debe-

494 1187 598 1246 ret,
632 1177 876 1235 utetiam
903 1178 1017 1250 ipse
1044 1192 1258 1233 causam
1278 1176 1449 1233 beatae
1478 1178 1618 1244 vitae,
1643 1184 1733 1231 aut
1758 1175 1811 1231 in
1834 1189 2078 1246 corpore,

495 1272 586 1326 aut
624 1271 678 1326 in
718 1271 894 1326 anima
935 1278 1179 1340 poneret.
1210 1266 1488 1340 Nunquam
1538 1276 1760 1339 poneret
1802 1264 1997 1322 Paulus
2027 1266 2082 1321 in

493 1375 722 1433 corpore
744 1361 879 1418 :hoc
898 1361 1039 1418 enim
1066 1374 1315 1432 mgnum
1336 1372 1443 1416 non
1464 1368 1565 1428 est;
1589 1375 1709 1415 cum
1741 1359 1839 1430 ipsi
1862 1358 2082 1414 minime

495 1463 699 1523 ponant
735 1464 953 1509 causam
996 1450 1337 1509 beatitudinis
1380 1451 1440 1506 in
1478 1462 1737 1521 corpore.
1770 1450 1858 1521 qui
1891 1448 2082 1504 melius

493 1547 733 1602 sentiunt
760 1547 828 1602 de
864 1552 1108 1617 corpore.
1140 1543 1275 1601 Nam
1312 1543 1559 1616 Epicurei
1588 1555 1642 1600 et
1671 1543 1739 1601 de
1768 1558 1995 1615 corpore
2028 1552 2083 1599 et

493 1639 565 1695 de
588 1639 762 1695 anima
793 1639 898 1695 hoc
923 1638 1065 1693 idem
1092 1637 1348 1704 sentiunt,
1377 1633 1519 1708 quod
1546 1644 1829 1708 utrumque
1854 1636 2081 1691 mortale

493 1738 598 1786 ut.
625 1729 692 1784 Et
715 1729 963 1800 quodest
990 1728 1207 1799 gravius
1230 1736 1286 1785 et
1307 1728 1693 1794 detestabilius,
1720 1727 1871 1799 prius
1895 1724 2081 1781 dicunt

492 1825 729 1879 animam
746 1830 1103 1894 postmortem
1126 1820 1347 1878 dissolvi
1367 1834 1525 1893 quam
1552 1836 1767 1893 corpus.
1800 1819 2037 1887 «Adhuc,
2053 1838 2072 1872 ι

490 1917 755 1989 inquiunt,
793 1935 813 1969 ι
848 1925 969 1987 post
992 1914 1225 1971 efﬂatum
1254 1917 1499 1987 spiritum
1526 1924 1774 1971 manente
1793 1914 2075 1981 cadavere,

498 2026 521 2064 ι
552 2017 609 2066 et
655 2009 876 2085 integris
932 2008 1292 2065 membrorum
1355 2007 1689 2064 lineamentis
1748 2008 2075 2078 aliquantum

498 2116 523 2155 ε
556 2102 902 2168 durantibus,
952 2102 1126 2156 anima
1166 2114 1289 2156 mox
1332 2108 1389 2155 ut
1430 2100 1649 2167 exierit,
1695 2100 1859 2156 veluti
1901 2099 2077 2156 fumus

496 2208 521 2248 s
550 2203 710 2252 vento
735 2194 1069 2251 diverberata
1100 2192 1426 2250 dissolvitur.
1465 2212 1485 2247 ι
1518 2192 1633 2248 Non
1663 2209 1790 2264 ergo
1818 2193 2078 2249 miremur

490 2288 632 2360 quod
656 2300 921 2345 summum
946 2287 1165 2353 bonum,
1197 2285 1251 2341 id
1275 2294 1378 2354 est,
1407 2286 1751 2342 beatitudinis
1779 2300 1995 2341 causam
2022 2286 2076 2340 in

488 2392 714 2451 corpore
750 2386 1080 2452 posuerunt,
1131 2378 1274 2450 quod
1313 2393 1374 2435 se
1414 2378 1606 2434 melius
1645 2391 1801 2448 quam
1842 2377 2075 2431 animam

490 2472 690 2529 habere
727 2476 1028 2529 senserunt.
1068 2466 1335 2541 Numquid
1377 2471 1479 2526 hoc
1524 2468 1724 2524 faceret
1750 2467 2075 2539 Apostolus?

488 2565 712 2623 Absitut
721 2571 943 2637 poneret
956 2563 1010 2620 in
1026 2574 1259 2635 corpore
1272 2576 1542 2623 summum
1560 2560 1778 2617 bonum.
1794 2560 2073 2617 Summum

484 2658 629 2715 enim
654 2658 853 2714 bonum
880 2665 965 2712 est
995 2668 1155 2712 causa
1182 2653 1525 2711 beatitudinis
1553 2672 1566 2708 :
1598 2652 1709 2709 imo
1747 2662 1876 2709 vero
1902 2653 2075 2709 doluit

485 2749 797 2823 Apostolus,
811 2746 1069 2821 quosdam
1091 2764 1121 2805 e
1139 2763 1364 2805 numero
1386 2745 1810 2804 Christianorum
1843 2748 2068 2820 elegisse

483 2842 801 2898 sententiam
829 2838 1241 2912 Epicureorum,
1268 2854 1375 2895 non
1412 2839 1686 2894 hominum
1707 2878 1720 2903 ,
1751 2837 1845 2893 sed
1878 2850 2069 2908 porco-

484 2940 605 2990 rum
635 2936 675 2989 ί.
703 2933 783 2990 Ex
819 2933 923 2991 hoc
962 2934 1103 2990 enim
1141 2948 1365 2990 numero
1398 2939 1552 2989 erant
1572 2932 1645 2988 illi
1666 2942 2073 3004 corrumpentes

483 3040 663 3083 mores
678 3026 848 3083 bonos
863 3023 1142 3097 colloquiis
1156 3024 1331 3092 malis,
1346 3033 1400 3080 et
1421 3023 1658 3080 dicentes
1675 3043 1687 3079 :
1708 3023 1764 3077 Μ
1769 3024 2073 3080 anducenms

489 3124 541 3174 et
589 3119 851 3183 bibamus;
900 3131 1016 3171 cras
1066 3116 1198 3171 enim
1246 3116 1515 3170 moriemur
1570 3113 1769 3187 (lCor.
1808 3132 1915 3185 xv,
1947 3115 2071 3189 32).

489 3210 738 3281 Epicurei
755 3208 1093 3265 contulerunt
1107 3222 1227 3263 cum
1245 3207 1411 3264 Paulo
1429 3208 1668 3277 apostolo
1688 3206 2073 3269 :suntetChri-

488 3302 646 3358 stiani
668 3300 922 3372 epicurei.
950 3297 1088 3369 Quid
1107 3299 1248 3356 enim
1265 3306 1387 3355 sunt
1400 3298 1543 3354 aliud
1558 3298 1797 3355 dicentes
1814 3299 2071 3370 quotidie,

489 3390 860 3448 Handucemus
905 3399 951 3446 et
996 3389 1263 3457 bibamus;
1299 3406 1412 3445 cras
1439 3390 1572 3445 enim
1607 3391 1918 3445 moriemur?
1956 3389 2072 3460 Quo

487 3486 739 3559 pertinet,
754 3482 897 3539 Nihil
914 3482 1016 3540 erit
1032 3490 1151 3554 post
1166 3490 1415 3550 mortem,
1436 3482 1636 3538 umbra:
1658 3484 1799 3537 enim
1818 3482 2073 3539 transitus

487 3586 573 3635 est
598 3576 705 3633 vita
732 3584 933 3631 nostra.
954 3574 1212 3630 Dixerunt
1237 3574 1379 3629 enim
1404 3571 1543 3644 apud
1568 3588 1627 3630 se
1648 3575 1942 3646 cegitantes
1965 3590 2071 3631 non

489 3679 635 3728 recte
678 3672 817 3727 inter
855 3677 1047 3725 cariora
1084 3686 1097 3722 :
1130 3666 1436 3724 Coronemus
1466 3684 1558 3723 nos
1600 3669 1761 3735 rosis,
1803 3678 2072 3739 antequam

486 3772 846 3822 marcescant:
880 3762 1078 3818 nullum
1108 3770 1308 3833 pratum
1347 3760 1412 3815 sit
1448 3758 1585 3831 quod
1622 3776 1723 3815 non
1760 3770 2073 3833 pertranseat

484 3857 691 3915 luxuria
705 3864 894 3923 nostra,
908 3856 1088 3926 ubique
1097 3853 1439 3923 relinquamus
1452 3852 1598 3924 signa
1611 3852 1817 3921 lwtitiw,
1833 3854 2073 3924 quoniam

488 3950 597 4007 haec
622 3961 692 4006 est
719 3964 836 4022 pars
866 3950 1066 4013 nostra,
1094 3952 1143 4002 et
1168 3946 1275 4000 haec
1299 3952 1375 4000 est
1402 3961 1533 4000 sors.

557 4036 783 4096 CAPUT
815 4032 905 4093 Vl.
930 4066 1000 4078 -—
1020 4036 1072 4091 7.
1100 4035 1362 4109 Jejunium
1396 4050 1509 4089 cum
1531 4036 1756 4091 oratione
1781 4044 1828 4092 et
1857 4036 2071 4092 eleemo-

486 4140 634 4207 s‘gna.
659 4128 775 4188 Hoc
798 4131 844 4186 si
871 4129 1103 4205 atrocius
1128 4128 1489 4200 objurgemus,
1514 4128 1560 4185 si
1588 4128 1672 4186 his
1694 4130 2073 4202 cupiditatibus

487 4224 856 4282 vehementius
898 4221 1231 4289 resistamus,
1286 4221 1466 4277 dicent
1510 4227 1565 4277 et
1603 4221 1746 4294 quod
1789 4223 2069 4294 sequitur:

490 4301 854 4388 Opprimamus
888 4326 1161 4385 pauperem
1182 4312 1383 4384 justum
1418 4312 1571 4387 (Sap.
1596 4328 1660 4381 ιι,
1693 4312 1868 4388 8-10).
1894 4314 1961 4369 Et
1990 4325 2072 4369 ta-

486 4422 610 4465 men
641 4407 819 4464 dicere
845 4406 928 4461 vel
954 4405 1009 4460 in
1037 4405 1137 4462 hoc
1156 4406 1276 4462 loco
1300 4405 1454 4476 positi
1476 4422 1581 4461 non
1609 4407 1875 4474 timemus,
1899 4406 2073 4464 Nolite

486 4514 609 4561 esse
635 4500 888 4573 epicurei.
918 4498 1157 4570 Cogitate
1181 4499 1393 4570 quidem
1426 4499 1571 4566 illud,
1603 4500 1741 4571 quod
1765 4501 1962 4556 dictum
1990 4510 2072 4556 est

483 4590 551 4651 ab
573 4592 658 4649 his
678 4606 783 4648 non
805 4598 950 4648 recte
970 4589 1329 4663 loquentibus,
1348 4589 1473 4647 Cras
1493 4593 1624 4646 enim
1648 4593 1916 4647 moriemur
1935 4608 1953 4647 :
1975 4592 2067 4649 sed

486 4698 592 4742 non
612 4685 759 4743 omni
788 4683 948 4740 modo
974 4684 1297 4751 moriemur;
1327 4695 1507 4741 manet
1533 4686 1675 4744 enim
1696 4693 1818 4756 post
1840 4695 2070 4743 mortem

484 4777 627 4850 quod
654 4778 891 4848 sequitur
911 4782 1157 4832 mortem.
1181 4777 1372 4832 Comes
1402 4777 1650 4833 morienti
1676 4785 1767 4832 aut
1799 4778 1904 4833 vita
1930 4779 2032 4834 erit
2050 4822 2065 4848 ,

480 4873 575 4925 ant
604 4882 781 4942 paena.
811 4868 979 4924 Nemo
1004 4869 1145 4924 dicat
1176 4887 1191 4923 :
1219 4864 1349 4938 Quis
1377 4868 1481 4925 huc
1523 4864 1647 4926 inde
1680 4886 1929 4929 reversus
1956 4873 2072 4929 est?

486 4962 644 5021 Dives
660 4962 746 5019 ille
768 4971 1089 5034 purpuratus
1109 4978 1229 5019 sero
1245 4962 1420 5019 redire
1439 4963 1624 5031 voluit,
1640 4972 1694 5021 et
1712 4967 1943 5035 permitti
1962 4982 2070 5025 non

483 5056 678 5129 potuit.
709 5052 916 5112 Stillam
942 5054 1129 5111 sitiens
1160 5055 1448 5127 inquisivit,
1468 5055 1558 5126 qui
1583 5058 1901 5114 esurientem
1932 5075 2066 5131 pau-

483 5158 667 5222 perem
710 5146 967 5205 fastidivit
995 5144 1147 5223 (Luc.
1178 5164 1288 5215 xvr,
1313 5146 1526 5221 i9-2i).
1559 5146 1727 5205 Nemo
1753 5166 1881 5223 ergo
1906 5152 2065 5221 dicat,

485 5238 860 5299 Handucemus
891 5246 938 5298 et
958 5241 1205 5310 bibamus,
1227 5256 1340 5298 cras
1359 5242 1490 5296 enim
1510 5242 1801 5299 mariemur.
1826 5242 1882 5301 Si
1913 5244 2069 5303 vultis

483 5332 687 5402 dicere,
709 5328 836 5390 Cras
854 5334 989 5389 enim
1016 5332 1290 5390 moriemur
1314 5349 1333 5388 :
1361 5349 1466 5389 non
1494 5333 1769 5405 prohibeo;
1801 5335 1895 5392 sed
1925 5337 2067 5395 aliud

481 5432 607 5482 ante
618 5420 798 5482 dicite.
816 5420 1062 5498 Epicurei
1084 5425 1276 5499 quippe
1296 5425 1440 5482 velut
1460 5441 1565 5482 non
1576 5427 1762 5483 victuri
1787 5437 1905 5498 post
1924 5444 2067 5483 mor-

481 5524 611 5583 tem,
630 5514 781 5590 quasi
813 5516 959 5577 aliud
992 5514 1122 5575 nihil
1143 5517 1400 5575 habentes
1424 5518 1524 5577 nisi
1546 5520 1686 5592 quod
1706 5519 1931 5577 delectat
1952 5538 2067 5580 car-

484 5620 632 5681 nem,
650 5610 850 5682 dicunt,
879 5610 1249 5670 Handucemus
1267 5620 1315 5669 et
1338 5612 1586 5682 bibamus;
1597 5631 1711 5669 cras
1729 5615 1862 5670 enim
1881 5618 2064 5672 morie-

483 5716 619 5762 mur.
651 5702 937 5763 Christiani
976 5719 1107 5763 vero
1141 5712 1264 5778 post
1303 5715 1528 5763 mortem
1556 5706 1775 5768 victuri.
1804 5716 1857 5764 et
1883 5705 2068 5767 felices

553 5816 887 5870 σοοιιισϋιιυε
904 5823 1269 5885 umerorum.

1740 316 1799 373 S.
1836 307 2208 374 AUGUSTINI
2245 310 2551 373 EPISCOPI

2194 430 2372 500 potius
2397 430 2587 485 victuri
2614 438 2736 501 post
2761 434 3011 501 mortem,
3042 444 3153 488 non
3181 431 3382 502 dicant,
3415 434 3791 496 Hauducemu

2192 531 2239 576 et
2262 522 2526 589 bibamus;
2546 541 2658 577 cras
2679 525 2808 578 enim
2833 525 3107 581 moriemur
3130 542 3149 581 :
3168 526 3259 583 sed
3294 536 3470 586 tenete
3488 530 3631 601 quod
3649 532 3791 589 dici-

2192 620 2316 677 tur,
2358 611 2481 669 Cras
2518 615 2652 670 enim
2697 616 3008 685 moriemur;
3049 627 3105 673 et
3141 615 3334 685 dicite,
3378 620 3688 691 Jejunemus
3730 631 3793 681 et

2191 719 2438 774 oremus;
2468 725 2580 763 cras
2606 709 2739 764 enim
2768 710 3059 767 moriemur.
3089 710 3244 769 Addo
3275 713 3620 786 planealiud,
3644 717 3792 775 addo

2191 796 2406 853 tertium
2422 841 2436 865 ,
2464 815 2563 855 nec
2582 800 2722 871 quod
2748 802 3015 873 praecipue
3039 796 3430 862 observandum
3456 817 3540 864 est
3564 819 3792 879 praeter-

2189 889 2379 959 mitto,
2409 900 2466 947 ut
2494 892 2561 949 de
2580 894 2786 965 jejunio
2817 904 2909 952 tuo
2937 896 3104 953 fames
3134 898 3384 970 pauperis
3411 900 3665 970 satietur,
3695 913 3794 960 aut

2190 982 2235 1037 si
2260 982 2504 1055 jejunare
2530 1002 2638 1043 non
2668 996 2820 1059 potes
2839 1029 2855 1056 ,
2888 990 3056 1062 magis
3082 1006 3268 1062 pascas
3287 1032 3302 1059 ,
3330 992 3482 1064 cujus
3510 994 3792 1051 saturitate

2190 1076 2285 1131 tibi
2313 1079 2467 1134 venia
2485 1082 2829 1139 concedatur.
2859 1082 3046 1139 Dicant
3074 1100 3203 1158 ergo
3228 1085 3534 1154 Christiani,
3565 1087 3790 1159 Jejuno-

2190 1183 2309 1224 mus
2339 1179 2392 1225 et
2420 1186 2638 1229 oremus
2667 1181 2720 1230 et
2742 1174 3036 1244 donemus;
3064 1193 3178 1233 cras
3197 1178 3328 1233 enim
3359 1179 3650 1235 moriemur.
3677 1182 3791 1236 Aut

2190 1261 2236 1316 si
2264 1262 2395 1319 duas
2420 1279 2506 1320 res
2526 1266 2714 1321 volunt
2733 1266 2948 1335 dicere,
2976 1283 3077 1339 ego
3106 1269 3246 1340 eligo
3275 1280 3334 1324 ut
3358 1270 3573 1338 dicant,
3605 1270 3791 1329 Done-

2191 1369 2310 1410 mus
2340 1364 2395 1412 et
2420 1373 2666 1426 oremus,
2694 1376 2884 1430 quam,
2912 1360 3221 1431 Jejunemus
3258 1370 3315 1418 et
3353 1379 3461 1419 non
3497 1364 3785 1422 donemus.

2187 1446 2343 1502 Absit
2368 1463 2495 1520 ergo
2522 1460 2577 1505 ut
2606 1450 2896 1521 Apostolus
2924 1453 2977 1508 in
3008 1469 3234 1524 corpore
3263 1466 3487 1526 poneret
3515 1472 3787 1517 summum

2186 1536 2383 1594 bonum
2414 1536 2676 1611 hominis,
2709 1544 2761 1599 id
2785 1555 2899 1613 est,
2926 1545 3271 1604 beatitudinis
3295 1563 3533 1609 causam.

2257 1630 2485 1689 CAPUT
2526 1630 2636 1690 νη.
2679 1666 2751 1677 --
2787 1637 2840 1693 8.
2877 1628 3168 1694 Stoicorum
3207 1641 3379 1712 Opinio
3406 1640 3649 1715 Apostolo
3676 1661 3784 1702 non

2186 1722 2416 1794 probata.
2484 1724 2586 1782 Sed
2643 1742 2764 1783 cum
2813 1729 3008 1787 Stoicis
3070 1747 3178 1788 non
3250 1734 3505 1792 indecens
3555 1738 3783 1797 fortasse

2186 1813 2452 1871 luctamen
2477 1826 2581 1874 est.
2616 1819 2754 1876 Ecce
2777 1822 2919 1878 enim
2951 1822 3311 1896 interroganti
3328 1825 3418 1881 ubi
3444 1837 3647 1898 ponant
3663 1828 3783 1886 efﬁ-

2184 1905 2332 1960 ciens
2358 1907 2527 1964 heatze
2556 1910 2679 1965 vitae
2698 1953 2713 1980 ,
2753 1910 2804 1967 id
2846 1924 2927 1969 est
2947 1954 2963 1982 ,
2995 1914 3137 1985 quod
3167 1915 3288 1972 facit
3319 1918 3373 1973 in
3402 1918 3619 1977 homine
3647 1921 3779 1979 bea-

2183 2002 2291 2051 tam
2316 1999 2478 2053 vitam
2523 2018 2539 2055 :
2578 2002 2937 2073 respondent,
2978 2020 3084 2060 non
3125 2008 3367 2078 corporis
3411 2011 3775 2081 voluptatem,

2183 2089 2278 2145 sed
2307 2090 2471 2146 animi
2498 2108 2618 2150 esse
2646 2095 2920 2152 virtutem.
2949 2095 3090 2167 Quid
3116 2100 3442 2171 Apostolus?
3466 2103 3693 2160 Annuit?
3717 2104 3777 2161 Si

2182 2182 2402 2249 annuit,
2449 2201 2766 2242 annuamus.
2811 2187 2917 2244 Sed
2959 2206 3067 2245 non
3106 2193 3293 2247 annuit
3334 2212 3347 2249 :
3388 2203 3605 2251 revocat
3630 2197 3778 2253 enim

2182 2271 2454 2345 Scriptura
2474 2291 2566 2332 eos
2587 2279 2676 2348 qui
2695 2278 2969 2336 confidunt
2989 2281 3042 2337 in
3059 2282 3256 2340 virtute
3272 2298 3369 2339 sua
3391 2282 3563 2358 (Psal.
3586 2303 3774 2357 xum,

2184 2366 2260 2440 7).
2287 2367 2579 2438 Epicureus
2608 2374 2786 2444 itaque
2815 2374 2867 2428 in
2899 2389 3125 2445 corpore
3148 2391 3353 2447 ponens
3373 2392 3640 2435 summum
3671 2379 3774 2436 ho—

2179 2448 2349 2514 minis.
2372 2461 2568 2518 bonum
2594 2505 2607 2529 ,
2639 2465 2691 2518 in
2720 2479 2777 2519 se
2804 2480 2953 2537 spem
2983 2466 3150 2537 ponit.
3182 2464 3287 2525 Sed
3312 2469 3456 2525 enim
3485 2469 3693 2527 Stoicus
3717 2472 3776 2530 in

2181 2551 2364 2605 animo
2392 2568 2597 2623 ponens
2619 2571 2887 2612 summum
2912 2557 3145 2615 hominis
3173 2558 3393 2629 bonum,
3409 2562 3460 2617 in
3478 2578 3538 2619 re
3557 2564 3775 2636 quidem

2180 2643 2391 2699 meliori
2425 2645 2657 2702 hominis
2688 2649 2896 2720 posuit;
2941 2650 3034 2706 sed
3072 2651 3231 2707 etiam
3273 2654 3387 2723 ipse
3426 2655 3478 2709 in
3519 2669 3579 2711 se
3620 2671 3774 2726 spem

2180 2736 2376 2804 posuit.
2400 2736 2571 2793 Homo
2598 2748 2679 2795 est
2700 2750 2876 2796 autem
2907 2750 2961 2797 et
2984 2738 3281 2813 Epicureus
3307 2754 3362 2802 et
3390 2744 3623 2803 Stoicus.
3656 2748 3772 2805 Ma-

2179 2826 2405 2885 ledictus
2438 2831 2594 2901 igitur
2618 2833 2793 2887 omnis
2820 2834 2906 2905 qui
2934 2848 3084 2906 spem
3116 2852 3268 2891 suam
3298 2839 3447 2907 ponit
3474 2840 3528 2894 in
3555 2838 3773 2898 homine

2183 2918 2393 2991 (Jerem.
2424 2934 2557 2989 xvu,
2586 2923 2664 2994 5).
2687 2924 2822 2994 Quid
2847 2925 3001 2998 ergo?
3022 2925 3137 2983 Jam
3162 2930 3465 2985 constitutis
3489 2940 3615 2987 ante
3639 2947 3770 2988 ocu-

2177 3007 2260 3064 los
2302 3021 2513 3068 nostros
2559 3013 2761 3082 tribus,
2809 3014 3104 3087 Epicureo,
3159 3018 3378 3089 Stoico,
3426 3019 3767 3094 Christiano,

2180 3102 2572 3177 interrogemus
2613 3109 2871 3180 singulos.
2901 3110 3017 3178 Dic,
3044 3112 3326 3184 Epicuree,
3352 3130 3473 3186 qua:
3501 3130 3590 3172 res
3612 3116 3773 3174 faciat

2178 3196 2416 3255 beatum.
2448 3200 2755 3274 Respondet
2789 3222 2802 3258 :
2832 3204 3086 3276 Voluptas
3116 3209 3378 3278 corporis.
3408 3209 3536 3279 Dic,
3567 3209 3768 3270 Stoice.

2179 3288 2360 3347 Virtus
2385 3294 2568 3349 animi.
2601 3296 2695 3351 Dic
2716 3338 2731 3365 ,
2758 3294 3076 3356 Christiane.
3107 3300 3314 3357 Donum
3343 3301 3460 3358 Dei.

2252 3384 2477 3443 CAPUT
2517 3385 2651 3444 VIII.
2698 3419 2771 3429 —
2826 3389 2880 3446 9.
2930 3390 3241 3465 Rejiciendw
3290 3392 3666 3468 Epicureorum
3719 3407 3772 3455 et

2177 3470 2467 3533 Stoicorum
2523 3478 2586 3534 de
2637 3481 2876 3552 felicitate
2924 3485 3201 3541 sententias.
3260 3485 3481 3559 itaque,
3538 3487 3766 3559 fratres,

2177 3570 2328 3628 velut
2377 3572 2502 3629 ante
2551 3574 2740 3630 oculos
2784 3583 2998 3632 nostros
3049 3578 3297 3649 Epicurei
3342 3588 3400 3636 et
3441 3581 3605 3638 Stoici
3644 3599 3769 3640 cum

2176 3662 2436 3733 Apostolo
2459 3665 2821 3734 contulerunt,
2849 3675 2902 3722 et
2927 3668 3214 3726 collatione
3241 3686 3336 3727 sua
3366 3686 3467 3728 nos
3489 3672 3615 3744 quid
3640 3673 3771 3745 reji-
3858 3744 3861 3745 γ

2176 3768 2302 3810 cere
2326 3764 2380 3811 et
2403 3755 2528 3827 quid
2554 3755 2877 3815 deberemus
2902 3759 3103 3832 eligere
3126 3761 3443 3820 docuerunt.
3476 3765 3574 3821 Est
3597 3766 3769 3824 virtus

2178 3846 2342 3901 animi
2365 3861 2453 3902 res
2475 3847 2761 3908 laudabilis
2779 3893 2795 3917 ,
2826 3851 3108 3922 prudentia
3147 3855 3287 3911 mala
3320 3863 3375 3913 et
3397 3856 3540 3913 bona
3562 3857 3767 3917 discer-

2178 3950 2340 4005 nens,
2390 3940 2595 4014 justitia
2641 3958 2738 4000 sua
2777 3947 2972 4017 cuique
3016 3947 3373 4020 distribuens,
3414 3956 3769 4025 temperantia

2178 4034 2425 4091 libidines
2468 4036 2759 4108 cohibens,
2801 4038 3055 4098 fortitudo
3096 4044 3372 4102 mulcatias
3400 4048 3770 4118 aequanimiter

2179 4127 2472 4183 sustinens.
2504 4128 2691 4201 Magna
2718 4146 2827 4199 res,
2861 4133 3141 4191 laudabilis
3168 4150 3256 4192 res
3284 4154 3299 4191 :
3332 4137 3516 4207 lauda,
3546 4137 3765 4209 Stoice,

2178 4230 2435 4291 quantum
2478 4231 2663 4292 potes;
2716 4223 2810 4280 sed
2856 4225 2979 4295 die,
3026 4226 3180 4285 Unde
3207 4229 3410 4298 habes?
3441 4230 3558 4287 Non
3592 4231 3767 4289 virtus

2178 4312 2343 4368 animi
2369 4314 2441 4369 tui
2472 4324 2523 4370 te
2550 4314 2677 4371 facit
2703 4316 2942 4385 beatum,
2971 4319 3066 4374 sed
3086 4320 3177 4390 qui
3199 4320 3292 4376 tibi
3316 4322 3566 4379 virtutem
3595 4324 3762 4392 dedit,

2178 4407 2270 4476 qui
2302 4407 2393 4463 tibi
2423 4408 2561 4465 velle
2587 4410 2887 4481 inspiravit,
2911 4421 2967 4468 et
2985 4428 3145 4483 posse
3168 4414 3389 4471 donavit
3411 4416 3667 4490 (Philipp.
3702 4434 3760 4489 ιι,

2180 4498 2292 4571 i5).
2325 4499 2447 4557 Scio
2473 4502 2594 4571 quia
2625 4502 2871 4559 fortassis
2891 4504 3147 4561 irrisurus
3166 4522 3226 4563 es
3251 4523 3361 4574 me,
3391 4519 3449 4566 et
3475 4512 3581 4567 eris
3610 4512 3662 4567 in
3684 4513 3763 4568 eis

2179 4590 2246 4648 de
2275 4593 2468 4664 quibus
2496 4595 2751 4665 scriptum
2779 4607 2863 4652 est
2886 4598 3008 4668 quia
3035 4598 3259 4656 Paulum
3283 4601 3595 4663 iniciebant.
3622 4604 3681 4661 Si
3704 4612 3763 4660 tu

2178 4686 2261 4741 via
2292 4701 2384 4754 es,
2412 4702 2512 4759 ego
2538 4689 2779 4757 semino,
2811 4692 3104 4748 seminator
3137 4696 3281 4750 enim
3317 4697 3598 4753 verborum
3642 4710 3764 4756 sum

2179 4794 2276 4851 pro
2303 4781 2522 4837 modulo
2543 4797 2684 4838 meo.
2706 4783 2863 4853 Quod
2890 4784 2988 4840 fuit
3004 4788 3302 4844 convicium
3327 4798 3495 4858 mum,
3521 4789 3763 4850 ofﬁcium

2178 4881 2261 4928 est
2283 4888 2481 4928 meum.
2504 4874 2617 4945 Ego
2636 4876 2842 4932 semino
2869 4893 2882 4930 :
2911 4877 3055 4933 cadit
3072 4879 3125 4934 in
3152 4888 3207 4936 te
3223 4881 3366 4952 quod
3390 4883 3620 4952 semine,
3638 4892 3760 4941 tan-

2176 4979 2335 5035 quam
2363 4964 2418 5020 in
2445 4972 2638 5021 terram
2656 4966 2864 5023 duram.
2890 4968 3004 5039 Ego
3033 4986 3138 5025 non
3170 4985 3289 5026 sum
3312 4973 3496 5044 piger;
3529 4981 3588 5030 et
3608 4974 3761 5032 inve-

2176 5055 2269 5112 nio
2288 5065 2482 5113 terram
2510 5057 2724 5114 bonam.
2751 5058 2888 5127 Quid
2922 5061 3012 5116 tibi
3037 5063 3255 5119 iaciam?
3276 5064 3656 5135 Reprehensos
3674 5083 3757 5136 es,

2176 5159 2233 5205 et
2259 5149 2478 5205 oraculo
2509 5150 2692 5208 divino
2717 5154 3074 5224 reprehensus
3099 5170 3178 5211 es.
3204 5155 3348 5215 Inter
3381 5158 3504 5215 illos
3538 5175 3633 5226 es,
3668 5161 3758 5231 qui

2175 5240 2450 5298 conﬁdunt
2478 5245 2533 5299 in
2556 5246 2751 5303 virtute
2781 5260 2877 5303 sua
2907 5265 2922 5303 :
2948 5248 3088 5305 inter
3115 5249 3237 5305 illos
3260 5265 3341 5319 es,
3366 5252 3457 5323 qui
3482 5266 3630 5323 spem
3661 5269 3759 5324 po-

2175 5343 2308 5390 nunt
2351 5334 2405 5391 in
2452 5334 2687 5395 homine.
2722 5338 2904 5396 Virtus
2940 5349 2993 5398 te
3025 5340 3286 5411 deiectat;
3329 5343 3466 5401 bona
3494 5359 3589 5402 res
3612 5346 3761 5403 deie-

2175 5436 2285 5484 ctat
2316 5446 2329 5483 :
2361 5430 2497 5497 scio,
2526 5430 2666 5495 sitis;
2693 5431 2786 5488 sed
2816 5433 3065 5489 virtutem
3094 5433 3187 5491 tibi
3209 5449 3429 5492 manare
3451 5451 3560 5492 non
3583 5446 3756 5508 potes.

2173 5521 2359 5579 Siccus
2386 5537 2476 5589 es;
2506 5523 2551 5578 si
2577 5524 2670 5579 tibi
2698 5525 2985 5583 ostendero
3008 5524 3208 5583 fontem
3232 5527 3358 5585 vita:
3386 5530 3426 5596 ί,
3453 5527 3594 5585 forte
3615 5529 3763 5587 deri-

2172 5612 2346 5671 debis.
2389 5614 2533 5670 Dicis
2576 5615 2726 5672 enim
2761 5616 2902 5688 apud
2946 5624 3000 5674 te
3041 5635 3054 5671 :
3097 5617 3175 5675 De
3211 5618 3311 5674 ista
3339 5612 3759 5689 rupe'bibiturus

2172 5707 2331 5765 sum?
2373 5706 2596 5764 Accedit
2630 5708 2813 5780 virga,
2853 5717 2908 5766 et
2946 5711 3182 5767 manavit
3217 5724 3374 5783 aqua.
3403 5710 3580 5770 laici
3606 5713 3759 5773 alim

2238 5821 3527 5892 istemtteditiﬁicurwsittiﬂmetc.
