4098 6310
359 331 465 396 .13

359 453 506 525 signa
539 459 742 524 petunt,-
777 452 872 511 sed
905 460 999 520 tu,
1044 452 1258 522 Stoice,
1289 470 1394 512 non
1421 471 1481 513 es
1504 455 1721 513 Iudaeus
1748 475 1760 511 :
1789 459 1900 512 scio
1920 499 1934 524 ,

362 545 580 602 Grarcus
607 560 701 612 es;
726 556 774 600 et
809 546 972 602 Graeci
995 549 1294 618 sapientiam
1328 559 1578 620 quierunt.
1625 549 1739 605 Nos
1775 560 1939 605 autem

363 637 702 706 pradicant”
741 635 996 693 Christum
1036 641 1352 708 cruciﬁxum.
1398 641 1797 698 Scandalizatur
1842 643 1938 699 Ju-

361 728 510 784 dmus
533 770 548 796 ,
579 729 869 787 subsannat
905 730 1140 787 Graecus.
1182 730 1380 788 Judteis
1421 734 1560 789 enim
1603 736 1936 802 scandalum,

365 818 608 875 Gentibus
645 829 810 875 autem
838 822 1101 876 stultitiam
1131 839 1149 877 :
1174 825 1262 878 sed
1301 826 1425 894 ipsis
1455 827 1640 880 vocatis
1675 825 1872 881 luditis
1895 837 1940 880 et

363 910 574 978 Graecis,
624 912 728 968 hoc
768 924 870 981 est,
919 915 1016 984 ipsi
1061 915 1225 972 Paulo
1272 932 1338 972 ex
1383 917 1562 986 Saulo,
1599 929 1653 974 et
1691 920 1941 991 Dionysio

361 1005 698 1074 Areopagitas
717 1045 733 1069 ,
763 1013 816 1059 et
843 1005 1034 1061 talibus
1075 1007 1156 1062 his
1177 1049 1192 1074 ,
1231 1009 1424 1063 talibus
1449 1017 1502 1064 et
1529 1011 1629 1064 illis
1648 1053 1663 1075 ,
1688 1011 1940 1066 Christum

360 1097 454 1148 Det
493 1093 737 1150 Virtutem
765 1104 810 1149 et
838 1096 933 1152 Dei
955 1097 1273 1166 Sapientiam
1293 1098 1338 1172 (1
1364 1101 1479 1154 Cor.
1512 1117 1548 1167 ι,
1575 1101 1796 1171 22-24.)
1823 1103 1942 1158 lam

360 1201 463 1239 non
487 1185 676 1240 irrides
695 1201 882 1256 rupem
906 1206 920 1244 :
945 1203 1171 1259 agnosce
1190 1191 1388 1260 virgam
1412 1207 1643 1259 crucem,
1671 1193 1940 1250 Christum

362 1277 581 1343 fontem;
606 1287 658 1334 et
679 1279 723 1335 si
744 1281 878 1346 sitis,
905 1281 1025 1337 bibe
1043 1283 1313 1338 virtutem.
1339 1285 1464 1340 Esto
1487 1287 1628 1342 fonte
1649 1290 1938 1358 saginatus,

357 1372 646 1439 gratiarum
685 1375 924 1442 actiones
961 1374 1187 1432 fortasse
1229 1379 1496 1434 ructuabis
1528 1399 1540 1436 :
1571 1382 1708 1451 quod
1748 1384 1816 1438 ab
1852 1385 1941 1440 illo

359 1459 524 1518 babes
543 1504 556 1527 ,
586 1463 694 1532 jam
731 1481 836 1519 non
869 1465 960 1520 tibi
990 1465 1140 1521 dabis
1165 1509 1178 1534 ,
1204 1469 1298 1524 sed
1324 1470 1376 1524 in
1405 1473 1735 1528 ructuatione
1761 1476 1941 1530 exclao

266 1611 285 1624 _
361 1553 550 1617 snabis,
581 1552 800 1625 Diligens
829 1564 894 1623 te,
927 1555 1162 1626 Domine,
1187 1559 1342 1614 uirtus
1364 1579 1472 1616 mea
1495 1561 1662 1635 (Psal.
1688 1582 1813 1633 xvtt,
1837 1566 1938 1638 ἱ).

360 1640 477 1696 iam
518 1659 622 1698 non
651 1644 798 1700 dices
829 1666 844 1702 :
875 1648 1052 1704 Virtus
1077 1651 1240 1705 animi
1265 1653 1368 1707 mei
1397 1670 1481 1708 me
1511 1653 1636 1710 facit
1657 1657 1866 1714 beatum
1901 1661 1937 1714 ³.

361 1731 476 1786 Νοη
505 1735 615 1790 eris
643 1736 780 1791 inter
808 1739 925 1793 illos
952 1740 1040 1810 qui
1067 1753 1452 1812 cognoscentes
1475 1747 1658 1811 Deum,
1692 1766 1790 1804 non
1815 1753 1943 1805 sicut

359 1824 527 1880 Deum
553 1827 957 1899 gloriﬁcauerunt
976 1871 990 1897 ,
1025 1843 1112 1887 aut
1140 1835 1330 1904 gratias
1351 1848 1586 1908 egerunt,-
1612 1841 1700 1895 sed
1725 1857 1940 1896 evanue-

359 1930 478 1974 runt
505 1921 556 1974 in
585 1924 964 1993 cogitationibus
989 1927 1126 1995 suis,
1164 1937 1210 1981 et
1241 1929 1560 1985 obscuratum
1601 1945 1670 1987 est
1703 1935 1942 2005 insipiens

361 2013 691 2082 coripsorum
720 2031 737 2068 :
767 2015 984 2071 dicentes
1010 2019 1144 2073 enim
1171 2036 1224 2074 se
1253 2038 1356 2076 esse
1385 2025 1631 2092 sapientes
1651 2028 1790 2081 stulti
1820 2031 1942 2100 facti

360 2116 474 2159 sunt
501 2104 671 2179 (Rom.
702 2124 742 2173 ι,
771 2108 835 2164 ﬁl
859 2119 906 2164 et
932 2109 1046 2180 2‘1).
1070 2110 1204 2178 Quid
1231 2121 1311 2168 est
1337 2115 1500 2181 enim,
1524 2117 1738 2173 dicentes
1764 2136 1816 2173 se
1839 2137 1944 2175 esse

361 2199 610 2269 sapientes
627 2241 644 2268 ,
675 2201 776 2257 nisi
800 2219 830 2258 a
857 2217 916 2259 se
944 2203 1140 2260 habere
1159 2247 1176 2273 ,
1208 2207 1307 2261 sibi
1331 2210 1611 2264 sufficere?
1639 2213 1795 2267 Stulti
1821 2215 1943 2283 facti

363 2301 475 2344 sunt
507 2307 527 2345 :
557 2295 746 2348 merito
767 2295 925 2350 stulti.
950 2295 1184 2354 Stultitia
1214 2315 1362 2367 vera,
1391 2310 1475 2356 est
1499 2301 1634 2357 falsa
1659 2307 1938 2374 sapientia.

362 2383 464 2439 Sed
493 2386 600 2440 eris
627 2387 762 2443 inter
787 2389 928 2456 illos,
961 2390 1028 2446 de
1051 2391 1240 2462 quibus
1267 2394 1460 2448 dicitur
1484 2414 1496 2446 :
1518 2395 1748 2463 Domine,
1781 2399 1832 2453 in
1857 2401 1939 2453 ln-

364 2477 497 2532 mine
515 2478 679 2533 uultus
700 2481 774 2534 tui
793 2481 1141 2551 ambulabunt,
1162 2495 1206 2539 et
1230 2487 1281 2540 in
1303 2488 1502 2542 nomine
1518 2495 1604 2542 tuo
1626 2491 1941 2545 exsultabtmt

365 2576 466 2622 tota
489 2569 588 2636 die,
619 2579 664 2624 et
690 2572 742 2624 in
768 2573 968 2642 justitiu
994 2583 1080 2628 tua
1109 2577 1492 2644 exaltabuntur;
1518 2583 1753 2650 quoniam
1779 2584 1942 2653 gloria

363 2662 558 2716 uirtutis
583 2679 753 2718 eorum
784 2672 836 2718 tu
863 2683 914 2719 es
944 2664 1110 2736 (Psal.
1143 2683 1400 2734 LXXXVIII,
1435 2672 1646 2743 lli-l8).
1683 2674 1941 2729 Virtutem

363 2755 672 2822 quierebas;
714 2755 799 2811 dic
818 2798 833 2823 ,
866 2757 1100 2824 Domine,
1138 2762 1292 2814 uirtus
1320 2779 1429 2816 meo
1455 2762 1625 2833 (Psal.
1656 2780 1800 2831 xcm,
1825 2767 1934 2833 12).

366 2845 582 2902 Beatam
614 2847 772 2904 vitam
811 2851 1118 2920 quaerebas;
1159 2853 1277 2920 dic,
1309 2853 1494 2908 Beatus
1524 2857 1672 2911 homo
1707 2876 1850 2930 quem
1889 2870 1941 2914 tu

365 2941 639 3008 audieris,
676 2940 912 2998 Domine.
949 2944 1142 3002 Beatus
1177 2948 1316 3001 enim
1360 2950 1618 3018 populus,
1651 2953 1802 3020 cuius
1835 2969 1938 3007 non

365 3035 608 3103 voluptas
631 3035 827 3103 carnis,
854 3036 1006 3107 cujus
1031 3054 1134 3093 non
1162 3039 1326 3094 virtus
1357 3043 1600 3110 propria;
1630 3043 1744 3108 sed,
1769 3043 1941 3099 beatus

367 3127 582 3197 papulas
619 3128 767 3200 cujus
793 3137 866 3183 est
893 3129 1138 3184 Dominus
1183 3131 1316 3187 Deus
1349 3134 1506 3200 ipsius
1537 3133 1706 3207 (Psal.
1742 3151 1902 3191 cum
1923 3178 1936 3202 ,

367 3218 478 3289 15).
504 3219 626 3275 Haec
651 3229 732 3276 est
756 3222 924 3291 patria
951 3223 1313 3292 beatitudinis,
1345 3242 1502 3296 quam
1529 3242 1716 3282 omnes
1734 3229 1936 3294 volunt;

366 3311 460 3366 sed
500 3326 606 3367 non
636 3328 822 3369 omnes
850 3324 994 3370 recte
1023 3325 1284 3387 quaerunt.
1323 3317 1430 3373 Nos
1468 3327 1644 3374 autem
1677 3319 1742 3374 ad
1781 3320 1938 3375 talem

366 3403 589 3473 patriam
621 3419 724 3459 non
752 3405 907 3462 nobis
928 3407 1064 3462 viam
1094 3409 1242 3478 quasi
1267 3409 1432 3465 corde
1462 3419 1648 3466 nostro
1672 3412 1940 3468 machine—

365 3511 507 3563 snur,
531 3501 586 3550 et
608 3497 862 3551 erraticas
879 3499 1098 3554 semitas
1118 3499 1396 3556 moliamur
1419 3521 1432 3556 :
1455 3503 1599 3556 venit
1620 3503 1742 3560 inde
1763 3514 1817 3561 et
1835 3506 1937 3560 via.

435 3587 524 3642 10.
564 3586 832 3642 Beatitudo
858 3597 904 3642 et
934 3590 1002 3642 ad
1025 3589 1384 3647 beatitudinem
1409 3595 1491 3648 uia
1519 3594 1769 3652 Christus.
1798 3598 1939 3666 Quid

359 3677 474 3730 vult
509 3677 652 3732 enim
679 3677 885 3743 beatus,
912 3680 1036 3750 quid
1066 3683 1194 3749 vult,
1225 3684 1325 3738 nisi
1355 3701 1460 3740 non
1487 3685 1616 3749 falli,
1646 3702 1752 3744 non
1781 3693 1938 3758 mori,

362 3785 473 3826 non
504 3769 720 3825 dolere?
765 3770 831 3826 Et
873 3772 1000 3842 quid
1029 3776 1256 3844 quaerit?
1298 3777 1423 3832 Plus
1466 3781 1695 3843 esurire,
1743 3791 1796 3837 et
1822 3784 1942 3854 plus

285 3887 298 3900 -
363 3861 722 3916 manducare?
748 3860 905 3931 Quid,
946 3865 992 3919 si
1027 3866 1216 3922 melius
1255 3877 1338 3924 est
1374 3885 1478 3926 non
1505 3873 1750 3928 esurire?
1776 3874 1942 3933 Nemo

363 3949 550 4006 beatus
577 3959 678 4018 est,
708 3953 810 4008 nisi
833 3955 924 4025 qui
943 3955 1071 4010 vivit
1096 3958 1148 4011 in
1170 3967 1427 4015 aeternum
1453 3961 1567 4018 sine
1596 3963 1704 4019 ullo
1731 3965 1938 4032 timore,

363 4042 482 4097 sine
504 4043 611 4096 ulla
638 4041 864 4100 fallacia.
889 4045 1020 4100 Nam
1042 4046 1154 4104 falli
1180 4049 1293 4105 odit
1316 4051 1511 4108 anima.
1538 4053 1802 4120 Quantum
1832 4057 1941 4112 falli

365 4132 538 4188 oderit
556 4134 731 4189 anima
749 4138 1079 4205 naturaliter,
1101 4140 1222 4196 hinc
1242 4143 1459 4214 intelligi
1479 4155 1671 4214 potest,
1694 4151 1940 4218 quoniam

364 4223 454 4292 qui
485 4232 664 4281 mente
701 4227 929 4282 alienata
957 4229 1150 4296 rident,
1183 4232 1459 4302 plorantur
1483 4251 1512 4290 a
1542 4238 1686 4294 sanis
1719 4256 1731 4292 :
1763 4251 1817 4296 et
1841 4242 1942 4297 eli-

365 4317 442 4386 git
470 4317 631 4375 homo
655 4321 836 4392 utique
864 4321 1054 4388 ridere,
1089 4339 1248 4394 quam
1288 4325 1436 4382 flere.
1475 4327 1531 4385 Si
1555 4329 1661 4384 duo
1686 4331 1784 4387 ista
1815 4349 1940 4403 pro-

367 4419 650 4480 ponantur,
689 4412 882 4469 Ridere
907 4415 1006 4480 vis,
1036 4431 1104 4471 an
1142 4415 1310 4474 ﬂere?
1337 4421 1454 4489 quis
1478 4423 1672 4492 estqui
1717 4441 1940 4496 respon-

366 4500 510 4568 deat,
557 4503 683 4571 nisi,
714 4503 946 4560 Ridere?
977 4506 1170 4562 lterum
1207 4509 1251 4562 si
1283 4521 1644 4580 proponantur
1674 4514 1770 4570 ista
1810 4516 1936 4586 duo,

366 4591 501 4648 Falli
525 4594 627 4661 vis,
666 4610 732 4650 an
759 4612 943 4652 verum
973 4600 1192 4655 tenere?
1218 4603 1392 4656 omnis
1431 4604 1595 4658 homo
1632 4609 1935 4676 respondet,

366 4683 565 4741 Verum
593 4694 793 4744 tenere.
835 4688 902 4743 Et
936 4689 1111 4746 ridere
1137 4690 1302 4762 eligit,
1331 4703 1383 4748 et
1405 4710 1587 4750 verum
1619 4705 1802 4766 tenere
1835 4701 1940 4756 :de

363 4776 572 4835 duobus
600 4781 725 4846 illis,
773 4783 882 4838 risu
922 4793 976 4838 et
1012 4782 1158 4852 ﬂetu,
1191 4785 1420 4852 Ridere;
1461 4788 1527 4844 de
1567 4790 1771 4848 duobus
1800 4795 1934 4861 istis,

363 4867 570 4924 fallacia
603 4881 657 4927 et
685 4872 928 4940 veritate,
963 4875 1154 4930 Verum
1193 4885 1391 4933 tenere.
1434 4878 1537 4934 Sed
1568 4889 1768 4937 tantum
1798 4901 1936 4953 prte-

361 4961 504 5016 valet
530 4962 875 5018 invictissime
900 4966 1116 5031 veritas,
1145 4974 1202 5020 ut
1222 4969 1380 5037 eligat
1407 4969 1566 5025 homo
1604 4987 1731 5028 sana
1762 4985 1938 5032 mente

363 5051 512 5120 flere,
542 5069 698 5124 quam
744 5063 925 5112 mente
962 5057 1188 5112 alienata
1219 5060 1414 5116 ridere.
1465 5061 1542 5116 lbi
1584 5079 1712 5134 ergo
1755 5066 1806 5120 in
1849 5069 1936 5124 illa

362 5146 531 5216 patria
563 5148 757 5203 veritas
780 5149 903 5218 erit,
935 5149 1139 5206 fallacia
1179 5161 1232 5207 et
1257 5168 1408 5209 error
1437 5171 1714 5226 nusquam.
1751 5158 1857 5215 Sed
1883 5171 1936 5217 et

359 5239 558 5294 veritas
587 5240 704 5307 erit,
737 5250 791 5297 et
816 5240 946 5298 flere
982 5257 1086 5297 non
1113 5245 1231 5299 erit.
1263 5245 1378 5301 Erit
1399 5249 1540 5303 enim
1567 5259 1621 5304 et
1650 5267 1829 5307 verum
1859 5253 1934 5308 ri-

357 5327 547 5392 dere’,
578 5339 632 5385 et
656 5331 722 5388 de
741 5333 964 5394 veritate
987 5335 1239 5406 gaudere,
1263 5339 1386 5408 quia
1427 5339 1496 5393 ibi
1519 5342 1623 5396 vita
1651 5343 1770 5397 erit.
1802 5343 1932 5399 Nam

357 5421 404 5476 si
429 5421 584 5479 dolor
612 5425 732 5491 erit,
761 5427 870 5482 vita
897 5442 1002 5484 non
1033 5430 1134 5486 erit
1164 5447 1178 5484 :
1209 5447 1382 5502 neque
1411 5434 1550 5488 enim
1579 5435 1684 5490 vita
1713 5436 1932 5494 dicenda

356 5519 444 5567 est
470 5517 827 5584 sempiternus
856 5519 1277 5592 immortalisque
1301 5525 1582 5580 cruciatus.
1607 5526 1730 5582 ldco
1751 5528 1930 5584 Domi-

355 5617 460 5660 nus
487 5621 594 5661 non
640 5611 915 5679 appellans
941 5612 1100 5667 vitam
1137 5630 1294 5684 quam
1341 5616 1566 5672 habituri
1611 5631 1733 5676 sunt
1763 5621 1927 5692 impii,

423 5717 445 5798 ξ
456 5717 930 5798 sicgilliertlnustts.
965 5723 1082 5798 editi
1099 5740 1236 5792 vero,
1247 5728 1441 5783 Aninms
1454 5744 1585 5786 meus
1594 5734 1709 5798 facit
1724 5734 1924 5788 beatum.

421 5778 446 5813 ³
460 5785 516 5832 tn
527 5782 809 5838 Michael'tno
829 5793 934 5852 ωε,
955 5786 1136 5842 ﬁdere.

1813 340 2041 399 8ΕῆΜο
2076 343 2207 401 CLI.

3513 367 3618 424 8M

2047 458 2287 526 quamvis
2331 461 2384 516 in
2413 463 2532 533 igne
2557 465 2749 522 victuri
2791 466 2897 524 sint
2923 486 2938 526 :
2964 470 3130 529 vitam
3162 490 3271 531 non
3300 477 3507 546 ﬁniunt,
3550 498 3619 541 ne

2045 566 2255 621 pmnam
2285 554 2472 611 ﬁniant
2501 575 2513 610 :
2553 557 2746 614 Vermis
2773 563 2914 618 enim
2948 581 3121 622 eorum
3153 584 3252 624 non
3283 573 3542 641 morietur,
3571 584 3622 632 et

2043 645 2176 716 ignis
2216 664 2388 702 eorum
2428 666 2530 705 non
2571 653 2888 724 extinguetur
2913 657 3064 729 (Isai.
3105 663 3366 737 lxvs,24)
3397 684 3410 720 :
3442 677 3620 724 tamen

2045 752 2161 792 eam
2185 741 2354 795 noluit
2374 743 2646 811 appellare
2664 747 2845 815 vitam,
2874 750 2966 804 sed
2999 751 3133 808 hanc
3158 756 3440 824 appellavit
3459 760 3621 816 vitam

2046 843 2164 899 qum
2191 830 2343 886 beata
2379 841 2433 887 et
2463 842 2660 890 aeterna
2688 849 2768 891 est
2793 838 3002 911 (Matth.
3043 860 3168 910 xxv,
3195 847 3286 913 41,
3326 848 3438 920 46).
3466 849 3620 907 Unde

2048 922 2410 994 interrogante
2439 927 2529 982 illo
2570 929 2730 985 divite
2761 933 3061 1002 Dominum,
3095 939 3231 1005 Quid
3269 942 3386 996 boni
3409 945 3614 1013 faciam,

2045 1022 2100 1065 ut
2141 1015 2293 1068 vitam
2337 1024 2576 1073 (sternam
2626 1027 2935 1094 consequar?
2972 1035 3025 1081 et
3066 1029 3178 1099 ipse
3212 1032 3424 1101 quidem
3460 1035 3625 1090 vitam

2047 1112 2298 1159 :eternam
2327 1123 2432 1162 non
2459 1110 2782 1178 nominabat,
2808 1115 2909 1169 nisi
2933 1116 3162 1173 beatam.
3189 1119 3320 1176 Nam
3352 1122 3627 1181 habebunt

2047 1195 2193 1265 impii
2223 1205 2496 1264 aeternam,
2525 1202 2620 1257 sed
2646 1219 2754 1259 non
2772 1205 2978 1262 beatam
3002 1210 3188 1277 vitam,
3220 1215 3341 1282 quia
3370 1218 3625 1273 cruciati-

2045 1285 2142 1339 bus
2171 1286 2400 1354 plcnam.
2435 1291 2572 1362 Ergo
2611 1295 2702 1349 ille
2728 1297 2821 1363 ait,
2855 1296 3086 1366 Domine,
3111 1304 3234 1373 quid
3259 1304 3376 1360 boni
3411 1310 3620 1379 faciam,

2044 1385 2098 1429 ut
2122 1378 2270 1432 vitam
2311 1391 2547 1436 aeternam
2575 1389 2883 1458 consequar?
2913 1390 3207 1460 Respondit
3247 1396 3324 1452 illi
3369 1378 3623 1456 Dominus

2045 1467 2112 1522 de
2147 1471 2425 1526 mandatis.
2473 1476 2558 1528 Ait
2588 1477 2696 1542 ille,
2747 1479 2870 1534 llmc
2907 1483 3087 1538 omnia
3125 1485 3244 1541 feci.
3277 1481 3382 1544 Sed
3408 1493 3621 1560 quando

2045 1560 2319 1627 respondit
2345 1562 2409 1618 de
2447 1566 2725 1630 mandatis,
2755 1571 2881 1639 quid
2921 1573 3031 1627 ait?
3072 1576 3134 1630 Si
3159 1577 3229 1630 vis
3255 1582 3418 1634 venire
3453 1584 3520 1636 ad
3547 1586 3622 1640 si-

2047 1658 2148 1702 tam
2177 1651 2285 1722 (ιιι.
2317 1669 2429 1721 xxx,
2464 1657 2550 1723 16,
2586 1659 2696 1727 li).
2725 1659 2838 1714 Non
2869 1664 2916 1716 ei
2947 1663 3080 1720 dixit
3106 1666 3344 1735 beatam;
3373 1673 3496 1741 quia
3517 1675 3620 1729 mi-

2045 1754 2163 1794 sera
2209 1759 2306 1797 nec
2334 1745 2439 1799 vita
2481 1745 2704 1802 dicenda
2749 1759 2851 1806 est.
2902 1752 3015 1809 Non
3056 1756 3105 1810 ei
3153 1757 3283 1813 dixit
3329 1771 3617 1830 aeternam;

2045 1832 2165 1901 quia
2192 1833 2278 1888 ubi
2303 1837 2487 1890 mortis
2516 1840 2672 1894 timor
2701 1849 2802 1907 est,
2835 1858 2933 1899 nec
2960 1845 3065 1901 vita
3098 1847 3320 1906 dicenda
3343 1861 3444 1909 est.
3475 1854 3618 1926 Ergo

2044 1921 2168 1987 vita,
2201 1940 2318 1993 quac
2349 1926 2450 1982 hoc
2484 1931 2698 1987 nomine
2725 1932 2883 2004 digna
2911 1944 3015 2003 est,
3045 1947 3103 1992 ut
3128 1940 3232 1995 vita
3261 1941 3486 2012 dicatur,
3511 1921 3617 2002 non

2045 2025 2126 2070 est
2157 2018 2257 2071 nisi
2285 2018 2473 2084 beata;
2515 2031 2562 2077 cl
2595 2023 2747 2079 beata
2787 2043 2893 2082 non
2938 2039 3042 2096 est,
3083 2033 3185 2089 nisi
3224 2045 3440 2092 aeterna.
3474 2039 3620 2097 Hanc

2045 2108 2228 2163 volunt
2257 2126 2465 2177 onmes,
2498 2113 2632 2170 banc
2662 2118 2903 2174 volumus
2927 2136 3134 2190 omnes,
3166 2129 3444 2186 veritatem
3473 2142 3525 2187 ct
3545 2135 3596 2189 vi

2049 2203 2312 2257 tamzscd
2358 2204 2423 2260 ad
2466 2215 2571 2260 tam
2619 2224 2862 2280 magnam
2918 2219 3340 2288 possessionem,
3399 2224 3466 2279 ad
3513 2234 3618 2281 tam

2045 2294 2298 2361 grandem
2332 2298 2631 2354 felicitatem
2659 2317 2758 2372 qua
2791 2304 2932 2359 itur?
2973 2307 3342 2368 lnstruxerunt
3383 2315 3484 2371 sibi
3509 2319 3621 2376 vias

2046 2387 2246 2441 erroris
2276 2387 2574 2459 pbilosolibi
2608 2393 2729 2446 :alii
2760 2394 3028 2464 dixerunt,
3057 2399 3200 2467 llac;
3225 2404 3332 2468 alii,
3361 2405 3476 2462 Non
3500 2406 3616 2474 liae,

2047 2476 2137 2530 sed
2179 2476 2293 2532 bac.
2327 2479 2500 2534 Laluit
2540 2498 2631 2538 eos
2663 2485 2766 2548 via,
2806 2489 2927 2556 quia
2971 2490 3108 2546 Deus
3152 2496 3394 2564 superbis
3423 2499 3622 2558 resistit

2046 2567 2248 2638 (Jacobi
2281 2587 2355 2633 1v,
2391 2573 2465 2640 6).
2504 2575 2712 2631 Laterct
2744 2587 2796 2632 et
2827 2596 2942 2645 nos,
2988 2583 3089 2638 nisi
3120 2588 3350 2644 venisset
3391 2591 3459 2646 ad
3500 2607 3618 2648 nos.

2047 2658 2171 2716 Ideo
2219 2662 2473 2718 Dominus
2503 2683 2515 2719 :
2541 2666 2671 2738 Ego,
2719 2669 2911 2739 inquit,
2960 2689 3068 2726 sum
3110 2677 3209 2731 via.
3249 2679 3404 2750 Piger
3431 2683 3619 2748 viator,

2048 2754 2226 2808 venire
2259 2755 2477 2812 uolebas
2507 2757 2572 2812 ad
2613 2759 2785 2824 viam;
2834 2762 2900 2816 ad
2941 2773 2989 2818 te
3019 2767 3163 2821 venit
3205 2769 3303 2823 via.
3338 2771 3621 2840 Quzerebas

2044 2859 2144 2914 qua
2178 2845 2281 2899 ires
2309 2863 2321 2897 :
2352 2845 2464 2917 Ego
2493 2864 2602 2902 sum
2629 2851 2728 2905 via.
2761 2851 3045 2920 Qumrebas
3071 2874 3176 2929 quo
3207 2860 3312 2916 ires
3340 2880 3352 2917 :
3379 2862 3494 2933 Ego
3513 2882 3622 2920 sum

2044 2937 2222 2992 ueritas
2250 2947 2294 2992 et
2335 2940 2436 2993 vita
2465 2937 2644 3008 (Joan.
2689 2959 2806 3011 xw,
2837 2944 2913 3015 ϐ).
2946 2947 3060 3002 Non
3097 2952 3300 3008 errabis
3341 2955 3552 3024 quando
3577 2957 3624 3012 is

2043 3027 2109 3082 ad
2137 3028 2304 3096 illum,
2339 3045 2432 3100 per
2458 3031 2624 3085 illum.
2657 3032 2780 3089 H330
2807 3044 2888 3090 est
2912 3036 3150 3096 doctrina
3175 3042 3619 3114 Christianorum,

2044 3133 2147 3173 non
2181 3120 2334 3189 plane
2372 3121 2720 3191 conferenda,
2772 3125 2866 3180 sed
2911 3127 3396 3200 incomparabiliter
3431 3136 3622 3208 pnefe-

2044 3209 2206 3268 renda
2248 3212 2504 3268 doctrinis
2535 3215 2991 3289 philosophorum,
3039 3223 3386 3282 immunditire
3431 3229 3624 3303 Epicu-

2043 3320 2277 3373 reorum,
2301 3306 2563 3376 superbia:
2590 3307 2907 3365 Stoicorum.

2570 3399 2796 3456 suane
2833 3399 2971 3458 CLI‘
2997 3403 3092 3475 (α).

2046 3484 2126 3542 De
2153 3485 2310 3542 verbis
2338 3489 2614 3563 Apostolis,
2659 3490 2774 3563 Non
2815 3493 2957 3547 enim
2997 3494 3139 3563 quod
3173 3497 3314 3563 volo,
3356 3504 3494 3556 laeto
3527 3501 3624 3558 bo-

2114 3508 2310 3542 :vcrots
2338 3508 2614 3556 Apostous,
2659 3508 2774 3545 non
2815 3508 2957 3547 enlm
3035 3508 3139 3550 uoa
3173 3508 3314 3563 voto,
3356 3508 3494 3556 laeto
3529 3508 3620 3558 bo-

2114 3574 2272 3623 num;
2316 3559 2405 3638 sed
2436 3559 2726 3638 quodue-lo
2766 3508 3115 3629 malumﬂtoc
3154 3581 3272 3638 ago,
3315 3578 3432 3637 etc.,
3467 3565 3620 3627 Rom.

2115 3643 2227 3698 εηρ.
2256 3643 2350 3694 vn,
2371 3629 2405 3698 7
2428 3665 2444 3683 .
2468 3629 2622 3685 15-25
2644 3629 2737 3702 (ιο).

2117 3713 2338 3786 CAPUT
2375 3731 2659 3788 PRIMUM.
2682 3764 2753 3774 —
2777 3736 2829 3791 ι.
2869 3735 3040 3792 Locus
3063 3739 3294 3810 Apostoli
3321 3736 3452 3799 male
3475 3745 3624 3801 intel-

2045 3823 2306 3893 ligentibns
2346 3823 2672 3893 periculosus.
2720 3823 2900 3884 Lectio
2927 3829 3100 3885 divina
3140 3848 3257 3902 qua;
3291 3835 3360 3892 de
3399 3840 3623 3907 apostoli

2046 3911 2194 3968 Pauli
2231 3913 2466 3983 Epistola
2513 3917 2733 3972 recitata
2781 3928 2882 3986 εει,
2930 3922 3365 3997 quotiescumque
3409 3927 3618 4000 legitttr,

2047 4006 2335 4060 timendum
2365 4016 2448 4062 εει
2481 4024 2548 4064 ηε
2592 4011 2730 4066 male
2769 4011 3034 4069 intellecta
3073 4015 3164 4071 det
3201 4017 3502 4076 hominibus
3529 4037 3623 4079 oc-

2045 4097 2316 4154 easlonem
2369 4101 2729 4170 qumrcntibus
2781 4107 3134 4162 occasionem.
3185 4109 3451 4168 Proclives
3501 4125 3625 4170 sunt

2045 4190 2236 4260 quippe
2261 4189 2504 4247 homines
2533 4191 2599 4248 ad
2630 4196 2974 4264 peccandum,
3003 4205 3056 4252 et
3086 4199 3167 4253 vix
3197 4214 3255 4256 se
3291 4208 3488 4258 tenent.
3522 4203 3621 4261 Ubi

2045 4293 2171 4351 ergo
2211 4281 2473 4336 audierint
2502 4284 2814 4353 Apostolum
2854 4286 3136 4353 dicentem,
3168 4289 3289 4345 Non
3321 4293 3450 4347 enim
3489 4297 3622 4364 quod
3712 4315 3730 4332 ε

2043 4375 2176 4441 uolo,
2203 4375 2337 4442 facio
2359 4375 2537 4429 bonum
2557 4393 2575 4441 ;
2599 4377 2686 4431 sed
2714 4379 2848 4448 quod
2866 4379 2953 4434 odi
2974 4381 3180 4449 malum,
3201 4383 3296 4438 hoc
3313 4401 3442 4458 ago;
3460 4398 3623 4458 agunt

2045 4463 2263 4530 malum,
2295 4474 2346 4521 et
2373 4465 2522 4535 quasi
2553 4466 2892 4537 displicentes
2918 4470 3018 4526 sibi
3046 4473 3168 4542 quia
3203 4481 3366 4545 agunt
3399 4477 3616 4544 malum,

2044 4564 2228 4625 putant
2253 4571 2312 4613 se
2351 4558 2605 4628 Apostolo
2638 4574 2756 4616 esse
2781 4559 2998 4629 similes,
3025 4565 3114 4634 qui
3139 4565 3272 4620 dixit
3299 4585 3312 4621 :
3346 4567 3463 4622 Non
3489 4571 3621 4624 enim

2043 4650 2177 4720 quod
2197 4651 2329 4716 volo,
2349 4650 2482 4721 facio
2502 4651 2726 4718 bonum;
2744 4654 2832 4709 sed
2852 4657 2986 4728 quod
3013 4659 3130 4714 nolo
3154 4659 3360 4724 malum,
3384 4661 3479 4716 hoc
3501 4679 3617 4735 ago.

2042 4741 2425 4814 Nonnunquam
2456 4747 2815 4819 ergo-legitur,
2847 4758 2899 4805 et
2929 4752 3088 4807 tuncl
3115 4752 3268 4808 nobis
3303 4753 3494 4825 ingerit
3520 4773 3619 4814 ne-

2043 4836 2341 4892 cessitatem
2374 4836 2696 4908 disputandi,
2722 4856 2788 4896 ne
2809 4839 3052 4898 homines
3074 4843 3212 4898 male
3237 4855 3506 4902 sumentes
3532 4862 3617 4902 sa-

2042 4927 2244 4982 lubrem
2274 4928 2446 4984 cibum
2485 4937 2697 4985 vertant
2727 4933 2778 4986 in
2815 4949 3097 4988 venenum.
3139 4933 3220 4991 Sit
3244 4950 3372 5006 ergo
3413 4937 3613 4993 intenta

2040 5020 2285 5076 Charitas
2300 5032 2496 5088 vestra,
2515 5023 2685 5080 donec
2699 5025 2836 5095 quod
2857 5025 3112 5081 Dominus
3129 5027 3421 5095 donaverit,
3440 5028 3614 5085 dicam
3679 5055 3694 5108 ξ

2038 5114 2225 5170 vobis:
2261 5122 2316 5169 ut
2342 5116 2427 5171 ubi
2451 5131 2534 5171 me
2551 5116 2687 5173 forte
2706 5118 2950 5175 laborare
2973 5119 3209 5176 videritis
3237 5120 3291 5176 in
3308 5120 3618 5180 difficultate
3686 5132 3688 5134 ’

2040 5205 2260 5278 alicujus
2288 5207 2644 5276 obscuritatis,
2667 5210 2929 5280 adiuvetis
2957 5227 3043 5267 me
3075 5211 3264 5269 affectu
3289 5214 3520 5284 pietatis.

2105 5297 2161 5352 2.
2200 5297 2340 5352 Justi
2375 5299 2474 5354 vita
2511 5299 2592 5356 hic
2634 5301 2836 5370 bellum,
2881 5305 3106 5358 nondum
3143 5305 3444 5377 triuntphus.
3504 5305 3613 5362 Vos:

2101 5410 2120 5489 ξ
2141 5415 2191 5484 In
2204 5409 2488 5473 quibusdam
2510 5417 2636 5473 Mss,
2652 5415 2701 5464 et
2711 5421 2856 5490 nunc.

2141 5473 2430 5523 Emendatus
2447 5473 2506 5522 ad
2524 5475 2644 5526 duos
2663 5475 2725 5525 cl.
2747 5476 2808 5526 ad
2826 5477 2908 5527 bn.
2933 5476 2968 5528 ἶ.
2985 5491 3064 5544 gr.
3079 5488 3178 5532 Alt.
3196 5486 3271 5532 Er.
3292 5489 3396 5533 Par.
3420 5490 3530 5534 Lar.

2118 5556 2169 5620 ᾳ)
2191 5555 2327 5614 Alias,
2360 5557 2425 5620 de
2446 5559 2681 5620 Tempore
2697 5559 2774 5620 4.5.

2118 5556 2169 5616 α)
2191 5555 2327 5614 Alias,
2360 5557 2425 5606 de
2446 5559 2681 5620 Tempore
2697 5559 2774 5610 45.

2096 5554 2168 5680 is)
2191 5625 2327 5690 nunc
2350 5617 2514 5690 Florus
2547 5626 2699 5670 totum
2718 5619 2828 5673 fere
2851 5625 3111 5690 exscripsit
3129 5627 3188 5678 ad
3215 5636 3348 5690 nom.
3381 5643 3482 5690 vm,
3524 5629 3614 5680 sub

2034 5678 2183 5728 hocce
2223 5680 2396 5748 titulo-
2442 5699 2463 5726 (ι
2484 5688 2548 5730 Ex
2581 5695 2809 5748 sermone
2854 5678 3031 5748 primo:
3045 5705 3067 5734 ι
3112 5678 3268 5742 Paulo,
3291 5678 3403 5742 ante
3432 5678 3606 5740 subsc-

2463 5752 2555 5806 est,
2579 5746 2749 5798 eadem
2769 5748 2820 5800 in
2841 5743 2983 5812 urbe,
3004 5750 3133 5815 quod
3159 5753 3612 5818 pomintelliaeﬁ.
