4098 6310
513 372 623 432 815

520 484 791 557 triumphi.
839 480 996 539 Prius
1054 490 1184 549 ergo
1229 472 1453 533 recolite
1471 515 1488 543 ,
1532 468 1676 543 quod
1714 470 1827 527 Deo
1870 467 2100 540 propitio

515 582 706 643 soletis
738 577 944 644 audire,
967 573 1132 629 vitam
1148 570 1281 642 justi
1320 569 1376 625 in
1416 568 1520 624 isto
1546 580 1775 638 corpore
1800 562 1974 618 adhuc
1998 560 2103 617 bel-

513 676 629 732 lum
677 685 817 736 esse,
858 665 1097 724 nondum
1141 660 1487 733 triumphum.
1540 658 1710 730 Hujus
1756 666 1934 713 autem
1978 653 2103 711 belli

513 761 802 835 aliquando
828 758 935 817 erit
958 755 1275 827 triumphus.
1298 752 1424 809 ideo
1443 749 1735 823 Apostolus
1761 747 1914 814 dixit,
1938 754 1994 802 et
2012 761 2105 802 vo—

514 876 608 917 ces
639 857 784 924 belli,
817 865 871 913 et
897 868 1059 911 voces
1100 850 1374 921 triumphi.
1410 849 1581 905 Voces
1609 846 1738 902 belli
1764 844 1925 901 modo
1948 841 2103 898 audi-

509 953 692 1010 vimus
722 969 736 1007 :
765 947 890 1005 Non
916 947 1050 1002 enim
1076 944 1210 1017 quod
1239 943 1372 1012 volo,
1409 956 1543 1015 ago;
1571 940 1660 996 sed
1679 938 1812 1009 quod
1838 937 1945 1004 odi,
1973 932 2105 988 illud

516 1044 673 1118 facio.
707 1041 770 1099 Si
801 1048 971 1095 autem
1006 1036 1143 1109 quod
1178 1035 1283 1105 odi,
1309 1034 1441 1090 illud
1477 1033 1645 1106 facio;
1671 1030 1930 1086 consentio
1955 1026 2101 1098 Legi,

514 1138 756 1209 quoniam
783 1133 915 1187 bona
950 1139 1042 1186 est.
1090 1128 1230 1184 Velle
1257 1127 1458 1198 adjacet
1487 1125 1631 1190 mihi,
1672 1124 1913 1194 perﬁcere
1937 1128 2106 1173 autem

518 1231 705 1285 bonum
725 1242 826 1281 non
850 1224 1068 1279 invenio.
1084 1220 1240 1275 Video
1264 1227 1430 1275 autem
1456 1218 1612 1273 aliam
1636 1215 1794 1288 legem
1809 1216 1863 1269 in
1875 1211 2106 1268 membris

515 1323 664 1391 meis,
689 1323 1057 1391 repugnantem
1076 1314 1174 1386 legi
1197 1312 1377 1368 mentis
1392 1326 1534 1378 mete,
1551 1317 1596 1365 et
1610 1309 1946 1378 captivantem
1961 1321 2039 1359 me
2053 1304 2107 1358 in

515 1415 626 1486 lege
674 1410 883 1483 peccati,
911 1422 1025 1480 quat
1055 1414 1129 1461 est
1151 1406 1208 1459 in
1232 1404 1467 1460 membris
1514 1401 1657 1457 meis.
1689 1399 1914 1469 Quando
1954 1395 2107 1451 audis

514 1513 923 1580 repugnantem,
952 1498 1167 1573 quando
1185 1497 1337 1554 audis
1362 1495 1740 1567 captivantem,
1771 1492 1971 1548 bellum
1999 1502 2105 1545 non

515 1602 765 1675 agnoscis
778 1600 802 1656 ’ἰ

588 1695 817 1755 CAPUT
857 1692 921 1750 ll.
946 1691 1153 1748 —-Vox
1177 1701 1304 1759 ergo
1329 1682 1583 1756 triumphi
1608 1678 1844 1736 nondum
1871 1686 1984 1734 est:
2014 1674 2109 1732 sed

516 1791 644 1864 quia
682 1789 861 1846 futura
902 1794 1006 1855 est,
1053 1784 1211 1841 docet
1254 1790 1305 1837 te
1352 1779 1494 1835 idem
1543 1773 1834 1845 apostolus,
1875 1769 2104 1827 dicens:

522 1882 734 1956 Oportet
753 1879 1074 1953 corruptibile
1093 1878 1186 1932 hoc
1209 1874 1419 1930 induere
1441 1869 1890 1941 incorruptionem,
1911 1873 1958 1920 et
1974 1879 2110 1918 mor-

521 1976 623 2033 tale
647 1978 740 2032 Itoc
766 1974 975 2028 induere
1002 1968 1454 2026 immortalitatem.
1488 1962 1617 2019 Cum
1655 1969 1821 2015 autem
1850 1957 2106 2023 corrupti-

520 2069 621 2125 bile
643 2069 737 2123 hoc
761 2064 979 2121 induerit
996 2060 1445 2131 incorruptionem,
1474 2066 1521 2113 et
1540 2052 1751 2109 mortale
1768 2051 1865 2105 hoc
1890 2047 2111 2103 induerit

500 2159 953 2218 immortalitatem
980 2155 1091 2211 :ibi
1126 2161 1209 2211 est
1233 2166 1337 2207 vox
1379 2147 1632 2219 triumphi
1658 2164 1671 2201 :
1695 2153 1810 2200 tunc
1836 2145 1921 2214 [iet
1946 2157 2109 2198 sermo

524 2255 611 2328 qui
639 2255 856 2325 scriptus
886 2257 979 2320 est,
1006 2247 1257 2317 Absorpta
1286 2253 1358 2300 est
1383 2258 1518 2298 mors
1543 2242 1597 2295 in
1620 2238 1899 2328 uictoriam.
1922 2235 2111 2291 Dicant

522 2327 919 2418 triumphantes
950 2361 963 2398 :
993 2342 1089 2399 Ubi
1112 2350 1205 2409 est,
1238 2354 1393 2404 mors,
1425 2335 1677 2391 contentio
1704 2342 1790 2387 tua
1810 2330 1853 2406 (i
1873 2327 1991 2387 Cor.
2015 2344 2107 2396 xv,

521 2439 728 2513 53-55).
751 2430 1003 2496 Dicemus
1027 2449 1190 2507 ergo;
1218 2429 1537 2503 quandoque
1563 2428 1836 2491 dicemus;
1859 2433 1914 2480 et
1936 2423 2110 2494 ipsum

520 2534 841 2607 quandoque
861 2546 967 2587 non
995 2530 1099 2586 erit
1118 2528 1298 2598 longe.
1327 2523 1444 2581 Non
1469 2524 1611 2579 enim
1645 2530 1848 2577 tantum
1867 2524 2113 2575 remanet

521 2626 593 2684 de
631 2625 848 2692 saeculo,
880 2620 1139 2695 quantum
1165 2619 1275 2691 jam
1311 2623 1616 2687 exemptum
1658 2620 1759 2669 est.
1804 2610 1916 2667 Hoc
1956 2609 2115 2681 igitur

523 2728 652 2779 tunc
678 2718 937 2776 dicemus.
968 2714 1126 2771 Modo
1151 2720 1327 2769 autem
1359 2710 1412 2766 in
1438 2709 1541 2764 isto
1569 2705 1731 2774 bello,
1760 2720 1829 2760 ne
1866 2702 2006 2759 male
2033 2701 2116 2755 in-

521 2811 883 2885 telligentibus
925 2807 1087 2863 lectio
1122 2806 1223 2861 ista
1268 2802 1395 2859 tuba
1424 2802 1495 2857 sit
1530 2799 1718 2866 hostis,
1758 2808 1867 2853 non
1908 2802 2112 2862 nostra,

520 2904 664 2962 unde
703 2902 794 2959 ille
844 2900 1118 2964 incitetur,
1168 2910 1277 2951 non
1320 2892 1462 2948 unde
1502 2892 1779 2956 vincatur;
1831 2887 2109 2953 advertite,

522 2997 769 3063 obsecro,
797 2993 993 3063 fratres
1012 2990 1138 3056 mei,
1164 2995 1221 3043 et
1245 2986 1338 3057 qui
1363 2983 1579 3040 certatis
1599 2989 1822 3037 certate.
1849 2979 1948 3047 Qui
1970 2977 2114 3033 enim

522 3085 761 3144 nondum
807 3068 1045 3146 cci’latis,
1089 3093 1199 3134 non
1234 3076 1366 3133 estis
1415 3071 1734 3129 intellecturi
1764 3069 1905 3141 quod
1948 3068 2110 3124 dico:

524 3178 618 3251 qui
638 3177 750 3249 jam
767 3172 1004 3239 certatis,
1030 3167 1353 3225 intellecturi
1374 3166 1524 3222 estis.
1546 3163 1663 3220 Vox
1685 3177 1799 3219 mea
1822 3162 1875 3216 in
1905 3168 2111 3231 aperto,

524 3275 706 3326 vestra
732 3266 834 3323 erit
859 3265 913 3319 in
941 3261 1176 3325 silentio.
1211 3258 1365 3314 Prius
1392 3257 1521 3312 illud
1560 3254 1782 3312 recolite
1806 3251 1948 3324 quod
1976 3251 2114 3307 scri-

525 3359 636 3431 psit
675 3357 742 3414 ad
783 3355 1020 3421 Galatas,
1068 3350 1211 3407 unde
1257 3349 1359 3405 hoc
1386 3348 1522 3404 bene
1565 3345 1735 3418 possit
1772 3343 1984 3416 exponi.
2027 3342 2117 3397 Ait

526 3451 696 3520 enim,
740 3447 986 3504 ﬁdelibus
1020 3444 1267 3515 loquens,
1314 3440 1596 3511 baptizatis
1634 3438 1878 3509 loquens,
1922 3435 2117 3507 quibus

530 3544 713 3615 utique
741 3540 794 3596 iu
821 3544 1006 3593 sancto
1033 3536 1245 3591 lavacro
1288 3532 1465 3589 omnia
1492 3530 1705 3587 fuerant
1728 3528 1947 3585 dimissa
1987 3541 2116 3598 pec-

529 3642 686 3693 cata:
713 3633 799 3689 his
843 3640 1019 3688 tamen
1059 3629 1306 3699 loquens,
1353 3624 1448 3681 sed
1482 3623 1837 3696 pugnantibus
1872 3623 2116 3692 loquens,

528 3727 602 3784 ait
629 3745 643 3781 :
673 3724 804 3781 Dico
839 3732 1029 3790 autem,
1063 3719 1265 3791 Spiritu
1299 3715 1573 3783 ambulate,
1618 3723 1664 3769 et
1690 3712 2119 3784 concupiscentias

528 3820 697 3875 carnis
722 3834 786 3873 ne
814 3813 1142 3889 perfeceritis.
1184 3809 1303 3866 Non
1328 3807 1483 3874 dixit,
1515 3821 1583 3862 ne
1610 3804 1871 3870 feceritis;
1899 3802 2015 3869 sed,
2058 3818 2120 3857 ne

529 3909 863 3984 perfeceritis.
894 3906 1074 3975 Quare
1112 3902 1246 3960 hoc?
1277 3900 1527 3971 Sequitur
1555 3906 1609 3954 et
1627 3897 1757 3953 dicit
1786 3914 1800 3950 :
1830 3895 1961 3952 Caro
1986 3896 2121 3950 enim

530 3998 837 4072 concupiscit
875 3997 1111 4051 adversus
1146 3992 1398 4066 spiritum,
1441 3989 1649 4061 spiritus
1679 3997 1846 4042 autem
1882 3986 2122 4041 adversus

531 4109 751 4150 carnem.
784 4089 909 4145 ch
933 4089 1066 4143 enim
1092 4085 1301 4140 inuicem
1328 4083 1693 4146 adversantur;
1720 4087 1779 4134 ut
1807 4095 1908 4134 non
1933 4095 1993 4132 ea
2011 4091 2123 4147 qua:

534 4188 684 4243 vultis
724 4183 947 4258 faciatis.
991 4178 1141 4248 Quod
1188 4178 1233 4233 si
1278 4176 1476 4247 Spiritu
1516 4173 1781 4241 ducimini,
1824 4188 1925 4227 non
1954 4171 2123 4226 adhuc

533 4280 653 4336 estis
679 4277 771 4335 sub
798 4275 931 4347 Lege
959 4271 1153 4345 (Galat.
1180 4285 1236 4339 v,
1261 4265 1448 4340 16-18)
1473 4286 1485 4323 :
1514 4267 1715 4338 utique,
1746 4265 1841 4323 sed
1880 4265 1980 4320 sub
2000 4278 2125 4335 gra-

532 4374 625 4429 tia.
657 4370 720 4428 Si
747 4369 949 4441 Spiritu
978 4364 1223 4420 ducimini
1239 4378 1260 4417 :
1291 4361 1419 4434 quid
1445 4371 1546 4428 est,
1578 4359 1701 4415 duci
1731 4358 1972 4430 Spiritu?
2002 4357 2123 4427 Spi-

532 4463 659 4521 ritui
688 4461 780 4518 Dei
805 4457 1108 4517 consentire
1138 4452 1369 4525 iubenti,
1399 4466 1505 4507 non
1529 4450 1679 4507 carni
1701 4447 2120 4520 concupiscenti.

529 4558 740 4615 ‘l‘amen
788 4550 1120 4623 concupiscit
1163 4556 1220 4606 et
1258 4544 1524 4610 resistit‘;
1577 4550 1634 4602 ct
1668 4542 1784 4600 vult
1823 4541 2040 4613 aliquid,
2070 4548 2126 4597 et

537 4667 646 4708 non
671 4650 752 4707 vis
774 4657 827 4704 tu
861 4664 877 4703 :
904 4656 1207 4718 persevera,
1238 4646 1299 4696 ut
1322 4637 1460 4694 nolis
1482 4646 1556 4693 tu.
1884 4656 1887 4659 λ

608 4741 833 4801 CAPUT
856 4738 1073 4797 lli.——'5:
1104 4731 1531 4805 Concupiscentite
1549 4729 1780 4785 interitus
1793 4728 1848 4782 in
1867 4727 1993 4807 uotis
2022 4741 2127 4782 esse

535 4835 698 4893 debet.
731 4830 1138 4888 lam’clueorum
1173 4823 1395 4880 insania.
1424 4818 1758 4878 Desidet-ium
1778 4828 1954 4874 tamen
1978 4827 2126 4874 tuum

532 4932 639 4990 tale
663 4944 785 4987 esse
808 4926 967 4983 debet
993 4921 1059 4979 ad
1088 4921 1280 4985 Deum,
1312 4925 1371 4973 ut
1389 4930 1489 4971 nec
1514 4914 1584 4970 sit
1611 4914 1723 4984 ipsa
1743 4913 2127 4985 concupiscen-

537 5026 609 5082 tia
635 5022 721 5081 cui
764 5018 1005 5077 resistas.
1045 5011 1239 5070 Videte
1288 5006 1416 5079 quid
1444 5006 1669 5062 dixerim
1701 5022 1713 5061 :
1760 5004 2125 5073 Desiderium,

540 5120 757 5190 inquam
777 5155 791 5180 ,
826 5122 973 5169 tuum
1003 5106 1108 5164 tale
1137 5118 1258 5161 esse
1286 5101 1447 5158 debet
1484 5098 1553 5154 ad
1598 5098 1797 5166 Deum,
1830 5106 1888 5152 ut
1910 5097 2130 5153 omnino

540 5227 649 5269 non
669 5211 741 5267 sit
765 5208 877 5278 ipsa
895 5197 1325 5272 concupiscentia
1345 5194 1430 5250 cui
1454 5192 1705 5249 resistere
1723 5199 1997 5263 oporteat.
2033 5190 2133 5246 Re-

540 5302 688 5361 sistis
713 5300 855 5357 enim
875 5340 892 5368 ,
920 5306 976 5354 ct
1025 5310 1131 5351 non
1154 5286 1536 5348 consentiendo
1574 5285 1744 5342 vincis
1776 5303 1789 5341 :
1820 5285 1913 5342 sed
1944 5284 2132 5343 melius

535 5405 621 5452 est
662 5395 870 5451 hostem
920 5405 1026 5446 non
1058 5386 1292 5452 habere,
1333 5394 1496 5454 quam
1522 5379 1759 5434 vincere.
1804 5376 1984 5432 Hostis
2034 5378 2133 5433 iste

537 5484 822 5559 aliquando
846 5497 950 5539 nou
974 5481 1095 5537 erit.
1119 5474 1280 5532 Refer
1299 5473 1534 5529 animum
1555 5468 1623 5525 ad
1641 5483 1827 5525 vocem
1854 5466 2127 5539 triumphi,

537 5585 594 5633 et
622 5575 742 5633 vide
769 5576 811 5631 si
833 5573 956 5630 erit.
993 5569 1090 5627 Ubi
1116 5575 1219 5636 est,
1249 5581 1387 5622 mors
1405 5605 1420 5631 ,
1444 5560 1694 5619 contentio
1720 5560 1845 5615 tua?
1868 5559 2131 5645 Non‘erit.

548 5669 649 5726 Ubi
691 5676 802 5731 est,
834 5678 1001 5727 mors,
1029 5659 1234 5716 aculeus
1265 5667 1380 5712 tuus
1399 5656 1426 5712 ?
1453 5654 1672 5723 Quaeres
1697 5651 1871 5707 locum
1903 5651 2017 5722 ejus
2037 5694 2051 5721 ,
2081 5661 2138 5708 et

482 5736 498 5749 ’
537 5774 651 5823 non
694 5755 955 5815 invenies.
987 5752 1104 5809 Non
1133 5751 1275 5809 enim
1300 5750 1451 5817 ιιως,
1502 5742 1647 5820 quod
1675 5742 1905 5807 maxime
1930 5743 2138 5804 debetis

606 5844 1046 5926 imm

1755 356 1812 415 S.
1854 349 2220 412 AUGUSTINI
2256 347 2562 409 EPISCOPI

2209 468 2395 525 audire
2426 484 2441 521 :
2472 480 2582 522 non
2631 464 2774 522 enim
2814 463 2932 521 haec
2954 463 3107 536 quasi
3133 463 3238 521 alia
3267 471 3457 545 natura
3498 471 3619 534 est,
3665 466 3809 525 sicut

2210 559 2482 617 insaniunt
2502 557 2799 614 Manichtei.
2829 556 3078 629 Languor
3105 565 3288 614 uoster
3325 568 3441 625 est,
3483 556 3670 615 vitium
3699 573 3802 615 no-

2210 660 2381 709 strum
2422 659 2521 707 est.
2549 648 2668 707 Non
2706 658 3013 722 separatum
3057 650 3181 707 alibi
3222 651 3359 719 erit,
3409 650 3506 708 sed
3555 660 3802 709 sanatum
3870 664 3889 742 ξ

2210 759 2472 815 nusquam
2502 743 2623 800 erit.
2656 744 2795 816 Ergo
2821 742 3266 815 Concupiscentias
3289 745 3462 800 carnis
3487 760 3550 799 ne
3576 749 3807 817 perfece-
3864 754 3887 813 ξ

2210 835 2343 890 ritis.
2385 833 2574 890 Melius
2595 833 2810 905 quidem
2835 843 2951 890 erat
2971 834 3192 907 implere
3229 834 3368 906 quod
3396 835 3504 890 Lex
3530 830 3693 903 dixit,
3720 833 3809 890 Ne

2210 928 2539 997 concupiscas
2560 923 2735 1000 (Rom.
2766 941 2860 992 vn,
2896 924 2974 996 7).
3015 924 3296 981 Plenitudo
3324 935 3409 983 est
3427 926 3529 982 ista
3551 925 3764 982 virtutis
3784 968 3802 995 ,

2211 1018 2473 1090 perfectio
2499 1019 2751 1089 justitim,
2803 1019 2980 1090 palma
3022 1018 3300 1087 victorias,
3347 1017 3432 1074 Ne
3454 1021 3803 1092 concupiscas.

2211 1111 2327 1169 Hoc
2344 1112 2465 1184 quia
2502 1111 2663 1171 modo
2692 1111 2903 1183 impleri
2926 1126 3031 1167 non
3056 1121 3263 1183 potest,
3292 1113 3378 1169 vel
3409 1113 3541 1169 illud
3578 1115 3806 1188 implea-

2212 1212 2299 1260 tur
2324 1205 2467 1276 quod
2512 1214 2696 1263 sancta
2725 1204 3000 1277 Scriptura
3028 1206 3156 1262 item
3198 1205 3329 1263 dicit
3356 1221 3375 1261 :
3404 1205 3535 1262 Post
3557 1209 3807 1279 concupi-
3840 1248 3855 1260 κ

2212 1298 2427 1353 scentias
2448 1307 2560 1353 tuas
2590 1314 2689 1353 non
2728 1315 2813 1354 eas
2854 1298 3042 1372 (Eccli.
3069 1315 3216 1367 xvm,
3250 1300 3364 1372 50).
3394 1299 3580 1359 Melius
3605 1310 3690 1359 est
3713 1317 3810 1359 cas

2213 1404 2319 1444 non
2347 1388 2544 1445 habere
2574 1408 2586 1444 :
2617 1391 2713 1447 sed
2740 1390 2864 1462 quia
2894 1399 3019 1447 sunt
3040 1434 3056 1460 ,
3086 1393 3193 1448 noli
3220 1402 3342 1464 post
3362 1408 3454 1450 eas
3482 1394 3579 1451 ire.
3610 1394 3810 1452 Nolunt

2213 1494 2335 1556 post
2359 1493 2411 1541 te
2437 1484 2517 1540 ire
2549 1501 2563 1540 :
2597 1484 2706 1540 noli
2730 1494 2853 1556 post
2875 1500 2967 1541 eas
2996 1486 3093 1542 ire.
3126 1486 3182 1542 Si
3215 1486 3379 1543 velint
3406 1498 3524 1559 post
3574 1497 3624 1545 te
3662 1489 3742 1544 ire
3762 1490 3807 1557 ¹,

2213 1591 2320 1633 non
2370 1586 2559 1644 erunt;
2607 1578 2731 1648 quia
2779 1586 2966 1633 contra
3011 1586 3246 1634 mentem
3274 1586 3419 1634 tuam
3444 1594 3550 1635 non
3580 1579 3811 1636 rebella—

2213 1666 2364 1723 bunt.
2414 1667 2729 1736 Rebeilant,
2785 1668 3019 1735 rebella;
3068 1677 3333 1740 pugnant,
3383 1664 3590 1742 pugna;
3633 1685 3808 1742 expuo

2212 1768 2410 1830 gnant,
2442 1776 2687 1831 expugna
2717 1778 2729 1813 :
2763 1760 2865 1816 hoc
2894 1760 3064 1817 solum
3095 1761 3245 1829 vide,
3282 1777 3350 1819 ne
3378 1763 3615 1819 vincant.

2287 1850 2510 1907 CAPUT
2547 1850 2637 1906 IV.
2663 1880 2735 1893 -ν-
2770 1853 2824 1907 4.
2856 1852 3120 1919 Quomodo
3169 1854 3588 1926 concupiscentia
3613 1863 3660 1910 et
3685 1872 3814 1912 con-

2213 1944 2467 2000 suetudini
2488 1946 2638 2000 mala:
2656 1946 3012 2001 resistendum.
3043 1947 3182 2004 Ecce
3208 1948 3405 2018 aliquid
3433 1948 3555 2006 inde
3581 1966 3805 2023 ponam,

2217 2038 2357 2092 unde
2384 2046 2574 2092 caetera
2602 2036 2924 2107 intelligatis.
2955 2038 3134 2095 Nostis
3158 2054 3279 2095 esse
3300 2040 3541 2098 homines
3561 2042 3810 2098 sobrios:

2216 2127 2494 2198 pauciores
2541 2135 2699 2194 sunt,
2752 2128 2847 2183 sed
2896 2138 3039 2184 sunt.
3093 2129 3273 2187 Nostis
3298 2146 3419 2188 esse
3448 2141 3501 2188 et
3528 2133 3809 2190 ebriosos:

2215 2218 2505 2275 abundant.
2552 2218 2857 2291 Baptizatus
2884 2230 2968 2277 est
3009 2222 3218 2279 sobrius
3247 2241 3261 2278 :
3294 2233 3548 2296 quantum
3577 2226 3814 2297 pertinet

2215 2312 2283 2369 ad
2327 2312 2674 2380 ebrietatem,
2724 2329 2833 2369 non
2871 2313 3032 2371 habet
3077 2331 3198 2371 cum
3243 2333 3345 2388 qua
3374 2328 3619 2389 pugnet:
3650 2317 3814 2381 habet

2216 2405 2348 2459 alias
2369 2405 2827 2475 concupiscentias
2847 2447 2861 2472 ,
2903 2420 3026 2462 cum
3054 2407 3246 2478 quibus
3276 2419 3489 2480 pugnet.
3516 2410 3623 2467 Sed
3651 2420 3708 2466 ut
3739 2411 3813 2468 de

2217 2497 2426 2553 cteteris
2452 2496 2794 2569 intelligatis,
2840 2498 3000 2555 unius
3027 2502 3393 2558 tantummodo
3436 2504 3606 2560 hostis
3634 2513 3813 2560 certa-

2217 2604 2340 2645 men
2385 2590 2438 2645 in
2465 2589 2642 2645 medio
2671 2591 3075 2647 constituamus.
3105 2592 3412 2663 Baptizatus
3449 2604 3532 2651 est
3551 2604 3607 2651 et
3631 2596 3814 2653 ebrio-

2218 2694 2351 2735 sus:
2384 2681 2621 2748 audivit,
2671 2691 2726 2736 et
2763 2696 2883 2737 cum
2929 2683 3121 2739 timore
3162 2684 3394 2754 audivit,
3439 2686 3576 2743 inter
3617 2696 3816 2745 cetera

2218 2773 2383 2838 mala,
2405 2772 2597 2843 quibus
2625 2773 2929 2829 hominibus
2959 2775 3099 2830 male
3120 2776 3424 2833 viventibus
3446 2778 3816 2834 intercluditur

2219 2881 2442 2938 regnum
2487 2867 2619 2932 Dci,
2664 2878 3142 2924 commemoratam
3189 2885 3312 2926 esse
3362 2880 3417 2927 et
3456 2871 3812 2928 ebrietatem:

2218 2959 2344 3030 quia
2370 2959 2459 3014 ubi
2485 2958 2682 3014 dictum
2710 2969 2791 3015 est
2810 3002 2825 3027 ,
2859 2959 3039 3031 Neque
3064 2962 3393 3033 fornicatores
3412 3005 3428 3031 ,
3484 2980 3641 3035 neque
3663 2962 3818 3020 idolis

2219 3050 2485 3104 servientes
2507 3092 2521 3117 ,
2552 3067 2711 3122 neque
2735 3052 2984 3117 adulteri,
3016 3069 3174 3124 neque
3195 3054 3400 3122 molles,
3433 3071 3591 3126 neque
3616 3071 3819 3110 mascu-

2222 3138 2386 3195 lorum
2405 3142 2778 3210 concubitores,
2810 3160 2968 3210 neque
2995 3147 3169 3215 fures;
3191 3144 3258 3200 ibi
3287 3145 3525 3200 additum
3556 3155 3672 3213 est,
3703 3144 3818 3202 Ne-

2220 3248 2316 3303 que
2340 3232 2543 3302 ebriosi,
2568 3243 2696 3301 etc.,
2725 3251 2936 3306 regnum
2960 3234 3057 3289 Dei
3085 3237 3406 3307 possidebunt
3436 3236 3479 3310 (Ι
3507 3237 3625 3294 Cor.
3651 3254 3725 3305 VI,
3756 3240 3815 3306 9,

2222 3327 2335 3399 10).
2368 3328 2590 3383 Audivit
2610 3370 2625 3394 ,
2654 3338 2709 3384 et
2733 3330 2923 3384 timuit.
2957 3330 3262 3401 Baptizatus
3289 3343 3400 3400 est,
3431 3332 3652 3389 dimissa
3692 3343 3821 3389 sunt

2221 3420 2299 3475 illi
2323 3420 2501 3476 omnia
2549 3420 2743 3492 quibus
2782 3421 3076 3478 inebriatus
3122 3432 3205 3479 est
3240 3442 3254 3480 :
3304 3432 3468 3480 restat
3510 3424 3819 3481 adversaria

2222 3513 2572 3570 consuetudo.
2619 3512 2763 3584 Ergo
2809 3512 2971 3569 habet
3014 3529 3138 3571 cum
3179 3530 3281 3587 qua
3331 3526 3527 3589 pugnet
3571 3525 3815 3574 renatus.

2223 3605 2504 3663 Prteterita
2530 3605 2645 3676 ejus
2672 3606 2797 3661 vitia
2823 3607 3000 3662 omnia
3025 3607 3244 3664 dimissa
3271 3619 3396 3664 sunt
3419 3609 3470 3664 ei
3501 3626 3516 3664 :
3543 3609 3818 3677 observet,

2223 3699 2441 3770 vigilet,
2473 3708 2703 3771 pugnet,
2729 3716 2796 3756 ne
2824 3700 3110 3771 aliquando
3130 3702 3439 3759 inebrietur.
3484 3702 3663 3775 Surgit
3686 3717 3820 3775 ergo

2224 3792 2315 3847 illa
2342 3791 2770 3863 concupiscentia
2814 3792 3062 3864 potandi,
3095 3792 3275 3848 titillat
3319 3794 3552 3849 animum
3577 3835 3593 3861 ,
3625 3794 3821 3865 ingerit

2227 3883 2467 3940 faucibus
2491 3885 2819 3951 siccitatem,
2870 3884 3150 3941 insidiatur
3188 3886 3434 3942 sensibus
3468 3904 3483 3942 :
3511 3886 3626 3941 vult
3652 3886 3835 3941 etiam'

2227 3976 2434 4048 ipsum,
2482 3977 2531 4033 si
2556 3986 2730 4047 potest
2754 3976 2905 4046 ﬁeri,
2957 3986 3236 4048 penetrare
3260 3993 3503 4047 murum,
3551 3978 3701 4034 adire
3729 3978 3822 4033 in-

2227 4071 2432 4128 clusum
2453 4112 2467 4138 ,
2502 4071 2716 4127 trahere
2743 4072 3031 4142 captivum.
3065 4070 3299 4143 Pugnat,
3330 4086 3584 4142 repugna.
3615 4069 3661 4127 0
3686 4071 3733 4127 si
3761 4079 3825 4127 et

2228 4165 2344 4236 ipsa
2370 4179 2476 4219 non
2502 4165 2681 4220 esset!
2710 4164 2766 4220 Si
2795 4165 3179 4221 consuetudine
3203 4165 3341 4220 mala
3371 4164 3625 4229 accessit,
3676 4165 3822 4222 bona

2228 4255 2614 4311 consuetudine
2653 4256 2909 4311 morietur
2932 4257 2996 4309 ἐ
3031 4263 3086 4311 ιιι
3114 4263 3318 4311 tantum
3361 4255 3466 4311 noli
3507 4254 3559 4310 ci
3600 4254 3821 4311 satisfa-

2230 4363 2373 4417 cere,
2396 4348 2505 4404 noli
2530 4364 2648 4405 eam
2671 4348 2910 4405 cedendo
2928 4350 3143 4416 satiare,
3167 4349 3262 4406 sed
3285 4348 3582 4406 resistendo
3601 4363 3817 4405 necare.

2227 4438 2432 4496 Tamen
2461 4439 2711 4510 quamdiu
2738 4448 2849 4508 est,
2882 4439 3051 4496 hostis
3070 4449 3171 4497 est.
3204 4441 3259 4497 Si
3286 4441 3337 4497 ei
3358 4455 3463 4496 non
3488 4440 3818 4509 consentias,

2231 4541 2287 4588 et
2312 4545 2580 4603 nunquam
2611 4530 2920 4598 inebrieris,
2952 4531 3128 4587 minor
3152 4540 3207 4587 et
3227 4533 3402 4588 minor
3427 4532 3531 4588 erit
3557 4531 3817 4604 quotidie.

2229 4624 2363 4682 Nam
2405 4631 2532 4681 sunt
2555 4624 2694 4680 vires
2720 4624 2862 4680 illius
2902 4623 3160 4695 subjectio
3189 4632 3298 4681 tua.
3342 4623 3397 4680 Si
3423 4625 3566 4679 enim
3610 4624 3661 4681 ei
3698 4639 3822 4680 ces-

2233 4715 2396 4783 seris,
2427 4723 2482 4772 et
2527 4713 2819 4772 inebriatus
2861 4713 3058 4779 fueris,
3113 4714 3210 4770 das
3253 4715 3302 4771 ei
3343 4715 3503 4771 vires.
3552 4713 3836 4786 Numquid“

2232 4816 2418 4865 contra
2448 4822 2561 4874 me,
2593 4816 2648 4863 et
2676 4822 2781 4863 non
2824 4818 3009 4864 contra
3040 4808 3130 4863 te?
3157 4807 3269 4880 Ego
3298 4807 3365 4863 dc
3401 4808 3520 4864 loco
3546 4809 3825 4880 superiore

2234 4915 2429 4958 moneo
2447 4941 2462 4967 ,
2491 4900 2645 4969 dico,
2677 4898 2908 4970 praedico
2940 4916 2953 4953 :
2981 4898 3108 4970 quid
3136 4899 3262 4954 mali
3292 4899 3524 4955 futurum
3549 4899 3621 4954 sit
3648 4900 3828 4955 ebrio—

2234 4995 2339 5062 sis,
2372 5000 2496 5050 ante
2514 4992 2792 5049 denuntio.
2819 4990 2935 5047 Non
2959 5000 3043 5047 est
3071 4991 3212 5061 quod
3241 4990 3389 5048 dicas
3407 5031 3423 5057 ,
3450 4990 3567 5046 Non
3606 4991 3780 5047 audivi
3805 5008 3823 5046 :

2237 5102 2342 5144 non
2370 5093 2457 5142 est
2490 5083 2634 5155 quod
2678 5083 2862 5149 dicas,
2891 5082 3067 5152 Exigit
3109 5080 3253 5137 Deus
3275 5081 3507 5137 animam
3552 5096 3727 5138 meam
3756 5080 3832 5138 de

2238 5197 2396 5237 manu
2437 5181 2616 5248 illius,
2646 5180 2735 5250 qui
2762 5177 2894 5233 mihi
2921 5177 3101 5233 tacuit.
3126 5175 3232 5232 Sed
3274 5175 3523 5244 laboras,
3568 5175 3693 5246 quia
3733 5174 3831 5230 tibi

2239 5274 2470 5330 validum
2508 5272 2869 5329 adversarium
2897 5270 3033 5325 mala
3075 5268 3462 5325 consuetudine
3490 5268 3604 5338 ipse
3633 5266 3830 5323 fecisti.

2238 5367 2353 5424 Non
2396 5366 2643 5422 laborasti
2664 5406 2679 5432 ,
2721 5375 2779 5420 ut
2805 5363 3037 5419 nutrires
3059 5377 3181 5419 eum
3205 5362 3227 5395 ³
3253 5380 3267 5415 :
3297 5361 3509 5429 labora,
3560 5368 3619 5416 ut
3648 5360 3837 5414 vincas

2241 5476 2385 5516 eum.
2421 5460 2487 5513 Et
2529 5459 2572 5513 si
2621 5458 2798 5511 minus
2850 5454 3074 5510 idoneus
3099 5469 3158 5510 es
3200 5453 3457 5510 adversus
3500 5440 3663 5521 eum,
3706 5464 3839 5521 roga

2244 5555 2429 5609 Deum.
2461 5551 2662 5606 Tamen
2709 5549 2754 5603 si
2795 5557 2848 5603 te
2876 5562 2981 5602 non
3025 5547 3244 5612 vicerit,
3295 5545 3539 5616 quamvis
3581 5545 3694 5614 ipsa
3745 5550 3839 5597 tua

2307 5647 2324 5678 ι
2341 5652 2473 5705 I.ov.,
2508 5642 2672 5692 t'oltmt
2696 5646 2797 5704 post
2828 5645 2874 5691 te
2901 5636 2974 5705 ire
3000 5651 3018 5688 :
3037 5636 3138 5705 noli
3156 5644 3259 5701 post
3277 5650 3361 5688 eas
3378 5636 3472 5705 ire.
3494 5635 3541 5705 Si
3560 5635 3712 5705 nolint
3732 5640 3841 5701 post

2242 5714 2289 5760 te
2316 5706 2417 5773 ire.
2456 5700 2546 5754 Sed
2588 5700 2763 5773 melius
2800 5701 2969 5773 caeteri
2987 5701 3106 5773 editi
3121 5700 3173 5751 et
3192 5707 3299 5751 Mss.
3324 5714 3448 5765 quos
3461 5701 3541 5751 hic
3561 5700 3838 5764 sequimur.

2308 5770 2540 5835 ξδιοιειδε.
2556 5773 2611 5817 At
2634 5766 2769 5835 editi;
2788 5766 3132 5835 "etiamm:
3168 5822 3181 5835 .

2309 5828 3402 5895 'WWWWMMWG‘M
