4098 6310
270 328 364 390 817
1678 313 1912 376 SERMO
1937 310 2083 373 'CLI.

276 448 403 506 mala
430 437 762 500 consuetudo
787 437 983 495 luctata
1007 438 1077 493 sit
1099 446 1271 493 tecum
1295 477 1308 503 ,
1343 437 1387 492 sl
1414 443 1467 492 te
1489 449 1593 490 non
1621 432 1850 500 vicerit,

280 537 438 596 fecisti
491 533 630 605 quod
694 533 767 586 ait
815 531 1088 602 apostolus
1139 529 1364 595 Paulus,
1412 527 1854 598 Concupiscentias

279 631 437 688 carnis
465 643 525 682 ne
566 625 888 698 pet-feceritis.
937 622 1096 677 Facta
1145 630 1228 676 est
1255 619 1682 692 concupiscentia
1728 617 1856 674 titil-

279 721 426 778 lando
453 737 467 786 ;
495 718 587 773 sed
609 732 714 792 non
743 724 826 772 est
853 714 1080 785 perfecta
1111 713 1345 785 potando
1373 714 1410 765 ¹.

339 809 558 869 CAPUT
596 807 664 863 Ἴ.
706 836 777 848 -
809 808 861 863 5.
897 805 1310 881 Concupiscentiu
1339 805 1480 860 nobis
1509 805 1685 859 innata
1710 813 1757 858 et
1792 821 1855 859 ea:

277 907 429 978 primo
453 909 653 972 peccato
679 908 809 954 orta.
845 897 1106 971 Originale
1134 907 1392 969 peccatum
1422 914 1484 953 ea:
1505 897 1853 968 concupiscen-

273 1001 355 1054 tia.
382 996 607 1053 Christus
635 995 743 1049 sine
769 1001 970 1063 peccato
999 1000 1268 1063 conceptus
1285 1034 1299 1058 ,
1343 1000 1398 1046 ut
1423 991 1629 1047 solveret
1671 1006 1853 1062 pecca-

274 1104 390 1148 tum.
414 1088 565 1158 Quod
592 1087 700 1142 dixi
730 1086 798 1142 de
825 1086 1082 1142 ebrietate
1104 1128 1118 1152 ,
1161 1085 1262 1140 hoc
1301 1085 1367 1141 de
1396 1083 1642 1139 omnibus
1667 1083 1810 1138 vitiis
1833 1128 1849 1150 ,

271 1185 365 1238 Itnc
407 1181 472 1235 de
497 1179 746 1234 omnibus
775 1177 1170 1247 cupiditatibus.
1219 1177 1348 1231 Cum
1397 1175 1660 1246 aliquibus
1708 1175 1851 1230 enim

271 1275 370 1329 nati
399 1287 614 1338 sumus,
644 1271 848 1340 aliquas
871 1268 1258 1325 consuetudine
1286 1267 1527 1322 fecimus.
1563 1267 1695 1322 Nam
1721 1281 1850 1338 pro-

271 1377 381 1439 pter
399 1365 516 1421 illas
540 1380 661 1421 cum
692 1363 884 1434 quibus
909 1364 1017 1418 uati
1046 1377 1230 1418 sumus
1249 1403 1265 1430 ,
1309 1361 1643 1432 baptizantur
1672 1359 1850 1416 infan-

268 1470 360 1525 tes,
388 1467 444 1513 ut
470 1458 749 1512 solvantur
769 1472 799 1512 a
829 1465 977 1511 reatu
1001 1454 1328 1526 propaginis,
1361 1468 1466 1510 non
1489 1453 1661 1520 malm,
1690 1469 1850 1526 quam

267 1569 362 1608 non
386 1551 718 1616 habuerunt,
751 1548 1171 1604 consuetudinis.
1204 1548 1344 1618 Ergo
1374 1561 1586 1618 semper
1612 1561 1850 1619 pugnan-

263 1647 379 1703 dum
427 1647 575 1710 est”,
622 1644 743 1714 quia
790 1643 900 1712 ipsa
931 1641 1354 1711 concupiscentia
1381 1683 1395 1707 ,
1426 1655 1546 1695 cum
1595 1655 1696 1711 qua
1742 1639 1850 1694 nati

263 1752 438 1797 sumus
458 1780 474 1802 ,
525 1736 663 1791 ﬁniri
691 1751 798 1790 non
828 1733 1277 1806 potestquamdiu
1317 1733 1583 1788 vivimus:
1615 1731 1850 1803 quotidie

262 1831 419 1890 minui
449 1838 652 1902 potest,
706 1828 842 1884 ﬁniri
869 1843 972 1883 non
998 1835 1184 1898 potest.
1221 1827 1324 1882 Per
1352 1827 1496 1881 illam
1543 1825 1741 1881 dictum
1768 1833 1851 1880 est

263 1926 357 1980 hoc
386 1933 630 1978 nostrum
657 1920 844 1975 mortis
867 1933 1078 1989 corpus.
1111 1920 1184 1973 De
1212 1919 1324 1989 ipsa
1363 1917 1490 1972 dicit
1521 1916 1804 1987 Apostolus
1834 1933 1847 1971 :

263 2013 587 2070 (Iontlelector
629 2013 762 2067 enim
793 2011 888 2081 legi
917 2008 1012 2063 Dei
1056 2008 1329 2062 secundum
1357 2009 1642 2062 interiorem
1683 2007 1848 2061 Itami-

261 2123 386 2161 nem.
430 2103 592 2158 Video
631 2113 796 2156 autem
825 2101 981 2155 aliam
1026 2101 1184 2172 legem
1210 2101 1262 2154 in
1293 2099 1524 2153 membris
1555 2100 1675 2154 meis
1694 2115 1848 2170 repu-

261 2208 494 2271 gnantem
538 2197 634 2267 legi
675 2196 854 2250 utentis
901 2211 1050 2257 mete,
1085 2204 1131 2250 et
1161 2195 1492 2265 captivantem
1522 2209 1600 2248 me
1644 2194 1695 2247 in
1745 2191 1851 2264 lege

261 2293 479 2365 peccati,
514 2305 628 2360 ιιιεω
650 2298 722 2344 est
750 2290 803 2343 in
837 2287 1066 2342 membris
1093 2290 1235 2342 meis.
1284 2287 1435 2343 Tunc
1475 2296 1595 2341 nata
1633 2297 1713 2341 est
1750 2287 1849 2342 ista

260 2387 367 2453 lex,
397 2383 620 2455 quando
649 2392 979 2453 transgressa
1021 2391 1102 2437 est
1152 2382 1320 2452 prima
1373 2381 1476 2436 lex.
1529 2381 1679 2436 Tunc
1726 2388 1850 2435 nata

259 2485 367 2544 est,
396 2478 651 2545 inquam,
701 2475 802 2530 ista
828 2475 912 2529 lex
937 2516 949 2540 ,
981 2473 1194 2544 quando
1243 2479 1542 2542 contempta
1591 2481 1644 2526 et
1674 2481 1848 2526 trans-

259 2584 430 2641 gressa
464 2578 557 2624 est
586 2568 754 2638 prima
795 2567 900 2622 lex.
930 2566 1060 2635 Quae
1101 2574 1184 2621 est
1224 2565 1391 2636 prima
1423 2566 1546 2620 lex?
1575 2565 1744 2634 Quam
1797 2565 1848 2620 iu

260 2659 507 2731 paradiso
555 2659 760 2728 accepit
815 2658 992 2712 homo.
1042 2657 1231 2712 Nonne
1271 2657 1397 2712 nudi
1428 2664 1610 2723 erant,
1659 2666 1850 2712 etnon

257 2751 760 2810 confundebantur?
805 2751 979 2819 Quare
1006 2749 1134 2804 nudi
1164 2757 1353 2816 erant,
1410 2758 1590 2804 etnon
1628 2749 1852 2804 confun-

259 2844 554 2910 debentur,
600 2843 702 2898 nisi
749 2842 870 2913 quia
922 2841 1155 2896 nondum
1198 2848 1313 2899 erat
1351 2841 1435 2897 lex
1492 2842 1544 2896 in
1598 2841 1850 2897 membris

259 2950 570 3007 repugnans
594 2935 697 3006 legi
743 2934 976 2988 mentis?
1006 2931 1156 3006 Fecit
1199 2933 1361 2987 homo
1391 2931 1585 2988 factum
1623 2932 1849 3002 punien-

259 3029 411 3093 dum,
469 3038 532 3084 et
587 3029 793 3083 invenit
851 3035 1053 3082 motum
1110 3026 1435 3098 pudendum.
1495 3025 1849 3081 Mauducavc‘

259 3129 593 3176 runtcontra
620 3119 996 3184 interdictum,
1039 3127 1092 3173 et
1121 3119 1288 3188 aperti
1321 3127 1444 3173 sunt
1477 3117 1612 3172 oculi
1639 3132 1846 3173 eorum.

260 3212 389 3280 Quid
416 3211 606 3268 enim?
637 3211 782 3281 prius
811 3211 863 3265 in
895 3211 1141 3280 paradiso
1166 3211 1360 3265 clausis
1382 3210 1467 3266 vel
1502 3211 1657 3264 ctecis
1682 3210 1850 3264 oculis

260 3306 618 3362 oberrabant?
642 3306 813 3360 Absit.
838 3305 967 3359 Nam
998 3303 1166 3359 Adam
1196 3305 1335 3360 unde
1366 3305 1578 3360 nomina
1603 3305 1852 3374 imposuit

261 3399 568 3454 volatilibus
587 3407 643 3454 et
662 3399 846 3454 bestiis
869 3439 882 3464 ,
915 3397 1130 3468 quando
1155 3397 1220 3452 ad
1247 3413 1368 3452 eum
1392 3406 1581 3453 cuncta
1601 3399 1848 3453 animalia

260 3490 488 3546 adducta
530 3498 655 3543 sunt
707 3488 858 3560 (Gen.
887 3504 947 3553 ιι,
975 3487 1046 3540 25
1071 3529 1088 3555 ,
1117 3487 1204 3553 19,
1231 3487 1350 3558 20)?
1395 3487 1597 3554 Quibus
1637 3491 1848 3544 nomina

261 3580 604 3650 imponebat,
636 3579 680 3632 si
708 3594 815 3632 non
842 3577 1092 3632 videbat?
1119 3577 1320 3632 Deinde
1347 3577 1545 3632 dictum
1572 3588 1680 3644 est,
1716 3579 1850 3633 Vidit

257 3673 441 3726 mulier
464 3671 677 3740 lignum,
699 3670 819 3738 quia
849 3669 1065 3739 placeret
1089 3669 1247 3722 oculis
1273 3669 1340 3722 ad
1370 3670 1660 3723 videndum.
1709 3671 1850 3742 Ergo

261 3765 452 3820 oculos
491 3771 706 3831 apertos
737 3762 1028 3824 habebant;
1069 3771 1122 3817 et
1147 3762 1271 3817 nudi
1301 3773 1482 3829 erant,
1510 3773 1565 3820 et
1595 3781 1696 3820 non
1724 3782 1850 3821 con-

261 3855 638 3911 fundebantur.
668 3854 846 3923 Aperti
871 3862 994 3908 sunt
1009 3863 1183 3908 autem
1203 3855 1342 3909 oculi
1363 3871 1546 3910 eorum
1567 3856 1630 3910 ad
1653 3858 1849 3928 aliquid

259 3947 396 4017 quod
424 3960 696 4015 nunquam
717 3953 1024 4010 senserant,
1078 3946 1216 4016 quod
1243 3945 1462 4001 iumotu
1502 3948 1581 4001 sui
1609 3949 1850 4017 corporis

260 4054 528 4109 ntmquam
550 4045 891 4107 expaverant.
918 4037 1100 4108 Aperti
1126 4039 1402 4093 suntoculi
1427 4039 1492 4094 ad
1513 4040 1846 4105 intuendum,

261 4145 361 4184 non
386 4129 451 4184 ad
473 4129 758 4184 videndum
792 4147 804 4183 :
833 4137 887 4185 et
913 4130 1033 4200 quia
1065 4139 1350 4186 senserunt
1386 4131 1687 4201 pudendum
1713 4175 1726 4198 ,
1757 4150 1848 4188 cu-

261 4234 506 4278 raverunt
536 4223 838 4294 tegendum.
863 4223 1198 4291 Consuerunt,
1231 4224 1420 4296 inquit,
1454 4225 1578 4298 folia
1608 4226 1844 4295 ﬁculnea,

261 4325 304 4369 et
331 4321 558 4388 fecerunt
582 4315 675 4370 sibi
703 4317 1033 4370 succinctoria
1086 4315 1196 4387 (Id.
1221 4333 1298 4383 ut,
1346 4317 1488 4388 1-7).
1522 4318 1671 4384 Quod
1698 4328 1846 4374 texev

261 4415 398 4470 runt,
428 4406 500 4460 ibi
531 4414 832 4462 senserunt.
864 4407 998 4462 Ecce
1018 4407 1160 4463 unde
1192 4406 1415 4462 trahitur
1440 4409 1698 4480 originale
1724 4425 1847 4479 pec-

261 4509 431 4554 catum
454 4539 470 4565 ,
524 4514 650 4555 ecce
688 4499 830 4555 unde
857 4515 1014 4555 nemo
1036 4501 1270 4555 nascitur
1296 4501 1409 4556 sine
1435 4511 1673 4572 peccato.
1710 4503 1845 4559 Ecce

262 4599 474 4660 propter
503 4591 646 4660 qunti
675 4591 926 4645 Dominus
958 4607 1061 4646 non
1089 4593 1164 4645 sic
1209 4593 1416 4662 concipi
1449 4594 1644 4660 voluit,
1685 4610 1843 4664 quem

265 4682 408 4751 virgo
433 4682 700 4750 concepit.
728 4682 898 4737 Solvit
922 4683 1048 4737 illud
1067 4725 1082 4750 ,
1109 4685 1198 4754 qui
1227 4685 1366 4739 venit
1397 4686 1511 4740 sine
1543 4686 1636 4741 illo
1669 4703 1686 4740 :
1733 4688 1843 4742 sol-

261 4775 332 4828 vit
357 4775 516 4842 illud,
549 4775 639 4846 qui
684 4791 788 4830 non
818 4777 957 4830 venit
987 4793 1050 4831 ex
1083 4777 1190 4832 illo.
1224 4778 1377 4833 Unde
1405 4795 1541 4836 unus
1568 4789 1623 4836 et
1664 4797 1799 4836 unus
1826 4801 1839 4836 :

261 4883 393 4923 unus
441 4869 510 4924 ad
540 4877 803 4935 mortem,
836 4884 977 4925 unus
1004 4870 1068 4924 ad
1117 4871 1298 4925 vitam.
1334 4872 1504 4926 llomo
1543 4874 1746 4943 primus
1776 4876 1844 4931 ad

260 4969 506 5027 mortem,
537 4959 698 5016 homo
717 4961 982 5016 secundus
998 4961 1063 5016 ad
1089 4963 1270 5016 vitam.
1299 4961 1402 5018 Sed
1419 4977 1583 5034 quare
1608 4965 1675 5021 ad
1700 4982 1846 5022 mor-

260 5059 363 5106 tem
394 5052 488 5108 ille
515 5053 718 5108 homo?
743 5052 876 5120 Quia
907 5061 1110 5108 tantum
1152 5054 1332 5110 homo.
1363 5054 1538 5123 Quare
1568 5056 1635 5112 ad
1681 5059 1843 5113 vitam

260 5144 357 5200 iste
384 5145 582 5200 homo?
607 5146 739 5215 Quia
769 5147 914 5202 Deus
938 5155 993 5203 et
1021 5147 1198 5202 homo.

328 5238 560 5295 CAPUT
583 5238 802 5294 VL—ﬁ.
831 5240 1064 5310 Apostoli
1094 5257 1262 5311 pugna
1292 5249 1466 5295 contra
1485 5243 1842 5313 concupiscen-

259 5328 381 5382 tiam
403 5329 548 5383 nobis
597 5331 898 5401 proponitur
936 5349 999 5385 ne
1040 5332 1374 5402 desperemus.
1407 5331 1522 5387 Non
1549 5349 1677 5405 ergo
1703 5336 1842 5406 quod

259 5421 368 5475 vult
395 5421 506 5492 agit
532 5421 857 5491 Apostolus;
899 5425 1021 5495 quia
1060 5425 1172 5480 vult
1211 5439 1316 5479 non
1347 5427 1723 5496 concupiscere
1748 5471 1762 5494 ,
1791 5438 1844 5484 ct

322 5535 338 5566 ι
365 5534 503 5604 aditi,
524 5533 609 5604 sed
622 5547 716 5585 non
734 5541 804 5587 est
826 5538 1038 5604 perfecta
1051 5537 1396 5600 consentiendo,
1429 5541 1652 5602 potando.
1680 5543 1842 5604 Abest,

259 5596 612 5662 consemiendo,
632 5610 661 5646 a
681 5596 1030 5662 manu'Su'i'ptis.

323 5659 342 5689 ³
363 5659 436 5706 Sic
451 5661 805 5728 otnimmmotze
828 5659 1318 5728 eodexFloriacensis
1338 5671 1390 5714 et
1410 5665 1605 5728 cisterc.
1630 5673 1685 5716 At
1706 5667 1841 5727 editi,

259 5719 537 5793 propaginis
566 5719 727 5793 malta,
747 5735 894 5787 quam
911 5723 1194 5777 habuerunt.
1216 5725 1552 5778 consuetudini
1590 5741 1705 5793 ergo
1721 5719 1843 5781 seml

260 5791 344 5844 per
364 5789 824 5846 repugrmawnest.

1963 441 2142 488 tamen
2163 435 2518 507 concupiscit;
2537 436 2660 494 ideo
2685 453 2790 495 non
2817 437 2959 511 quod
2983 437 3098 496 vult
3123 439 3250 512 agit.
3277 438 3548 514 Numquid

1959 524 2046 580 illa
2073 530 2499 598 concupiscentia
2528 531 2664 585 mala
2711 532 2960 588 trahebat
3003 532 3314 602 Apostolum
3355 535 3542 605 subju-

1957 627 2138 690 gatum
2185 620 2252 675 ad
2303 622 2707 680 fornicationem
2751 633 2806 681 et
2851 625 3143 681 adulteria?
3195 627 3368 682 Absit.
3424 628 3545 685 Non

1959 702 2251 768 ascendant
2293 714 2424 771 tales
2452 717 2799 787 cogitationes
2837 719 2891 772 in
2915 731 3010 774 cor
3035 727 3296 774 nostrum.
3345 719 3545 776 Lucta-

1959 805 2144 876 batur,
2174 825 2279 863 non
2309 809 2709 881 subjugabatur.
2756 810 2860 866 Sed
2890 812 3012 882 quia
3059 811 3272 868 nolebat
3301 827 3399 868 nec
3438 813 3545 870 hoc

1957 899 2156 956 habere
2184 902 2200 933 ί
2228 911 2415 957 contra
2455 901 2597 974 quod
2625 903 2941 968 luctaretur,
2973 904 3094 960 ideo
3123 905 3335 960 dicebat
3367 923 3380 961 :
3416 905 3542 962 Non

1955 993 2091 1062 quod
2115 993 2255 1058 volo,
2304 1010 2421 1064 ago.
2473 994 2865 1065 Concupiscere
2911 995 3069 1061 uolo,
3114 1003 3169 1051 et
3195 997 3538 1067 concupisco.

1953 1082 2070 1138 Non
2098 1099 2227 1155 ergo
2254 1085 2394 1156 quod
2421 1086 2572 1150 volo,
2599 1101 2734 1157 ago;
2769 1085 2862 1141 sed
2885 1095 3061 1142 tamen
3087 1087 3540 1158 concupiscentia:

1955 1193 2060 1233 non
2091 1180 2384 1235 consentio.
2408 1179 2526 1234 Non
2553 1179 2694 1235 enim
2721 1179 2878 1235 aliter
2903 1179 3105 1238 diceret
3128 1222 3142 1246 ,
3171 1180 3540 1252 Concupiscen-

1955 1271 2051 1325 tias
2073 1273 2240 1326 carnis
2265 1288 2326 1326 ne
2355 1272 2692 1342 perfeceritis;
2737 1273 2782 1326 si
2811 1286 2901 1326 eas
2929 1271 3044 1344 ipse
3088 1271 3386 1342 perﬁceret.
3433 1273 3541 1330 Sed

1954 1366 2231 1420 constituit
2273 1365 2365 1420 tibi
2395 1373 2518 1421 ante
2547 1365 2731 1421 oculos
2756 1380 2985 1436 pugnam
3016 1379 3164 1419 suam
3185 1406 3200 1432 ,
3229 1381 3298 1422 ne
3324 1366 3540 1422 timeres

1955 1463 2121 1510 tuam.
2153 1456 2208 1512 Si
2259 1457 2399 1511 enim
2432 1456 2534 1512 hoc
2578 1471 2684 1512 non
2727 1455 2950 1512 dixisset
2991 1455 3178 1513 beatus
3215 1458 3538 1528 Apostolus,

1954 1547 2167 1618 quando
2191 1547 2404 1604 videres
2447 1547 2651 1604 moveri
2677 1548 3164 1620 concupiscentiam
3191 1549 3245 1603 in
3286 1549 3541 1605 membris

1955 1641 2088 1710 tuis,
2137 1642 2225 1697 cui
2258 1651 2312 1695 tu
2342 1657 2446 1696 non
2479 1641 2850 1708 consentires;
2883 1651 3060 1697 tamen
3089 1655 3210 1696 cum
3257 1655 3376 1696 eam
3424 1655 3540 1696 mo-

1952 1733 2066 1787 veri
2095 1733 2302 1788 videres
2327 1775 2342 1801 ,
2383 1732 2603 1789 forsitan
2633 1733 2701 1789 de
2737 1744 2786 1788 te
2812 1732 3125 1803 desperares
3188 1742 3243 1788 et
3288 1732 3494 1788 diceres
3522 1749 3539 1790 :

1953 1825 2011 1882 Si
2041 1825 2106 1880 ad
2135 1826 2302 1882 Deum
2330 1827 2652 1897 pertinerent
2674 1867 2691 1894 ,
2712 1827 2789 1882 sic
2813 1841 2918 1882 non
2946 1841 3210 1882 moverer.
3237 1824 3372 1882 Vide
3396 1827 3540 1897 Apo-

1953 1919 2148 1974 stolum
2195 1926 2543 1989 pugnantem,
2596 1927 2649 1974 et
2677 1919 2784 1973 noli
2824 1928 2876 1974 te
2918 1918 3095 1975 facere
3141 1908 3537 1990 desperantem.

1961 2011 2118 2066 Video
2132 2012 2285 2065 aliam
2307 2013 2482 2084 legem,
2499 2012 2686 2082 inquit,
2705 2013 2759 2066 in
2778 2013 3010 2068 membris
3031 2013 3154 2068 meis
3177 2023 3539 2084 repugnantem

1953 2104 2051 2177 legi
2065 2107 2241 2159 mentis
2259 2121 2398 2160 meae.
2443 2105 2647 2176 thuia
2673 2106 2800 2160 nolo
2824 2115 2880 2162 ut
2908 2115 3171 2178 repugnet
3196 2124 3209 2160 :
3242 2121 3368 2162 caro
3391 2107 3538 2164 enim

1959 2213 2078 2254 mea
2099 2207 2201 2264 est,
2233 2213 2330 2270 ego
2360 2198 2472 2268 ipse
2501 2213 2617 2252 sum
2640 2239 2653 2264 ,
2682 2214 2803 2270 pars
2824 2213 2941 2253 mea
2966 2207 3048 2255 est
3077 2217 3090 2254 :
3125 2197 3246 2253 Non
3267 2199 3402 2270 quod
3424 2199 3539 2253 volo

1953 2307 2085 2362 ago;
2115 2291 2200 2345 sed
2223 2289 2359 2361 quod
2380 2290 2464 2344 odi
2488 2288 2698 2354 malum,
2725 2289 2820 2343 hoc
2841 2307 2968 2362 ago;
2990 2290 3113 2361 quia
3134 2291 3478 2360 concupisco.

2023 2383 2247 2440 CAPU‘T
2286 2384 2490 2440 Vll.—
2531 2386 2584 2440 7.
2624 2386 2784 2456 Agere
2827 2402 2916 2440 nec
2961 2385 3200 2456 perﬁcere
3240 2401 3330 2440 seu
3356 2384 3542 2440 bonum

1952 2493 2040 2549 seu
2087 2477 2308 2542 malum,
2339 2478 2460 2548 quid
2505 2477 2590 2530 sit.
2643 2476 2794 2544 Quod
2836 2492 2966 2548 ergo
2997 2478 3194 2532 bonum
3242 2475 3540 2549 ago?Quia

1953 2567 2398 2636 concupiscentia:
2424 2567 2576 2621 mala:
2595 2581 2700 2622 non
2729 2568 3043 2624 consentio:
3076 2569 3190 2639 Ago
3220 2568 3417 2623 bonum
3438 2609 3453 2633 ,
3485 2580 3542 2625 et

1953 2676 2061 2716 non
2109 2661 2322 2730 perﬁcio
2367 2661 2564 2716 bonum
2597 2678 2612 2716 ι
2643 2669 2698 2717 et
2739 2663 3163 2732 concupiscentia
3213 2661 3384 2731 hostis
3421 2677 3543 2718 mea

1953 2755 2062 2824 agit
2096 2753 2324 2819 malum,
2381 2760 2436 2808 et
2462 2766 2568 2807 nou
2626 2752 2836 2823 perﬁcit
2876 2753 3094 2808 malum.
3135 2751 3412 2820 Quomodo
3438 2767 3542 2823 ago

1951 2844 2150 2899 bonum
2187 2855 2241 2899 et
2286 2860 2392 2898 non
2444 2842 2658 2912 perﬁcio
2707 2843 2940 2899 bonum?
2992 2846 3107 2916 Ago
3141 2844 3369 2910 bonum,
3417 2858 3542 2898 cum

1953 2936 2108 2990 malae
2153 2935 2596 3005 concupiscentim
2629 2951 2736 2990 non
2764 2935 3042 2991 consentio
3073 2955 3086 2991 :
3119 2935 3213 2992 sed
3244 2951 3348 2989 non
3378 2934 3540 3005 perli-

1953 3027 2035 3081 cio
2060 3027 2280 3092 bonum,
2304 3036 2358 3081 ut
2377 3027 2596 3081 omnino
2627 3043 2733 3081 non
2761 3026 3154 3095 concupiscam.
3188 3028 3390 3082 Rursus
3410 3041 3539 3098 ergo

1954 3128 2007 3173 ct
2035 3118 2202 3173 hostis
2231 3133 2346 3172 mea
2375 3117 2643 3188 quomodo
2669 3118 2778 3189 agit
2802 3117 3003 3172 malum
3025 3159 3038 3182 ,
3093 3126 3146 3173 et
3174 3131 3278 3173 non
3332 3115 3543 3187 perﬁcit

1954 3208 2190 3264 malum?
2220 3209 2342 3279 Agit
2369 3209 2585 3275 malum,
2613 3209 2735 3279 quia
2763 3215 2941 3263 movet
2959 3207 3278 3264 desiderium
3303 3207 3537 3264 malum:

1955 3317 2061 3355 non
2092 3299 2296 3371 perﬁcit
2325 3300 2519 3355 nmium
2541 3341 2556 3367 ,
2582 3301 2705 3370 quia
2745 3289 2830 3355 mc
2873 3315 2978 3354 non
3009 3299 3169 3354 trahit
3207 3299 3274 3355 ad
3319 3299 3536 3354 tnalum.

1954 3393 2019 3447 Et
2045 3395 2094 3446 in
2124 3393 2224 3447 isto
2247 3393 2387 3448 bello
2409 3401 2492 3448 est
2520 3402 2625 3447 tota
2655 3394 2762 3446 vita
2787 3402 3111 3448 sanctorum.
3142 3392 3258 3447 Jam
3289 3391 3415 3462 qttid
3455 3391 3539 3446 di-

1953 3500 2068 3541 eam
2095 3485 2162 3540 de
2194 3485 2479 3539 immundis
2503 3527 2517 3551 ,
2557 3485 2644 3555 qui
2691 3499 2787 3538 nec
2814 3483 3080 3555 pugnant?
3111 3482 3385 3554 Subjugati
3413 3497 3538 3554 per-

1955 3579 2234 3633 trahuntur
2268 3595 2280 3629 :
2314 3592 2413 3632 nec
2458 3576 2864 3647 pertrahuntur,
2897 3577 3018 3646 quia
3042 3577 3268 3632 libenter
3302 3591 3536 3648 sequun-

1955 3678 2059 3723 tur.
2090 3668 2214 3722 Hmc
2233 3709 2248 3734 ,
2283 3667 2497 3738 inquam
2523 3710 2539 3735 ,
2583 3677 2663 3722 est
2686 3683 2856 3738 pugna
2885 3679 3226 3735 sanctorum;
3275 3677 3328 3723 et
3354 3669 3407 3722 in
3436 3668 3540 3724 hoc

1953 3760 2096 3816 bello
2116 3775 2328 3829 semper
2356 3759 2518 3814 homo
2545 3747 2874 3828 periclitatur
2894 3801 2908 3824 ,
2951 3774 3228 3830 quousque
3257 3759 3533 3813 moriatur.

1953 3850 2058 3906 Sed
2105 3851 2159 3904 in
2187 3850 2316 3915 ﬁne,
2349 3849 2400 3903 id
2431 3858 2515 3904 est
2535 3892 2548 3915 ,
2598 3850 2649 3904 in
2691 3849 2962 3919 triumpho
2983 3850 3122 3905 illius
3151 3849 3382 3904 victoriae
3410 3847 3538 3919 quid

1953 3941 2186 3996 dicitur?
2214 3942 2320 3994 imo
2356 3941 2480 4011 qttid
2510 3940 2639 3996 dicit
2681 3942 2961 4010 Apostolus
3007 3940 3117 4012 jam
3162 3939 3538 4010 pnemcditans

1954 4033 2313 4102 triumphum?
2341 4032 2484 4087 Tunc
2511 4034 2593 4100 [iet
2613 4049 2774 4088 sermo
2801 4033 2884 4103 qui
2911 4032 3127 4102 scriptus
3149 4041 3220 4085 est
3241 4074 3256 4094 .
3285 4031 3535 4100 Absorpta

1952 4135 2024 4178 est
2049 4141 2182 4179 mors
2216 4125 2268 4178 in
2293 4125 2571 4177 victoriam.
2628 4123 2724 4179 Ubi
2751 4135 2848 4188 est,
2892 4140 3062 4191 mors,
3110 4123 3357 4176 contentio
3406 4121 3533 4175 tua?

1953 4215 2067 4271 Vox
2113 4217 2568 4286 triumphantium.
2601 4215 2698 4271 Ubi
2742 4226 2850 4283 est,
2904 4232 3066 4281 mors,
3123 4213 3328 4268 aculeus
3377 4214 3537 4268 tuus?

1949 4307 2171 4362 Aculeus
2197 4318 2364 4361 autem
2401 4308 2575 4361 mortis
2623 4319 2694 4361 est
2725 4317 2981 4376 peccatum
3007 4323 3026 4360 :
3052 4306 3202 4375 cujus
3248 4306 3535 4376 punctione

1951 4401 2085 4456 facta
2112 4410 2195 4455 est
2221 4414 2384 4455 mors.
2417 4400 2696 4454 Peccatum
2738 4398 2890 4470 quasi
2935 4399 3171 4469 scorpius
3201 4407 3283 4454 est
3314 4415 3326 4451 :
3360 4413 3534 4469 pupu-

1949 4495 2025 4564 git
2056 4507 2184 4559 nos,
2220 4502 2274 4548 et
2301 4494 2493 4548 mortui
2541 4508 2742 4548 sumus.
2786 4492 2894 4549 Sed
2924 4493 3135 4564 quando
3179 4493 3404 4559 dicitur,
3436 4490 3534 4546 Ubi

1948 4596 2059 4654 est,
2100 4603 2274 4652 mors,
2322 4587 2524 4640 aculeus
2567 4587 2717 4640 tuus?
2761 4602 2867 4657 quo
2909 4585 3092 4640 aculeo
3131 4584 3266 4639 facta
3295 4599 3387 4650 es,
3427 4598 3534 4638 non

1949 4692 2106 4747 quem
2158 4676 2327 4733 fecisti
2359 4695 2372 4731 :
2403 4677 2614 4748 quando
2643 4692 2769 4748 ergo
2795 4677 2988 4732 dicitur
3011 4719 3025 4743 ,
3064 4677 3159 4732 Ubi
3200 4668 3336 4742 est,”
3358 4691 3495 4730 mors
3517 4718 3532 4743 ,

1949 4771 2153 4826 aculeus
2201 4773 2360 4826 tuus?
2406 4772 2586 4842 utique
2633 4787 2738 4827 non
2769 4771 2904 4837 erit;
2946 4771 3068 4842 quia
3112 4779 3383 4841 peccatum
3429 4783 3534 4823 non

1948 4861 2070 4916 erit.
2113 4862 2329 4915 Aculeus
2374 4871 2543 4916 autem
2569 4862 2746 4916 mortis
2773 4871 2846 4916 est
2872 4871 3149 4932 peccatum.
3187 4861 3378 4915 Contra
3413 4874 3536 4928 pec-

1948 4962 2126 5008 catum
2181 4953 2302 5008 data
2355 4963 2438 5008 est
2467 4952 2596 5008 Lex.
2635 4952 2740 5008 Sed
2778 4953 2936 5007 uirtus
2983 4953 3172 5023 peccati
3213 4949 3322 5015 Lea:
3347 4951 3392 5022 (l
3410 4949 3532 5007 Cor.

1947 5062 2017 5102 xv
2049 5087 2062 5110 ,
2093 5043 2329 5116 54-56)?
2369 5044 2648 5111 Quomodo
2679 5045 2850 5098 ‘virtus
2901 5043 3092 5115 peccati
3144 5041 3291 5097 Lex?
3346 5041 3537 5099 Subin-

1949 5137 2131 5204 travit,
2186 5144 2242 5190 ut
2295 5135 2573 5190 abundaret
2607 5134 2864 5190 delictum.
2907 5127 3190 5201 Quomodo
3219 5132 3354 5190 hoc?
3398 5133 3534 5200 Quia

1948 5231 2049 5287 fuit
2087 5239 2210 5288 aute
2247 5231 2442 5301 Legem
2485 5230 2647 5286 homo
2689 5235 2973 5300 peccator;
3015 5227 3138 5283 data
3182 5228 3324 5298 Lege
3375 5235 3536 5298 atque

1949 5334 2296 5395 transgressa,
2331 5323 2500 5378 factus
2525 5332 2606 5378 est
2633 5329 2688 5376 ct
2709 5319 3099 5391 praevaricator.
3131 5318 3356 5374 Peccato
3384 5325 3534 5374 tene-

1950 5417 2141 5473 bantur
2171 5416 2412 5470 homines
2434 5414 2510 5470 rei
2529 5415 2549 5445 '
2576 5433 2587 5468 :
2622 5412 2762 5483 Lege
2786 5410 2929 5477 data,
2954 5409 3074 5481 plus
3101 5409 3536 5481 praevaricatione

1947 5511 2070 5566 facti
2102 5518 2222 5566 sunt
2247 5510 2342 5565 rei.

2013 5606 2027 5636 ι
2055 5610 2137 5666 Er.
2175 5601 2324 5664 Lugd.
2373 5608 2514 5661 Ven.,
2556 5597 2742 5651 nolebat
2781 5606 2829 5656 et
2858 5598 2948 5653 hoc
2975 5597 3169 5666 habere.
3194 5606 3327 5660 hom,
3347 5597 3534 5650 nolebat

1947 5665 2035 5796 In:
2405 5725 2493 5796 rei.
2517 5733 2576 5796 At
2595 5731 2748 5796 79135.,
2773 5723 2985 5796 homines
3011 5725 3100 5778 rei.
3126 5725 3368 5790 mutoque
3400 5731 3528 5786 post,

1949 5791 2056 5854 plus
2079 5787 2492 5854 prmricutionis—
2505 5787 2622 5851 facti
2643 5793 2750 5838 suta
2771 5787 2859 5839 rei.
