3978 6460
437 429 540 487 819

509 542 733 603 CAPUT
776 541 909 609 Vm.
948 571 1019 583 —
1055 539 1108 597 8.
1150 537 1326 594 Gratia
1363 534 1547 594 Christi
1590 538 1879 609 perimcnda
1914 537 2015 591 ali-

437 642 638 709 quando
675 636 1097 708 concupiscentia.
1129 633 1286 688 Modo
1330 631 1452 706 quid
1483 633 1733 704 agendum
1759 632 2011 703 ﬁdelibus.

436 731 538 789 Ubi
579 746 702 804 spes
725 772 741 799 ,
769 729 870 785 nisi
904 728 1045 802 quod
1072 727 1309 800 sequitur
1341 745 1354 780 :
1396 724 1493 781 Ubi
1530 724 1802 779 abundavit
1831 739 2011 799 pecca-

432 833 543 878 tum
562 864 581 891 ,
609 820 1032 894 superabundavit
1068 819 1234 893 gratia
1275 816 1449 890 (Rom.
1475 831 1510 870 ν
1533 858 1548 883 ,
1585 814 1724 888 20)?
1751 813 1874 869 Ideo
1912 813 2013 869 iste

432 915 590 975 miles
614 922 667 969 et
691 911 921 987 quodam
950 910 1108 969 modo
1139 910 1189 963 in
1218 909 1320 964 isto
1337 907 1478 967 bello
1505 908 1972 963 exercitatissimis
1993 948 2009 972 ,

418 1018 542 1064 .tam
568 1006 887 1064 exercitatus
913 1045 927 1070 ,
974 1014 1032 1062 ut
1053 1012 1196 1061 esset
1236 1012 1290 1060 et
1316 1004 1422 1059 dux
1448 1046 1461 1079 ,
1489 1019 1610 1059 cum
1648 1002 1917 1067 laboraret
1956 1002 2009 1057 in

430 1100 535 1157 hoc
560 1099 700 1155 bello
725 1106 913 1154 contra
937 1097 1142 1154 hostem
1163 1141 1178 1163 ,
1209 1106 1263 1153 et
1287 1096 1487 1152 diceret
1518 1114 1531 1150 :
1577 1095 1727 1151 Video
1753 1096 1908 1149 aliam
1934 1095 2008 1149 le-

427 1209 540 1265 gem
577 1192 631 1251 in
659 1189 891 1246 membris
916 1190 1038 1244 meis
1062 1231 1075 1253 ,
1107 1196 1469 1265 repugnantem
1508 1187 1609 1258 legi
1632 1188 1810 1242 mentis
1846 1201 1970 1239 mea:
1990 1227 2006 1254 ,

426 1293 477 1339 et
499 1284 833 1359 captivantem
875 1298 953 1336 me
975 1283 1025 1335 in
1054 1281 1159 1354 lege
1184 1280 1408 1353 peccati,
1443 1294 1557 1355 quin
1579 1288 1648 1333 est
1688 1280 1739 1333 in
1777 1278 2010 1333 membris

428 1377 570 1441 meis,
603 1375 773 1447 legem
811 1372 1025 1439 foedam,
1050 1373 1223 1442 legem
1264 1373 1536 1438 miseram,
1562 1371 1775 1438 vulnus,
1806 1371 2005 1438 tabem,

428 1466 770 1536 languorem;
801 1462 1071 1535 subjumtit
1090 1504 1104 1530 ,
1140 1462 1295 1517 Miser
1318 1480 1407 1534 ego
1429 1463 1577 1516 homo
1599 1504 1613 1529 ,
1642 1462 1753 1533 quis
1781 1478 1861 1519 me
1883 1462 2006 1516 libe—

428 1556 555 1609 rabit
581 1556 643 1610 de
678 1572 886 1625 corpore
914 1554 1087 1609 mortis
1114 1554 1306 1626 hujus?
1334 1555 1399 1608 Et
1438 1555 1669 1624 gementi
1694 1553 2006 1609 subventum

427 1656 528 1703 est.
557 1646 836 1717 Quomodo
875 1646 1189 1702 subventum
1231 1646 1349 1701 est?
1380 1644 1556 1700 Gratia
1589 1644 1681 1700 Dei
1720 1662 1809 1718 per
1833 1645 2009 1700 .lesum

426 1740 682 1797 Christum
708 1740 985 1794 Dominum
1009 1751 1255 1795 nostrum.
1286 1739 1556 1799 Liherabit
1583 1748 1632 1795 te
1661 1755 1690 1792 a
1722 1739 1838 1808 lege
1860 1753 2005 1799 mor-

424 1833 496 1887 tis
529 1831 685 1903 hujus
706 1874 720 1900 ,
750 1832 802 1887 id
837 1840 921 1887 est
938 1874 953 1898 ,
985 1847 1015 1886 a
1041 1836 1264 1903 corpore
1289 1831 1476 1885 mortis
1502 1831 1659 1905 hujus
1680 1874 1694 1893 ,
1728 1832 1888 1902 gratia
1910 1829 2009 1885 Dei

425 1939 515 1994 per
538 1920 713 1978 Iesum
749 1922 1001 1977 Christum
1040 1921 1316 1976 Dominum
1359 1932 1603 1977 nostrum.
1636 1921 1858 1988 Quando
1882 1936 2003 1975 cor-

421 2029 523 2085 pus
551 2014 787 2081 habehis,
816 2012 903 2068 ubi
930 2014 1069 2068 nulla
1092 2013 1518 2083 concupiscentia
1545 2013 1864 2067 remanebit?
1880 2011 2006 2066 Cum

422 2106 635 2160 ntortale
656 2105 749 2159 Itoc
772 2105 987 2158 induerit
1011 2105 1434 2159 immortalitatem
1454 2146 1469 2168 ,
1498 2113 1544 2158 et
1568 2103 1886 2173 corruptibile
1913 2102 2005 2156 huc

419 2196 637 2253 induerit
678 2196 1103 2265 incorruptionem
1129 2236 1142 2260 ,
1174 2204 1228 2250 et
1275 2195 1480 2249 dicetur
1523 2194 1714 2260 morti,
1756 2194 1852 2247 Ubi
1894 2205 1962 2247 est
1987 2236 2000 2257 ,

420 2304 555 2344 mors
577 2328 590 2351 ,
621 2287 869 2341 contentio
898 2286 1025 2339 tua?
1052 2295 1106 2341 et
1130 2301 1238 2340 non
1265 2286 1366 2351 erit
1390 2303 1402 2338 :
1437 2284 1535 2338 Ubi
1560 2294 1665 2353 est,
1692 2302 1826 2339 mors
1847 2328 1860 2351 ,
1884 2301 2005 2337 acu-

420 2379 528 2436 leus
563 2389 678 2434 tuus
710 2377 753 2451 (l
772 2377 886 2434 Cor.
922 2395 1022 2444 xv,
1055 2377 1289 2447 55-55)?
1316 2387 1369 2434 et
1394 2393 1649 2447 nusquam
1689 2378 1808 2431 crit.
1852 2376 2003 2431 Modo

419 2472 589 2545 quid?
628 2472 764 2527 Audi
801 2492 813 2527 :
845 2470 1012 2544 Igitur
1053 2488 1144 2544 ego
1181 2474 1290 2540 ipse
1326 2480 1493 2525 mente
1532 2472 1690 2525 servio
1738 2471 1836 2542 legi
1864 2469 1999 2537 Dei,

418 2580 573 2620 carne
595 2573 759 2618 autem
781 2563 878 2637 legi
896 2565 1103 2635 peccati.
1130 2563 1300 2619 Mente
1322 2564 1481 2619 servio
1503 2564 1600 2633 legi
1620 2561 1734 2629 Dei,
1756 2580 1858 2617 non
1876 2578 2004 2618 con-

419 2655 698 2711 sentiendo
730 2674 743 2710 :
772 2672 922 2709 carne
949 2663 1119 2709 autem
1157 2655 1256 2725 tegi
1302 2655 1491 2724 peccati
1511 2695 1525 2718 ,
1557 2653 2000 2725 concupiscendo.

418 2747 491 2804 Et
514 2758 679 2803 mente
705 2748 802 2819 legi
828 2746 924 2801 Dei
942 2790 957 2815 ,
987 2756 1040 2802 et
1065 2764 1215 2801 carne
1241 2746 1337 2818 legi
1372 2748 1582 2817 peccati.
1616 2747 1679 2800 Et
1708 2747 1806 2799 hac
1851 2745 2001 2800 delc-

418 2850 569 2906 ctor,
602 2850 656 2895 et
680 2840 751 2896 ibi
782 2839 1131 2909 concupisco;
1161 2838 1253 2893 sed
1283 2853 1389 2892 non
1416 2838 1597 2892 vincor
1630 2855 1642 2891 :
1677 2836 1884 2903 titillat,
1916 2837 1999 2890 in-

418 2933 643 2989 sidiatur
666 2974 679 2997 ,
710 2933 922 3000 pulsat,
952 2931 1165 2986 trahere
1206 2940 1426 2985 conatur
1457 2947 1470 2984 :
1503 2928 1657 2983 Miser
1680 2944 1772 2998 ego
1810 2928 1958 2981 homo
1982 2968 1995 2993 ,

416 3027 529 3097 quis
548 3042 626 3079 me
651 3024 875 3079 liberabit
897 3024 959 3078 de
982 3040 1192 3092 corpore
1216 3022 1389 3076 mortis
1415 3020 1610 3090 hujus?
1633 3019 1766 3073 Nolo
1792 3034 2001 3088 semper

418 3119 633 3179 vincere
662 3136 675 3171 :
708 3117 803 3172 sed
833 3117 953 3171 volo
993 3113 1276 3185 aliquando
1302 3113 1367 3167 ad
1399 3127 1581 3182 pacem
1620 3112 1820 3165 venire.
1851 3110 2000 3165 Nunc

417 3226 581 3283 ergo,
611 3207 803 3264 fratres
825 3250 839 3276 ,
887 3216 1060 3263 tenete
1086 3208 1245 3261 istum
1284 3205 1501 3260 modum
1536 3223 1547 3258 :
1582 3215 1761 3259 mente
1803 3205 1999 3260 servile

417 3301 523 3371 legi
549 3300 661 3367 Dei,
690 3314 852 3354 carne
871 3309 1045 3354 autem
1074 3299 1175 3367 legi
1197 3299 1425 3368 peccati;
1450 3296 1542 3352 sed
1567 3312 1635 3351 ex
1660 3297 1994 3364 necessitate,

416 3393 541 3463 quia
577 3391 954 3462 concupiscitis
978 3431 993 3454 ,
1028 3405 1130 3445 non
1168 3391 1289 3461 quia
1334 3390 1665 3445 conscntitis.
1702 3389 1998 3459 Aliquando

414 3485 517 3540 ista
533 3482 959 3553 concupiscentia
982 3482 1058 3536 sic
1083 3482 1361 3537 insidiatur
1387 3481 1604 3545 sanctis,
1623 3488 1683 3535 ut
1705 3480 1861 3534 iaciat
1876 3480 1999 3534 dor-

415 3573 704 3630 mientibus
727 3572 869 3644 quod
909 3588 1013 3627 non
1042 3581 1216 3642 potest
1240 3571 1599 3643 vigilantibus.
1634 3569 1783 3626 Unde
1811 3585 1996 3624 omnes

416 3646 771 3730 acclamastis,
792 3663 894 3718 nisi
918 3664 1039 3734 quia
1063 3676 1249 3716 omnes
1275 3660 1587 3733 agnovistis?
1605 3660 1772 3715 Pudet
1796 3660 1881 3714 hic
1898 3661 1997 3714 im—

416 3755 648 3811 morari:
671 3755 764 3810 sed
780 3771 885 3809 non
909 3754 1081 3826 pigeat
1097 3753 1219 3810 inde
1236 3754 1400 3810 Deum
1419 3753 1643 3823 precari.
1658 3750 1913 3809 Comersi
1928 3751 1996 3807 ad

414 3846 720 3914 Dominum,
738 3855 847 3912 etc.

947 3935 1175 3994 SERMO
1208 3935 1340 3992 CLII
1380 3935 1479 4008 (a).

417 4052 496 4111 De
515 4054 827 4126 sequentibus
852 4054 1011 4108 verbis
1036 4054 1265 4129 Apostoli
1280 4096 1295 4119 ,
1330 4054 1479 4109 Rom.
1508 4069 1580 4109 vu
1600 4096 1614 4125 ,
1638 4062 1687 4113 et
1712 4070 1800 4109 vtu
1820 4096 1835 4121 ,
1868 4055 1990 4120 l-l;

488 4163 646 4218 usque
664 4146 752 4212 ad,
782 4146 922 4205 Misit
947 4146 1087 4200 Deus
1110 4145 1301 4201 Filium
1324 4162 1481 4203 suum
1512 4146 1565 4202 in
1592 4146 1994 4209 similitudinem

480 4238 661 4299 carnis
681 4236 904 4307 peccati,
927 4245 1021 4291 etc.

488 4352 539 4408 ι.
558 4350 839 4422 υἱῶειιιιαε
858 4367 961 4406 non
993 4358 1065 4405 est
1092 4350 1146 4407 in
1164 4350 1385 4406 obscuris
1404 4350 1646 4419 sensibus,
1663 4353 1864 4422 quando
1892 4353 1990 4409 ad-

404 4444 554 4516 juvat
569 4442 818 4514 Spiritus.
857 4443 1158 4509 Meminisse
1195 4442 1355 4501 debet
1374 4443 1618 4499 Charitas
1637 4454 1808 4501 vestra
1833 4488 1847 4512 ,
1884 4445 1991 4504 dis-

415 4543 631 4605 putasse
656 4550 742 4595 me
766 4534 917 4591 vobis
937 4534 1003 4590 de
1028 4534 1320 4605 quastione
1340 4533 1648 4593 difﬁcillima
1675 4552 1738 4592 ex
1764 4538 1990 4607 apostoli

412 4622 565 4681 Pauli
593 4625 828 4696 Epistola
855 4624 907 4695 (1
914 4642 948 4678 η
969 4626 1226 4695 superiore
1242 4626 1491 4697 sermone)
1511 4667 1526 4692 ,
1554 4626 1642 4681 ubi
1664 4626 1792 4682 dicit
1821 4644 1835 4680 :
1870 4628 1990 4683 Non

409 4718 545 4773 enim
568 4718 704 4789 quod
743 4718 856 4775 volo
879 4758 895 4785 ,
926 4733 1064 4789 ego;
1090 4719 1178 4783 sed
1215 4719 1351 4788 quod
1390 4718 1477 4774 odi
1497 4760 1513 4785 ,
1541 4719 1669 4772 illud
1695 4720 1849 4789 facio.
1889 4719 1988 4787 Qui

409 4828 538 4885 ergo
564 4812 805 4875 adfuistis
824 4855 840 4881 ,
868 4812 1185 4877 meministis
1218 4831 1232 4866 :
1264 4813 1502 4871 adestote
1524 4829 1667 4869 nmio
1692 4813 1870 4873 animo
1888 4854 1903 4881 ,
1932 4822 1991 4869 ut

406 4908 658 4964 astrnatis
676 4906 745 4962 ad
766 4906 817 4962 id
838 4906 977 4977 quod
996 4904 1242 4965 audietis.
1262 4905 1510 4975 Sequitur
1531 4905 1673 4960 enim
1695 4905 1852 4963 lectio
1870 4921 1990 4975 quae

409 4999 569 5075 hodie
592 5001 810 5057 recitata
846 5008 933 5057 est
956 5039 971 5064 ,
998 5013 1161 5072 quam
1190 4996 1402 5067 quidem
1447 4996 1614 5053 lector
1638 4997 1761 5053 inde
1789 4992 1985 5068 coepit:

407 5089 553 5149 Misit
577 5090 714 5149 Deus
735 5089 928 5151 Filium
946 5105 1095 5151 suum
1116 5090 1171 5143 in
1187 5087 1564 5145 similitudinem
1586 5090 1756 5149 carnis
1774 5090 1986 5160 peccati,

405 5191 455 5241 et
481 5183 543 5241 de
582 5192 786 5256 peccato
817 5182 1072 5237 damnavit
1117 5189 1377 5251 peccatum
1406 5179 1457 5233 in
1484 5196 1634 5243 carne
1664 5195 1683 5234 :
1710 5188 1766 5235 ut
1785 5180 1990 5251 justitio

411 5275 536 5348 legis
563 5276 854 5347 impleretur
877 5275 931 5335 in
954 5274 1115 5338 nobis,
1137 5275 1223 5344 qui
1247 5290 1347 5331 non
1367 5274 1637 5333 secundum
1662 5290 1861 5331 carnem
1881 5292 1990 5330 ant-

473 5407 546 5470 (τι)
578 5414 709 5458 Nunc
749 5409 955 5471 primum
976 5405 1146 5471 editus
1167 5419 1229 5456 ex
1272 5407 1433 5471 veteri
1474 5405 1642 5471 codice
1683 5404 1985 5471 Flor-iacensl,

473 5422 546 5470 (τι)
578 5422 709 5458 nunc
779 5422 952 5457 ramum
985 5422 1146 5457 canus
1167 5422 1229 5456 ex
1275 5422 1433 5456 veteri
1474 5422 1642 5455 ωαιοθ
1685 5422 1985 5471 rion-iaceam,

408 5479 524 5519 ante
544 5482 702 5541 annos
720 5422 914 5541 olivitas
935 5468 1028 5541 80!
1044 5470 1242 5541 sta-into,
1266 5469 1316 5521 in
1352 5480 1451 5541 quo
1486 5468 1705 5541 proxime
1741 5469 1990 5541 subjicitur

406 5531 649 5593 superiori
684 5533 929 5592 sermoni;
978 5538 1030 5581 et
1213 5528 1495 5580 recensitos
1516 5531 1564 5578 in
1586 5528 1742 5580 altero
1780 5528 1861 5579 Ms.
1888 5546 1987 5583 cor.

406 5594 652 5642 laximam
688 5593 794 5642 eius
824 5600 1008 5642 partem
1084 5593 1254 5642 ederat
1292 5592 1433 5642 Beda.
1467 5592 1572 5641 sive
1595 5590 1758 5642 Florus
1778 5591 1837 5641 ad
1860 5601 1987 5642 nom.

404 5590 652 5644 laximam
679 5593 794 5655 ejus
824 5590 1008 5655 partem
1048 5590 1254 5655 dederat
1292 5592 1433 5655 Beda,
1467 5592 1572 5655 sive
1595 5590 1758 5655 Florus
1778 5591 1837 5641 ad
1860 5601 1987 5646 nom.

404 5668 489 5717 vn,
528 5662 582 5705 et
609 5652 760 5705 Colat.
783 5652 849 5705 ιιι.
873 5655 1093 5707 Habitum
1118 5653 1419 5717 parthagine
1430 5653 1694 5713 credimus,
1714 5654 1879 5717 deque
1900 5656 1992 5707 hoc

330 5746 339 5749 -
406 5716 514 5777 ipso
535 5728 777 5775 sermone,
801 5729 897 5777 non
921 5723 1081 5766 autem
1102 5715 1167 5766 de
1190 5714 1386 5776 134,'ut
1418 5723 1533 5765 ante
1555 5729 1664 5767 cum
1686 5714 1989 5769 tovaniensi-

405 5776 501 5827 hus
516 5778 849 5851 opinabatur,
872 5776 1003 5894 [agri
1026 5779 1340 5841 Augustinum
1382 5784 1550 5851 postea
1569 5777 1630 5828 ad
1649 5778 1991 5851 Carthaginem

410 5850 496 5888 sos
532 5853 582 5889 ιιι
622 5847 856 5890 Sermone
879 5840 901 5890 1
970 5875 986 5894 .
1009 5852 1114 5894 cap.
1138 5838 1171 5891 8
1194 5852 1209 5891 :
1238 5855 1265 5889 ι
1282 5844 1385 5891 tam
1404 5838 1658 5894 aliquando
1680 5853 1991 5894 exmmus

410 5850 496 5888 sos
532 5838 582 5889 in
622 5847 856 5890 Sermone
879 5838 986 5903 155,
1009 5838 1120 5903 cap?
1138 5838 1171 5891 8
1194 5852 1209 5891 :
1238 5855 1265 5889 ι
1282 5838 1658 5903 Μωὶϋιιιιαιιόο
1680 5838 1991 5902 exposuimus

407 5902 544 5952 vobis
564 5898 673 5958 hoc.
689 5916 711 5948 ι
744 5908 839 5953 etc.

1074 5982 1081 5989 .

1635 418 1692 475 S.
1734 416 2094 475 AUGUSTINI
2134 418 2434 488 EPISCOPI

3595 456 3708 514 820

2125 539 2354 645 bulamus
2373 588 2391 618 ,
2442 552 2532 606 sed
2554 558 2827 615 secundum
2850 562 3101 631 spiritum.
3132 564 3226 625 Illa
3251 585 3379 631 vero
3414 588 3535 645 quae
3573 585 3703 645 ιιιιιφ

2121 633 2255 738 lecta
2289 652 2430 738 sunt,
2462 660 2561 701 nec
2591 656 2809 711 tractata
2835 655 3012 725 verba,
3039 657 3136 713 ista
3163 671 3289 719 sunt

2121 736 2209 784 tur
2240 748 2252 785 :
2286 731 2453 802 Igitur
2477 754 2567 810 ego
2591 741 2699 810 ipse
2726 755 2887 807 mente
2925 750 3083 805 servio
3109 752 3209 824 legi
3246 731 3349 811 Dei
3364 797 3380 821 ,
3410 731 3561 819 curate
3596 778 3702 817 ωιρ

2118 829 2217 876 tem
2246 826 2343 901 legi
2380 833 2590 899 peccati.
2620 832 2783 901 Nulla
2808 854 2927 910 ergo
2954 842 3303 905 condemnatio
3346 858 3421 907 est
3462 851 3542 911 bis
3565 870 3703 911 nunc

2116 919 2204 1007 qui
2225 931 2339 985 sunt
2352 923 2405 978 in
2423 923 2619 985 Christo
2633 928 2779 986 Jesu.
2795 930 2904 989 Leo:
2925 936 3058 993 enim
3080 938 3286 1007 spiritus
3306 942 3484 999 vitain
3496 944 3701 1004 Christo

2114 1006 2241 1063 Iesu
2266 1010 2487 1069 liberavit
2510 1026 2557 1073 te
2583 1036 2616 1072 a
2643 1020 2752 1092 lege
2770 1026 2959 1094 peccati
2980 1036 3029 1081 et
3280 1032 3431 1102 Quod
3449 1038 3583 1097 enim
3603 1038 3703 1092 imo

2116 1103 2351 1196 possibile
2377 1118 2483 1162 erat
2506 1108 2656 1184 Legis
2686 1113 2702 1147 ⁸
2728 1156 2743 1181 ,
2770 1116 2824 1170 in
2850 1132 2950 1188 quo
2978 1118 3333 1191 inﬁrmabatur
3358 1144 3450 1196 per
3469 1145 3696 1187 carnem.

2116 1190 2184 1247 Et
2208 1196 2444 1267 sequitur
2460 1202 2602 1271 quod
2630 1204 2787 1261 hodie
2815 1206 3006 1267 lectum
3028 1190 3113 1267 est
3135 1230 3149 1267 :
3173 1211 3312 1279 Deus
3339 1190 3529 1275 Filium
3547 1239 3701 1275 suum

2113 1286 2247 1341 misit
2270 1288 2321 1343 in
2346 1291 2724 1351 similitudinem
2745 1301 2910 1357 carnis
2929 1306 3138 1374 peccati.
3166 1306 3463 1367 Dilﬂcultas
3485 1328 3589 1369 non
3613 1324 3701 1373 est

2113 1376 2167 1432 in
2196 1379 2437 1441 obscuris
2466 1387 2707 1447 sensibus
2730 1429 2748 1454 ,
2773 1393 2988 1467 quando
3014 1396 3228 1466 adjuvat
3254 1399 3490 1470 spiritus.
3525 1404 3698 1476 Adju-

2113 1478 2200 1526 vet
2223 1488 2348 1546 ergo
2375 1490 2471 1533 nos
2501 1481 2773 1539 orantibus
2800 1485 2985 1551 vobis;
3017 1494 3138 1561 quia
3164 1490 3338 1559 ipsum
3366 1492 3700 1561 desiderium

2110 1564 2251 1632 quod
2287 1566 2445 1629 vultis
2472 1568 2767 1641 intelligere
2788 1614 2805 1642 ,
2838 1578 3008 1634 oratio
3044 1590 3126 1637 est
3151 1581 3220 1641 ad
3251 1584 3438 1643 Deum.
3469 1587 3551 1647 Ah
3576 1589 3698 1661 ipso

2110 1669 2237 1751 ergo
2264 1667 2475 1728 oportet
2500 1670 2557 1717 ut
2585 1668 2903 1734 exspectetis
2926 1670 3202 1729 auxilium.
3234 1673 3343 1733 Nos
3370 1678 3534 1745 enim,
3558 1694 3701 1751 quo-

2110 1747 2270 1813 modo
2292 1751 2472 1806 rustici
2498 1753 2550 1808 in
2579 1769 2706 1827 agro
2728 1797 2743 1823 ,
2778 1756 3071 1819 forinsecus
3100 1780 3402 1835 operantur.
3428 1766 3484 1825 Si
3511 1747 3697 1829 autem

2110 1841 2288 1897 nullus
2332 1854 2475 1900 esset
2502 1846 2592 1917 qui
2632 1848 2952 1909 intrinsecus
2978 1863 3292 1925 operaretur
3314 1898 3328 1922 .
3360 1874 3460 1915 nec
3503 1875 3698 1919 semen

2110 1941 2264 1989 terra:
2305 1935 2593 2027 ligaretur,
2626 1956 2725 1996 nec
2750 1941 2802 2007 in
2843 1957 2968 2013 agro
2995 1960 3246 2021 cacumen
3286 1961 3595 2023 exsurgeret
3627 1955 3649 1986 ³
3676 1996 3695 2027 ,

2108 2039 2209 2079 nec
2238 2026 2578 2084 rohoraretur
2608 2031 2749 2105 virga
2788 2042 2844 2092 et
2884 2038 3186 2105 perveniret
3211 2039 3278 2097 ad
3305 2042 3510 2105 trabem
3544 2062 3558 2099 :
3588 2026 3698 2103 nec

2108 2117 2239 2171 rami
2265 2158 2280 2186 ,
2313 2134 2411 2174 nec
2438 2119 2640 2179 fructus
2662 2164 2679 2191 ,
2711 2139 2812 2180 nec
2856 2125 2979 2182 folia
3010 2139 3374 2191 nascerentur.
3404 2132 3527 2188 ldeo
3554 2135 3698 2193 dixit

2108 2208 2221 2277 ipse
2246 2210 2529 2279 Apostolus
2553 2254 2566 2278 ,
2600 2214 2908 2273 discernens
2932 2203 3294 2289 operationem
3323 2226 3695 2294 operariorum

2106 2307 2160 2395 et
2188 2300 2454 2357 Creatoris
2486 2322 2498 2357 :
2533 2302 2644 2376 Ego
2684 2307 2909 2389 plantnvi
2931 2351 2946 2377 ,
2978 2310 3164 2382 Apollo
3188 2314 3411 2395 rigavit;
3438 2317 3528 2372 sed
3550 2317 3696 2375 Deus

2106 2392 2464 2450 incrementum
2490 2397 2645 2455 dedit.
2672 2399 2739 2455 Et
2762 2401 2999 2473 adjunxit
3029 2421 3043 2457 :
3080 2392 3259 2479 Neque
3279 2409 3365 2480 qui
3394 2410 3588 2481 plantat
3618 2423 3697 2468 est

2105 2482 2317 2554 aliquid,
2344 2502 2500 2556 neque
2522 2490 2607 2559 qui
2636 2492 2765 2561 rigat
2787 2508 2805 2556 ;
2833 2494 2922 2547 sed
2943 2496 3029 2565 qui
3057 2496 3413 2559 incrementum
3438 2502 3524 2556 dat
3551 2503 3697 2561 Deus

2111 2573 2151 2645 (Ι
2173 2575 2287 2629 Cor.
2313 2593 2389 2645 ιιι,
2413 2579 2500 2635 {iet
2513 2579 2589 2652 7).
2605 2582 2659 2636 Si
2683 2583 2821 2638 Deus
2838 2585 3154 2645 intrinsecus
3175 2590 3559 2651 incrementum
3578 2612 3695 2655 non

2104 2666 2213 2763 det,
2235 2669 2403 2763 inanis
2419 2683 2495 2727 est
2512 2678 2609 2729 iste
2629 2691 2791 2733 sonus
2808 2677 2871 2741 ad
2893 2694 3047 2741 aures
3063 2691 3287 2743 vestras.
3304 2684 3359 2747 Si
3379 2696 3553 2751 autem
3570 2689 3692 2763 det,

2105 2758 2246 2853 valet
2273 2761 2469 2833 aliquid
2500 2765 2639 2837 quod
2670 2766 2970 2835 plantamns
2998 2779 3052 2826 et
3079 2772 3316 2851 rigamus
3339 2817 3355 2845 ,
3387 2786 3573 2846 etnon
3603 2758 3698 2853 est

2103 2850 2276 2909 inanis
2298 2853 2447 2909 labor
2467 2866 2665 2915 noster.

2172 2944 2226 2997 2.
2266 2944 2413 2999 Idem
2440 2958 2685 3007 tractatur
2720 2964 3088 3024 argumentum.
3120 2957 3237 3021 Jam
3267 2960 3378 3019 dixi
3418 2962 3566 3027 vobis
3607 2966 3698 3023 sic

2103 3048 2222 3089 esse
2266 3038 2628 3109 accipiendum
2666 3044 2808 3113 quod
2838 3045 2911 3099 ait
2954 3049 3236 3121 Apostolus
3258 3091 3275 3120 ,
3315 3051 3483 3108 Mente
3520 3058 3695 3117 servio

2105 3127 2204 3199 legi
2231 3128 2360 3196 Dei,
2395 3148 2546 3186 carne
2569 3144 2735 3189 autem
2764 3134 2859 3209 legi
2884 3141 3079 3207 peccati
3098 3158 3118 3207 ,'
3148 3153 3204 3201 nt
3239 3145 3382 3205 carni
3409 3145 3537 3207 nihil
3562 3148 3696 3225 plus

2104 3222 2441 3315 permittatis,
2464 3225 2561 3279 nisi
2584 3225 2862 3313 desideria.
2884 3231 2997 3286 sine
3014 3233 3204 3303 quibus
3221 3251 3324 3292 non
3344 3248 3519 3315 potest

2101 3312 2158 3369 Si
2185 3322 2360 3369 autem
2388 3314 2408 3347 ³
2436 3317 2711 3375 desideriis
2737 3324 2889 3381 malis
2915 3330 3313 3399 consenseritis,
3337 3312 3393 3388 et
3416 3348 3521 3390 non
3546 3349 3691 3399 cnn-

2104 3411 2181 3457 tra
2212 3404 2297 3458 illa
2328 3405 2502 3462 luctati
2530 3407 2737 3465 fueritis
2758 3454 2774 3481 ,
2806 3414 2933 3470 victi
2961 3416 3222 3489 plangetis
3254 3438 3266 3474 :
3298 3432 3351 3478 et
3390 3426 3690 3494 Optandum

2102 3503 2184 3548 est
2209 3504 2264 3548 ut
2292 3495 2569 3567 plangatis,
2595 3515 2660 3554 ne
2685 3509 2739 3561 et
2764 3517 2977 3558 sensum
3005 3505 3203 3563 doloris
3229 3512 3480 3583 perdatis.
3504 3515 3660 3583 Quan
3678 3549 3693 3559 -

2102 3594 2211 3640 tum
2243 3604 2370 3658 ergo
2396 3599 2477 3644 est
2506 3592 2555 3645 in
2601 3595 2732 3647 votis
2760 3598 2973 3661 nostris,
3007 3599 3058 3659 in
3087 3602 3355 3661 voluntate
3380 3616 3582 3675 nostra,
3629 3611 3689 3671 in

2099 3681 2338 3737 oratione
2384 3693 2560 3739 nostra
2586 3727 2599 3751 ,
2632 3688 2842 3755 quando
2867 3689 3127 3760 dicimus,
3165 3692 3247 3749 Ne
3282 3713 3372 3759 nos
3395 3699 3582 3775 inferos
3628 3703 3688 3761 in

2100 3778 2420 3830 tentationem
2446 3820 2461 3846 ,
2493 3780 2579 3832 sed
2624 3781 2777 3836 libera
2821 3800 2912 3841 nos
2940 3802 2971 3838 α
3001 3787 3134 3842 malo
3181 3788 3393 3858 (Matth.
3425 3808 3471 3851 vt
3495 3835 3512 3861 ,
3547 3795 3685 3866 l5);

2102 3866 2202 3921 hoc
2232 3869 2408 3939 utique
2438 3871 2680 3943 cupimus
2700 3913 2717 3940 ,
2753 3883 2808 3927 ut
2835 3891 2931 3930 nec
2971 3876 3081 3949 ipsa
3110 3879 3245 3934 mala
3273 3879 3534 3941 desideria
3560 3889 3687 3942 exi-

2098 3965 2240 4015 stant
2266 3958 2332 4014 de
2358 3975 2517 4016 carne
2548 3971 2747 4018 nostra.
2780 3964 2884 4022 Sed
2914 3969 3160 4038 quamdiu
3189 3969 3274 4027 hic
3304 3974 3529 4031 vivimus
3553 4020 3567 4041 ,
3598 3978 3686 4032 el-

2098 4048 2258 4105 ﬂcerc
2283 4066 2386 4106 non
2420 4053 2673 4111 valemus.
2702 4056 2925 4127 Propter
2950 4058 3051 4114 hoc
3077 4060 3151 4115 ait
3183 4079 3196 4114 :
3232 4061 3485 4133 Perﬁcere
3511 4079 3685 4123 autem

2098 4140 2281 4195 bonum
2310 4159 2408 4197 non
2428 4144 2641 4200 invenio.
2670 4146 2868 4202 Facere
2892 4149 3015 4223 quid
3042 4150 3291 4209 invenio?
3309 4154 3421 4210 Non
3450 4172 3688 4214 consen-

2100 4232 2198 4287 tire
2221 4234 2360 4288 malo
2380 4234 2664 4291 desiderio.
2691 4236 2943 4307 Per/icere
2967 4258 3065 4296 non
3092 4244 3289 4298 invenio
3313 4261 3332 4300 :
3351 4262 3453 4303 non
3477 4247 3685 4307 habere

2093 4325 2290 4379 malum
2306 4324 2649 4383 desiderium.
2671 4328 2854 4389 Restat
2869 4347 2994 4403 ergo
3015 4333 3065 4386 in
3090 4333 3187 4388 hac
3208 4350 3405 4407 pugna,
3422 4346 3480 4393 ut
3499 4353 3685 4399 mente

2095 4432 2200 4472 non
2228 4420 2596 4475 consentiente
2620 4419 2641 4452 ⁸
2672 4421 2824 4479 malis
2854 4425 3314 4496 concupiscentiis,
3346 4431 3545 4487 servias
3573 4434 3683 4506 legi

2096 4510 2189 4566 Dei
2215 4528 2228 4577 ;
2261 4526 2419 4567 carne
2449 4521 2626 4567 autem
2650 4515 3078 4587 concupiscente,
3108 4518 3201 4574 sed
3235 4529 3285 4574 te
3314 4537 3416 4576 non
3442 4538 3680 4582 consen-

2097 4601 2259 4656 ticntc
2281 4642 2296 4669 ,
2329 4603 2529 4663 servias
2560 4603 2661 4674 legi
2688 4608 2910 4675 peccati.
2939 4610 3059 4679 Agit
3086 4624 3211 4665 caro
3237 4613 3497 4677 desideria
3538 4633 3634 4674 sua
3661 4663 3678 4687 ,

2094 4709 2191 4765 age
2215 4703 2267 4748 et
2296 4702 2349 4749 tu
2378 4702 2485 4749 tua.
2515 4694 2627 4749 Non
2658 4697 3047 4769 opprimuntur,
3077 4718 3185 4757 non
3210 4706 3620 4778 exstinguuntur
3649 4728 3681 4766 a

2095 4795 2146 4843 te
2168 4785 2429 4842 desideria
2453 4788 2594 4859 ejus;
2621 4806 2723 4843 non
2747 4791 3045 4863 exstinguat
3073 4803 3159 4852 tua
3183 4814 3195 4849 :
3227 4806 3283 4852 ut
3306 4798 3360 4853 in
3383 4803 3683 4859 certamine

2093 4878 2322 4943 labores,
2346 4893 2450 4934 non
2474 4879 2640 4935 victus
2663 4882 2912 4938 traharis.

2164 4972 2217 5026 5.
2239 4969 2663 5043 Concupisceutia:
2704 4974 2892 5030 malum
2913 4976 2964 5031 in
2985 4977 3250 5049 baptizatis
3269 4983 3375 5038 sine
3399 4994 3558 5040 reatu.
3580 4987 3657 5045 Sc

2093 5062 2272 5135 quitur
2297 5079 2424 5135 ergo
2453 5073 2506 5120 et
2535 5065 2661 5121 dicit
2691 5067 2996 5137 Apostolus,
3032 5069 3195 5127 Nulla
3222 5090 3340 5146 ergo
3366 5078 3653 5135 condemno

2095 5157 2163 5209 tio
2189 5163 2261 5209 est
2298 5172 2434 5210 nunc
2459 5157 2535 5211 his
2559 5158 2644 5227 qui
2678 5169 2792 5213 sunt
2821 5162 2873 5215 in
2903 5159 3101 5217 Christo
3126 5164 3271 5227 Iesu.
3303 5166 3373 5222 Et
3405 5169 3451 5224 si
3478 5168 3683 5229 habent

2093 5247 2356 5305 desideria
2381 5252 2576 5317 carnis,
2605 5252 2795 5323 quibus
2823 5270 2930 5309 non
2956 5259 3329 5326 consentiunt;
3361 5269 3417 5316 et
3442 5262 3487 5316 si
3510 5261 3595 5318 lex
3627 5264 3689 5320 in

2094 5342 2351 5397 membris
2376 5358 2561 5397 eorum
2588 5355 2845 5417 repugnat
2866 5347 2970 5420 legi
2995 5350 3189 5405 mentis
3216 5366 3400 5409 eorum
3426 5396 3441 5421 ,
3473 5364 3527 5410 et
3576 5372 3686 5411 ca-

2095 5432 2298 5502 ptivare
2326 5432 2436 5487 vult
2459 5444 2690 5490 mentem
2720 5453 2733 5489 :
2770 5445 2946 5493 tamen
2969 5442 3088 5510 quia
3114 5457 3209 5513 per
3234 5447 3458 5515 gratiam
3488 5449 3688 5522 Bapti-

2094 5525 2279 5579 smatis
2295 5534 2347 5579 et
2366 5523 2557 5580 lavacri
2582 5529 2994 5597 regenerationis
3022 5532 3223 5590 solutus
3246 5544 3327 5590 est
3351 5546 3404 5593 et
3426 5539 3540 5611 ipse
3560 5558 3692 5600 rea-

2160 5659 2253 5739 1}.“
2269 5658 2562 5739 flammast
2598 5661 2866 5739 939'??le
2900 5673 3176 5729 οοηειιηιθε
3204 5678 3283 5724 εει
3319 5674 3539 5739 tantum
3560 5689 3691 5734 casu

2291 5790 2371 5834 Hs.
2392 5784 2725 5849 cor._[ea:_iret.]

2159 5844 2180 5876 ι
2195 5843 2325 5892 idem
2340 5851 2441 5904 Ms.,
2456 5843 2504 5895 si
2516 5843 2661 5896 enim

2159 5905 2181 5937 δ
2205 5912 2256 5955 ιιι
2281 5906 2455 5958 eodem
2471 5915 2573 5972 Ms,
2593 5910 2904 5964 consentiens.
