4098 6310
330 343 430 404 8M

329 469 418 516 tus
443 498 456 524 ,
488 465 610 510 cum
639 459 745 520 quo
769 454 890 500 ens
914 444 1070 494 natus
1092 473 1108 501 ,
1138 438 1194 487 et
1219 421 1472 500 quidquid
1499 425 1654 477 antea
1681 426 1911 472 consen-

335 551 450 610 sisti
483 547 636 603 malae
660 531 1120 607 concupiscentiae,
1152 525 1268 582 sive
1293 520 1529 593 quolibet
1551 510 1769 584 ﬂagitio,
1799 506 1915 563 sive

333 641 573 715 quolibet
600 599 854 696 facinore;
875 627 988 683 sive
1013 619 1248 692 qualibet
1274 612 1414 669 mala
1439 606 1780 678 cogitatione,
1803 599 1918 654 sive

338 694 572 808 qualibet
587 728 724 784 mala
743 694 1029 783 locutione,
1049 713 1226 771 omnia
1240 709 1413 765 deleta
1431 711 1556 759 sunt
1569 701 1622 754 in
1641 698 1732 754 illo
1749 694 1914 757 fonte,

1338 801 1348 808 .
1408 798 1418 808 .
1574 793 1584 804 .
1659 802 1769 808 ΑΛ,
1805 785 1914 808 Lm

340 785 506 808 Ἰηηη
531 785 540 786 ,

335 841 444 900 quo
468 835 657 879 servus
686 814 912 878 intrasti,
947 808 1084 864 unde
1113 805 1246 860 liber
1267 798 1423 856 existi
1455 813 1468 850 :
1498 793 1620 864 quia
1649 802 1776 859 ergo
1805 785 1921 839 bare

338 877 410 976 ila
456 923 618 980 sunt,
650 908 812 965 Nulla
851 877 983 959 nunc
1011 893 1357 954 condemnatio
1385 898 1458 944 est
1497 887 1575 940 bis
1601 883 1686 952 qui
1714 887 1829 934 sunt
1869 877 1925 930 in

339 1011 542 1070 Christo
563 975 711 1060 Iesu.
742 998 894 1054 Nulla
923 1001 1169 1050 estnunc
1193 1029 1208 1053 ,
1240 992 1392 1039 antea
1420 979 1536 1034 l‘uit.
1564 975 1646 1030 Ex
1674 985 1781 1026 uno
1803 983 1922 1023 om-

341 1119 439 1160 nes
464 1101 516 1156 in
543 1088 1040 1154 condemnationem
1064 1079 1240 1154 (llam.
1268 1091 1319 1139 v,
1347 1070 1458 1142 l6).
1484 1068 1595 1123 lloc
1620 1061 1820 1118 malum
1848 1057 1926 1112 le-

343 1202 491 1254 ccrat
515 1185 806 1262 generatio,
831 1179 925 1235 sed
952 1179 1052 1231 hoc
1072 1175 1267 1227 bonum
1295 1167 1418 1221 fecit
1447 1155 1796 1231 regeneratio.
1820 1149 1930 1205 Lex

346 1290 477 1345 enim
498 1249 724 1354 gpiritus
743 1277 856 1330 vita:
875 1273 928 1326 in
955 1268 1151 1325 Christo
1172 1262 1204 1316 J
1210 1279 1295 1315 esu
1321 1255 1543 1314 liberavit
1569 1261 1616 1305 te
1634 1268 1664 1303 a
1683 1249 1790 1319 lege
1813 1261 1933 1316 pes-

349 1380 447 1436 cati
466 1386 512 1432 et
531 1373 724 1430 mortis.
749 1367 894 1422 lnest
919 1364 973 1418 in
995 1355 1268 1417 membris,
1293 1349 1386 1406 sed
1411 1361 1557 1403 reum
1581 1350 1634 1398 te
1654 1355 1761 1395 non
1779 1336 1928 1392 facit.

353 1472 633 1529 Liberatus
657 1477 716 1518 es
740 1460 807 1514 ab
829 1457 916 1512 illa
943 1470 959 1520 ;
988 1453 1124 1508 liber
1152 1459 1325 1517 pugna
1349 1459 1364 1508 ;
1394 1438 1488 1496 sed
1515 1434 1633 1490 vide
1659 1446 1728 1487 ne
1747 1430 1931 1484 vinca-

352 1563 451 1628 ris,
475 1568 526 1616 et
549 1558 739 1611 iterum
763 1551 857 1602 lias
877 1518 1084 1600 servus.
1101 1537 1336 1595 Laboras
1355 1524 1658 1603 pugnando,
1680 1520 1775 1576 sed
1797 1518 1936 1574 laeta-

358 1653 502 1710 beris
521 1639 915 1714 triumpbando.
976 1662 980 1664 -
1745 1657 1752 1664 ,

428 1743 482 1797 4.
524 1734 923 1792 Manichaeorum
957 1738 1097 1779 error
1137 1709 1404 1773 cavendus.
1453 1706 1572 1763 Dixi
1615 1710 1795 1758 autem
1840 1711 1938 1751 vo-

360 1839 444 1895 bis
469 1877 482 1900 ,
514 1841 569 1888 et
594 1827 822 1884 maxime
847 1817 1155 1876 meminisse
1182 1807 1387 1866 debetis
1413 1843 1426 1868 ,
1461 1816 1527 1855 ne
1554 1798 1689 1853 forte
1728 1797 1944 1863 propter

363 1881 443 1895 ...ν
469 1881 482 1900 ,
518 1881 567 1888 ν-

363 1930 518 1984 istam
545 1933 796 1994 pugnam,
827 1915 943 1967 sine
969 1923 1071 1979 qua
1100 1905 1258 1959 homo
1284 1912 1402 1954 esse
1429 1909 1533 1948 non
1562 1895 1755 1959 potest,
1783 1881 1944 1937 etiam

365 2017 454 2092 qui
473 2016 616 2086 juste
642 2010 794 2072 vivit;
820 2006 927 2060 imo
952 1977 1040 2055 ille
1067 1997 1118 2051 in
1148 2009 1211 2050 ea
1235 2000 1336 2053 est,
1365 1987 1455 2056 qui
1477 1983 1618 2054 juste
1645 1977 1799 2036 vivit;
1823 1987 1947 2028 nam

367 2072 468 2169 nec
492 2113 709 2179 pugnat,
733 2101 823 2155 sed
853 2094 1097 2156 trahitur,
1118 2087 1207 2158 qui
1235 2085 1374 2154 juste
1401 2093 1505 2133 non
1535 2072 1662 2128 vivit
1689 2089 1703 2126 :
1733 2083 1858 2136 ergo
1881 2079 1949 2119 ne

368 2156 468 2169 ⁵⁸νν
495 2156 664 2179 l""O""
697 2156 709 2170 ι
1136 2156 1153 2158 -

368 2201 564 2275 putetis
591 2201 812 2269 propter
849 2188 949 2243 hoc
975 2181 1124 2254 quasi
1165 2177 1296 2232 duas
1338 2188 1400 2228 ex
1431 2164 1654 2222 diversis
1677 2156 1952 2232 principiis

1151 2270 1161 2275 -
1294 2264 1336 2275 ⁵.
1415 2262 1422 2270 1
1462 2259 1476 2275 ‘
1529 2258 1558 2275 λ.
1641 2251 1770 2275 --ιι--Ι
1806 2246 1951 2275 nun-nn:

372 2246 562 2275 I’“"'""
593 2246 646 2269 ιν-
666 2246 716 2264 -ῖ
736 2246 742 2247 ν
763 2246 770 2247 ί
995 2246 1010 2254 -

372 2308 491 2351 esse
532 2298 748 2345 naturas
772 2325 786 2350 ,
819 2280 955 2336 sicut
993 2270 1263 2329 insaniunt
1292 2258 1563 2319 Manichazi
1590 2297 1602 2322 ,
1634 2251 1774 2323 quod
1803 2246 1955 2319 quasi

373 2400 480 2443 non
503 2384 571 2438 sit
590 2393 713 2436 caro
735 2391 800 2431 ex
824 2374 950 2426 Deo.
973 2365 1186 2422 Falsum
1205 2367 1308 2424 est,
1333 2363 1612 2419 utrumque
1633 2361 1699 2401 ex
1721 2344 1828 2396 Deo
1849 2348 1948 2394 est.

378 2479 486 2537 Sed
506 2484 690 2532 natura
713 2469 944 2524 humana
967 2462 1119 2515 istam
1153 2452 1225 2526 (a)
1252 2453 1303 2505 in
1327 2445 1612 2512 semetipsa
1654 2433 1849 2493 meruit
1887 2446 1959 2485 ex

380 2579 619 2645 peccato.
641 2565 780 2632 Ergo
807 2559 1029 2626 languor
1055 2557 1135 2606 est
1152 2565 1167 2603 ε
1185 2549 1420 2605 sanatur,
1439 2546 1490 2592 et
1507 2549 1608 2589 non
1631 2537 1730 2585 est.
1753 2526 1961 2581 Discor-

1097 2642 1106 2645 ’
1145 2641 1154 2645 ’
1557 2643 1580 2645 μ
1597 2640 1645 2645 r—A
1684 2617 1960 2645 οι---ι-Α-ωιῖη

384 2617 591 2645 ι’ννν-ν-
607 2617 617 2620 -
642 2617 673 2620 η
716 2617 743 2632 υ
898 2617 926 2626 ν

384 2664 470 2720 dia
495 2657 653 2716 modo
679 2668 798 2726 quae
823 2657 904 2706 est
946 2647 1000 2701 in
1031 2641 1220 2712 spiritu
1248 2645 1302 2692 et
1327 2646 1486 2688 carne
1509 2669 1524 2693 ,
1557 2640 1652 2697 pro
1677 2617 1964 2680 concordia

384 2758 624 2816 laborat;
652 2746 869 2819 spiritus
898 2740 1017 2795 ideo
1043 2736 1287 2797 laborat,
1319 2736 1376 2781 ut
1397 2737 1520 2779 caro
1558 2733 1679 2774 cum
1717 2715 1809 2770 illo
1833 2727 1965 2767 con-

389 2846 590 2904 cordet.
617 2831 1072 2909 Quem-admodum
1101 2826 1147 2880 si
1173 2825 1226 2878 in
1255 2835 1357 2874 una
1383 2817 1543 2872 domo
1572 2811 1720 2866 litem
1748 2806 1884 2860 inter
1911 2817 1970 2858 se

391 2938 622 2996 habeant
639 2933 721 2989 vir
744 2937 797 2984 et
826 2938 986 2987 uxor;
1010 2919 1076 2974 ad
1101 2917 1204 2972 hoc
1227 2912 1386 2967 debet
1411 2907 1653 2961 laborare
1676 2900 1772 2962 vir,
1797 2906 1854 2950 ut
1873 2893 1971 2948 do-

392 3036 505 3086 met
525 3037 764 3081 uxorem.
789 3019 1008 3072 Domata
1032 3022 1164 3064 uxor
1191 3001 1502 3072 subiugetur
1522 2994 1634 3050 viro
1654 3009 1670 3051 :
1693 2987 1970 3058 subjugata

397 3134 562 3176 uxore
579 3117 716 3177 viro,
742 3111 830 3164 liat
852 3121 956 3177 pax
979 3105 1031 3157 in
1051 3099 1232 3155 domo.

455 3214 522 3269 .5.
546 3209 654 3265 Lea:
685 3202 867 3274 triplex
896 3214 913 3254 :
941 3197 1022 3251 lea:
1046 3188 1234 3264 peccati
1257 3229 1271 3254 ,
1305 3185 1385 3239 lea:
1411 3179 1528 3252 ﬁdei
1552 3219 1567 3242 ,
1596 3176 1677 3231 lea:
1703 3177 1974 3242 factorum.

401 3307 533 3362 Cum
563 3308 736 3355 autem
753 3259 982 3349 dixisset
1005 3328 1020 3352 ,
1046 3259 1158 3338 Lex
1177 3278 1385 3350 spiritus
1422 3273 1536 3327 tiin
1554 3269 1606 3322 in
1633 3264 1830 3322 Christo
1855 3259 1980 3313 Jesu

401 3393 626 3453 liberavit
652 3400 697 3444 te
725 3405 755 3441 a
785 3387 890 3454 lege
916 3377 1106 3451 peccati
1131 3382 1177 3426 et
1201 3369 1406 3431 mortis;
1433 3359 1703 3434 preposuit
1730 3353 1881 3411 nobis
1903 3353 1982 3405 in-

403 3484 719 3558 telligendas
744 3483 884 3549 ipsas
921 3475 1084 3542 leges.
1115 3460 1396 3521 Intuemini
1421 3473 1512 3512 eas
1538 3497 1552 3521 ,
1584 3463 1638 3508 et
1658 3444 1981 3507 discernite:

407 3538 580 3558 "'"'O'
765 3538 782 3549 ι
978 3538 997 3542 ν

405 3582 539 3639 satis
565 3575 714 3630 vobis
743 3564 1041 3624 necessaria
1067 3567 1149 3614 est
1173 3558 1273 3611 ista
1295 3549 1565 3606 discretio.
1595 3544 1703 3598 Lex
1729 3584 1742 3607 ,
1778 3538 1943 3606 inquit
1969 3575 1983 3599 ,

409 3673 618 3746 spiritus
643 3667 756 3719 vita:
777 3702 792 3728 ,
823 3671 950 3714 ecce
973 3667 1076 3707 una
1121 3650 1205 3704 lex
1239 3664 1252 3701 :
1287 3640 1509 3698 liberavit
1535 3647 1584 3691 te
1607 3654 1638 3688 a
1664 3633 1770 3702 lege
1799 3627 1989 3698 peccati

412 3704 434 3730 δ
476 3704 618 3726 iri-uo
645 3704 752 3719 vuuw
777 3704 792 3728 ,
826 3704 948 3714 ν---
981 3704 1043 3707 __,

412 3704 472 3820 εἴ
486 3758 682 3820 mortis,
707 3767 832 3809 ecce
855 3749 1021 3802 altera
1044 3743 1150 3796 lex.
1183 3739 1251 3792 Et
1277 3733 1550 3802 sequitur:
1577 3725 1722 3794 Quod
1747 3723 1877 3778 enim
1897 3704 1994 3774 ini-

415 3851 649 3929 possibile
672 3854 777 3902 erat
796 3842 940 3912 legis,
961 3841 1014 3891 in
1034 3850 1132 3906 quo
1153 3826 1499 3900 inﬁrmabatur
1520 3837 1606 3891 per
1625 3831 1842 3878 carnem,
1869 3825 1994 3866 ecce

1039 3926 1049 3929 λ
1387 3914 1398 3929 ι
1478 3911 1571 3929 ι
1595 3907 1647 3929 ιο
1669 3903 1994 3929 s._,-..:.........o

417 3903 573 4002 iertia
599 3941 706 3995 lex.
741 3903 1014 3990 Aut'forte
1038 3903 1138 3979 ista
1159 3929 1242 3976 est
1269 3933 1335 3973 ex
1368 3911 1574 3970 duabus
1595 3907 1647 3958 ³2
1667 3903 1997 3973 Inquiramus

420 3989 477 4094 et
747 4026 1029 4094 adjuvante
1047 4014 1339 4070 videamus.
1365 4007 1440 4064 De
1465 4004 1579 4072 lege
1605 3999 1691 4056 illa
1712 3997 1848 4052 bona
1871 3989 1998 4062 quid

422 4083 735 4183 dixitv‘l—Lex
756 4083 963 4186 spiritus
1001 4109 1116 4162 vita
1153 4099 1378 4158 liberauit
1417 4104 1464 4152 te
1501 4110 1533 4148 α
1579 4092 1684 4160 lege
1727 4083 1915 4156 peccati
1955 4088 2002 4135 et

425 4215 622 4281 mortis,
639 4174 795 4266 Istam
809 4221 918 4261 non
929 4200 1064 4258 dixit
1078 4193 1357 4252 invalidam
1369 4187 1533 4244 luisse
1543 4182 1607 4236 ad
1625 4174 1961 4236 elﬁciendum
1986 4189 2000 4225 :

427 4308 680 4368 Liberavit
702 4345 717 4372 ,
746 4299 953 4370 inquit,
983 4303 1030 4348 te
1065 4291 1147 4345 les;
1170 4285 1377 4358 spiritus
1413 4279 1524 4334 uiue
1548 4291 1581 4328 a
1605 4274 1710 4343 lege
1749 4265 1937 4339 peccati
1962 4272 2007 4318 et

429 4358 627 4458 mortis;
644 4358 756 4454 Lex
775 4358 866 4448 illa
883 4358 1023 4444 bona
1044 4379 1285 4439 liberavit
1305 4386 1356 4431 te
1374 4373 1442 4428 ab
1460 4371 1560 4426 ista
1580 4368 1699 4435 lege
1721 4363 1877 4416 mala.
1897 4358 2008 4414 Lex

432 4450 735 4552 enim'mala
758 4498 877 4556 qua:
897 4479 1002 4536 est?
1026 4475 1181 4530 Video
1201 4471 1357 4525 aﬁwu
1381 4466 1533 4532 legem
1549 4461 1609 4514 in
1634 4452 1864 4516 membris
1890 4450 2010 4504 meis

432 4591 796 4659 repugnantem
823 4575 919 4645 legi
943 4571 1120 4625 mentis
1145 4579 1284 4626 ntere,
1310 4568 1353 4615 et
1380 4555 1708 4626 captivantem
1731 4561 1808 4602 me
1827 4545 1881 4597 in
1906 4542 2013 4610 legs

1291 4653 1302 4659 ⁸
1373 4649 1403 4659 Λ
1593 4652 1604 4659 ‘
1637 4642 1740 4659 'r--
1773 4639 1853 4659 |----
1876 4635 2011 4659 Ᾱζηιι.

435 4635 639 4753 pe'chti,
663 4685 776 4744 qua
790 4676 859 4722 est
882 4667 936 4718 in
957 4658 1188 4716 manubria
1209 4653 1350 4708 meis.
1367 4649 1541 4715 Quare
1556 4652 1612 4699 et
1636 4642 1748 4712 ipsa
1771 4639 1853 4694 lex
1872 4635 2015 4690 dictu

1112 4749 1122 4753 ⁸
1240 4746 1248 4753 ⁵
1443 4740 1452 4750 ⁸
1556 4733 1784 4753 ¹--ῗ·ἷ--Α
1819 4729 2012 4753 βρυχὴ-..η

437 4729 559 4826 est?
589 4729 754 4820 Recte
781 4757 1017 4814 omnino.
1047 4746 1346 4806 Admodum
1372 4740 1515 4794 enim
1556 4733 1788 4804 legitime
1818 4729 2014 4784 factum

439 4869 522 4916 est
561 4864 620 4910 ut
643 4855 805 4908 homo
828 4847 917 4919 qui
941 4841 1110 4899 noluit
1137 4836 1353 4894 obedire
1400 4828 1624 4884 Domino
1669 4838 1766 4879 suo
1789 4862 1804 4887 ,
1837 4835 1943 4874 non
1968 4817 2019 4872 ei

442 4950 668 5008 serviret
691 4957 816 5000 caro
840 4939 1024 5010 ipsius.
1051 4935 1220 5002 Supra
1248 4939 1297 4982 te
1323 4923 1581 4980 Domi-nus
1620 4927 1739 4972 tuus
1762 4956 1777 4979 ,
1807 4912 1942 4972 infra
1969 4921 2022 4964 te

444 5058 569 5100 caro
595 5050 704 5094 tua.
731 5032 884 5090 Servi
912 5023 1156 5089 meliori,
1190 5029 1246 5075 ut
1279 5015 1476 5072 serviat
1501 5011 1593 5067 tibi
1613 5007 1851 5063 inferior.
1880 5002 2022 5056 Con-

446 5131 711 5204 tempsisti
735 5123 1063 5196 superiorem
1086 5156 1102 5183 ,
1132 5109 1396 5181 torqueris
1421 5105 1488 5160 ab
1514 5099 1782 5157 inferiore.
1816 5096 1918 5148 Ista
1945 5099 2028 5148 est

449 5183 710 5204 """r""‘
747 5183 752 5184 ’
802 5183 819 5196 ι

447 5241 576 5296 ergo
598 5224 686 5278 lex
710 5214 930 5290 peccati,
951 5211 1062 5281 ipsa
1079 5214 1162 5260 est
1184 5211 1237 5258 et
1251 5198 1456 5255 mortis.
1475 5195 1578 5250 Per
1595 5197 1865 5262 peccatum
1884 5183 2027 5238 enim

450 5274 570 5296 "'0'
599 5274 677 5278 -νη
711 5274 726 5290 ι
918 5274 926 5280 ν
973 5274 987 5281 -

449 5333 614 5374 mors.
646 5315 760 5378 Qua
787 5309 868 5364 die
908 5294 1320 5358 manducaveritis
1345 5332 1359 5358 ,
1390 5295 1548 5344 morte
1570 5278 1850 5338 moriemini
1876 5274 2026 5348 (Gen.

451 5427 490 5466 ιι
514 5451 529 5477 ,
562 5364 683 5476 Π)ῗ
701 5404 806 5459 lsta
832 5411 958 5468 ergo
984 5394 1069 5448 lex
1097 5383 1300 5460 peccati
1328 5379 1488 5435 trahit
1515 5374 1754 5446 spiritum
1780 5411 1795 5437 ,
1825 5375 1880 5422 et
1907 5364 2032 5420 sub-

452 5458 948 5574 jugare’oontendi't.
973 5484 1078 5543 Sed
1098 5458 1408 5536 condelector
1434 5471 1530 5542 legi
1549 5467 1646 5523 Dei
1669 5463 1941 5521 secundum
1965 5458 2034 5511 in-

459 5548 986 5650 legbreniliominem.
1012 5577 1090 5632 Ac
1113 5587 1207 5644 per
1233 5571 1332 5624 hoc
1358 5565 1417 5620 tit
1441 5563 1531 5617 illa
1555 5571 1747 5630 pugna,
1772 5562 1827 5610 et
1847 5551 1901 5607 in
1921 5548 2036 5620 ipso

528 5727 544 5757 ι
563 5728 645 5773 MS.
670 5731 790 5778 eor.,
808 5719 897 5766 Aut
916 5712 1036 5777 forte
1054 5707 1148 5762 ista
1172 5715 1268 5758 una
1283 5709 1352 5754 est
1373 5709 1438 5751 ex
1461 5689 1666 5747 duabus.
1684 5750 1689 5754 _

528 5805 601 5866 (a)
622 5807 780 5862 Forte,
804 5795 948 5850 litem.

1763 291 1994 354 SERMO
2031 285 2188 347 CLII.

3490 259 3597 318 822

2024 401 2315 462 certamine
2338 399 2529 457 dicitur
2551 437 2567 466 ,
2599 395 2768 453 lente
2790 391 2948 450 servio
2971 388 3071 460 legi
3096 383 3193 443 Dei
3216 423 3231 451 ,
3257 394 3409 438 cam
3433 385 3598 440 autem

2027 501 2124 573 legi
2150 499 2359 572 peccati.
2383 494 2492 551 Leo;
2515 493 2722 564 spiritus
2744 491 2858 545 vita
2897 483 3118 542 liberauit
3137 489 3184 536 te
3205 493 3239 532 a
3263 476 3372 547 lege
3407 468 3602 544 peccati

2027 602 2075 651 et
2097 591 2293 650 mortis.
2323 588 2432 646 Lex
2469 559 2612 641 enim
2637 583 2751 654 ipsa
2779 579 2995 650 spiritus
3019 574 3140 628 vitae
3167 564 3434 642 quomodo
3459 570 3512 618 te
3537 559 3604 616 li-

2027 685 2265 746 beravit?
2285 683 2464 739 Primo
2488 677 2724 735 omnium
2751 669 3127 742 indulgentiam
3152 669 3493 736 peccatorum
3513 654 3606 712 deo

2031 785 2126 840 dit.
2156 781 2277 851 Ipsa
2303 784 2387 834 est
2409 775 2550 831 enim
2578 773 2682 847 lex,
2713 768 2782 824 de
2805 780 2906 836 qua
2934 764 2985 818 in
3013 759 3225 817 Psalmo
3247 753 3437 812 dicitur
3456 749 3603 805 Deo:

2031 838 2101 930 Et
2126 838 2200 928 de.
2216 871 2321 941 lege
2346 877 2431 921 tua
2457 843 2686 917 miserere
2708 859 2803 912 mei
2831 854 2998 928 (Psal.
3029 865 3215 915 cxvm,
3239 843 3351 916 29).
3377 841 3490 900 Lex
3511 838 3610 893 mi-

2034 929 2354 1026 sericordia,
2388 958 2478 1014 lex
2506 953 2644 1018 fidei,
2670 966 2778 1012 non
2806 948 3084 1002 laetorum.
3112 941 3241 1010 Quae
3271 943 3354 992 est
3378 945 3505 1006 ergo
3523 929 3609 984 lex

2035 1063 2292 1120 factorum
2314 1023 2348 1110 ’ἐν
2366 1054 2483 1112 1am
2511 1048 2732 1105 audistis
2761 1046 2930 1114 legem
2955 1038 3075 1096 ﬁdei
3104 1036 3296 1090 bonam
3328 1047 3341 1084 :
3371 1027 3480 1084 Lex
3504 1023 3612 1094 spi-

2036 1157 2163 1212 ritus
2181 1153 2294 1208 vitat
2317 1145 2538 1204 liberavit
2564 1153 2608 1197 te
2627 1159 2657 1194 a
2679 1141 2786 1210 lege
2808 1134 2994 1207 peccati
3019 1141 3064 1185 et
3086 1127 3279 1184 mortis.
3307 1117 3540 1179 Audistis
3560 1121 3614 1171 et

2038 1247 2194 1302 aliam
2220 1243 2392 1312 legem
2416 1234 2614 1307 peccati
2640 1240 2694 1288 et
2717 1205 2902 1284 mortis
2923 1225 2964 1278 ί.
2990 1220 3134 1289 Quod
3157 1218 3288 1272 enim
3311 1205 3616 1283 impossibile

2040 1344 2144 1392 erat
2167 1334 2308 1404 legis,
2331 1331 2383 1386 in
2403 1343 2500 1395 quo
2523 1320 2871 1394 inﬁrmabatur
2893 1331 2978 1386 per
2997 1326 3218 1367 carnem.
3241 1306 3365 1362 llzec
3385 1315 3511 1372 ergo
3531 1298 3617 1352 lex

2043 1426 2201 1483 tertio
2223 1425 2340 1478 loco
2374 1435 2492 1490 qua:
2519 1414 2783 1472 nominata
2809 1416 2892 1464 est
2917 1449 2931 1474 ,
2967 1401 3145 1458 nescio
3170 1397 3294 1469 quid
3324 1391 3473 1464 quasi
3511 1403 3618 1444 non

2044 1517 2231 1587 implet
2257 1532 2271 1569 :
2302 1515 2390 1569 lex
2417 1520 2589 1565 autem
2615 1505 2703 1560 illa
2732 1501 2947 1572 spiritus
2972 1496 3094 1550 vitae
3123 1488 3355 1559 implevit
3381 1502 3395 1551 ;
3426 1483 3546 1554 quia
3570 1490 3623 1535 te

2047 1612 2116 1667 de
2140 1611 2256 1679 lege
2272 1604 2473 1677 peccati
2493 1611 2547 1658 et
2562 1598 2745 1658 mortis
2770 1591 3028 1650 liberavit.
3051 1588 3156 1642 Lex
3180 1585 3355 1652 itaque
3370 1579 3490 1644 ista,
3507 1589 3625 1644 qua:

2049 1705 2168 1759 loco
2194 1699 2350 1756 tertio
2378 1695 2646 1752 nominata
2685 1696 2770 1744 est
2795 1729 2809 1754 ,
2841 1687 2952 1756 ipsa
2981 1682 3088 1737 Lex
3115 1693 3232 1748 qua:
3271 1673 3393 1728 data
3419 1675 3502 1724 est
3529 1680 3627 1736 po-

2051 1796 2176 1868 pulo
2201 1808 2294 1863 per
2319 1790 2533 1861 Moysen
2559 1787 2616 1841 in
2641 1789 2821 1839 monte
2845 1778 2970 1833 Sina
2993 1815 3008 1842 ,
3039 1774 3152 1842 ipsa
3179 1767 3372 1824 dicitur
3414 1763 3501 1816 lex
3548 1757 3630 1813 fa-

2053 1895 2280 1942 ctorum.
2305 1881 2421 1951 Ipsa
2446 1876 2634 1934 minari
2657 1872 2822 1937 novit,
2845 1884 2950 1924 non
2978 1861 3300 1924 subvenire;
3327 1855 3516 1928 jubere
3535 1865 3635 1907 no-

2054 1979 2168 2043 vit,
2198 1991 2306 2032 non
2321 1975 2525 2044 iuvare.
2553 1969 2668 2038 Ipsa
2697 1974 2778 2020 est
2802 1977 2919 2033 qua:
2941 1958 3109 2021 dixit,
3145 1953 3267 2008 Non
3292 1946 3630 2017 concupisces.

2057 2072 2211 2132 Unde
2233 2069 2364 2126 dicit
2387 2064 2693 2135 Apostolus,
2725 2051 3193 2126 Concupiseentiam
3217 2041 3515 2107 nesciebam,
3537 2037 3636 2092 nisi

2059 2163 2169 2219 Leu:
2208 2162 2388 2216 diceret
2413 2129 2582 2224 ,INon
2617 2149 2955 2219 concupisces.
2984 2143 3052 2198 Et
3076 2139 3203 2210 quid
3229 2135 3361 2194 mihi
3399 2129 3636 2204 profuit,

2062 2260 2185 2331 quia
2218 2257 2328 2312 Lex
2343 2254 2473 2308 dixit
2497 2293 2511 2318 ,
2545 2246 2666 2302 Non
2705 2241 3024 2311 concupisces
3044 2237 3068 2290 ?
3099 2232 3372 2288 Occasione
3392 2232 3597 2294 accepta
3615 2223 3638 2256 ⁹

2066 2313 2323 2420 peccatum
2351 2360 2437 2415 per
2463 2313 2755 2396 mandatum
2781 2331 2955 2404 fefellit
2982 2345 3080 2393 me,
3105 2333 3151 2380 et
3173 2339 3260 2395 per
3284 2317 3416 2374 illud
3439 2313 3638 2371 occidit.

2066 2439 2369 2497 Prohibitus
2415 2448 2532 2488 sum
2579 2426 2953 2496 concupiscere
2986 2462 3001 2487 ,
3049 2432 3148 2473 nec
3192 2410 3402 2482 implevi
3443 2408 3591 2478 jussa
3625 2445 3638 2468 ,

2070 2533 2164 2590 sed
2205 2531 2377 2587 victus
2412 2541 2550 2582 sum.
2595 2525 2734 2579 Ante
2775 2519 2946 2587 legem
2987 2511 3062 2567 fui
3107 2514 3352 2579 peccator
3385 2521 3398 2557 :
3429 2507 3646 2568 accepta

2070 2629 2187 2698 lege
2211 2625 2378 2679 lactus
2407 2635 2522 2674 sum
2553 2611 2940 2687 prmvaricator.
2979 2603 3247 2657 Peccatum
3271 2597 3402 2651 enim
3423 2591 3646 2648 occasio-

2074 2681 2362 2786 neuaccepta
2386 2727 2473 2782 per
2490 2681 2782 2762 nuindatum
2803 2695 2980 2770 fefellit
3004 2711 3102 2760 nte,
3117 2700 3162 2745 et
3184 2706 3270 2761 per
3288 2685 3422 2741 illud
3447 2681 3647 2738 occidit.

2145 2811 2198 2864 6.
2387 2772 2554 2872 'Hoysi
2590 2794 2874 2868 defenditur
2900 2798 3074 2844 contra
3111 2781 3512 2837 Manichaem—
3538 2772 3651 2828 Ita-

2076 2919 2197 2974 que,
2232 2898 2426 2969 inquit,
2457 2866 2538 2948 lea:
2560 2866 2758 2962 quidem
2785 2889 2976 2939 sancta.
3009 2879 3153 2934 Bona
3193 2880 3276 2928 est
3309 2885 3434 2940 ergo
3472 2874 3527 2921 et
3556 2866 3653 2920 ista

2078 2954 2162 3048 l'ex
2184 2954 2338 3061 '(quia
2365 2954 2423 3041 et
2447 2954 2615 3053 ipsam
2645 2971 3039 3046 reprehendunt
3063 2961 3360 3026 Manicbaei,
3392 2954 3656 3028 quomodo

2081 3047 2341 3150 carriein).
2386 3047 2482 3130 De-
2503 3073 2589 3128 illa
2619 3067 2745 3127 dicit
2775 3059 3058 3134 Apostolus
3083 3075 3096 3112 :
3126 3053 3306 3124 Itaque
3345 3049 3427 3104 lea:
3459 3047 3659 3115 quidem

2083 3185 2285 3241 sancta,
2315 3179 2363 3225 et
2403 3167 2697 3222 mandatum
2731 3166 2957 3214 sanctum
2979 3195 2993 3217 ,
3031 3159 3077 3206 et
3107 3150 3332 3216 justum,
3369 3150 3413 3196 et
3456 3141 3657 3194 bonum.

2089 3265 2235 3333 Quod
2261 3279 2376 3332 ergo
2398 3261 2576 3313 bonum
2602 3263 2693 3320 est,
2718 3249 2842 3306 milii
2869 3252 3055 3318 factum
3080 3248 3151 3295 est
3171 3235 3345 3292 mors?
3371 3231 3529 3288 Absit.
3561 3227 3662 3282 Sed

2089 3365 2344 3430 peccatum
2370 3361 2422 3404 ut
2448 3354 2687 3420 appareat
2715 3349 2992 3413 peccatum,
3025 3348 3113 3404 per
3137 3331 3320 3384 bonum
3347 3322 3469 3378 mihi
3489 3335 3666 3389 opera-

2091 3461 2196 3504 tum
2221 3456 2289 3501 est
2317 3417 2542 3497 mortem.
2571 3432 2806 3506 Apostoli
2839 3429 2997 3484 verba
3022 3429 3178 3484 sunt;
3208 3417 3379 3473 videte
3412 3422 3466 3468 et
3497 3420 3668 3466 atten-

2093 3545 2224 3600 dite.
2270 3537 2449 3607 Itaque
2489 3533 2569 3586 lea:
2605 3527 2804 3599 quidem
2845 3527 3037 3576 sancta.
3073 3512 3211 3580 Quid
3255 3518 3358 3564 tam
3403 3512 3667 3566 sanctum,

2095 3649 2252 3708 quam
2280 3629 2402 3684 Non
2425 3616 2786 3692 concupisces?
2809 3613 2923 3668 Non
2944 3614 3087 3665 esset
3109 3602 3247 3658 mala
3274 3599 3405 3668 legis
3427 3593 3673 3664 praevari—

2933 3700 2983 3708 _.
3088 3695 3099 3706 .
3337 3694 3469 3708 um
3513 3685 3648 3708 LA“

2096 3685 2235 3784 satio
2255 3766 2268 3791 ,
2298 3721 2397 3776 nisi
2431 3718 2542 3787 ipsa
2570 3685 2712 3768 esset
2737 3709 2894 3761 bona.
2931 3700 2985 3756 Si
3017 3695 3160 3754 enim
3189 3707 3297 3748 non
3330 3694 3472 3743 esset
3512 3685 3670 3746 bona,

2100 3833 2206 3876 non
2233 3821 2376 3871 esset
2410 3800 2604 3866 malum
2638 3792 2968 3871 praevaricari
2998 3803 3110 3844 rem
3146 3783 3357 3839 malam.
3388 3776 3519 3843 Quia
3550 3785 3676 3831 vero

2101 3911 2298 3968 malum
2327 3911 2407 3959 est
2428 3915 2544 3956 eam
2573 3886 2930 3966 pracvaricari,
2959 3894 3085 3949 ergo
3119 3879 3259 3935 bona
3290 3877 3390 3927 est.
3411 3864 3547 3936 Quid
3572 3872 3676 3918 tam

2103 4004 2301 4058 bonum
2323 4039 2337 4062 ,
2378 4006 2537 4064 quam
2576 3965 2703 4041 Non
2732 3972 3090 4046 concupisces?
3117 3969 3225 4026 Lex
3248 3977 3377 4035 ergo
3407 3968 3610 4023 sancta,
3637 3965 3682 4009 et

2105 4046 2414 4148 mandatiin:
2437 4088 2699 4141 sanctum,
2740 4083 2785 4127 et
2820 4071 3053 4140 justum,
3093 4070 3138 4116 et
3173 4059 3378 4114 bonum.
3409 4046 3685 4117 Quomodo

2108 4180 2301 4242 satiat?
2321 4171 2590 4248 quomodo
2609 4161 2871 4222 inculcat?
2890 4155 3052 4224 Quasi
3069 4157 3257 4226 contra
3276 4141 3688 4202 calumniatores

2514 4259 2673 4322 dicis,
2703 4247 3027 4310 Manichaee?
3056 4244 3164 4304 Lex
3193 4254 3312 4310 quae
3340 4236 3462 4294 data
3487 4226 3571 4287 est
3596 4243 3690 4299 per

2111 4367 2328 4434 Moysen
2365 4355 2504 4413 mala
2544 4321 2665 4408 est?
2706 4345 2841 4402 Mala
2881 4348 2996 4404 est,
3027 4335 3228 4394 dicunt.
3269 4328 3314 4385 Ο
3349 4321 3626 4397 portenta!
3658 4332 3691 4372 ο

2362 4449 2420 4502 ει
2450 4444 2530 4502 Tu
2565 4438 2746 4496 dixisti
2779 4430 2942 4490 semel
2964 4469 2979 4494 ,
3024 4426 3157 4485 Mala
3185 4439 3198 4475 :
3229 4418 3352 4481 audi
3380 4412 3692 4488 Apostolum

2117 4549 2400 4604 dicentem,
2429 4535 2538 4592 Leu:
2559 4531 2759 4604 quidem
2781 4531 2972 4586 sancta.
2995 4527 3039 4578 et
3063 4514 3358 4574 nmmlatum
3376 4511 3620 4566 sanctum,
3649 4508 3696 4553 et

2109 4641 2326 4712 justum,
2359 4639 2403 4685 et
2430 4628 2635 4682 bonum.
2662 4621 2828 4678 Taces
2856 4605 3177 4680 aliquando?
3210 4599 3355 4671 Quod
3377 4612 3493 4666 ergo
3511 4592 3697 4648 bonum

3070 4701 3092 4712 "
3138 4699 3180 4712 "
3225 4697 3258 4712 '-
3317 4690 3415 4712 ο--ι
3445 4695 3697 4712 ------ι.....

2119 4690 2209 4798 est,
2240 4690 2428 4796 inquit,
2457 4719 2582 4774 mihi
2607 4715 2791 4786 factum
2821 4716 2890 4764 est
2918 4701 3092 4762 mors?
3117 4697 3278 4754 Absit.
3311 4690 3415 4754 Sed
3440 4695 3700 4759 peccatum

2121 4832 2178 4878 ut
2203 4784 2444 4890 appareat
2485 4784 2772 4882 peccatum,
2814 4815 2900 4870 per
2942 4796 3125 4847 bonum
3169 4785 3293 4840 mihi
3331 4789 3594 4851 operatum
3632 4784 3704 4830 est

2124 4869 2175 4878 ⁷⁷⁷
2204 4869 2331 4890 "Tr"
2487 4869 2496 4882 Ι

2124 4920 2355 4968 mortem.
2386 4905 2453 4960 Et
2479 4902 2593 4965 hic,
2624 4912 2711 4967 per
2744 4893 2929 4948 bonum
2954 4901 2972 4944 ;
2999 4883 3077 4940 sic
3102 4893 3254 4934 reum
3281 4869 3555 4936 accusat‘,
3592 4875 3648 4930 ut
3677 4884 3704 4918 ει

2302 4995 2456 5065 Legis
2482 4961 2590 5046 non
2613 4961 2842 5042 recedat.
2875 4977 2978 5032 Per
2999 4974 3183 5027 bonum
3203 4966 3349 5032 mihi=
3377 4961 3566 5031 inquit,
3589 4973 3709 5026 ope-

2130 5106 2296 5153 ratum
2320 5101 2392 5145 est
2419 5094 2645 5141 mortem.
2676 5080 2778 5134 Per
2803 5070 2944 5144 quod
2981 5063 3215 5126 bonum?
3253 5057 3574 5116 Mandatum.
3611 5053 3707 5108 Per

2132 5187 2271 5261 quod
2310 5177 2546 5240 bonum?
2586 5175 2800 5242 Legem.
2839 5158 3116 5230 Quomodo
3153 5160 3426 5225 operatum
3455 5155 3540 5206 est
3568 5159 3709 5202 mor-

2137 5242 2282 5338 tjem‘t
2309 5276 2378 5333 Ut
2406 5277 2650 5343 appareat
2677 5267 2969 5336 peccatum;
2998 5262 3053 5312 ut
3077 5253 3166 5321 ﬁat
3189 5262 3343 5318 supra
3371 5242 3574 5299 modum
3601 5255 3714 5309 pec.

2138 5332 2330 5436 calum,
2359 5332 2652 5434 delinquant
2676 5332 2763 5427 per
2788 5347 3102 5406 mandatum.
3134 5341 3278 5407 Ideo,
3307 5352 3463 5407 supra
3487 5332 3710 5387 modum.

2203 5509 2220 5540 ί
2246 5504 2320 5553 sic
2363 5511 2427 5549 ex
2461 5502 2543 5544 Ms.
2589 5502 2688 5541 eor.
2728 5485 2852 5553 .[Lerp
2883 5475 3080 5553 spiritus
3110 5483 3220 5526 vace
3241 5467 3456 5524 liberauit
3483 5473 3529 5519 te
3557 5478 3591 5517 α
3617 5463 3719 5528 lege

2141 5540 2325 5636 mea
2346 5540 3045 5636 εἷ’ἔῑιρῗεέαῖο,9¹έ2έζεζ“ᾁη.ξ’,ῗὲἓέ

2207 5605 2388 5677 ἷνῶἷῶ
2522 5605 2766 5667 «eam
2779 5607 2904 5678 enim
2921 5605 3136 5678 accepta.

2211 5693 2230 5724 ⁸
2525 5662 2767 5740 oft-antem
2791 5662 2997 5740 duram!

2212 5754 2231 5783 ’δ
2256 5731 2518 5799 ὲῖίῖἰέιοωέ.
2544 5731 2597 5789 Ᾰι
2611 5731 2922 5786 Floriacensis
2943 5735 3045 5791 t5.,
3069 5731 3309 5777 causam.
