4098 6310
407 446 630 518 Quando
647 443 984 518 dellnquebat
999 443 1117 501 sine
1133 442 1405 513 mandato,
1426 440 1602 499 minus
1618 452 1735 497 erat
1751 442 1767 473 ¹
1790 460 1804 498 :
1827 456 1986 512 quan-

408 541 479 599 do
502 538 761 609 delinquit
784 553 883 609 per
904 537 1231 606 mandatum,
1258 534 1467 593 excedit
1492 534 1730 591 modum.
1760 533 1985 602 Quando

410 632 557 689 enim
595 646 702 686 non
743 629 1050 702 prohibetur
1086 630 1310 701 aliquis,
1348 636 1499 702 putat
1525 628 1646 700 quia
1674 627 1809 683 bene
1837 626 1981 682 facit.

409 724 748 792 Prohibitus,
787 723 972 793 incipit
1013 724 1156 781 nolle
1197 723 1373 780 facere
1400 741 1415 779 :
1447 723 1705 788 vincitur,
1737 720 1978 787 trahitur,

409 816 769 888 subiugatur:
802 815 915 887 jam
949 823 1116 872 restat
1159 815 1234 873 illi
1274 807 1499 887 gratiam
1537 814 1818 880 invocare;
1861 811 1983 883 quia

408 924 518 966 non
543 909 715 981 potuit
742 909 914 981 legem
943 924 1174 966 servare.
1807 892 1814 903 ’

481 1004 535 1057 7.
574 1000 702 1059 Tres
740 1002 892 1073 leges.
937 1002 1015 1057 Ac
1040 1016 1136 1072 per
1164 1001 1265 1058 hoc
1289 1001 1377 1058 lex
1398 1001 1507 1069 illa,
1538 1001 1605 1057 de
1644 1015 1748 1073 qua
1784 994 1984 1056 dictum

411 1100 522 1160 est,
549 1091 658 1148 ιω
682 1095 817 1148 enim
842 1093 1047 1165 spiritus
1070 1093 1185 1149 vita
1210 1093 1432 1149 liberavit
1464 1102 1512 1148 te
1535 1110 1567 1147 a
1595 1092 1702 1165 lege
1725 1092 1915 1164 peccati
1939 1099 1986 1146 et

409 1186 587 1242 mortis
604 1227 621 1254 ,
652 1185 739 1241 lex
764 1194 848 1242 est
872 1184 1026 1252 ﬁdei,
1057 1184 1140 1241 lex
1168 1194 1248 1241 est
1273 1185 1529 1256 Spiritus,
1556 1185 1643 1240 lex
1671 1193 1751 1239 est
1776 1183 1980 1255 gratim,

408 1279 496 1335 lex
524 1285 608 1334 est
632 1277 1028 1333 misericordiae.
1059 1277 1151 1332 Illa
1180 1292 1305 1333 vero
1339 1277 1422 1333 lex
1459 1275 1658 1347 peccati
1695 1284 1746 1331 et
1774 1274 1981 1341 mortis,

412 1384 522 1424 non
548 1377 633 1425 est
655 1368 739 1424 lex
769 1368 881 1435 Dei,
910 1368 1005 1424 sed
1029 1368 1231 1439 peccati
1253 1376 1309 1424 et
1332 1368 1536 1423 mortis.
1559 1367 1649 1422 llla
1671 1381 1801 1422 vero
1818 1367 1984 1422 altera

406 1461 477 1517 de
505 1475 610 1531 qua
637 1459 766 1515 dicit
787 1459 1094 1529 Apostolus,
1126 1459 1234 1515 Lex
1254 1470 1446 1526 sancta,
1478 1469 1525 1514 ct
1550 1459 1841 1513 mandatum
1864 1474 1985 1512 san-

406 1560 571 1617 ctum,
596 1557 643 1604 et
657 1550 854 1621 justum
873 1591 887 1616 ,
916 1558 963 1604 et
988 1550 1196 1617 bonum,
1230 1551 1317 1607 lex
1340 1559 1421 1606 est
1442 1550 1555 1618 Dei,
1585 1550 1679 1605 sed
1704 1549 1980 1613 factorum,

408 1642 498 1696 lex
536 1655 757 1711 operum
787 1659 801 1696 :
827 1655 1047 1711 operum
1076 1641 1161 1696 lex
1179 1683 1195 1709 ,
1222 1656 1340 1712 quae
1362 1641 1514 1712 jubet
1551 1656 1654 1696 non
1680 1640 1828 1711 juvat
1855 1658 1870 1696 :
1900 1640 1985 1696 lex

406 1748 529 1805 quae
558 1733 653 1789 tibi
681 1732 945 1801 ostendit,
976 1748 1082 1788 non
1125 1732 1259 1788 tollit
1293 1732 1593 1804 peccatum.
1630 1733 1713 1789 Ab
1749 1732 1851 1787 alia
1890 1731 1983 1787 tibi

407 1828 529 1899 lege
571 1827 867 1883 ostenditur
905 1833 1211 1899 peccatum,
1242 1825 1309 1882 ab
1337 1826 1438 1880 alia
1466 1825 1684 1882 tollitur.
1720 1826 1832 1879 Duo
1861 1833 1986 1880 sunt

409 1918 774 1987 Testamenta,
802 1926 954 1973 vetus
979 1925 1033 1973 et
1060 1931 1275 1971 novum.
1308 1916 1444 1971 Audi
1469 1915 1780 1986 Apostolum
1806 1914 1984 1971 dicen-

408 2017 522 2066 tem
550 2028 564 2065 :
590 2009 754 2064 Dicite
780 2009 902 2064 mihi
919 2049 935 2076 ,
965 2007 1055 2064 sub
1082 2007 1216 2080 Lege
1251 2008 1467 2063 volentes
1507 2023 1643 2075 esse,
1675 2006 1857 2079 Legem
1882 2023 1985 2061 non

410 2100 641 2171 legistis?
670 2100 928 2169 Scriptum
956 2109 1027 2154 est
1066 2099 1198 2153 enim
1235 2098 1369 2170 quod
1404 2097 1659 2152 Abraham
1695 2098 1820 2151 duos
1852 2097 1985 2166 ﬁlios

408 2189 606 2259 habuit,
632 2205 787 2245 unum
815 2190 877 2245 de
900 2189 1106 2255 ancilla,
1137 2197 1185 2244 et
1210 2204 1369 2243 unum
1393 2188 1456 2243 de
1479 2188 1651 2243 libera.
1679 2187 1783 2243 Sed
1807 2188 1851 2243 is
1873 2188 1987 2257 qui-

408 2280 523 2334 dem
563 2280 651 2351 qui
689 2279 752 2333 de
791 2279 1011 2347 ancilla,
1050 2278 1323 2333 secundum
1353 2295 1555 2333 carnent
1590 2286 1737 2334 natus
1764 2288 1873 2344 est;
1899 2278 1985 2350 qui

407 2381 574 2439 autem
601 2370 663 2425 de
692 2370 847 2425 libera
867 2411 880 2437 ,
914 2387 1003 2442 per
1027 2370 1405 2441 promissionem
1432 2385 1452 2423 :
1477 2385 1591 2440 quce
1613 2378 1727 2425 sunt
1764 2370 1819 2424 in
1855 2370 1993 2424 alle-‘

407 2464 574 2534 goria.
601 2461 727 2518 Haec
752 2463 883 2518 enim
907 2470 1023 2517 sunt
1047 2464 1146 2517 duo
1166 2461 1504 2529 Testamenta,
1529 2478 1686 2517 unum
1709 2462 1910 2530 quidem
1931 2463 1985 2519 in

405 2566 578 2611 monte
597 2555 726 2611 Sina
749 2557 800 2611 in
823 2557 1103 2613 servitutem
1121 2572 1386 2629 generous,
1412 2571 1525 2629 qua:
1545 2565 1618 2611 est
1635 2556 1773 2628 Agar
1796 2556 1986 2612 ancilla

406 2648 617 2715 Sarrae,
645 2664 761 2719 quae
798 2648 919 2703 data
957 2656 1041 2705 est
1078 2648 1340 2718 Abrahze,
1369 2655 1426 2705 et
1462 2647 1668 2720 peperit
1709 2648 1985 2705 lsmaelem

406 2750 644 2793 servum.
689 2739 787 2793 Est
822 2754 949 2809 ergo
976 2738 1373 2796 Testamentum
1413 2745 1568 2795 vetus
1610 2739 1880 2809 pertinens
1918 2738 1987 2795 ad

408 2829 586 2899 Agar,
617 2830 671 2884 in
707 2830 995 2885 servitutem
1031 2846 1291 2901 generans.
1321 2828 1448 2896 Quae
1477 2839 1644 2885 autem
1678 2845 1878 2885 sursum
1912 2837 1988 2884 est

408 2920 729 2993 Jerusalem,
757 2922 911 2977 libera
939 2933 1037 2989 est,
1072 2939 1184 2993 qua:
1209 2932 1284 2978 est
1308 2932 1469 2977 mater
1493 2931 1661 2977 nostra
1692 2922 1886 2996 (Calat.
1912 2938 1984 2989 Iv,

409 3010 623 3083 2l-26).
646 3012 786 3084 Ergo
809 3014 898 3067 ﬁlii
921 3014 1125 3083 gratiae,
1149 3013 1240 3069 lilii
1265 3022 1388 3069 sunt
1408 3013 1593 3070 liberae
1616 3030 1630 3067 :
1657 3013 1748 3068 ﬁlii
1770 3014 1984 3081 litterae,

408 3103 506 3158 lilii
529 3112 654 3158 sunt
676 3104 900 3159 ancillm.
925 3104 1115 3172 Quaere
1138 3102 1275 3158 ﬁlios
1298 3104 1505 3159 ancilla:
1531 3120 1545 3157 :
1572 3103 1766 3158 Littera
1786 3104 1985 3159 occidit.

409 3196 603 3260 Qumre
638 3194 776 3252 ﬁlios
812 3195 992 3249 liberte
1020 3211 1035 3249 :
1068 3194 1290 3264 Spiritus
1317 3203 1484 3248 autem
1522 3195 1738 3263 uiviﬁcat
1766 3193 1841 3268 (ll
1865 3193 1984 3251 Cor.

408 3300 466 3339 ιιι
488 3325 502 3348 ,
533 3284 609 3357 6).
640 3285 749 3339 Lex
774 3284 997 3354 Spiritus
1024 3286 1138 3339 vita:
1172 3285 1226 3339 in
1259 3284 1455 3340 Christo
1480 3284 1605 3340 Iesu
1633 3284 1856 3340 liberauit
1888 3295 1935 3339 te
1955 3302 1988 3340 α

412 3377 520 3447 lege
549 3376 738 3447 peccati
762 3385 808 3429 et
832 3376 1005 3430 mortis
1023 3417 1039 3443 ,
1071 3375 1209 3431 unde
1240 3384 1291 3431 te
1320 3390 1426 3431 nou
1454 3376 1624 3447 potuit
1652 3374 1876 3433 liberare
1902 3377 1987 3433 lex

409 3466 623 3521 lilterm.
659 3466 808 3535 Quod
833 3467 965 3521 enim
990 3466 1294 3536 impossibile
1318 3476 1426 3521 erat
1448 3467 1616 3539 Legis,
1643 3468 1696 3522 in
1719 3484 1816 3539 quo
1837 3469 1987 3538 inﬁr-

413 3557 645 3610 mabatur
672 3573 761 3627 per
784 3573 1003 3611 curaeat.
1034 3555 1346 3612 Rebellabat
1371 3556 1515 3612 enim
1542 3572 1669 3613 caro
1701 3565 1789 3613 tua
1808 3597 1826 3626 ,
1857 3558 1986 3615 sub-

405 3646 625 3719 jugabat
653 3656 704 3703 te
726 3662 852 3703 caro
877 3657 1001 3713 tua;
1029 3646 1273 3703 audiebat
1291 3647 1508 3718 Legem,
1529 3656 1585 3703 et
1604 3647 1721 3719 plus
1740 3649 1990 3706 incitabat

412 3738 893 3809 concupiscentiam
923 3747 1090 3794 tuam.
1132 3736 1499 3794 lulirmabatur
1524 3752 1653 3810 ergo
1686 3740 1774 3795 lex
1801 3740 1989 3797 litterte

408 3844 508 3901 per
533 3845 745 3884 carnem
773 3845 789 3884 :
815 3844 877 3883 ac
903 3845 998 3899 per
1022 3830 1124 3883 hoc
1152 3828 1477 3898 impossibile
1502 3830 1619 3886 erat
1645 3830 1776 3902 legis
1800 3831 1989 3887 litteras

410 3922 642 3976 liberare
668 3936 698 3975 a
724 3922 840 3992 lege
865 3922 1068 3992 peccati
1092 3928 1148 3977 et
1167 3920 1376 3978 mortis.

485 4013 540 4067 8.
583 4012 769 4067 Clu-isti
815 4029 934 4067 caro
981 4014 1090 4068 sola
1135 4028 1238 4070 non
1269 4028 1387 4067 caro
1427 4013 1634 4084 peccati.
1675 4013 1816 4074 Nisit
1851 4015 1989 4072 Deus

416 4102 613 4158 Filium
640 4120 787 4157 suum
814 4104 869 4157 in
892 4104 1268 4159 similitudinem
1304 4105 1473 4159 carnis
1511 4106 1699 4175 peccati
1735 4120 1756 4161 :
1792 4121 1899 4162 non
1934 4108 1989 4163 iu

415 4210 577 4250 carne
599 4193 821 4265 peccati.
851 4194 908 4249 ln
927 4208 1090 4250 carne
1109 4193 1344 4265 quidem,
1370 4194 1465 4251 sed
1484 4210 1589 4252 non
1615 4196 1667 4252 in
1690 4210 1849 4254 carne
1867 4211 1992 4268 pec-

342 4308 353 4321 ~
413 4286 540 4341 cati.
567 4285 770 4341 Cmtera
795 4300 922 4358 ergo
946 4286 1184 4342 omnium
1209 4286 1482 4344 hominum
1505 4303 1631 4347 caro
1650 4292 1694 4360 ',
1720 4304 1845 4347 caro
1866 4306 1993 4364 pec-

413 4377 520 4432 cati
560 4394 575 4431 :
614 4376 728 4433 sola
770 4378 944 4448 illius,
976 4392 1084 4435 non
1124 4392 1250 4436 caro
1288 4379 1522 4452 peccati;
1552 4381 1673 4454 quia
1715 4398 1822 4439 non
1866 4399 1990 4440 eum

413 4479 589 4526 mater
630 4470 1091 4542 concupiscentia,
1132 4472 1228 4528 sed
1265 4472 1434 4544 gratia
1471 4475 1715 4545 concepit
1754 4491 1769 4531 :
1810 4483 1988 4534 tamen

413 4560 618 4618 habens
641 4561 1039 4618 similitudinem
1066 4562 1242 4619 carnis
1270 4563 1502 4633 peccati;
1533 4565 1673 4621 unde
1700 4573 1754 4621 et
1776 4567 1987 4637 nutriri,

412 4664 469 4711 et
492 4654 699 4711 esurire
716 4696 733 4723 ,
761 4663 816 4711 et
839 4656 990 4713 sitire
1007 4696 1023 4722 ,
1052 4663 1108 4712 et
1132 4655 1391 4723 dormire,
1425 4664 1479 4713 et
1504 4656 1745 4729 fatigari,
1774 4666 1828 4715 et
1851 4658 1989 4714 mori

411 4744 603 4815 potuit.
634 4743 703 4800 In
739 4745 1115 4801 similitudinem
1149 4747 1317 4801 carnis
1349 4748 1540 4818 peccati
1566 4748 1698 4802 misit
1724 4747 1861 4802 Deus
1889 4746 1987 4802 Fi-

409 4837 538 4893 lium
561 4854 734 4894 suum.
1930 4832 1939 4836 ’

485 4927 540 4985 9.
586 4929 666 4984 De
704 4937 905 5002 peccato
946 4929 1003 4985 in
1046 4928 1244 4986 Christo
1269 4931 1517 5001 quomodo
1541 4930 1833 4985 damnatum
1865 4948 1988 5003 pec-

413 5031 583 5078 catum
592 5052 681 5079 .-
699 5022 769 5077 Et
786 5023 850 5077 de
863 5030 1064 5094 peccato
1092 5022 1347 5078 damnauit
1372 5034 1629 5095 peccatum
1654 5025 1708 5080 in
1733 5041 1901 5081 carne.
1919 5028 1991 5084 De

410 5129 520 5186 quo
561 5115 821 5186 peccato?
853 5114 1004 5182 Quod
1043 5114 1357 5185 peceatum?
1401 5114 1475 5169 De
1509 5124 1710 5186 peccato
1736 5118 1991 5174 damnavit

411 5215 670 5276 peccatum
692 5206 746 5261 in
768 5220 917 5260 carne
941 5220 962 5260 :
985 5214 1041 5260 ut
1067 5206 1270 5276 justitia
1306 5204 1430 5277 legis
1458 5206 1727 5276 impleatur
1750 5208 1805 5263 in
1828 5208 1988 5263 nobis.

411 5297 530 5354 Jam
558 5297 647 5353 illa
668 5296 877 5367 justitia
903 5296 1039 5369 legis
1065 5296 1344 5369 impleatur
1369 5296 1421 5351 in
1447 5296 1635 5363 nobis;
1659 5296 1768 5368 jam
1796 5297 1884 5354 illa
1904 5297 1992 5368 ju-

411 5388 556 5445 stitia
584 5404 703 5458 quze
736 5388 984 5459 jubetur,
1015 5388 1299 5458 impleatur
1341 5387 1395 5443 in
1437 5387 1591 5444 nobis
1620 5402 1715 5460 per
1738 5386 1989 5459 Spiritum

409 5480 500 5551 qui
523 5478 738 5548 adjuvat
763 5498 776 5534 :
806 5478 857 5535 id
881 5487 982 5546 est,
1011 5479 1095 5535 lex
1120 5479 1308 5536 littera)
1335 5480 1615 5551 impleatur
1639 5480 1691 5537 in
1719 5480 1870 5537 nobis
1894 5493 1989 5552 per

431 5697 442 5709 .
474 5638 491 5669 ¹
521 5643 730 5711 uterque
755 5638 909 5711 Maeli.
938 5646 991 5711 et
1007 5651 1129 5703 cor.,
1151 5638 1555 5696 sinenwmlatoin
1572 5649 1802 5696 usuerat.
1818 5650 1989 5701 Praem-

407 5694 554 5749 limus
566 5694 826 5751 lectionem
846 5701 987 5753 Florl.

475 5764 495 5799 ι
515 5761 697 5826 Florus,
718 5760 1124 5817 mutishonwunn
1140 5777 1272 5818 caro.

1639 328 1697 386 S.
1741 323 2104 387 AUGUSTINI
2139 324 2447 387 EPISCOPI

3562 328 3672 389 εει

2090 440 2333 511 Spiritum
2360 439 2482 494 vitae
2510 453 2524 493 :
2552 437 2640 512 qui
2675 454 2778 495 non
2801 438 3076 496 secundum
3101 452 3305 496 carnem
3327 437 3662 508 ambulamus,

2089 532 2179 589 sed
2198 532 2471 590 secundum
2493 533 2745 605 spiritum.
2768 533 2849 591 De
2871 548 2977 605 quo
2998 547 3127 604 ergo
3151 541 3369 603 peccato
3391 532 3665 603 Dominus,

2090 626 2233 697 quod
2259 634 2532 696 peceatum
2558 625 2862 682 damnavit?
2889 624 3077 693 Video,
3102 624 3258 680 video
3283 623 3495 696 quidem
3523 623 3668 695 quod

2089 726 2369 789 peccatum
2395 716 2690 784 damnavit,
2720 716 2876 774 video
2901 731 3117 788 prorsus
3150 734 3165 772 :
3195 716 3326 771 Ecce
3348 714 3522 787 Agnus
3544 714 3664 784 Dei,

2089 823 2203 864 ecce
2225 808 2312 880 qui
2336 808 2462 863 tollit
2484 816 2746 881 peccatum
2764 808 2944 863 mundi
2971 807 3145 880 (Joan.
3167 823 3205 874 ι,
3228 806 3345 881 29).
3371 807 3521 874 Quod
3545 821 3672 878 pec-

2089 900 2308 969 catum?
2352 899 2520 957 Omne
2560 890 2871 972 peecalum,
2915 915 3073 956 omne
3113 907 3352 956 nostrum
3390 908 3666 972 peccatum

2089 990 2422 1066 damnavitf.
2454 991 2561 1049 Sed
2588 993 2658 1048 de
2682 1007 2791 1061 quo
2831 991 3087 1063 peccato?
3129 992 3248 1062 Ipse
3291 1006 3399 1046 non
3443 992 3669 1047 habebat
3776 1036 3781 1039 .

2090 1093 2367 1156 peccatum
2396 1103 2409 1140 :
2437 1085 2505 1142 de
2530 1086 2624 1141 illo
2646 1084 2847 1141 dictum
2870 1092 2973 1153 est,
3009 1084 3108 1152 Qui
3130 1092 3384 1155 peccatum
3403 1101 3501 1139 non
3531 1086 3666 1156 fecit,

2090 1193 2181 1231 nec
2198 1177 2424 1232 inventus
2444 1185 2515 1232 est
2534 1176 2680 1231 dolus
2703 1177 2757 1230 in
2775 1192 2860 1231 ore
2878 1176 2988 1246 ejus
3015 1174 3059 1246 (Ι
3082 1174 3223 1245 Ρειν.
3246 1191 3300 1242 ιι,
3323 1174 3436 1246 2‘2).
3459 1175 3667 1231 Nullum

2090 1283 2331 1340 prorsus,
2363 1284 2463 1325 nec
2493 1267 2750 1324 trahendo
2768 1309 2783 1335 ,
2813 1281 2913 1323 nec
2941 1265 3184 1321 addendo
3211 1283 3224 1320 ε
3258 1265 3458 1321 nullum
3485 1281 3670 1337 pecea—

2091 1367 2205 1415 tum
2226 1359 2428 1426 habuit,
2452 1373 2554 1415 nee
2576 1358 2817 1428 originis,
2843 1371 2944 1414 nec
2968 1356 3195 1427 propriae
3219 1355 3524 1427 iniquitatis.
3548 1358 3670 1412 Uri-

2089 1450 2268 1523 ginem
2291 1451 2441 1522 virgo
2459 1449 2821 1514 demonstrat;
2849 1448 3181 1504 conversatio
3201 1462 3328 1504 vero
3352 1448 3466 1519 ejus
3485 1455 3667 1504 sancta

2089 1545 2219 1600 satis
2261 1542 2491 1601 ostendit
2535 1542 2666 1597 nihil
2714 1557 2834 1598 eum
2879 1540 3069 1597 fecisse
3114 1540 3254 1596 unde
3296 1540 3485 1613 dignus
3527 1550 3669 1597 esset

2089 1645 2280 1694 morte.
2331 1636 2455 1692 Ideo
2499 1635 2572 1689 ait
2610 1652 2623 1689 :
2666 1633 2798 1689 Ecce
2838 1634 2969 1689 venit
3017 1634 3248 1705 princeps
3298 1633 3449 1705 hujus
3495 1635 3668 1688 mundi

2090 1729 2381 1805 (diabolum
2405 1727 2768 1800 signiﬁcans),
2797 1729 2844 1781 et
2871 1727 3026 1780 inme
3049 1725 3178 1780 nihil
3203 1725 3432 1779 inveniet.
3456 1723 3567 1779 Non
3588 1725 3668 1799 iu-

2090 1822 2268 1878 veniet
2304 1837 2468 1892 quare
2509 1836 2593 1877 me
2635 1820 2842 1876 occidat
2881 1818 3128 1890 princeps
3170 1818 3378 1874 mortis.
3415 1818 3479 1873 Et
3508 1834 3668 1889 quare

2090 1927 2218 1983 ergo
2262 1913 2522 1968 moreris?
2561 1912 2666 1968 Sed
2706 1920 2762 1965 ut
2803 1911 2963 1964 sciant
3006 1925 3175 1965 omnes
3209 1910 3329 1980 quia
3368 1909 3667 1964 voluntatem

2091 2003 2264 2059 Patris
2292 2004 2389 2059 mei
2419 2004 2571 2074 facio,
2601 2019 2773 2057 camus
2801 2002 2916 2056 hinc
2932 2000 3111 2071 (Joan.
3140 2015 3254 2063 xxv,
3284 1999 3353 2056 '50
3379 2009 3425 2054 et
3458 2001 3570 2070 51).
3603 2002 3668 2055 Et

2091 2094 2327 2168 perrexit
2353 2093 2419 2149 ad
2445 2094 2744 2165 passionem
2787 2092 3004 2159 mortis,
3043 2100 3271 2147 mortem
3295 2091 3663 2161 voluntariam,

2091 2203 2198 2244 non
2218 2188 2569 2254 necessitatis,
2592 2188 2685 2243 sed
2704 2187 2927 2242 arbitrii.
2954 2186 3260 2242 Potestatem
3278 2186 3434 2241 habeo
3454 2189 3667 2258 ponendi

2090 2279 2312 2334 animtmt
2331 2296 2514 2346 meam,
2538 2288 2583 2334 et
2604 2287 2894 2350 potestatem
2914 2278 3070 2333 habeo
3089 2278 3270 2332 iterum
3290 2278 3519 2333 sumendi
3536 2294 3662 2332 eam.

2093 2370 2260 2425 Nemo
2280 2370 2538 2426 tollitemn
2563 2386 2594 2422 a
2617 2386 2713 2435 me,
2737 2370 2824 2424 sed
2841 2385 2933 2441 ego
2959 2385 3091 2440 pono
3109 2384 3238 2435 eam,
3263 2376 3311 2422 et
3330 2369 3510 2422 iterum
3527 2385 3668 2423 sumo

2091 2478 2202 2517 eam
2236 2460 2348 2531 (Id.
2374 2476 2444 2528 x,
2476 2461 2563 2523 17.
2592 2459 2702 2533 18).
2733 2459 2789 2516 Si
2818 2460 3028 2517 miraris
3052 2467 3369 2531 potestatem
3389 2498 3406 2527 ,
3436 2458 3669 2531 intelligo

2091 2556 2442 2627 majestatem.
2470 2555 2540 2613 Ut
2566 2556 2706 2611 Deus
2730 2555 2961 2627 loquitur
2979 2597 2995 2622 ,
3024 2554 3267 2611 Christus
3295 2555 3544 2625 loquitur.

2163 2650 2251 2707 10.
2296 2650 2642 2718 Quorumdam
2676 2649 2921 2704 sententia
2948 2650 3010 2703 de
3037 2646 3148 2703 loco
3174 2647 3421 2719 Apostoli.
3462 2647 3538 2704 De
3565 2661 3670 2717 quo

2092 2757 2220 2815 ergo
2256 2754 2473 2815 peccato
2508 2742 2780 2799 damnavit
2805 2741 3121 2812 peccatum?
3150 2740 3527 2797 lntellexerunt
3550 2739 3669 2809 qui-

2090 2833 2214 2891 dam
2232 2876 2247 2903 ,
2277 2843 2332 2891 et
2360 2840 2717 2906 pervenerunt
2745 2832 2812 2888 ad
2842 2847 3057 2888 sensum
3085 2846 3192 2887 non
3219 2831 3535 2901 improbum.
3564 2829 3668 2886 Sed

2093 2933 2271 2981 tamen
2299 2924 2423 2996 quid
2448 2925 2639 2981 dixerit
2659 2923 2946 2994 Apostolus
2963 2964 2980 2989 ,
3007 2931 3263 2994 quantum
3286 2922 3416 2979 mihi
3440 2921 3666 2989 videtur,

2093 3016 2344 3087 indagare
2373 3016 2591 3071 minime
2617 3023 2920 3086 potuerunt.
2950 3014 3084 3071 Rem
3126 3024 3302 3071 tamen
3342 3030 3449 3070 non
3478 3015 3669 3069 malam

2092 3106 2340 3161 dixerunt
2367 3123 2381 3160 :
2411 3105 2548 3162 hanc
2575 3106 2727 3162 vobis
2751 3106 2898 3176 prius
2920 3105 3065 3172 dico,
3094 3114 3150 3161 et
3172 3104 3363 3163 deinde
3390 3104 3517 3176 quid
3541 3105 3669 3161 mihi

2092 3198 2360 3264 videatur,
2386 3207 2441 3254 et
2465 3197 2607 3269 quod
2635 3198 2748 3268 ipsa
2774 3197 3046 3268 Scriptura
3075 3198 3250 3255 divina
3280 3197 3524 3254 ostendat
3548 3213 3669 3255 esse

2092 3290 2448 3348 verissimum.
2466 3289 2599 3346 Cum
2615 3290 2951 3347 turbarentur
2970 3287 3043 3363 (a)
3078 3307 3091 3345 :
3120 3290 3195 3346 De
3217 3304 3321 3360 quo
3344 3298 3560 3361 peccato
3580 3290 3673 3345 da-

2092 3383 2293 3440 mnavit
2316 3379 2590 3455 peceatum
2602 3384 2626 3436 ?
2638 3382 2875 3439 Habebat
2886 3391 3158 3454 peccatum
3168 3383 3193 3438 Ἰ
3204 3382 3306 3440 hoc
3314 3383 3581 3451 dixerunt,
3597 3384 3670 3440 De

2092 3485 2296 3549 peccato
2316 3476 2570 3531 damnavit
2589 3486 2866 3549 peccatum,
2890 3476 2958 3533 de
2978 3486 3195 3547 peccato
3215 3493 3323 3534 non
3340 3492 3471 3546 suo;
3495 3488 3671 3535 tamen

2093 3568 2158 3625 de
2184 3577 2387 3640 peccato
2412 3568 2670 3624 dammwit
2691 3578 2970 3640 peccatum.
3001 3569 3057 3625 Si
3082 3584 3210 3641 ergo
3234 3585 3342 3627 non
3370 3570 3437 3626 de
3462 3585 3579 3634 suo,
3601 3572 3672 3628 de

2090 3661 2282 3735 cujus?
2305 3663 2384 3720 De
2406 3672 2624 3734 peccato
2643 3662 2812 3730 ludas,
2839 3662 2908 3719 de
2932 3671 3149 3733 peccato
3171 3662 3494 3721 Juda'orum.
3520 3662 3673 3720 Unde

2093 3755 2236 3811 enim
2273 3753 2410 3810 fudit
2444 3754 2754 3826 sanguinem
2799 3754 2854 3809 in
2897 3752 3267 3811 remissionem
3296 3756 3670 3826 peccatorum?

2093 3844 2227 3914 Quia
2263 3846 2547 3902 cruciﬁxus
2583 3854 2665 3903 est
2700 3860 2733 3903 a
2759 3845 2956 3903 Iudaeis
2974 3848 3017 3902 '.
3047 3845 3165 3915 Quo
3202 3846 3481 3904 tradente?
3511 3846 3670 3904 Juda.

2093 3935 2264 3994 Judaei
2289 3937 2500 4010 quando
2528 3938 2677 3994 illum
2704 3938 3039 4007 occiderunt,
3069 3938 3234 3997 ludas
3256 3939 3404 3996 illum
3434 3939 3668 3996 tradidit.

2093 4026 2240 4084 Bene
2282 4028 2518 4085 iecerunt
2537 4068 2554 4098 ,
2584 4043 2650 4086 an
2689 4030 3082 4101 peccaverunt?
3114 4031 3489 4089 Peccaveruut.
3529 4032 3673 4089 Ecce

2093 4118 2164 4175 de
2199 4132 2303 4189 quo
2343 4126 2562 4189 peccato
2602 4118 2872 4176 damnavit
2910 4130 3185 4191 peccatum
3213 4120 3256 4199 ἕ.
3285 4121 3427 4178 Bene
3467 4120 3669 4178 dictum

2094 4220 2198 4280 est,
2224 4219 2279 4267 et
2304 4226 2430 4267 vere
2456 4212 2655 4268 dictum
2681 4221 2784 4279 est,
2814 4214 2937 4285 quia
2959 4223 3015 4271 et
3036 4213 3104 4271 de
3124 4220 3343 4285 peccato
3363 4213 3668 4270 Iudaeorum

2095 4302 2336 4361 Christus
2362 4302 2635 4361 damnavit
2665 4318 2825 4361 omne
2861 4312 3134 4377 peccatum
3151 4346 3168 4374 ,
3197 4305 3319 4377 quia
3353 4304 3458 4362 illis
3487 4319 3671 4376 perse-

2094 4394 2376 4467 quentibus
2414 4392 2549 4450 fudit
2574 4395 2883 4467 sanguinem
2902 4436 2919 4465 ,
2953 4410 3059 4467 quo
3085 4396 3279 4453 delevit
3301 4410 3461 4453 omne
3482 4410 3670 4468 pecca-

2096 4496 2226 4543 tum.
2258 4485 2638 4542 Verumtamen
2668 4485 2774 4543 alio
2807 4486 2928 4544 loco
2955 4488 3079 4544 vide
3111 4487 3237 4560 quid
3275 4487 3418 4545 dicat
3442 4488 3670 4559 Aposto-

2094 4578 2178 4634 lus
2205 4595 2219 4633 :
2247 4576 2354 4633 Pro
2376 4577 2576 4635 Christo
2594 4620 2610 4647 ,
2641 4579 2837 4650 inquit,
2865 4580 3111 4652 legatione
3127 4582 3404 4654 fungimur,
3431 4591 3666 4652 tanquam

2094 4666 2203 4723 Deo
2231 4669 2460 4723 hortante
2500 4685 2589 4740 per
2615 4685 2706 4724 nos
2737 4684 2757 4724 :
2783 4670 3098 4726 obsecramus
3126 4688 3218 4743 pro
3247 4671 3481 4750 Christo,
3509 4672 3564 4728 id
3587 4681 3671 4729 est

2094 4767 2345 4832 tanquam
2371 4758 2613 4815 Christus
2640 4774 2736 4817 vos
2760 4760 3031 4828 obsecret,
3065 4776 3160 4832 pro
3184 4761 3274 4818 illo
3300 4777 3397 4819 vos
3423 4761 3671 4819 obsecra-

2094 4865 2247 4918 mus,
2275 4850 2591 4906 reconciliari
2614 4849 2743 4907 Deo.
2776 4852 2844 4908 Et
2867 4853 3104 4924 sequitur
3129 4870 3146 4909 :
3174 4852 3309 4908 Eum
3337 4854 3425 4924 qui
3446 4870 3547 4909 non
3570 4869 3669 4909 no-

2094 4949 2234 4998 uerat
2255 4950 2533 5014 peccatum.
2561 4942 2703 4999 Deus
2725 4943 2810 4998 cui
2836 4957 2931 4999 vos
2951 4943 3293 5011 obsecramus
3316 4944 3667 5012 reconciliari,

2094 5051 2215 5093 eum
2235 5036 2325 5107 qui
2345 5049 2451 5090 non
2474 5044 2696 5091 noverat
2713 5045 3007 5107 peccatum,
3029 5036 3083 5092 id
3102 5044 3185 5093 est
3197 5034 3465 5117 Christum
3479 5036 3666 5117 Deum,

2094 5142 2215 5184 eum
2241 5127 2548 5194 Christum,
2576 5127 2665 5197 qui
2699 5141 2803 5181 non
2831 5136 3052 5183 noverat
3076 5116 3348 5198 peccatum
3367 5167 3384 5194 ,
3411 5137 3672 5198 peccatum

2098 5234 2189 5287 pro
2215 5216 2357 5272 nobis
2381 5217 2518 5287 fecit,
2545 5226 2599 5271 ut
2626 5233 2717 5272 nos
2739 5217 2895 5272 simus
2913 5216 3110 5288 iustitia
3128 5215 3226 5271 Dei
3250 5216 3304 5271 in
3326 5216 3436 5288 ipso
3461 5215 3529 5288 (II
3549 5213 3669 5272 Cor.

2097 5322 2167 5376 v,
2193 5307 2294 5374 20,
2324 5306 2440 5378 21).
2484 5307 2748 5380 Numquid
2794 5307 2881 5364 hic
2924 5314 3097 5379 potest
3139 5306 3360 5380 intelligi
3397 5315 3672 5379 peccatum

2161 5460 2381 5528 fslorus,
2402 5466 2647 5528 peccatum
2867 5466 2914 5512 et
2932 5459 3191 5528 «immovit.

2094 5518 2464 5637 A5ulésa‘coh,
2506 5523 2625 5585 quia
2658 5518 2923 5587 cruciﬁxus
2939 5528 3026 5575 est.
3049 5522 3270 5588 aquibus
3288 5518 3676 5588 crudﬁmest?

2160 5647 2275 5714 'sic
2324 5660 2388 5698 ex
2427 5653 2508 5698 Ms.
2554 5660 2654 5698 eor.
2692 5647 2786 5710 [an
2831 5654 3158 5714 peccwerunt.
3213 5656 3338 5700 Bene
3372 5645 3674 5713 didmest,

2097 5708 2233 5838 mihi
2255 5776 2411 5831 Forte,
2433 5770 2860 5838 utterrogarentur.
