4098 6310
345 370 451 430 825

344 491 493 551 Judae
513 530 528 557 ,
554 488 832 560 peccatum
875 482 1177 540 Iudaeorum
1195 521 1211 550 ,
1241 485 1521 551 peccatum
1557 474 1812 546 cujusque
1841 468 1924 524 al-

347 588 512 644 terius
561 582 788 638 hominis
816 597 831 635 :
858 592 981 634 cum
1003 575 1186 632 audias
1211 592 1226 630 :
1253 571 1390 627 Eum
1432 569 1518 641 qui
1570 585 1672 622 non
1714 569 1919 619 noverat

349 688 606 751 peccatum
622 717 636 743 ,
659 682 914 746 peccatum
938 685 1032 743 pro
1051 667 1192 722 nobis
1218 665 1335 736 fecit
1352 660 1550 730 ?Quis?
1567 657 1762 730 quem?
1784 656 1928 710 Deus

345 772 636 828 Christum.
666 767 806 822 Deus
831 762 1099 820 Christum
1141 759 1265 815 fecit
1301 770 1398 826 pro
1438 754 1592 809 nobis
1631 756 1927 822 peccatum.

346 863 459 918 Non
491 859 643 925 dixit,
670 856 816 912 Fecit
842 869 939 925 pro
970 851 1122 907 nobis
1153 856 1496 921 peccantem;
1526 843 1640 910 sed,
1672 841 1788 914 fecit
1817 853 1930 893 eum

347 961 624 1025 peccatum.
656 949 711 1004 Si
741 947 890 1002 nefas
911 954 994 1002 est
1015 944 1192 998 dicere
1218 953 1468 1012 peccasse
1493 936 1781 1000 Christum,
1812 931 1930 1002 quis

348 1047 484 1100 ferat
513 1049 786 1113 peccatum
817 1052 936 1093 esse
962 1032 1270 1092 Christum?
1299 1031 1368 1086 Et
1405 1038 1580 1084 tamen
1611 1042 1714 1080 non
1747 1038 1931 1094 possu—

351 1153 472 1193 mus
496 1133 750 1206 Apostolo
775 1129 1158 1187 contradicere.
1187 1126 1300 1181 Non
1328 1124 1376 1179 ei
1402 1135 1682 1193 possumus
1712 1119 1889 1173 dicere
1917 1135 1930 1171 :

350 1227 487 1295 Quid
511 1235 593 1282 est
616 1223 758 1296 quod
783 1219 1054 1293 loqueris?
1084 1218 1138 1272 Si
1165 1217 1308 1273 enim
1336 1216 1438 1270 hoc
1458 1211 1712 1282 Apostolo
1736 1207 1934 1263 dixeri-

349 1337 504 1389 mus,
537 1319 635 1390 ipsi
668 1317 880 1370 Christo
919 1313 1162 1368 dicimus.
1209 1309 1297 1364 Ait
1336 1307 1477 1363 enim
1517 1305 1621 1359 alio
1661 1304 1778 1357 loco
1809 1320 1822 1356 :
1852 1301 1932 1354 An

365 1415 500 1469 mltis
524 1412 915 1482 experimentum
952 1407 1058 1478 ejus
1083 1403 1339 1473 accipere,
1385 1400 1470 1470 qui
1507 1399 1560 1451 in
1592 1413 1670 1451 me
1715 1394 1933 1464 loquitur

353 1505 582 1564 Christus
615 1501 680 1575 (ll
704 1499 822 1555 Cor.
851 1514 974 1562 xm,
1002 1495 1055 1566 5)
1079 1495 1100 1548 ’ἓ

425 1597 512 1652 Η.
555 1594 731 1648 Verior
757 1588 1097 1662 interpretatio
1141 1584 1387 1656 Apostoli.
1419 1580 1650 1638 Christus
1677 1587 1933 1651 peccatum

359 1692 518 1762 factus
570 1684 837 1757 quomodo.
882 1681 1018 1750 Quid
1062 1680 1220 1751 igitur
1240 1676 1368 1732 est?
1400 1674 1648 1730 lutendat
1692 1672 1933 1728 Charitas

358 1761 528 1834 vestra
552 1789 797 1846 magnum
821 1773 1092 1840 altumque
1113 1767 1442 1838 mysterium.
1471 1764 1677 1819 Felices
1700 1762 1870 1827 eritis,
1888 1761 1935 1816 si

358 1869 679 1926 intellectum
706 1863 1018 1927 dilexeritis,
1060 1867 1114 1915 et
1143 1859 1208 1913 ad
1229 1859 1482 1913 dilectum
1513 1853 1863 1927 perveneritis
1893 1854 1932 1907 ⁸.

360 1961 597 2024 Prorsus,
624 1969 840 2026 prorsus
864 1951 1107 2007 Christus
1131 1949 1386 2003 Dominus
1414 1955 1613 2010 noster,
1638 1945 1792 2000 Jesus
1813 1941 1936 1998 Sal—

358 2058 508 2105 vator
534 2055 736 2114 noster,
762 2043 1082 2113 Redemptor
1120 2048 1300 2095 noster
1325 2046 1602 2109 peccatum
1628 2036 1794 2091 factus
1832 2042 1934 2100 est,

360 2154 419 2200 ut
443 2157 542 2198 nos
560 2154 802 2196 essemus
817 2137 1021 2208 iustitia
1039 2134 1131 2190 Dei
1155 2134 1206 2188 in
1233 2133 1370 2202 ipso.
1396 2128 1676 2200 Quomodo
1693 2130 1716 2182 ?
1745 2128 1938 2184 Audite

360 2237 574 2308 Legem.
606 2233 1002 2302 Quinoverunt,
1025 2228 1198 2283 sciunt
1240 2225 1381 2296 quod
1410 2224 1529 2278 dico
1570 2241 1582 2277 :
1630 2231 1684 2277 et
1703 2221 1792 2292 qui
1821 2237 1931 2276 non

363 2334 640 2390 noverunt,
671 2324 865 2392 legant,
887 2320 971 2375 vel
1002 2317 1238 2372 audiant.
1271 2315 1328 2369 ln
1357 2314 1505 2384 Lege
1537 2321 1756 2384 peccata
1785 2326 1943 2366 voca-

364 2420 555 2477 bantur
585 2417 743 2473 etiam
791 2411 1072 2477 sacriﬁcia,
1102 2423 1219 2480 quae
1251 2422 1346 2479 pro
1381 2406 1615 2477 peccatis
1640 2404 1939 2460 offereban-

364 2522 474 2569 tur.
527 2509 722 2573 Habes,
764 2522 884 2562 cum
927 2504 1141 2559 victima
1182 2513 1279 2570 pro
1325 2505 1544 2569 peccato
1567 2496 1939 2561 adduceretur,

365 2604 491 2661 dicit
519 2603 652 2669 Lex,
691 2597 889 2653 Ponant
907 2609 1089 2648 manus
1136 2607 1253 2646 suas
1285 2589 1566 2644 sacerdotes
1592 2604 1743 2654 super
1771 2603 1946 2658 pecca-

368 2705 471 2750 tum
498 2697 517 2766 (
540 2693 701 2748 Levit.
728 2705 778 2744 IV
809 2688 827 2761 )
852 2703 867 2754 ;
901 2686 952 2740 id
973 2692 1074 2750 est,
1097 2697 1261 2754 super
1277 2681 1549 2736 victimam
1579 2695 1676 2750 pro
1705 2688 1943 2751 peccato.

367 2785 435 2842 Et
462 2782 603 2855 quod
627 2778 874 2837 estaliud
899 2792 1056 2848 quam
1083 2773 1328 2830 Christus
1353 2771 1670 2826 sacriﬁcium
1693 2787 1790 2842 pro
1816 2784 1944 2841 pec-

367 2875 530 2934 cato?
557 2874 704 2929 Sicut
735 2880 781 2926 et
809 2867 1057 2932 Christus,
1087 2865 1277 2936 inquit,
1308 2862 1487 2918 dilexit
1515 2878 1621 2927 vos,
1649 2871 1694 2916 et
1739 2862 1947 2915 tradidit

371 2966 688 3036 semetipsum
707 2977 799 3033 pro
824 2959 960 3015 vobis
981 2956 1284 3013 oblationem
1309 2962 1354 3008 et
1382 2954 1596 3008 hostiam
1619 2951 1727 3007 Deo
1754 2953 1807 3006 in
1833 2952 1949 3006 odo-

371 3078 476 3117 rem
522 3055 820 3126 suavitatis(
855 3053 1043 3124 Epltes.
1076 3067 1130 3116 v,
1161 3048 1196 3102 2
1227 3048 1268 3120 ).
1297 3046 1436 3102 Ecce
1477 3045 1543 3102 de
1589 3059 1692 3115 quo
1732 3053 1948 3114 peccato

373 3149 641 3208 damnavit
668 3155 940 3218 peccatum
968 3161 980 3197 :
1005 3143 1072 3198 de
1096 3139 1358 3196 sacriﬁcio
1385 3137 1526 3208 quod
1553 3135 1726 3192 factus
1745 3145 1826 3191 est
1855 3151 1950 3206 pro

374 3241 625 3315 peccatis,
651 3238 774 3293 inde
815 3221 1084 3291 damnavit
1123 3238 1420 3305 peccatum.
1457 3229 1573 3299 Ipsa
1601 3237 1682 3284 est
1710 3227 1814 3282 Lex
1841 3229 1950 3300 spi-

375 3337 499 3390 ritus
524 3334 656 3398 vitae,
682 3345 800 3402 quae
827 3328 1050 3383 liberavit
1073 3335 1118 3380 te
1143 3341 1174 3379 a
1201 3324 1305 3395 lege
1329 3323 1517 3393 peccati
1537 3332 1581 3376 et
1606 3323 1798 3377 mortis.
1818 3322 1952 3389 Quia

375 3427 462 3482 lex
500 3425 590 3480 illa
615 3424 800 3488 altera,
826 3421 912 3475 lex
934 3420 1145 3483 litterm,
1178 3417 1259 3470 lex
1285 3415 1499 3486 jubens,
1543 3413 1681 3469 bona
1711 3423 1793 3468 est
1833 3414 1953 3484 qui-

376 3517 498 3574 dem
522 3535 538 3582 ;
585 3514 907 3577 Mandatum,
928 3519 1178 3575 sanctum,
1201 3516 1247 3561 et
1275 3508 1497 3578 justum,
1525 3515 1572 3560 et
1600 3507 1783 3560 bonum
1813 3523 1832 3560 :
1859 3507 1954 3562 sed

375 3607 726 3680 inﬁrmabatur
773 3618 860 3672 per
905 3615 1141 3665 carnem;
1169 3607 1223 3653 et
1250 3596 1392 3667 quod
1437 3596 1674 3666 jubebat,
1704 3596 1757 3650 in
1801 3596 1955 3652 nobis

374 3697 587 3770 impleri
607 3710 712 3752 non
739 3701 965 3766 poterat.
987 3691 1105 3746 Alia
1121 3705 1248 3760 ergo
1270 3689 1374 3757 lex,
1400 3689 1648 3744 utdicere
1665 3703 1951 3759 coeperam,

375 3792 474 3850 tibi
499 3787 744 3846 ostendat
771 3794 1069 3857 peccatum,
1117 3782 1220 3836 alia
1270 3781 1458 3836 tollat:
1488 3779 1731 3836 ostendat
1766 3795 1955 3851 pecca-

387 3894 503 3944 tum
528 3885 615 3939 lex
639 3883 849 3945 litterae,
883 3877 1030 3932 tollat
1054 3882 1330 3948 peccatum
1358 3874 1444 3929 lex
1469 3873 1674 3944 gratiae.

371 3977 376 3981 ν
870 3969 1101 4026 SERMO
1119 3966 1308 4024 CLIII‘
1329 3964 1429 4039 (a).

384 4071 465 4127 De
494 4067 653 4124 verbis
683 4064 929 4137 Apostoti,
961 4063 1112 4118 Rom.
1143 4076 1236 4126 vn,
1265 4059 1420 4124 5-15,
1473 4057 1607 4113 Cum
1636 4071 1877 4113 essemus
1905 4057 1960 4112 in

453 4173 633 4222 carne,
660 4157 934 4226 passiones
960 4158 1296 4223 peccatorum
1323 4163 1444 4219 quae
1465 4163 1559 4219 per
1584 4147 1780 4218 Legem
1808 4155 1956 4215 sunt,

455 4250 810 4323 operabantur
836 4247 890 4302 in
912 4243 1163 4303 membris
1179 4241 1396 4308 nostris,
1419 4247 1477 4295 ut
1507 4239 1735 4294 fructum
1760 4238 1962 4294 ferrent

453 4342 633 4409 morti,
663 4350 758 4395 etc.
782 4339 969 4393 Contra
995 4334 1308 4391 Manichaeos
1329 4342 1520 4404 aperte,
1544 4341 1591 4386 et
1611 4332 1759 4385 tacite
1785 4340 1964 4385 contra

456 4434 759 4505 Pelagianos
781 4431 877 4504 (b).

453 4525 676 4582 CAPUT
715 4521 1000 4578 PRIMUM.
1025 4549 1098 4563 —-
1125 4521 1176 4576 l.
1223 4519 1388 4574 Locus
1432 4518 1660 4591 Apostoti
1705 4534 1961 4589 exponen-

385 4619 480 4674 dus
505 4633 654 4688 quam
674 4614 908 4686 diﬁicilis.
931 4611 1261 4676 Audivimus,
1283 4610 1725 4680 concorditerque
1747 4625 1963 4682 respon-

382 4710 578 4777 dimus,
604 4717 658 4764 et
681 4708 792 4762 Deo
817 4713 998 4761 nostro
1023 4718 1257 4760 consona
1273 4718 1403 4759 voce
1417 4705 1750 4758 cantavimus
1785 4722 1798 4758 :
1831 4702 1962 4758 Bea-

383 4810 464 4859 tus
486 4803 561 4856 vir
579 4817 723 4872 quem
750 4808 804 4853 tu
827 4796 1089 4862 erudieris,
1109 4794 1346 4859 Domine,
1375 4803 1422 4848 et
1450 4811 1512 4849 ea:
1529 4794 1638 4866 lege
1664 4805 1749 4848 tua
1778 4794 1964 4849 docueo

384 4897 456 4951 ris
483 4911 596 4949 eum
623 4894 642 4965 (
669 4891 812 4946 Psal.
844 4905 995 4955 xcm,
1054 4888 1121 4942 12
1151 4888 1193 4958 ).
1245 4886 1530 4942 Silentium
1571 4887 1616 4941 si
1661 4887 1960 4956 praebeatis,

319 4991 322 4994 ‘
385 4985 632 5042 audietis.
689 4982 805 5038 Non
849 4979 1053 5035 invenit
1097 4978 1270 5033 locum
1303 4977 1582 5048 sapientia,
1629 4976 1719 5031 ubi
1749 4991 1854 5032 non
1885 4987 1967 5034 est

385 5077 661 5150 patientia.
689 5073 798 5129 Nos
817 5071 1102 5141 loquimur,
1127 5067 1222 5123 sed
1248 5067 1422 5123 erudit
1443 5067 1586 5122 Deus
1618 5083 1631 5120 :
1663 5082 1763 5122 nos
1792 5067 1966 5139 loqui-

384 5188 525 5238 mur,
557 5169 652 5226 sed
691 5167 832 5223 Deus
883 5163 1068 5224 docet.
1089 5161 1208 5218 Non
1251 5160 1394 5217 enim
1441 5159 1629 5215 beatus
1664 5159 1837 5215 dictus
1879 5168 1964 5216 est

385 5277 547 5336 quem
573 5260 730 5316 docet
755 5257 940 5321 homo,
966 5253 1059 5309 sed
1077 5268 1222 5322 quem
1249 5261 1302 5330 tu
1321 5250 1582 5318 'erudieris,
1605 5247 1838 5305 Domine.
1863 5249 1970 5307 Nos

449 5417 465 5449 ³
493 5421 575 5465 Ms.
601 5426 724 5473 eor.,
747 5407 1048 5476 peruem'etis.

449 5500 464 5518 ⁶
491 5499 758 5562 Castigatus
799 5495 860 5546 ad
894 5506 941 5544 a.
978 5494 1063 5544 bn.
1105 5492 1166 5544 cl.
1191 5492 1270 5542 ch.
1309 5489 1342 5539 f.
1368 5489 1426 5540 fs.
1452 5502 1501 5553 g.
1548 5489 1607 5539 lr.
1649 5502 1716 5538 m.
1751 5503 1825 5553 pr.
1878 5504 1970 5540 rm.

385 5562 467 5612 vd.
500 5570 601 5610 Am.
643 5566 716 5609 Er.
755 5567 857 5607 Par.
881 5563 989 5606 Iov.

448 5645 521 5768 Eag
547 5643 689 5704 Alias,
711 5643 776 5692 de
801 5641 968 5691 Verbis
991 5638 1197 5702 Apoetoli
1217 5638 1264 5687 4.

472 5706 500 5755 b
544 5712 664 5755 Cllat.
685 5704 810 5754 Beda
825 5703 886 5768 ad
908 5710 1038 5751 Rom.
1062 5717 1144 5768 vn,
1169 5702 1336 5768 ibique
1362 5705 1518 5750 totum
1533 5697 1976 5768 feretranseripsit

384 5763 568 5832 Florus.
604 5769 763 5832 Huius
781 5767 928 5832 etiam
948 5765 1182 5832 meminit
1203 5764 1310 5832 ipse
1349 5763 1640 5832 Augustinus
1661 5764 1710 5811 in
1748 5763 1975 5814 sermone

385 5828 636 5894 sequenti,
660 5827 892 5891 postridie
914 5825 1041 5892 apud
1062 5825 1395 5888 Carthaginem
1419 5825 1739 5887 pronuntiato.

1746 347 1976 411 SERMO
2009 347 2186 406 CLIII.

3500 344 3606 406 826

2035 468 2272 538 plantare
2324 477 2602 535 possumus
2630 473 2684 519 et
2727 461 2933 533 rigare:
2957 459 3052 520 sed
3083 459 3181 518 Dei
3207 449 3290 517 est
3313 461 3606 517 lncremen~

2033 566 2145 612 tum
2171 556 2298 611 dare
2325 558 2343 626 (
2371 555 2388 608 l
2421 556 2536 610 Cor.
2563 572 2640 623 ιιι,
2672 557 2764 627 7).
2796 556 2896 624 Qui
2940 556 3142 625 plantat
3159 562 3214 609 et
3243 555 3332 624 qui
3359 552 3515 624 rigat,
3535 551 3608 608 fo-

2033 649 2273 705 rinsecus
2323 656 2571 716 operatur
2604 665 2616 700 :
2660 649 2747 718 qui
2777 646 2868 702 dat
2912 647 3322 711 incrementum,
3353 645 3607 701 intrinse-

2033 756 2127 797 cus
2153 741 2454 812 opitulatur.
2504 739 2632 808 Quae
2661 739 2816 794 nobis
2855 739 3011 794 lectio
3055 736 3123 793 de
3168 737 3338 792 sancti
3367 737 3609 808 Apostoli

2033 834 2266 905 Epistola
2299 835 2564 904 proposita
2607 833 2677 888 sit
2705 833 2768 886 ad
2801 830 3142 902 loquendum,
3174 844 3329 901 quam
3358 829 3607 898 difﬁcilis,

2035 943 2192 999 quam
2219 928 2500 992 latebrosa,
2530 925 2724 996 quam(
2759 925 2803 979 si
2843 940 2948 979 non
3001 923 3327 994 intelligatur
3353 930 3445 976 aut
3471 921 3612 977 male

2036 1020 2355 1090 intelligatur
2381 1017 2745 1091 )periculosa;
2776 1025 2922 1085 puto,
2949 1013 3162 1080 fratres,
3191 1013 3298 1068 imo
3327 1012 3458 1079 scio,
3491 1011 3613 1082 quia

2036 1112 2314 1167 nobiscum
2358 1111 2689 1174 recitaretur,
2713 1107 2969 1173 audistis;
3019 1116 3073 1162 et
3117 1105 3430 1169 ﬁuctuastis,
3454 1104 3498 1159 si
3524 1103 3617 1156 ad.

2036 1202 2301 1268 vertistis;
2335 1209 2424 1256 aut
2451 1201 2496 1255 si
2543 1199 2702 1269 aliqui
2737 1207 2790 1253 et
2833 1195 3191 1262 intellexistis,
3212 1210 3369 1264 quam
3403 1195 3472 1248 sit
3522 1208 3614 1246 ar-

2037 1295 2198 1352 duum
2223 1296 2337 1350 sine
2354 1293 2682 1349 dubitatione
2709 1291 2931 1346 vidistis.
2961 1289 3109 1344 Hanc
3132 1290 3307 1359 itaque
3331 1288 3614 1343 lectionem

2038 1397 2313 1459 totumque
2341 1389 2514 1458 ipsum
2539 1386 2822 1441 molestum
2858 1393 2911 1439 et
2935 1384 3244 1447 obscurum,
3276 1380 3371 1435 sed
3417 1378 3619 1434 intelli-

2037 1482 2280 1555 gentibus
2327 1480 2589 1535 salubrem
2616 1477 2866 1548 Epistola:
2897 1473 3137 1546 Apostoli
3177 1473 3350 1528 locum
3380 1471 3618 1541 suscepi-

2038 1591 2175 1642 mus,
2210 1574 2491 1644 adjuvante
2517 1569 2875 1626 misericordia
2900 1567 3016 1635 Dei,
3056 1580 3325 1636 exponere
3351 1564 3620 1619 disseren-

2039 1668 2126 1723 do.
2159 1666 2413 1723 Charitati
2435 1675 2627 1721 vestra:
2673 1662 2942 1718 debitores
2977 1674 3076 1715 nos
3105 1673 3223 1714 esse
3241 1658 3373 1725 seio,
3396 1665 3617 1711 exacto-

2039 1774 2126 1816 res
2149 1774 2243 1815 vos
2270 1773 2391 1814 esse
2421 1758 2616 1813 sentio.
2649 1753 3106 1823 Quemadmodum
3133 1767 3254 1819 nos,
3286 1759 3344 1805 ut
3366 1751 3466 1805 ista
3496 1764 3619 1821 pcr-

2039 1850 2266 1920 cipiatis,
2299 1863 2512 1904 oramus
2543 1868 2554 1902 :
2597 1848 2675 1903 sic
2712 1856 2766 1902 et
2794 1860 2888 1900 vos
2915 1854 3081 1909 orate,
3115 1851 3247 1898 utea
3270 1841 3421 1898 vobis
3438 1841 3612 1912 expli-

2040 1957 2163 1998 care
2180 1943 2468 1996 valeamus.
2501 1939 2559 1996 Si
2588 1939 2732 1996 enim
2779 1939 2950 1992 oratio
2989 1945 3170 1992 nostra
3197 1934 3522 2000 concordet;
3569 1943 3627 1990 et

2043 2051 2136 2091 vos
2166 2035 2321 2090 faciet
2357 2036 2495 2089 Deus
2543 2034 2763 2088 idoneos
2795 2031 3091 2097 auditores,
3124 2038 3177 2086 et
3205 2043 3303 2083 nos
3329 2026 3492 2084 debiti
3522 2025 3625 2082 hu-

2038 2127 2126 2198 jus
2157 2126 2490 2183 ﬁdelissimos
2511 2125 2831 2179 redditores.

2115 2216 2337 2274 CAPUT
2364 2217 2558 2272 ll.——E’..
2583 2215 2694 2269 Hoc
2715 2215 2823 2269 loco
2839 2213 3110 2268 abutuntur
3133 2210 3628 2266 Manicluei.—Cum

2045 2310 2176 2365 enim
2196 2326 2416 2364 essemus
2452 2310 2504 2362 in
2534 2323 2705 2374 carne,
2732 2307 2808 2361 ait
2833 2303 3138 2376 Apostolus,
3169 2302 3424 2373 passiones
3454 2318 3631 2371 pecca—

2047 2411 2211 2456 torum
2239 2416 2351 2470 quaz
2393 2416 2480 2470 per
2518 2397 2700 2469 Legem
2745 2405 2882 2464 sunt,
2934 2395 3274 2465 operabantur
3320 2393 3371 2445 in
3401 2393 3632 2447 membris

2048 2493 2252 2558 nostris,
2285 2502 2338 2544 ut
2360 2495 2578 2562 fructum
2621 2493 2808 2560 ferrent
2852 2488 3021 2540 morti.
3075 2485 3174 2540 Hic
3213 2483 3632 2556 videtur(quod

2050 2599 2155 2638 non
2183 2580 2595 2652 intelligentibus
2620 2579 2847 2649 primum
2885 2586 2940 2632 et
2963 2575 3164 2648 grande
3186 2575 3476 2645 periculum
3501 2582 3584 2630 est
3608 2573 3629 2645 )

2053 2673 2340 2746 Apostolus
2367 2671 2758 2741 reprehendere
2804 2677 2859 2724 et
2885 2669 3102 2739 culpare
3147 2668 3321 2738 legem
3354 2666 3467 2722 Dei.
3499 2666 3636 2722 Dicit

2052 2767 2260 2836 aliquis,
2286 2766 2434 2821 Absit
2451 2765 2551 2820 hoc
2568 2764 2633 2819 ab
2653 2763 2830 2818 animo
2847 2762 3250 2833 qualiscumque
3270 2759 3544 2815 christiani
3571 2759 3588 2790 ί
3618 2777 3632 2812 :

2053 2861 2173 2932 quis
2212 2859 2315 2914 hoc
2358 2858 2443 2913 vel
2473 2857 2690 2912 insanus
2721 2854 2913 2909 audeat
2938 2853 3004 2908 de
3053 2851 3310 2923 Apostolo
3339 2849 3638 2921 suspicari?

2054 2951 2120 3006 Et
2148 2960 2340 3014 tamen,
2373 2948 2561 3003 fratres
2584 2946 2709 3014 mei,
2738 2946 2898 3002 verba
2929 2945 3028 2999 ista
3055 2944 3196 2999 male
3231 2942 3521 3010 intellecta,
3554 2940 3636 2997 Γο-

2055 3043 2235 3098 mitem
2265 3039 2483 3095 insaniae
2512 3038 2676 3095 furori
2703 3036 3112 3092 Manichaeorum
3138 3035 3630 3094 subministrarunt.

2055 3135 2327 3190 Maniehzei
2355 3133 2495 3189 enim
2526 3133 2698 3203 legem
2721 3131 2813 3186 Dei
2846 3146 2938 3200 per
2958 3129 3176 3200 Moysen
3220 3128 3419 3196 datam,
3449 3127 3636 3184 dicunt

2058 3243 2164 3283 non
2190 3243 2218 3282 a
2249 3227 2356 3282 Deo
2382 3225 2581 3292 datam,
2613 3232 2667 3279 et
2698 3238 2815 3278 eam
2851 3221 3139 3292 Evangelio
3164 3220 3489 3276 contrariam
3519 3233 3640 3275 esse

2057 3320 2403 3378 contendunt.
2444 3318 2511 3372 Et
2539 3317 2750 3387 quando
2777 3330 2899 3371 cum
2927 3316 3004 3370 eis
3057 3315 3251 3386 agitur,
3281 3314 3366 3369 his
3393 3313 3636 3370 testimo-

2058 3414 2162 3469 niis
2185 3410 2409 3481 apostoli
2437 3409 2582 3463 Pauli
2612 3423 2728 3479 qure
2749 3422 2854 3462 non
2873 3406 3190 3477 intelligunt,
3222 3415 3486 3462 conantur
3510 3420 3643 3462 con-

2059 3505 2292 3568 vincere,
2347 3499 2471 3572 quid
2521 3500 2715 3564 dicam,
2757 3498 3048 3553 catholicos
3095 3511 3201 3553 non
3248 3497 3622 3568 intelligentes,

2061 3603 2116 3650 et
2141 3609 2248 3648 non
2278 3592 2451 3663 potius
2491 3590 2817 3661 negligentes
2843 3588 2867 3641 ?
2893 3587 3010 3644 Non
3038 3588 3181 3644 enim
3209 3588 3433 3642 multum
3460 3597 3564 3656 est,
3597 3590 3644 3644 si

2061 3687 2180 3758 quis
2205 3686 2336 3740 velit
2358 3697 2474 3740 esse
2502 3682 2746 3753 diligens,
2775 3688 2897 3752 post
2939 3681 3235 3737 calumnias
3286 3679 3353 3735 ab
3393 3679 3646 3740 haeretico

2063 3778 2293 3846 auditas,
2320 3776 2510 3832 saltem
2535 3774 2876 3831 considerare
2896 3774 2952 3829 in
2978 3774 3162 3830 codice
3193 3772 3645 3829 circumstantiam

2064 3872 2330 3930 lectionis.
2357 3869 2508 3939 Quod
2532 3869 2576 3925 si
2603 3868 2820 3936 fecerit;
2852 3867 2926 3923 ibi
2955 3882 3080 3922 mox
3117 3865 3350 3922 inveniet
3375 3865 3516 3922 unde
3554 3865 3648 3921 ad-

2066 3963 2362 4022 versarium
2376 3963 2650 4034 loquacem
2663 3960 2964 4032 redarguat,
2975 3958 3116 4016 unde
3130 3957 3310 4014 hostes
3321 3957 3474 4028 Legis
3484 3957 3650 4014 rebel-

2067 4060 2250 4131 lesque
2277 4065 2594 4129 prosternat.
2620 4055 2734 4112 Etsi
2754 4057 2895 4112 enim
2913 4055 3097 4112 tardus
3113 4063 3195 4112 est
3220 4055 3286 4110 ad
3307 4054 3650 4126 intelligenda

2065 4151 2227 4208 verba
2239 4153 2277 4204 A
2287 4150 2494 4221 postoli,
2515 4146 2794 4204 manifesta
2810 4148 2882 4204 ibi
2897 4148 3011 4203 laus
3024 4155 3107 4204 est
3121 4160 3369 4218 expressa
3386 4146 3517 4218 legis
3532 4147 3624 4204 Dei
3633 4189 3648 4204 .

2138 4246 2193 4301 '5.
2226 4243 2625 4298 Manichaeorum
2645 4243 2897 4296 calumnia
2934 4241 3208 4313 refellenda
3227 4257 3290 4296 ea:
3307 4243 3651 4313 consequenti-

2068 4339 2181 4394 bus.
2216 4337 2403 4392 Videte
2425 4337 2568 4392 enim
2589 4336 2735 4406 prius
2757 4342 2810 4390 et
2828 4333 3106 4390 advertite.
3129 4333 3258 4389 Cum
3282 4337 3413 4390 enim
3439 4353 3653 4391 essemus

2067 4433 2122 4486 in
2142 4447 2310 4496 carne,
2337 4430 2429 4495 ait,
2455 4429 2710 4499 passiones
2731 4437 3048 4499 peccatorum
3068 4443 3181 4499 qua:
3199 4445 3289 4500 per
3312 4428 3494 4501 Legem
3512 4440 3648 4496 sunt,

2069 4522 2423 4596 aperabantur.
2440 4521 2536 4575 Hic
2557 4520 2665 4590 jam
2688 4518 3008 4575 Manichacus
3023 4519 3177 4590 erigit
3199 4521 3486 4587 cervicem,
3507 4519 3654 4578 exal-

2071 4624 2147 4672 tat
2173 4627 2395 4676 cornua,
2438 4611 2646 4680 impetit
2689 4619 2760 4676 te,
2794 4608 2918 4664 facit
2946 4611 3201 4680 impetum
3235 4629 3246 4664 :
3275 4610 3435 4676 Ecce,
3461 4609 3650 4680 inquit.

2071 4706 2328 4777 passiones
2355 4711 2670 4774 peccatorum
2697 4717 2807 4772 qua:
2850 4717 2939 4771 per
2966 4699 3150 4772 Legem
3198 4708 3331 4754 sunt.
3371 4699 3652 4768 Quomodo

2071 4795 2209 4852 bona
2239 4802 2320 4851 est
2335 4794 2464 4860 Lex,
2489 4808 2585 4864 per
2612 4807 2769 4863 quam
2800 4792 2855 4846 in
2883 4791 3037 4847 nobis
3066 4800 3190 4846 sunt
3215 4791 3491 4860 passiones
3523 4805 3653 4861 pee-

2071 4895 2332 4951 catorum,
2363 4893 2414 4940 et
2441 4891 2728 4954 operantur
2750 4883 2800 4937 in
2818 4881 3072 4937 membris
3100 4881 3315 4948 nostris,
3349 4891 3408 4936 ut
3423 4881 3653 4937 fructum

2073 4979 2247 5033 ferant
2283 4975 2486 5030 morti?
2515 4974 2676 5044 Lege,
2729 4973 3058 5043 aliquantum
3105 4969 3445 5042 progredere,
3477 4980 3646 5026 totum

2075 5067 2195 5123 audi
2255 5067 2536 5138 patienter,
2579 5073 2634 5120 et
2680 5063 2727 5120 si
2777 5078 2885 5119 non
2940 5062 3316 5133 intelligenter.
3351 5062 3462 5118 Hoc
3513 5063 3655 5117 enim

2074 5158 2216 5231 quod
2242 5159 2332 5224 ait,
2363 5156 2634 5212 Passiones
2654 5164 2971 5226 peccatorum
3011 5169 3122 5224 qua
3167 5170 3255 5225 per
3297 5153 3481 5225 Legem
3518 5164 3654 5220 sunt,

2075 5252 2410 5324 aperabantur
2435 5252 2488 5304 in
2516 5248 2748 5304 membris
2775 5247 2978 5311 nostris,
3011 5246 3232 5300 multum
3259 5254 3342 5302 est
3366 5255 3424 5302 ut
3451 5246 3654 5301 intelli-

2074 5358 2168 5417 gas
2201 5362 2214 5399 :
2244 5343 2336 5400 sed
2371 5343 2519 5415 prius
2553 5349 2670 5398 esto
2713 5353 2924 5395 mecum
2953 5337 3111 5409 Legis
3135 5338 3399 5406 laudator,
3428 5348 3481 5394 et
3531 5348 3658 5395 time
3702 5327 3704 5330 ’

2076 5439 2188 5495 ﬁeri
2220 5437 2511 5493 mereberis
2542 5435 2857 5491 intellector.
2878 5432 3129 5490 Clausum
3151 5447 3244 5489 cor
3270 5434 3454 5500 habes,
3471 5441 3526 5489 et
3551 5435 3660 5490 cla-

2077 5548 2195 5588 vem
2239 5530 2499 5587 accusas?
2537 5528 2676 5582 Ecce
2715 5527 2926 5582 interim
2967 5525 3108 5597 quod
3137 5540 3243 5581 non
3289 5526 3655 5598 intelligimus,

2078 5625 2354 5696 paululum
2399 5633 2740 5694 seponamus,
2771 5618 2837 5674 ad
2881 5619 3092 5676 laudem
3134 5619 3292 5692 Legis
3335 5635 3454 5691 quae
3479 5629 3659 5690 aperta

2141 5763 2158 5792 ί
2185 5767 2313 5828 town,
2353 5755 2480 5808 Absit
2513 5753 2601 5828 hoc
2635 5755 2694 5804 ab
2921 5751 3256 5820 qmlicwnque
3291 5749 3560 5807 christiani.
3583 5756 3657 5804 Er.

2078 5823 2225 5886 Lugd.
2266 5830 2380 5872 Ven.
2406 5822 2560 5870 secuti
2581 5829 2764 5869 manus.
2829 5822 2886 5866 Il.
