3978 6450
1715 304 1746 313 δ
1951 300 2016 314 4%

1664 387 1724 447 S.
1763 385 2126 445 AUGUSTiNl
2165 387 2471 447 EPISCOPI

430 393 536 456 827

429 521 515 570 est
551 511 841 572 veniamus.
877 505 1165 574 Pandantes,
1193 504 1381 576 inquit,
1412 511 1748 576 peccatorum,
1780 519 1892 574 qua:
1916 519 2005 574 per

349 612 363 638 ι’
427 604 611 678 Legem
640 615 778 669 sunt,
800 603 1135 672 operabuntur
1153 601 1208 656 in
1237 600 1469 656 membris
1489 601 1688 665 nostris,
1719 610 1769 653 ut
1785 603 2010 670 fructum

430 698 616 769 ferrent
633 695 799 756 morti.
832 692 982 750 Nunc
1007 709 1127 764 ergo
1147 693 1371 750 evacuoti
1389 709 1562 747 sumus
1582 708 1613 744 a
1643 690 1774 762 Lege
1807 692 2003 759 mortis,

425 787 477 842 in
497 802 599 858 qua
623 786 987 852 detinebantur,
1010 785 1082 841 ita
1105 795 1155 840 ut
1172 786 1447 842 serviamus
1467 785 1518 837 in
1541 785 1756 838 novitate
1775 783 2002 854 spiritus,

425 891 470 935 et
492 896 592 936 non
614 880 667 934 in
697 887 934 936 vetustate
980 879 1174 940 litteris.
1223 877 1412 936 Adhuc
1459 877 1665 934 videtur
1692 876 1889 947 Legem
1919 891 2006 929 ar-

424 989 604 1046 guere,
644 973 879 1042 culpare,
897 973 1221 1044 improbare,
1247 971 1503 1028 detestari
1534 989 1545 1023 :
1574 969 1667 1026 sed
1709 984 1812 1026 non
1839 968 2005 1028 intel—

423 1065 724 1137 ligentibus.
765 1063 899 1120 Cum
940 1065 1084 1120 enim
1111 1063 1263 1130 dicit,
1295 1063 1420 1118 Cum
1472 1079 1687 1120 essemus
1730 1062 1784 1115 in
1826 1077 1998 1125 carne,

423 1157 679 1231 passiones
705 1165 1022 1228 peccatorum
1041 1172 1157 1227 qua:
1175 1172 1264 1226 per
1289 1153 1471 1226 Legem
1497 1163 1634 1220 sunt,
1663 1152 2005 1222 operabantur

422 1252 476 1306 in
515 1250 748 1306 membris
772 1251 976 1316 uomit,
1005 1259 1058 1308 ut
1091 1252 1312 1320 fructum
1337 1252 1521 1319 ferrent
1546 1247 1714 1304 morti.
1750 1244 1903 1299 Nunc
1917 1260 2002 1298 er-

419 1358 483 1413 go
526 1342 751 1398 concitati
779 1357 950 1400 sumus
973 1358 1005 1393 α
1029 1339 1162 1411 Lege
1191 1339 1383 1405 mortis,
1427 1339 1481 1391 in
1510 1355 1607 1410 qua
1635 1336 2000 1401 detinebantur,

417 1435 490 1488 ita
517 1445 573 1490 ut
596 1435 870 1494 serviamus
888 1435 943 1490 in
973 1434 1188 1492 novitate
1227 1433 1452 1503 spiritus,
1478 1441 1525 1486 et
1554 1447 1655 1485 non
1683 1431 1735 1485 in
1757 1437 1996 1484 cetustotc

418 1525 617 1594 titterre,
639 1526 790 1595 quasi
829 1525 1010 1596 utique
1040 1527 1055 1557 ³
1096 1525 1303 1584 videtur
1328 1525 1523 1594 Legem
1565 1538 1818 1578 accusare
1841 1531 2001 1592 atque

417 1618 649 1688 culpare.
672 1616 816 1672 Vidit
836 1617 936 1672 hoc
953 1625 1007 1680 et
1025 1617 1158 1687 ipse,
1189 1616 1336 1682 vidit,
1359 1615 1524 1672 sensit
1548 1629 1606 1672 se
1623 1629 1728 1670 non
1752 1613 1995 1685 intelligi,

416 1715 472 1766 et
488 1716 671 1764 contra
697 1707 1073 1766 obscuritatem
1103 1709 1383 1764 verborum
1403 1721 1621 1762 suorum
1647 1705 1997 1777 cogitationes

416 1797 695 1860 hominum
722 1800 1046 1858 commoveri
1076 1817 1091 1856 :
1117 1800 1286 1856 sensit
1311 1798 1434 1870 quid
1464 1799 1635 1868 possis
1657 1797 1858 1864 dicere,
1879 1811 1998 1852 sen-

412 1894 482 1948 sit
509 1893 633 1964 quid
663 1893 832 1962 possis
849 1893 1247 1958 contradicere;
1278 1901 1332 1949 et
1358 1892 1500 1960 prior
1525 1891 1626 1947 hoc
1653 1889 1817 1946 voluit
1851 1889 1997 1946 dice-

411 1999 492 2054 re,
518 1994 576 2042 ut
600 1993 654 2042 tu
680 2000 787 2046 non
809 1985 1044 2042 invenias
1063 1985 1203 2056 quod
1221 1985 1446 2040 diceres.

484 2075 709 2140 CAPUT
747 2075 832 2138 ill.
854 2107 926 2118 --
948 2077 1000 2132 ι.
1047 2075 1318 2146 Apostolus
1347 2076 1453 2146 ipse
1490 2073 1638 2145 Legis
1663 2076 1994 2146 reprehenso-

413 2186 496 2226 res
537 2170 719 2224 ibidem
747 2170 1051 2224 damnat.—
1073 2171 1208 2238 Quid
1232 2187 1350 2241 ergo
1388 2170 1626 2234 dicemus,
1652 2168 1857 2239 inquit?
1885 2167 1996 2223 lloc

410 2265 668 2334 sequitur.
695 2263 830 2330 Quid
855 2280 973 2335 ergo
999 2264 1267 2318 dicemus?
1296 2262 1403 2317 Lex
1419 2271 1674 2333 peccatum
1695 2262 1806 2316 est?
1831 2259 1990 2316 Absit.

410 2356 529 2414 Uno
545 2357 705 2416 verbo
721 2356 916 2427 Legem
937 2357 1179 2422 absolvit,
1209 2356 1365 2428 Legis
1384 2366 1746 2412 accusatorem
1771 2354 1992 2410 damna-

407 2451 503 2506 vit.
548 2450 931 2510 Auctoritatem
975 2450 1218 2519 Apostoli
1257 2460 1446 2506 contra
1476 2465 1561 2506 me
1589 2449 1919 2520 prolerebas,
1951 2464 1984 2505 ο

406 2541 716 2608 Manichaee,
753 2548 808 2598 et
830 2540 1045 2598 dicebas
1072 2542 1220 2608 mihi,
1253 2557 1372 2596 cum
1399 2541 1592 2612 Legem
1623 2541 1990 2611 reprehende-

405 2649 512 2701 res,
544 2634 681 2692 Ecce
711 2633 846 2690 Audi
886 2634 1219 2703 Apostolum,
1245 2634 1362 2704 lege
1399 2635 1711 2704 Apostolum
1740 2652 1751 2687 :
1782 2633 1992 2690 Passio-

405 2745 494 2785 nes
529 2738 847 2800 peccatorum
869 2743 984 2797 quit:
1023 2743 1111 2798 per
1152 2727 1333 2799 Legem
1371 2737 1508 2794 sunt,
1561 2727 1900 2796 operabantur
1936 2727 1989 2782 in

405 2820 640 2876 membris
675 2821 880 2882 nostris,
902 2826 956 2875 ut
998 2818 1216 2889 fructum
1247 2819 1431 2888 ferrent
1480 2819 1648 2873 morti.
1681 2818 1833 2872 Nunc
1872 2835 1990 2889 ergo

406 2911 635 2968 evacuati
669 2927 843 2967 sumus
861 2927 894 2964 α
917 2909 1050 2981 Lege
1077 2911 1272 2974 mortis,
1300 2911 1354 2964 in
1377 2926 1476 2979 qua
1513 2909 1879 2974 detinebnmur,
1919 2909 1989 2964 ita

406 3014 462 3059 ut
476 3005 751 3060 serviamus
771 3005 825 3060 in
845 3004 1063 3057 novitate
1089 3003 1318 3073 spiritus,
1346 3012 1512 3058 etnon
1553 3003 1604 3055 in
1648 3002 1987 3056 vetustatetit-

406 3103 546 3152 tera.
569 3094 816 3151 iactabas
833 3103 906 3161 te,
927 3093 1216 3159 clamabas,
1233 3093 1468 3158 dicebas,
1497 3091 1651 3155 Audi,
1678 3091 1811 3162 lege,
1836 3091 1985 3147 vide:

404 3187 506 3244 ista
528 3186 761 3252 dixeras,
792 3194 846 3241 et
871 3185 978 3255 jam
1010 3199 1166 3242 verso
1196 3193 1344 3254 tergo
1379 3185 1454 3240 ire
1479 3183 1747 3253 cupiebas.
1782 3183 1987 3252 Exspe-

404 3285 511 3344 cta,
540 3276 716 3333 audivi
741 3285 815 3339 te,
855 3275 974 3332 audi
1008 3289 1093 3330 me
1123 3291 1136 3326 :
1171 3275 1276 3329 imo
1305 3289 1403 3328 nec
1429 3288 1526 3344 ego
1555 3283 1623 3339 te,
1651 3290 1746 3328 nec
1778 3282 1834 3327 tu
1853 3289 1938 3328 me
1966 3291 1982 3338 ;

405 3367 502 3424 sed
530 3367 688 3423 ambo
716 3366 872 3426 simul
900 3366 1179 3422 audiamus
1220 3367 1549 3435 Apostolum.
1582 3367 1669 3435 qui
1712 3366 1868 3421 solvit
1895 3381 1978 3430 se,

405 3469 459 3516 et
481 3459 661 3530 alligat
681 3467 751 3514 te.
784 3458 921 3525 Quid
948 3474 1065 3528 ergo
1099 3458 1338 3522 dicemus,
1366 3456 1574 3528 inquit?
1604 3455 1710 3510 Lex
1729 3466 1988 3527 peccatum

405 3562 477 3607 est
497 3551 523 3605 ?
552 3551 662 3608 Hoc
688 3550 924 3618 dicebas,
953 3549 1062 3608 Lex
1091 3559 1350 3620 peccatum
1372 3558 1462 3615 est,
1495 3549 1596 3604 hoc
1622 3564 1811 3618 nempe
1837 3547 1983 3602 dice~

403 3643 520 3699 bas.
543 3642 683 3698 Ecce
703 3641 897 3700 audisti
929 3636 1084 3710 quod
1107 3641 1340 3706 dicebas,
1372 3640 1495 3698 audi
1525 3639 1664 3710 quod
1691 3640 1856 3696 dicas.
1889 3640 1987 3696 Le-

404 3752 524 3810 gem
569 3737 660 3792 Dei
691 3743 963 3806 peccatum
989 3749 1109 3792 esse
1147 3734 1380 3800 dicebas,
1410 3733 1622 3802 quando
1647 3748 1762 3790 eam
1804 3748 1979 3788 caecus

405 3836 460 3884 et
486 3827 812 3898 improvidus
839 3824 1286 3896 reprehendebas.
1341 3825 1582 3880 Errasti:
1618 3823 1748 3880 vidit
1776 3825 1972 3880 Paulus

405 3935 644 3980 errorem
663 3929 827 3978 tuum.
847 3918 999 3986 Quod
1025 3917 1258 3984 dicebas,
1290 3917 1402 3987 ipse
1426 3917 1577 3972 dixit.
1604 3917 1737 3984 Quid
1759 3934 1879 3987 ergo
1905 3918 1985 3970 di-

406 4012 620 4070 cemus?
645 4010 750 4070 Lex
766 4020 1022 4082 peccatum
1044 4009 1154 4070 cst?
1178 4008 1327 4075 Quod
1351 4008 1584 4073 dicebas,
1609 4007 1710 4064 hoc
1731 4008 1990 4064 dicimus?

405 4106 518 4164 Le:
564 4114 822 4176 peccatum
847 4104 968 4162 est?
998 4103 1156 4162 Absit.
1176 4101 1235 4160 Si
1279 4101 1520 4172 Apostoli
1559 4101 1867 4171 sequebaris
1891 4116 1988 4164 au—

406 4198 726 4260 ctoritatem.
766 4194 1006 4267 appetitio
1047 4194 1287 4261 verbum,
1325 4205 1377 4250 et
1399 4209 1529 4262 cape
1545 4193 1665 4248 inde
1690 4193 1988 4250 consilium.

405 4287 568 4356 Audi,
591 4286 697 4346 Lex
715 4295 971 4358 peccatum
995 4295 1066 4346 est
1086 4286 1112 4342 .9
1134 4285 1293 4340 Absit.
1321 4284 1479 4350 Audi,
1504 4283 1660 4340 Absit.
1685 4283 1738 4338 Si
1760 4285 1989 4352 Aposto-

407 4377 519 4440 lum
541 4378 800 4450 sequeris,
825 4378 868 4437 si
889 4377 1003 4450 ejus
1025 4376 1392 4436 auctoritatem
1420 4374 1631 4446 plurimi
1654 4373 1858 4443 pendis,
1886 4389 1986 4427 au-

407 4470 484 4536 di,
532 4469 719 4524 Absit:
746 4479 802 4526 et
852 4467 991 4540 quod
1045 4467 1334 4533 sentiebas,
1359 4481 1390 4527 a
1432 4473 1482 4520 te
1503 4464 1658 4518 absit.
1695 4463 1830 4534 Quid
1875 4480 1991 4536 ergo

407 4564 676 4620 dicemus?
704 4562 838 4632 Quid
869 4560 1151 4618 dicemus?
1177 4560 1298 4630 quia
1318 4557 1448 4624 dixi,
1479 4555 1748 4624 Passiones
1767 4565 1993 4624 peccato-

409 4673 524 4710 rum
548 4671 661 4726 qum
681 4671 766 4727 per
794 4653 976 4726 Legem
1001 4663 1137 4718 sunt,
1175 4649 1510 4721 operabantur
1535 4646 1588 4702 in
1632 4646 1863 4702 membris
1893 4663 1986 4702 no-

407 4749 545 4816 stris,
569 4756 623 4812 ut
649 4749 868 4823 fructum
891 4746 1077 4817 [errent
1103 4743 1248 4799 morti
1270 4757 1290 4805 ;
1323 4740 1446 4812 quia
1475 4739 1606 4804 dixi,
1632 4736 1874 4792 Evacuoti
1903 4754 1991 4792 su-

409 4861 522 4899 mus
549 4840 733 4913 aLege
788 4837 982 4903 mortis,
1023 4839 1077 4892 in
1127 4852 1228 4906 qua
1270 4830 1800 4900 dc:inebamur;quia
1863 4829 2026 4895 (ἥκῃ.

411 4935 702 4991 Serviamus
725 4933 779 4988 in
803 4933 1016 4990 novitate
1056 4929 1287 5000 spiritus,
1319 4934 1364 4984 et
1388 4942 1488 4982 non
1517 4925 1570 4979 in
1593 4931 1831 4980 vetustate
1861 4922 1993 4978 litte~

407 5043 483 5082 rec
508 5042 529 5081 :
556 5025 663 5080 Lea:
691 5033 950 5097 peccatum
976 5031 1050 5080 est
1071 5021 1098 5076 7
1134 5020 1296 5076 Absit.
1318 5020 1494 5088 Quare
1520 5031 1670 5088 ergo,
1717 5015 1993 5086 Apostole,

410 5126 555 5178 tanta
577 5117 663 5171 illa
689 5115 869 5172 dixisti
896 5116 915 5148 ³
943 5114 966 5167 ?

480 5208 708 5268 CAPUT
736 5207 960 5266 lV.-—5.
989 5203 1098 5264 Lex
1123 5203 1470 5273 concupiscere
1489 5205 1679 5262 malum
1700 5207 1993 5277 prohibens,

414 5317 518 5355 non
534 5311 605 5354 est
626 5300 782 5354 mata.
800 5298 911 5355 Lex
945 5297 1083 5358 absit
1098 5305 1156 5351 ut
1173 5297 1243 5356 sit
1275 5305 1543 5366 peccatum
1565 5316 1579 5353 :
1597 5297 1704 5354 Sed
1716 5310 1992 5369 peccatum,

411 5391 466 5449 in
476 5393 604 5462 quit,
619 5407 718 5444 non
729 5391 953 5460 cognoui,
970 5389 1066 5454 nisi
1083 5405 1170 5456 per
1186 5387 1534 5458 Legem.Nant
1547 5391 1998 5461 concupiscentiam

413 5481 708 5549 nesciebam,
732 5481 829 5537 nisi
843 5480 950 5540 Lex
971 5480 1155 5536 diceret
1171 5520 1183 5544 ,
1207 5478 1326 5534 Non
1347 5481 1683 5550 concupisces.
1702 5480 1819 5540 Jam
1835 5480 1996 5538 modo

418 5576 686 5650 interrogo
718 5583 789 5641 te,
826 5573 1139 5641 Manichaee,
1166 5572 1324 5632 modo
1346 5581 1396 5629 te
1421 5573 1711 5645 interrogo,
1733 5573 1997 5646 responde

481 5731 912 5866 ἒ,
937 5795 1008 5850 είς
1026 5794 1200 5866 iam
1236 5808 1269 5866 ει
1282 5802 1448 5866 οιιανε,
1472 5807 1604 5862 ergo.
1640 5793 1871 5866 ιρορροιε.
1896 5800 2000 5862 pou

413 5863 547 5910 tanta
565 5855 650 5909 illa
671 5853 860 5918 dixisti,
881 5865 979 5912 Lex
999 5853 1123 5910 absit
1141 5861 1191 5910 ut
1211 5856 1272 5910 sit
1285 5853 1552 5928 peccatum;
1573 5853 1665 5912 etc.
1678 5853 1690 5860 '
1730 5861 1788 5911 tt.

2119 503 2268 560 mihi.
2299 505 2434 562 Mala
2459 514 2544 562 est
2561 505 2673 564 Lex
2696 506 2816 579 quia
2839 505 3000 578 didit,
3034 506 3154 564 Non
3194 509 3563 582 concupisces?
3591 513 3700 574 lloc

2118 612 2216 652 nec
2255 596 2569 662 luxuriosus,
2601 599 2732 656 mihi
2773 607 2829 656 et
2855 616 3081 673 nequam
3112 601 3300 672 aliquis
3342 604 3696 673 responderit.

2119 692 2328 750 Etenim
2367 701 2422 748 et
2467 693 2568 762 ipsi
2597 693 2846 752 homines
2872 694 3119 766 ﬂagitiosi
3156 693 3366 766 quando
3412 698 3699 766 reprehen-

2116 784 2332 853 duntur,
2359 787 2714 854 erubescunt;
2741 797 2796 843 et
2840 787 3052 858 quando
3077 797 3203 844 sunt
3228 789 3366 844 inter
3391 799 3588 855 castos,
3619 790 3698 846 la-

2113 878 2305 934 scivire
2332 893 2437 935 non
2456 878 2673 938 audent.
2723 879 2781 935 Si
2809 894 2937 950 ergo
2976 880 3170 938 malam
3201 880 3338 937 dicis
3357 895 3477 936 csse
3500 880 3698 953 Legem

2113 987 2229 1042 qua:
2260 972 2422 1040 dicit,
2480 969 2603 1028 Non
2643 973 3004 1045 concupisces;
3052 974 3266 1044 impune
3312 975 3393 1029 vis
3437 975 3698 1046 concupi-

2111 1078 2290 1130 scere;
2321 1080 2539 1122 accuSas
2580 1065 2776 1136 Legem
2798 1105 2816 1128 ,
2840 1066 2964 1136 quia
2996 1071 3220 1136 percutit
3247 1067 3545 1124 libidinem.
3569 1068 3698 1124 Fra-

2114 1165 2220 1212 tres
2245 1159 2347 1213 mei
2372 1200 2387 1224 ,
2419 1159 2462 1214 si
2489 1174 2593 1216 non
2615 1159 2919 1214 audiremus
2942 1160 3249 1228 Apostolum
3269 1159 3560 1227 dicentem,
3589 1160 3698 1216 Lex

2111 1259 2365 1320 peccatum
2411 1252 2524 1306 est?
2567 1250 2749 1316 Absit;
2778 1251 2872 1307 sed
2924 1251 3293 1309 tantummodo
3334 1253 3495 1308 verba
3537 1253 3702 1324 chis

2109 1351 2610 1398 commemorantem
2637 1383 2652 1409 ,
2682 1343 2766 1397 ubi
2792 1343 2990 1400 dictum
3012 1352 3094 1398 est
3114 1384 3130 1412 ,
3164 1341 3285 1400 Non
3334 1345 3654 1414 concupisces
3674 1360 3700 1399 :

2107 1435 2266 1490 etiam
2303 1437 2496 1506 Legem
2547 1437 2637 1491 illo
2673 1453 2780 1492 non
2813 1437 3092 1503 laudante,
3123 1451 3221 1492 nos
3253 1446 3426 1493 tamen
3478 1436 3700 1496 laudare

2108 1527 2455 1583 deberemus:
2488 1529 2630 1583 illam
2673 1529 2886 1586 laudare
2907 1572 2921 1596 ,
2951 1545 3047 1585 nos
3085 1545 3356 1588 accusare.
3383 1530 3520 1586 Ecce
3546 1531 3654 1592 Lex
3677 1571 3694 1600 .

2106 1635 2232 1676 ecce
2259 1621 2487 1691 desuper
2517 1623 2638 1680 tuba
2675 1623 2856 1682 divina
2885 1623 3078 1680 clamat
3097 1623 3298 1680 homini
3323 1665 3339 1692 ,
3366 1623 3487 1680 Non
3510 1641 3698 1680 concu-

2105 1713 2284 1783 pisces.
2318 1711 2439 1768 Non
2468 1716 2790 1785 concupisces
2809 1757 2822 1781 ,
2854 1715 3185 1785 reprehendo
3213 1716 3259 1770 si
3289 1725 3474 1785 potes;
3501 1715 3617 1784 fac,
3649 1717 3696 1774 si

2104 1804 2500 1874 reprehendere
2539 1822 2643 1861 non
2673 1816 2844 1876 potes.
2887 1807 3130 1873 Audisti,
3168 1805 3290 1864 Non
3329 1809 3693 1878 concupisces,

2102 1896 2495 1964 reprehendere
2525 1913 2630 1954 non
2656 1897 2842 1954 audes.
2863 1898 2996 1967 Quia
3023 1898 3218 1954 bonum
3245 1910 3327 1954 est
3365 1899 3506 1969 quod
3526 1899 3696 1967 dixit,

2104 1987 2227 2044 Non
2271 1992 2628 2061 concupisces;
2679 1991 2877 2047 malum
2931 2000 3014 2045 est
3059 1992 3455 2061 concupiscere.
3497 1992 3696 2049 Malum

2102 2084 2278 2153 culpat
2308 2083 2434 2149 Lex,
2468 2099 2498 2136 a
2528 2091 2618 2138 tuo
2639 2084 2778 2140 malo
2806 2092 2857 2138 te
2883 2082 3129 2152 prohibet
3151 2083 3281 2138 Lex.
3315 2083 3457 2155 Ergo
3489 2100 3700 2141 concu-

2101 2175 2307 2244 piscere
2335 2175 2530 2230 malum
2577 2175 2756 2245 culpat
2781 2173 2893 2228 Lex
2916 2215 2930 2240 ,
2962 2189 2992 2230 a
3042 2185 3131 2228 tuo
3177 2175 3316 2229 malo
3347 2184 3399 2231 te
3445 2175 3704 2244 prohibet

2099 2266 2230 2322 Lex.
2263 2266 2401 2335 Ergo
2429 2265 2511 2320 fac
2535 2265 2674 2336 quod
2699 2266 2852 2335 jubet
2880 2265 3010 2330 Lex,
3041 2266 3146 2321 noli
3175 2265 3351 2322 facere
3379 2266 3525 2337 quod
3550 2276 3702 2324 vetas

2100 2357 2211 2414 Lex
2232 2401 2244 2422 ,
2277 2359 2385 2412 noli
2411 2359 2812 2428 concupiscere.

2171 2449 2394 2506 CAPUT
2429 2449 2490 2503 V.
2519 2479 2590 2492 -—
2607 2450 2661 2504 6.
2701 2448 3130 2518 Concupiscentite
3153 2449 3342 2504 malum
3371 2457 3486 2506 ante
3508 2449 3702 2522 Legem

2098 2543 2342 2614 ignotum.
2391 2542 2497 2598 Sed
2565 2541 2691 2612 quid
2738 2542 2812 2595 ait
2855 2541 3184 2612 Apostolus?
3226 2540 3704 2611 Concupisccutiam

2099 2633 2404 2698 nesciebant,
2433 2633 2531 2687 nisi
2575 2631 2682 2687 Leo;
2727 2633 2954 2698 diceret,
2986 2630 3107 2688 Non
3154 2633 3494 2704 concupisces.
3543 2633 3700 2694 ibam

2097 2726 2239 2782 enim
2263 2733 2382 2795 post
2395 2725 2878 2794 concupiscentiam
2900 2738 3091 2789 meam,
3115 2733 3170 2780 et
3187 2739 3291 2793 qua
3308 2724 3548 2780 trahebat
3565 2741 3699 2782 cur-

2097 2818 2302 2884 rebam,
2333 2815 2558 2885 ejusque
2588 2816 2866 2872 illecebras
2896 2814 3135 2878 blandas,
3163 2821 3220 2870 et
3243 2831 3310 2874 ex
3339 2817 3539 2872 carnali
3560 2832 3698 2872 sua-

2100 2910 2264 2966 vitate
2287 2908 2548 2979 jucundas
2595 2923 2840 2978 magnam
2870 2907 3173 2964 felicitatem
3209 2907 3525 2966 arbitrabar.
3554 2909 3702 2966 Last-

2097 3001 2248 3054 dotur
2264 3000 2402 3054 enim
2419 3008 2669 3069 peccator,
2691 2998 2764 3054 ait
2778 2997 2910 3064 Lex,
2933 2998 2987 3051 in
3007 2997 3269 3054 desideriis
3279 2999 3464 3053 animi:
3486 3014 3628 3066 suae;
3645 3009 3700 3058 et

2096 3095 2180 3164 qui
2200 3093 2374 3162 iniqua
2395 3091 2539 3162 gerit,
2564 3089 2870 3145 benedicitur
2894 3087 3064 3156 (Psal.
3082 3103 3157 3153 Ix,
3179 3087 3256 3161 ὃ).
3281 3089 3490 3146 Iuvenis
3514 3090 3699 3148 homi-

2096 3198 2217 3237 nem
2230 3181 2685 3250 concupisccntias
2701 3195 2822 3236 suas
2834 3179 3076 3240 carnales
3093 3188 3696 3253 scctantem,totumque

2096 3289 2154 3328 se
2171 3273 2274 3330 illis
2299 3287 2511 3328 servum
2527 3271 2835 3336 donantem,
2855 3271 3104 3340 aucupari
3122 3271 3350 3341 undique
3371 3273 3695 3342 voluptates,

2097 3364 2644 3432 fornicari,inebriari;
2660 3379 2764 3420 non
2781 3363 3154 3432 dicoamplius;
3172 3363 3438 3431 fornicari,
3453 3366 3700 3434 inquam,

2096 3459 2366 3514 inebriari.
2384 3459 2503 3515 Haec
2516 3459 2622 3512 dixi
2641 3474 2758 3526 qum
2773 3457 2915 3512 licite
2930 3459 3350 3522 committuntur,
3367 3459 3461 3516 sed
3473 3474 3580 3514 non
3601 3459 3702 3518 Dei

2097 3549 2320 3619 legibus.
2341 3549 2470 3616 Quis
2481 3547 2917 3616 enimaliquando
2928 3548 2992 3604 ad
3005 3547 3236 3616 iudicem
3248 3547 3438 3606 ductus
3448 3559 3551 3614 cat,
3570 3551 3700 3620 quia

2098 3641 2398 3698 meretricis
2427 3640 2646 3708 lupanar
2673 3640 2924 3694 intravit?
2956 3640 3085 3708 Quis
3114 3641 3402 3710 aliquando
3428 3643 3483 3697 in
3515 3643 3701 3711 publi-

2097 3735 2177 3788 cis
2199 3734 2547 3790 tribunalibus
2567 3741 2844 3788 accusatus
2872 3742 2955 3790 est
2977 3773 2991 3798 ,
3019 3734 3137 3802 quia
3161 3749 3256 3803 per
3275 3749 3400 3790 suas
3428 3735 3701 3806 lyristrias

2100 3826 2332 3881 lascivus
2376 3824 2783 3893 immundusque
2828 3823 3236 3892 delluxit?Quis
3281 3825 3568 3895 aliquando
3594 3827 3699 3882 ha-

2097 3917 2230 3971 hens
2260 3931 2498 3980 uxorem,
2528 3916 2648 3985 quia
2676 3915 2918 3972 ancillam
2940 3931 3090 3976 suam
3117 3916 3348 3983 vitiavit,
3378 3917 3584 3974 crimen
3613 3919 3701 3976 in-

2100 4006 2401 4062 venit?Sed
2434 4008 2484 4060 in
2508 4006 2642 4070 foro,
2673 4020 2776 4060 non
2800 4006 2851 4059 in
2877 4005 3051 4073 cmlo;
3094 4007 3146 4062 in
3191 4007 3308 4077 lege
3335 4007 3555 4076 mundi,
3584 4025 3699 4064 non
3753 4019 3765 4029 ‘

2101 4101 2154 4154 in
2182 4101 2298 4169 lege
2320 4098 2590 4154 Creatoris
2631 4098 2834 4156 mundi.
2865 4098 3191 4156 Luxuriosus
3217 4107 3390 4160 autem
3412 4139 3428 4166 ,
3459 4101 3700 4160 immun-

2101 4194 2200 4248 dus
2224 4203 2383 4262 atque
2409 4192 2634 4246 lascivus
2649 4190 2773 4251 felix
2794 4191 2987 4250 dicitur
3005 4192 3277 4250 abundare
3297 4194 3696 4264 voluptatibus,

2101 4282 2202 4340 frui
2229 4285 2453 4342 deliciis.
2481 4283 2728 4340 Jamvero
2752 4285 2802 4341 si
2847 4299 2906 4340 se
2931 4284 3092 4340 etiam
3137 4285 3261 4342 vino
3290 4285 3611 4357 ingurgitat,
3647 4288 3700 4348 si

2100 4375 2248 4434 bibat
2296 4389 2574 4434 mensuras
2618 4375 2734 4432 sine
2773 4390 3060 4439 mensura;
3095 4391 3277 4445 parum
3319 4379 3548 4447 estquia
3581 4395 3700 4436 non

2104 4465 2304 4520 invenit
2333 4467 2558 4529 crimen,
2587 4466 2746 4520 etiam
2770 4465 2866 4520 viri
2891 4466 3038 4520 fortis
3057 4467 3246 4536 accipit
3272 4483 3465 4526 nomen
3489 4486 3503 4524 :
3538 4478 3705 4526 tanto

2102 4558 2348 4628 nequior,
2378 4567 2576 4627 quanto
2601 4557 2701 4616 sub
2730 4557 2921 4626 poculo
2953 4557 3215 4614 invictior.
3246 4558 3378 4615 Cum
3406 4559 3704 4624 laudantur

2104 4649 2226 4715 ista,
2257 4659 2310 4704 et
2329 4648 2554 4715 dicitur,
2586 4648 2734 4706 Felix
2763 4657 2877 4714 est,
2909 4663 3130 4718 magnus
3155 4659 3236 4704 est
3260 4691 3273 4716 ,
3305 4650 3441 4706 bene
3467 4661 3550 4708 est
3573 4653 3699 4720 illi;

2102 4750 2156 4796 et
2201 4757 2306 4798 non
2357 4741 2526 4798 solum
2554 4739 2655 4796 hoc
2704 4754 2810 4794 non
2840 4747 3055 4808 putatur
3089 4755 3209 4795 esse
3255 4750 3527 4810 peccatum
3551 4784 3566 4808 ,
3593 4745 3704 4804 sed

2103 4833 2262 4891 etiam
2293 4842 2507 4902 putatur
2530 4831 2613 4886 vel
2645 4830 2740 4886 Dei
2765 4830 2963 4888 donum
2983 4870 2998 4896 ,
3023 4831 3107 4886 vel
3134 4839 3279 4888 certe
3307 4847 3467 4888 suave
3486 4872 3502 4901 ,
3531 4833 3704 4890 blan-

2102 4924 2226 4980 dum
2267 4932 2322 4980 et
2346 4923 2549 4980 licitum
2594 4922 2792 4980 bonum
2823 4922 3100 4990 :procodit
3142 4923 3224 4977 lex
3257 4923 3385 4990 Dei,
3415 4934 3470 4978 et
3517 4923 3659 4982 dicit
3686 4967 3704 4992 ,

2105 5017 2225 5072 Non
2269 5015 2608 5086 concupisces.
2641 5015 2733 5075 ille
2757 5015 2918 5072 homo
2957 5015 3046 5084 qui
3078 5016 3294 5085 putabat
3317 5031 3565 5087 magnum
3589 5019 3706 5074 bo-

2103 5125 2228 5170 num
2253 5123 2392 5174 esse,
2414 5120 2761 5176 magnamque
2777 5104 3082 5160 felicitatem
3103 5105 3455 5172 existimabat,
3479 5122 3540 5164 ea
3566 5123 3709 5178 qua:

2104 5212 2317 5273 posset,
2344 5216 2457 5258 suae
2507 5197 2952 5268 concupiscentia:
2983 5213 3090 5258 non
3133 5213 3334 5268 negare
3357 5239 3374 5266 ,
3410 5200 3562 5270 sequi
3583 5217 3708 5274 qua

2105 5293 2297 5358 trahit;
2329 5293 2503 5356 audit,
2533 5289 2655 5346 Non
2674 5289 3015 5360 concupisces;
3043 5299 3098 5345 et
3120 5292 3391 5362 cognoscit
3413 5305 3534 5348 esse
3563 5307 3714 5361 pec-

2103 5394 2298 5441 catum.
2323 5384 2462 5438 Deus
2495 5381 2660 5447 dixit,
2687 5380 2846 5435 homo
2875 5379 3110 5444 audivit,
3143 5380 3251 5434 Deo
3275 5380 3528 5447 credidit,
3561 5397 3714 5451 pec-

2102 5485 2279 5533 catum
2299 5491 2452 5531 suum
2477 5473 2634 5538 vidit;
2667 5471 2809 5542 quod
2839 5470 3037 5527 bonum
3065 5470 3317 5540 putabat,
3346 5471 3541 5526 malum
3565 5487 3717 5533 esse

2104 5567 2352 5638 cognovit
2391 5564 2598 5620 :voluit
2643 5562 2856 5618 frenare
2897 5561 3410 5632 concupiscentiam,
3455 5578 3560 5618 non
3619 5565 3719 5624 ire

2107 5666 2230 5730 post
2250 5672 2388 5724 eam,
2417 5656 2629 5712 strinxit
2650 5668 2730 5720 se,
2756 5661 2978 5712 conatus
3000 5662 3099 5720 est,
3134 5653 3304 5709 victus
3331 5662 3430 5710 est.
3461 5654 3560 5724 Qui
3596 5656 3724 5715 fuit

2105 5762 2261 5808 antea
2298 5751 2509 5808 nescius
2550 5748 2811 5805 malorum
2837 5761 3076 5814 suorum,
3101 5745 3272 5804 tactus
3293 5754 3380 5804 est
3405 5747 3622 5818 doctus,
3659 5763 3720 5808 et

2107 5847 2260 5919 pejus
2286 5851 2367 5900 est
2393 5843 2563 5904 victus
2595 5858 2608 5901 :
2640 5839 2800 5920 coepit
2827 5853 2946 5902 esse
2966 5853 3071 5898 non
3097 5838 3267 5908 solum
3295 5848 3564 5912 peccator,
3600 5845 3720 5902 sed
