4098 6310
398 413 502 473 829

396 540 554 595 etiam
580 535 970 608 prmraricator.
990 534 1242 589 Peccator
1264 531 1408 587 enim
1434 538 1489 585 et
1517 538 1670 585 antea
1699 538 1815 583 erat
1839 545 1851 581 :
1876 526 1973 582 sed

397 640 678 698 antequam
704 627 896 697 Legem
925 626 1159 691 audiret,
1189 634 1522 694 peccatorcm
1549 638 1605 683 se
1628 636 1748 678 esse
1765 623 1970 675 nescie-

398 722 504 779 bat.
532 720 729 789 Legem
754 717 977 784 audivit,
1014 728 1287 786 peceatum
1314 715 1475 779 vidit;
1510 723 1732 769 conatus
1757 722 1839 768 est
1860 713 1975 767 vin-

395 829 536 877 cere,
564 820 841 883 superatus
867 822 1025 880 atque
1044 819 1334 880 prostratus
1351 817 1434 865 est
1461 825 1477 874 ;
1500 807 1665 863 factus
1686 817 1767 863 est
1790 816 1843 862 et
1868 806 1974 860 Lc-

394 909 475 978 gis
501 905 894 975 praevaricator,
913 904 1000 974 qui
1029 903 1126 963 fuit
1151 911 1304 957 antea
1330 900 1539 956 nescius
1564 909 1827 969 peccator.
1861 898 1973 952 Hoc

397 999 527 1054 dicit
553 996 839 1067 Apostolus
867 1015 881 1053 :
912 994 1016 1050 Lex
1055 1006 1311 1065 peccatum
1339 1002 1409 1050 est
1430 994 1455 1049 ?
1479 992 1635 1047 Absit.
1668 991 1772 1045 Sed
1797 1006 1975 1062 pecca-

393 1103 499 1146 tum
530 1107 631 1145 non
671 1089 879 1161 cognovi
899 1130 911 1153 ,
944 1090 1042 1144 nisi
1088 1104 1175 1157 per
1205 1088 1405 1158 Legem.
1431 1085 1569 1143 Nam
1616 1085 1970 1156 concupiscen-

394 1186 517 1251 tiam
542 1183 837 1246 nesciebam,
862 1182 962 1239 nisi
987 1179 1093 1235 Lex
1125 1180 1307 1237 diceret
1334 1222 1347 1245 ,
1382 1178 1502 1233 Non
1523 1176 1861 1245 concupisces.

466 1280 517 1333 7.
551 1276 961 1347 Concupisccntia
980 1290 1066 1344 per
1080 1272 1259 1344 Legem
1271 1281 1438 1336 aucta,
1455 1288 1553 1327 non
1570 1272 1714 1325 uicta.
1726 1301 1795 1310 —-
1810 1268 1973 1323 Occa-

391 1386 533 1425 sione
558 1378 725 1425 autem
753 1376 973 1437 accepta,
1010 1374 1265 1436 peccatum
1294 1380 1381 1434 per
1402 1362 1692 1421 mandatum
1713 1370 1972 1431 operatum

392 1476 466 1515 cst
485 1463 539 1515 in
565 1477 642 1515 me
678 1475 875 1515 omnem
901 1457 1369 1529 concupiscentiam.
1395 1454 1564 1509 Minor
1587 1463 1700 1508 erat
1724 1452 1973 1522 concupi-

390 1556 615 1619 scentia,
642 1552 855 1623 quando
880 1560 1003 1607 ante
1046 1551 1241 1620 Legem
1284 1564 1502 1604 securus
1526 1546 1798 1616 peccabas,
1832 1558 1974 1600 nunc

389 1662 570 1705 autem
602 1649 857 1719 oppositis
877 1647 973 1703 tibi
1012 1644 1251 1701 obicibus
1278 1644 1461 1712 Legis,
1493 1641 1683 1695 ﬂuvius
1723 1639 1972 1708 concupi-

390 1744 610 1798 scentia:
660 1742 810 1812 quasi
851 1739 1086 1795 frcnatus
1114 1746 1196 1793 est
1242 1736 1541 1806 paululum,
1573 1750 1676 1788 non
1703 1734 1967 1788 siccatus:

391 1838 486 1893 sed
512 1838 843 1891 increscente
871 1835 1067 1904 impetu
1089 1832 1175 1900 qui
1208 1838 1258 1887 te
1280 1829 1505 1883 ducebat
1530 1827 1765 1881 obicibus
1792 1826 1967 1891 nullis,

392 1930 570 1984 obruit
614 1936 667 1982 te
707 1926 948 1983 obicibus
987 1924 1176 1992 ruptis.
1206 1919 1646 1989 Concupiscenlia
1687 1926 1772 1971 tua
1799 1917 1974 1970 minor

392 2032 541 2086 erat,
579 2019 792 2089 quando
838 2027 980 2073 tuam
1028 2015 1275 2071 movebat
1323 2013 1628 2078 libidinem,
1675 2012 1847 2066 omnis
1891 2019 1972 2065 est

388 2123 568 2168 autem
605 2110 815 2181 quando
843 2107 1166 2163 transcendit
1192 2115 1247 2161 et
1269 2105 1482 2173 Legem.
1514 2104 1605 2158 Vis
1630 2119 1786 2158 nosse
1814 2119 1970 2173 quam

390 2220 580 2274 magna
605 2203 705 2259 sit?
732 2201 865 2257 Vide
892 2200 1017 2269 quid
1045 2199 1242 2268 ruperit
1270 2216 1287 2253 :
1318 2197 1438 2251 Non
1489 2198 1825 2265 concupisces.
1858 2196 1968 2249 Non

392 2296 555 2350 homo
578 2294 743 2360 dixit,
780 2292 918 2347 Deus
942 2290 1095 2357 dixit,
1126 2290 1344 2345 Creator
1370 2289 1520 2353 dixit,
1544 2289 1711 2344 iudex
1742 2297 1971 2346 aeternus

388 2388 544 2452 dixit,
564 2403 667 2441 non
692 2386 1012 2455 quicumque
1040 2383 1191 2437 dixit.
1220 2383 1325 2437 Fac
1345 2398 1472 2452 ergo
1501 2382 1640 2451 quod
1661 2382 1809 2435 dixit.
1854 2382 1969 2437 Non

390 2478 562 2533 facis?
592 2478 816 2532 observa
848 2475 1169 2545 iudicantem
1191 2474 1280 2543 qui
1303 2473 1452 2527 dixit.
1473 2473 1577 2527 Sed
1620 2473 1744 2542 quid
1773 2473 1933 2527 facias
1952 2516 1966 2542 ,

387 2586 423 2627 ο
447 2569 650 2625 homo?
695 2568 815 2622 Ideo
842 2580 947 2625 non
970 2565 1173 2627 vicisti,
1204 2564 1323 2633 quia
1355 2563 1421 2617 de
1444 2576 1491 2617 te
1517 2563 1913 2632 praesumpsisti.

458 2658 683 2715 CAPUT
713 2658 796 2715 Vl.
830 2688 896 2696 —
924 2658 975 2713 8.
1037 2656 1358 2711 Prazsumcns
1397 2655 1457 2708 de
1496 2670 1548 2709 se
1594 2655 1704 2722 ipso
1734 2655 1965 2709 vincitur.

387 2750 616 2806 Attende
643 2765 772 2818 ergo
816 2763 957 2803 nunc
984 2746 1142 2801 verba
1172 2746 1441 2814 superiora
1458 2786 1472 2811 ,
1514 2762 1631 2815 quin
1658 2745 1969 2801 videbantur

385 2842 613 2899 obscura
646 2856 659 2893 :
687 2839 811 2896 Cum
841 2839 972 2893 enim
1002 2854 1220 2899 essemus
1246 2838 1299 2891 in
1329 2853 1496 2893 carne.
1530 2836 1703 2891 Verba
1729 2853 1847 2906 quae
1871 2852 1967 2892 su-

388 2934 596 3003 periora
628 2932 877 2998 diximus,
911 2930 1052 2989 unde
1081 2930 1242 2999 coepit
1266 2930 1422 2984 lectio
1466 2945 1584 2999 qua:
1641 2930 1863 2984 obscura
1888 2930 1969 2984 vi-

385 3026 628 3092 debatur,
656 3024 911 3079 attendite
936 3041 947 3076 :
977 3022 1102 3078 Cum
1148 3023 1279 3075 enim
1304 3037 1517 3076 essemus
1546 3022 1598 3074 in
1633 3038 1816 3086 carne,
1847 3038 1965 3091 pas-

384 3120 551 3179 siones
591 3128 908 3189 peccatorum
932 3132 1048 3188 qut:
1076 3132 1166 3187 per
1181 3114 1365 3187 Legem
1391 3096 1525 3171 sunt.
1561 3113 1709 3169 Unde
1744 3130 1838 3183 per
1864 3116 1965 3170 Le-

386 3226 505 3282 gem
532 3210 690 3267 sunt?
718 3208 850 3275 Quia
870 3222 1084 3267 eramus
1107 3208 1159 3263 in
1184 3222 1366 3266 carne.
1390 3205 1524 3273 Quid
1551 3213 1634 3260 est
1659 3248 1670 3268 ,
1700 3207 1820 3275 quia
1850 3222 1969 3261 era—

386 3304 577 3363 musiu
605 3304 807 3359 carne?
837 3301 1296 3359 Praemmebamus
1332 3296 1401 3354 de
1422 3314 1601 3353 carne.
1634 3298 1769 3353 Num
1823 3301 1964 3354 enim

384 3396 474 3466 qui
498 3395 811 3465 loquebatur
832 3394 1146 3462 Apostolus,
1173 3391 1283 3459 jam
1310 3391 1512 3446 exierat
1539 3391 1606 3445 de
1639 3391 1734 3443 ista
1761 3407 1922 3445 carne
1945 3435 1959 3458 ,

383 3496 476 3542 aut
501 3487 578 3542 eis
608 3485 924 3555 loquebatur
967 3486 1055 3553 qui
1082 3483 1191 3551 jam
1245 3482 1485 3537 exierant
1525 3490 1697 3536 morte
1745 3482 1813 3536 de
1864 3483 1963 3537 ista

379 3577 586 3635 carne?
611 3577 725 3631 Non
750 3577 951 3645 utique;
971 3574 1065 3631 sed
1092 3573 1384 3629 secundum
1408 3572 1564 3641 hujus
1587 3573 1706 3626 vitae
1727 3572 1961 3638 modum,

379 3681 437 3727 et
458 3671 545 3740 qui
566 3668 897 3737 loquebatur,
927 3674 980 3721 ct
990 3666 1177 3735 quibus
1194 3664 1525 3734 loquebatur,
1547 3664 1597 3717 in
1614 3679 1773 3719 carne
1793 3674 1961 3718 erant.

378 3760 519 3829 Quid
542 3774 671 3829 ergo
686 3766 787 3822 est,
805 3756 932 3817 Cum
950 3772 1167 3811 essemus
1188 3760 1239 3809 in
1255 3771 1426 3819 carne;
1445 3755 1566 3820 nisi,
1580 3770 1698 3808 cum
1713 3755 1780 3809 de
1804 3770 1965 3811 carne

381 3866 865 3925 prrcsumercmus,
899 3850 1001 3905 hoc
1042 3857 1163 3915 est,
1209 3848 1276 3903 de
1331 3848 1482 3902 nobis
1532 3848 1964 3903 consideremus?

380 3945 590 4002 Homini
618 3944 757 4003 enim
786 3944 983 3999 dictum
1008 3948 1112 4006 est,
1141 3948 1195 3995 et
1217 3940 1285 3999 de
1306 3940 1609 3995 hominibus
1632 3940 1831 3995 dictum
1859 3949 1959 4005 est,

388 4036 582 4091 Videbit
608 4035 769 4095 omnis
798 4050 915 4089 caro
945 4035 1167 4088 salutare
1195 4031 1287 4087 Dei
1314 4029 1461 4103 (lsai.
1493 4047 1584 4096 XL,
1611 4033 1673 4097 5;
1708 4031 1830 4086 Luc.
1864 4048 1919 4086 ιιι
1943 4074 1959 4099 ,

381 4130 456 4200 6).
484 4127 619 4201 Quid
651 4134 732 4182 cst
751 4169 765 4194 ,
798 4124 994 4183 Videbit
1025 4125 1185 4185 omnis
1231 4140 1370 4187 caro;
1398 4124 1531 4187 nisi,
1562 4124 1759 4179 videbit
1787 4124 1961 4179 omnis

380 4221 573 4277 homo?
602 4220 665 4277 Et
690 4219 822 4289 quid
867 4227 978 4283 est,
1021 4216 1238 4275 Verbum
1274 4232 1392 4269 caro
1426 4216 1618 4284 factum
1662 4224 1732 4271 est
1764 4217 1958 4289 (Joan.

382 4328 398 4367 ι
426 4354 441 4377 ,
470 4312 581 4381 14);
624 4310 727 4372 nisi
750 4351 763 4376 ,
798 4308 1029 4369 Verbum
1060 4306 1221 4368 homo
1265 4308 1454 4361 factum
1504 4308 1627 4361 est?
1651 4307 1765 4361 Non
1814 4309 1957 4363 enim

379 4404 608 4459 Verbum
639 4410 694 4457 et
715 4416 839 4456 caro
862 4410 977 4455 erat
997 4442 1010 4466 ,
1034 4408 1089 4455 et
1116 4399 1293 4461 anima
1318 4397 1388 4452 ibi
1414 4413 1518 4451 non
1544 4407 1658 4452 erat
1682 4416 1695 4449 :
1728 4399 1819 4453 sed
1842 4414 1961 4453 ear-

378 4495 459 4550 nis
486 4495 698 4549 nomine
727 4492 886 4547 homo
914 4490 1242 4561 signiﬁcatus
1263 4498 1374 4553 est,
1410 4490 1461 4545 in
1487 4506 1551 4545 eo
1580 4491 1722 4559 quod
1744 4492 1955 4561 legitur,

386 4586 602 4641 Verbum
628 4603 745 4640 caro
776 4590 963 4656 factum
988 4593 1078 4638 est.
1109 4584 1247 4653 Ergo
1279 4581 1409 4637 Cum
1444 4598 1661 4637 essemus
1690 4583 1742 4636 in
1768 4600 1918 4637 carne
1939 4625 1956 4652 ,

378 4678 433 4732 id
461 4687 571 4745 est,
596 4679 647 4733 in
697 4675 1141 4745 concupiscentiis
1176 4674 1354 4730 carnis
1394 4688 1756 4739 versaremur,
1784 4675 1959 4745 ibique

380 4776 547 4823 totam
596 4784 745 4838 spem
802 4779 1037 4823 nostram
1070 4776 1313 4834 tauquam
1339 4765 1390 4819 in
1410 4766 1562 4821 nobis
1594 4781 1908 4834 poneremus
1941 4786 1954 4822 :

376 4861 632 4932 passiones
658 4870 1003 4928 peccatorum,
1033 4873 1144 4928 qua:
1167 4873 1253 4927 per
1282 4856 1440 4926 legem
1469 4866 1584 4910 sunt
1604 4896 1617 4920 ,
1641 4868 1809 4912 aucta:
1836 4868 1960 4913 sunt

377 4969 473 5024 per
502 4955 688 5025 legem.
717 4951 1058 5011 Prohibenda
1102 4951 1243 5005 enim
1288 4948 1527 5003 fecerunt
1556 4950 1686 5018 legis
1713 4952 1959 5019 praevari-

375 5053 644 5111 catorem;
673 5045 792 5116 quia
835 5046 922 5099 ille
945 5043 1033 5112 qui
1058 5041 1431 5111 praevaricator
1452 5050 1534 5095 est
1575 5041 1761 5103 iactus.
1792 5041 1956 5097 Deum

376 5152 483 5191 non
505 5136 690 5193 habuit
729 5136 1047 5204 adiutorem.
1084 5131 1434 5203 Operabantur
1461 5146 1589 5200 ergo
1631 5132 1685 5185 in
1727 5134 1958 5188 membris

376 5232 581 5297 nostris,
610 5238 664 5283 ut
711 5230 933 5298 fructum
979 5226 1166 5295 [errent
1185 5266 1199 5289 ,
1229 5224 1313 5278 cui
1332 5264 1347 5288 ,
1379 5223 1480 5277 nisi
1508 5223 1693 5277 morti?
1714 5223 1767 5278 Si
1803 5224 1952 5278 dam-

376 5321 583 5376 nandus
608 5330 722 5374 erat
744 5326 988 5386 peccator
1014 5330 1174 5386 quam
1200 5329 1349 5383 spem
1378 5312 1537 5369 habet
1564 5313 1956 5381 ιιιευγηιίρειιοιῖ

447 5412 672 5468 CAPUT
694 5410 805 5466 VII.
831 5438 904 5450 --
928 5408 981 5465 9.
1013 5406 1497 5475 Conﬁdcndumnon
1545 5404 1597 5457 in
1642 5421 1725 5470 se,
1772 5405 1858 5458 sed
1903 5406 1955 5459 in

379 5505 505 5559 Deo.
537 5504 675 5574 Ergo
699 5546 714 5571 ,
742 5519 774 5558 u
794 5503 984 5567 homo,
1012 5500 1137 5556 vicit
1175 5509 1250 5570 ιθ,
1272 5497 1698 5566 concupiscentia
1724 5505 1809 5552 tua
1834 5514 1848 5563 ;
1882 5498 1957 5552 vi-

376 5598 479 5661 cit,
511 5596 633 5666 quia
664 5596 717 5650 in
739 5595 878 5648 malo
908 5594 1024 5649 loco
1052 5600 1102 5653 te
1140 5590 1340 5646 invenit
1361 5607 1373 5641 ι
1392 5589 1590 5643 invenit
1620 5597 1672 5643 te
1701 5587 1753 5642 in
1775 5603 1951 5656 carne,

376 5687 502 5745 ideo
518 5697 569 5743 te
581 5686 722 5742 vicit.
741 5686 903 5755 Migra
924 5684 1050 5740 inde
1072 5702 1086 5738 :
1106 5681 1229 5754 quid
1248 5680 1585 5751 expavescis?
1605 5680 1716 5734 Non
1736 5680 1825 5734 tibi
1848 5680 1953 5735 dixi

378 5790 440 5837 ut
456 5778 843 5837 moriaris.Noli
858 5774 1353 5848 expavescere,quia
1371 5773 1497 5839 dixi,
1518 5772 1675 5843 Migra
1694 5772 1758 5828 de
1775 5788 1951 5829 carne.

377 5869 497 5933 Non
522 5870 619 5928 tibi
649 5869 759 5928 dixi
798 5878 857 5927 ut
882 5867 1148 5936 moriaris,
1190 5868 1297 5923 imo
1326 5864 1494 5922 audeo
1520 5864 1695 5921 dicere
1720 5906 1735 5934 ,
1764 5864 1869 5920 dixi
1899 5872 1956 5920 ut

1809 409 2036 467 Siii’iiit)
2072 411 2248 469 (11.1“.

2081 531 2344 589 moriaris.
2359 534 2413 590 Si
2436 539 2627 594 mortui
2644 541 2773 596 estis
2793 556 2911 597 cum
2926 542 3156 609 Christo,
3175 557 3292 614 qua:
3308 557 3513 599 sursum
3535 552 3657 601 sunt

2081 626 2320 692 quaerite.
2350 626 2403 680 ln
2423 644 2580 686 carne
2600 631 2803 701 vivens,
2832 636 2938 691 noli
2955 636 3321 691 esseincarne.
3344 635 3521 690 Omnis
3536 652 3657 691 caro

2081 716 2275 785 fenum,
2316 719 2525 776 Verbum
2549 735 2716 779 autem
2744 726 2949 782 Domini
2976 739 3140 787 manet
3165 731 3218 783 in
3240 739 3479 789 cateruam
3503 729 3654 801 (Icci.

2080 826 2167 877 XL,
2216 812 2293 881 6).
2350 814 2600 872 Dominus
2638 818 2727 871 ﬁat
2780 820 3033 892 refugium
3078 831 3243 878 tuum.
3274 824 3436 878 instat
3457 838 3655 878 concu-

2081 903 2354 972 piscentia,
2382 916 2532 975 urget
2562 918 2630 975 te,
2653 925 2871 979 magnas
2896 914 3037 970 vires
3062 915 3264 984 accepit
3282 914 3562 969 adversum
3582 925 3653 980 te,

2079 995 2432 1065 prohibitione
2453 998 2606 1068 Legis
2624 1001 2873 1069 grandior
2894 1004 3027 1059 facta
3044 1013 3145 1071 est,
3174 1007 3426 1075 majorem
3450 1009 3655 1061 hostem

2078 1087 2274 1155 pateris
2302 1104 2315 1139 :
2348 1089 2416 1144 sit
2443 1090 2696 1147 Dominus
2722 1094 2979 1165 refugium
3004 1105 3168 1163 tuum,
3200 1099 3359 1153 turris
3388 1098 3655 1153 fortitudio

2078 1177 2161 1233 nis
2182 1194 2210 1234 a
2232 1181 2363 1235 facie
2379 1182 2575 1237 inimici
2596 1184 2766 1257 (Psal.
2792 1203 2878 1254 ιι,
2898 1188 2973 1259 4).
3000 1190 3114 1245 Noli
3134 1206 3259 1263 ergo
3279 1192 3460 1247 essein
3473 1207 3652 1257 carne,

2082 1271 2133 1327 in
2165 1275 2351 1343 spiritu
2378 1285 2511 1331 esto.
2543 1279 2679 1346 Quid
2706 1281 2861 1335 estin
2887 1283 3073 1351 spiritu
3100 1285 3251 1339 esto?
3276 1284 3330 1339 In
3359 1286 3466 1341 Deo
3505 1300 3655 1355 spem

2077 1378 2233 1433 pone.
2258 1366 2387 1421 Nam
2408 1369 2455 1422 si
2486 1372 2725 1439 posueris
2745 1386 2893 1441 spem
2922 1373 2972 1427 in
3004 1374 3120 1443 ipso
3149 1376 3335 1444 spiritu
3365 1392 3468 1447 quo
3497 1377 3646 1431 homt‘

2077 1469 2135 1508 es
2158 1496 2171 1519 ,
2199 1456 2386 1512 iterum
2409 1460 2625 1528 spiritus
2654 1470 2773 1516 tuus
2800 1463 2850 1517 in
2873 1478 3086 1518 carnem
3108 1465 3377 1528 relabitur,
3402 1467 3522 1536 quia
3550 1481 3654 1521 nou

2077 1545 2265 1603 dedisti
2294 1564 2413 1603 eum
2442 1551 2515 1605 illi
2560 1566 2587 1605 a
2627 1569 2732 1622 quo
2760 1554 3134 1622 Suspendatur.
3161 1555 3274 1609 Non
3300 1572 3358 1610 se
3379 1556 3615 1611 continet
3638 1597 3653 1623 ,

2076 1637 2122 1691 si
2152 1654 2254 1691 non
2279 1641 2601 1697 continetur.
2630 1644 2747 1699 Noli
2781 1660 3054 1699 remanere
3079 1646 3130 1700 in
3165 1656 3234 1710 te,
3266 1646 3577 1701 transcende
3601 1654 3657 1703 et

2079 1737 2129 1783 te
2155 1745 2170 1784 :
2200 1730 2252 1785 in
2282 1731 2374 1786 illo
2414 1740 2464 1787 te
2490 1748 2627 1802 pone
2655 1737 2671 1768 ³
2700 1737 2787 1805 qui
2817 1736 2941 1791 fecit
2982 1745 3052 1790 te.
3092 1736 3225 1791 Nam
3253 1737 3298 1791 si
3346 1752 3492 1807 spem
3520 1736 3574 1790 in
3605 1745 3657 1792 to

2077 1818 2357 1887 habueris,
2390 1833 2604 1893 accepta
2632 1825 2771 1896 Lege
2798 1828 3171 1896 praevaricator
3216 1828 3340 1882 eris.
3375 1827 3576 1882 Invenit
3605 1836 3657 1883 to

2077 1910 2242 1966 hostis
2268 1913 2464 1973 nudum
2495 1916 2696 1986 refugio
2721 1959 2733 1979 ,
2768 1917 2967 1972 invadit
3010 1926 3061 1973 te
3086 1937 3099 1972 :
3125 1918 3243 1972 vide
3269 1920 3290 1952 ³
3319 1933 3385 1972 ne
3408 1918 3545 1972 forte
3572 1932 3657 1973 ra-

2076 2002 2181 2072 piat
2206 2044 2220 2068 ,
2251 2004 2393 2058 velut
2422 2005 2526 2072 leo,
2559 2016 2613 2061 ct
2643 2022 2746 2062 non
2782 2009 2853 2061 sit
2875 2009 2965 2077 qui
2990 2017 3139 2063 eruat
3167 2008 3341 2077 (Psal.
3364 2024 3507 2074 xux,
3538 2008 3653 2079 22).

2075 2095 2304 2150 Attende
2326 2098 2486 2153 verba
2516 2098 2758 2167 Apostoli
2787 2100 2981 2169 Legem
3008 2100 3292 2167 laudantis,
3320 2115 3377 2155 se
3401 2115 3656 2156 accusan-

2078 2187 2172 2251 tis,
2206 2204 2352 2242 reum
2382 2205 2440 2243 se
2491 2190 2589 2245 sub
2630 2191 2770 2262 Lege
2800 2191 3070 2257 facientis,
3098 2202 3152 2247 et
3195 2208 3475 2262 personam
3519 2192 3658 2249 forte

2076 2286 2218 2333 tuam
2245 2280 2298 2335 in
2328 2295 2385 2334 se
2405 2282 2845 2351 transligurantis,
2875 2293 2929 2338 et
2954 2283 3178 2337 dicentis
3209 2284 3301 2339 tibi
3337 2302 3349 2336 :
3384 2283 3657 2338 Peccatum

2075 2388 2175 2426 non
2203 2375 2408 2443 cognovi
2428 2416 2442 2441 ,
2471 2375 2566 2433 nisi
2596 2391 2682 2444 per
2707 2374 2909 2446 Legem.
2943 2374 3081 2429 Nam
3101 2377 3553 2445 concupiscentiam
3570 2392 3657 2430 ne-

2074 2462 2321 2528 sciebant,
2352 2464 2449 2519 nisi
2474 2464 2581 2519 Lex
2598 2466 2779 2520 diceret
2799 2508 2813 2532 ,
2846 2465 2965 2525 Non
3004 2468 3340 2538 concupisces.
3385 2464 3658 2520 Occasione

2074 2563 2240 2606 autem
2265 2564 2503 2624 accepta,
2538 2566 2795 2623 peccatum
2838 2573 2926 2627 per
2959 2557 3254 2611 mandatum
3296 2568 3557 2627 operatum
3585 2566 3657 2611 88‘

2078 2644 2131 2697 in
2160 2661 2239 2701 me
2260 2662 2458 2699 omnem
2477 2648 2949 2719 concupiscentiam.
2969 2647 3095 2701 Sine
3118 2648 3224 2719 lege
3241 2649 3371 2702 enim
3402 2659 3658 2719 peccatum

2072 2748 2324 2795 mortuum
2340 2748 2430 2793 est.
2446 2740 2581 2806 Quid
2608 2748 2710 2807 est,
2728 2749 2979 2795 mortuum
2996 2741 3104 2795 est?
3122 2740 3416 2807 Latet,‘non
3441 2749 3658 2810 apparet

2073 2834 2324 2900 omnino,
2392 2843 2639 2904 tanquam
2702 2835 2966 2904 sepultum
3014 2834 3304 2905 ignoratur.
3358 2833 3659 2889 Aduenients

2071 2936 2236 2981 autem
2287 2928 2555 2993 mandato,
2607 2938 2863 2998 peccatum
2889 2928 3084 2982 revixit.
3112 2928 3248 2994 Quid
3292 2938 3402 2995 est,
3449 2928 3659 2983 reuixit!

2071 3018 2343 3086 Apparcre
2370 3018 2559 3087 erepit,
2615 3019 2801 3074 sentiri
2850 3019 3044 3090 coepit,
3078 3018 3336 3074 rebellare
3378 3018 3658 3079 adversum

2069 3121 2157 3160 me
2181 3108 2357 3174 coepit.

2140 3196 2362 3253 CAPUT
2391 3198 2687 3255 ναι-ιο.
2715 3199 2993 3254 Delectatio
3015 3199 3139 3270 legis
3169 3198 3295 3265 Dei,
3324 3207 3369 3253 et
3396 3197 3659 3253 delectatio

2070 3291 2500 3359 concupiscentia}.
2522 3321 2593 3331 ——
2621 3292 2733 3362 Ego
2761 3302 2926 3347 autem
2953 3298 3179 3349 mortuus
3212 3311 3342 3349 sum.
3370 3294 3506 3364 Quid
3526 3302 3647 3360 est,

2074 3390 2295 3437 mortuus
2345 3382 2495 3435 sum?
2523 3382 2903 3439 Praevaricator
2930 3383 3100 3439 factus
3126 3400 3243 3439 sum
3269 3425 3283 3450 ,
3314 3385 3378 3439 Et
3407 3386 3657 3440 inventum

2073 3481 2145 3525 est
2170 3472 2292 3525 milii
2316 3473 2607 3526 mandatum
2625 3475 2759 3543 quod
2778 3483 2883 3527 erat
2912 3476 2963 3529 in
2991 3478 3163 3529 uitam.
3194 3476 3380 3531 Videte
3398 3478 3522 3547 quia
3549 3476 3658 3533 Lex

2074 3561 2321 3616 laudatur
2340 3603 2353 3627 ,
2384 3565 2675 3619 mandatum
2716 3566 2851 3634 quod
2879 3577 2983 3619 erat
3030 3566 3083 3621 in
3124 3568 3293 3622 vitam.
3317 3567 3497 3635 Qualis
3517 3567 3658 3624 enim

2070 3654 2175 3707 vita
2205 3662 2285 3709 est
2304 3696 2317 3719 ,
2348 3671 2451 3708 non
2478 3656 2899 3724 concupiscere?
2924 3658 2969 3712 Ο
2996 3660 3103 3713 vita
3149 3659 3345 3714 dulcis!
3378 3660 3555 3715 Duicis
3577 3670 3658 3716 est

2070 3744 2281 3814 quidem
2310 3745 2551 3815 voluptas
2578 3748 3019 3816 concupiscentiae
3048 3766 3060 3801 :
3090 3765 3276 3804 verum
3299 3757 3401 3816 est,
3420 3764 3520 3804 nec
3538 3764 3656 3805 eam

2073 3834 2319 3891 homines
2361 3846 2725 3906 sequerentur,
2756 3838 2856 3899 uisi
2908 3839 3077 3895 dulcis
3124 3850 3285 3895 esset.
3330 3840 3655 3906 Theatrum,

2069 3929 2434 3996 spectaculum
2461 3969 2475 3993 ,
2504 3929 2754 3991 meretrix
2782 3929 2999 3996 lasciva,
3029 3930 3332 4000 turpissima
3353 3930 3613 3986 cantilena
3637 3972 3654 3999 ,

2070 4018 2242 4074 dulcia
2272 4028 2397 4077 sunt
2418 4020 2516 4075 ista
2536 4021 3016 4090 concupiscentiis;
3043 4021 3215 4081 dulcia
3244 4023 3419 4091 plane,
3450 4023 3653 4090 suavia,

2067 4110 2398 4167 delectabilia
2431 4129 2443 4175 ;
2483 4111 2610 4179 sed,
2647 4110 2997 4175 Narrausrunt
3042 4113 3167 4171 mihi
3210 4112 3388 4179 iniusti
3435 4112 3653 4169 delecta-

2068 4203 2245 4271 tiones,
2269 4202 2357 4261 scd
2379 4220 2478 4257 non
2495 4204 2626 4267 sicut
2652 4204 2733 4258 lea:
2752 4212 2870 4273 tua,
2898 4202 3113 4266 Domine
3136 4203 3305 4275 (Psal.
3328 4219 3509 4274 cum,
3537 4204 3653 4277 85).

2066 4292 2259 4349 Suavia
2301 4304 2456 4362 sunt,
2486 4295 2659 4351 dulcia
2688 4306 2849 4363 sunt,
2882 4295 3211 4363 delectabilia
3236 4308 3358 4352 sunt
3381 4296 3506 4352 :sed
3530 4297 3654 4353 audi

2065 4389 2308 4453 meliora,
2332 4387 2679 4449 Narraverunt
2704 4388 2829 4444 mihi
2852 4389 3031 4459 injuin
3044 4389 3419 4454 delectationes,
3441 4389 3530 4444 sed
3551 4405 3654 4445 non

2064 4481 2192 4535 sicut
2222 4480 2303 4535 lex
2320 4489 2426 4547 tua,
2451 4480 2685 4539 Domine.
2718 4481 2866 4537 Felix
2891 4481 3064 4541 anima
3089 4498 3207 4552 quae
3231 4481 3531 4552 huiusmodi
3554 4482 3652 4538 de‘

2065 4570 2436 4626 lectationibus
2463 4571 2756 4633 oblectatur
2780 4612 2794 4637 ,
2828 4572 2918 4635 ubi
2939 4571 3264 4642 turpitudine
3288 4572 3429 4628 nulla
3476 4572 3651 4642 inqui-

2064 4670 2241 4724 natur,
2268 4669 2320 4716 ct
2357 4662 2596 4727 veritatis
2633 4662 2917 4727 serenitate
2961 4672 3231 4735 purgatur.
3260 4662 3429 4732 Quem
3472 4671 3651 4720 autem

2063 4753 2292 4811 delectat
2336 4755 2419 4809 lex
2465 4755 2592 4822 Dei,
2624 4764 2678 4810 et
2717 4757 2794 4811 sic
2821 4755 3071 4821 delectat,
3103 4765 3162 4811 ut
3185 4770 3373 4810 omnes
3418 4755 3646 4811 delecta-

2064 4849 2238 4913 tiones
2283 4849 2512 4905 lasciviae
2551 4850 2761 4916 vincat,
2804 4864 2907 4911 non
2936 4850 3036 4907 sibi
3083 4856 3298 4919 arroget
3324 4850 3477 4904 istam
3502 4848 3651 4904 dele-

2062 4941 2347 4999 ctationem
2385 4959 2395 4992 :
2430 4941 2679 5005 Dominus
2704 4942 2841 4996 dabit
2876 4941 3169 4997 suavitatem
3194 4941 3211 5008 (
3241 4939 3386 4999 Psat.
3414 4956 3644 5007 txxxrv,

2065 5031 2172 5100 1⁸5).
2203 5032 2371 5101 Quam
2412 5031 2621 5086 dicam?
2666 5032 2925 5096 Domine,
2966 5032 3033 5089 da
3072 5031 3202 5087 mihi
3228 5032 3372 5090 illam
3418 5033 3648 5087 suavita-
3718 5067 3738 5089 ο

2064 5133 2191 5187 tem,
2222 5122 2304 5177 vel
2336 5122 2513 5177 illam?
2541 5123 2724 5178 Suavis
2751 5141 2801 5183 es
2822 5165 2836 5189 ,
2868 5122 3084 5178 Domine
3102 5165 3115 5189 ,
3138 5134 3184 5179 et
3207 5125 3259 5179 in
3289 5134 3376 5180 tua
3400 5126 3648 5181 suauitate

2062 5214 2184 5293 doce
2210 5230 2287 5268 me
2312 5214 2527 5281 iustitias
2552 5223 2663 5270 tuas
2692 5214 2858 5287 (Psal.
2886 5230 3073 5278 cxvut,
3103 5213 3226 5287 68).
3259 5214 3315 5269 lu
3346 5223 3435 5272 tua
3464 5219 3643 5273 suavi-

2062 5316 2169 5364 tate
2195 5309 2325 5363 doce
2371 5324 2490 5374 me,
2522 5318 2578 5364 et
2634 5308 2794 5363 doces
2820 5323 2926 5363 me.
2958 5308 3105 5365 Tunc
3150 5308 3296 5365 disco
3326 5319 3383 5366 ut
3409 5310 3600 5368 faciam
3629 5356 3643 5380 ,

2061 5401 2106 5454 si
2159 5401 2210 5465 in
2267 5409 2353 5455 tua
2380 5402 2637 5455 suavitate
2685 5399 2877 5454 doceas
2924 5414 3030 5459 me.
3083 5398 3347 5457 Caeterum
3393 5404 3647 5474 quamdiu

2061 5492 2325 5547 blanditur
2376 5492 2624 5562 iniquitas
2652 5499 2707 5545 et
2743 5489 2913 5546 dulcis
2942 5498 3023 5546 est
3048 5490 3297 5561 iniquitas
3315 5534 3329 5559 ,
3359 5508 3541 5549 amara
3568 5506 3650 5550 est

2127 5627 2141 5656 ί
2168 5625 2340 5697 Codex
2365 5622 2519 5697 (quin
2551 5621 2792 5697 illohpone
2812 5635 2838 5697 ;_
2859 5624 3034 5676 omissa
3066 5621 3299 5686 particula
3329 5632 3391 5689 te,
3429 5639 3517 5689 pro
3551 5641 3644 5692 qua

2061 5699 2211 5751 spem,
2235 5685 2608 5796 subintelllitgcre
2631 5684 2863 5738 licuisset.
3067 5684 3083 5686 “

2126 5751 2145 5781 ³
2171 5749 2396 5805 verbum,
2417 5760 2461 5796 vt
2499 5760 2542 5804 e,
2568 5748 2707 5797 abest
2724 5749 2785 5797 ab
2810 5756 2908 5797 Am.
2934 5755 3007 5797 Er.
3044 5754 3097 5808 et
3116 5761 3145 5798 a
3180 5756 3308 5808 Mss.,

2061 5812 2317 5879 sequentia
2340 5815 2630 5879 connectunt
2658 5822 2672 5858 :
2697 5819 2763 5863 Ne
2792 5811 2915 5875 forte
2946 5807 3107 5875 rapiat
3126 5808 3250 5863 velut
3282 5807 3369 5874 teo',
3398 5815 3444 5864 et
3463 5824 3555 5864 non
3584 5811 3643 5871 si.
3691 5807 3723 5856 έέ

2062 5872 2144 5936 qui
2164 5878 2299 5926 eruat
2317 5872 2526 5933 attende,
2552 5878 2645 5924 etc.

3331 5750 3507 5814 quisic
3526 5752 3639 5814 sub;
3696 5776 3727 5814 ,ρ
3809 5755 3815 5759 ‘
