3978 6438
408 366 510 432 831

407 472 625 544 veritas.
653 487 723 543 In
763 494 851 543 tua
896 486 1139 543 suavitate
1160 485 1284 540 doce
1319 500 1397 539 me
1428 501 1446 540 :
1471 490 1532 540 ut
1558 482 1734 540 suavis
1760 482 1831 538 sit
1853 479 1999 537 veri-

1644 360 1701 418 S.
1743 351 2112 419 AUGUSTINI
2147 354 2450 418 EPISCOPI

3587 375 3693 436 852

2107 478 2219 549 ejus
2241 480 2402 551 quiin
2421 497 2500 537 me
2523 464 2989 554 loquitur'Christus
3015 484 3038 558 (
3058 485 3102 542 ll
3125 487 3244 544 Cor.
3271 486 3386 557 xui,
3416 487 3514 563 3)?
3535 489 3690 549 Modo

403 591 507 645 tas.
533 576 812 637 dulcedine
842 592 927 636 tua
957 589 1328 637 contemnatur
1345 579 1610 650 iniquitas.
1638 577 2002 635 Multomclior
2106 577 2284 624 autem
2317 588 2332 625 ε
2365 569 2545 641 "aque
2571 575 2653 629 ίεατ
2683 576 2883 646 quidem
2910 588 3105 649 sancta,
3147 588 3193 636 et
3229 582 3528 639 mandatum
3564 600 3689 640 san-

407 684 492 729 est
515 683 571 729 et
594 675 807 729 suavior
822 675 1037 739 veritas,
1065 672 1158 729 sed
1183 672 1327 729 sanis
1352 673 1529 728 suavis
1550 679 1633 728 est
1660 670 1831 742 panis.
1860 669 1998 738 Quid

407 765 598 821 melius
627 775 678 821 et
704 766 1011 835 praeclarius
1034 780 1171 836 pane
1200 763 1448 821 caelesti?
1474 764 1580 820 Sed
1610 763 1656 819 si
1683 779 1788 819 non
1813 763 1999 819 obstu-

404 856 602 927 pefacit
629 856 817 913 dentes
846 857 1115 929 iniquitas.
1167 856 1439 927 Scriptum
1466 855 1611 912 enim
1641 854 1770 911 dicit
1803 874 1815 910 :
1849 855 1999 911 Sicut

405 963 503 1001 uva
532 949 711 1001 acerba
734 947 962 1004 dentibus
989 948 1141 1002 noxia
1162 956 1263 1015 est,
1288 957 1341 1001 et.
1373 949 1545 1019 fumus
1580 947 1777 1010 oculis;
1800 946 1872 1001 sic
1897 945 1996 1001 ini-

402 1040 569 1110 quitas
596 1040 842 1094 utentibus
872 1057 932 1095 ea
960 1038 1139 1113 (Prov.
1188 1056 1252 1106 ι,
1279 1039 1393 1112 26).
1425 1040 1561 1108 Quid
1609 1040 1824 1110 prodest
1871 1041 1995 1111 quia

403 1142 596 1198 panem
643 1130 889 1197 laudatis,
919 1132 964 1186 si
1013 1132 1153 1186 male
1177 1131 1395 1187 vivitis?
1439 1130 1590 1200 Quod
1633 1131 1861 1188 laudatis
1886 1148 1992 1188 non

404 1218 757 1275 manducatis.
788 1220 920 1277 Cum
950 1237 1078 1293 ergo
1103 1222 1256 1278 audis
1279 1222 1523 1291 verbum,
1551 1237 1671 1278 cum
1701 1223 1851 1279 audis
1870 1238 1993 1280 ver-

402 1309 529 1365 bum
554 1310 773 1380 justitia:
799 1321 855 1369 et
898 1313 1136 1369 veritatis
1156 1355 1170 1379 ,
1200 1321 1255 1369 et
1299 1314 1521 1380 laudas;
1553 1314 1719 1369 multo
1747 1314 1991 1371 laudabi»

400 1399 505 1455 lius
530 1409 612 1457 est
629 1443 644 1469 ,
677 1402 721 1456 si
748 1401 927 1458 facias.
952 1403 1060 1460 Fac
1087 1419 1215 1475 ergo
1239 1404 1380 1477 quod
1403 1405 1606 1461 laudas.
1642 1407 1726 1461 An
1753 1406 1993 1465 dicturus

402 1505 464 1547 es
492 1509 507 1547 :
535 1492 686 1561 Volo,
719 1494 811 1549 sed
838 1510 945 1550 non
985 1496 1173 1552 valeo?
1201 1496 1375 1565 Quare
1401 1510 1506 1552 non
1536 1497 1720 1559 vales?
1747 1498 1878 1567 Quia
1905 1513 1992 1554 sa-

402 1583 544 1641 nitas
571 1600 676 1640 nou
724 1594 824 1642 est.
858 1587 1012 1645 Unde
1040 1590 1319 1645 sanitatem
1370 1591 1685 1661 perdidisti,
1714 1593 1817 1648 nisi
1865 1594 1989 1665 quia

402 1677 672 1747 peccando
698 1678 1007 1736 Creatorem
1031 1681 1337 1738 oll‘endisti?
1361 1683 1499 1755 Ergo
1529 1692 1587 1739 ut
1611 1684 1728 1755 ejus
1756 1699 1950 1755 panem
1968 1727 1983 1753 ,

400 1783 559 1838 quem
589 1768 770 1827 laudas
792 1812 808 1838 ,
837 1786 957 1827 cum
1010 1773 1302 1843 suavitate,
1347 1774 1399 1829 id
1443 1784 1562 1843 est,
1591 1790 1712 1831 cum
1763 1778 1990 1834 sanitate

398 1856 690 1915 manduces
712 1901 728 1927 ,
759 1859 844 1916 dic
874 1861 948 1915 illi
979 1879 992 1915 :
1018 1859 1132 1934 Ego
1152 1864 1291 1933 dixi,
1325 1863 1560 1933 Domine,
1594 1868 1828 1923 miserere
1849 1870 1986 1936 mei;

398 1964 527 2004 sana
551 1950 772 2005 animam
798 1968 981 2018 meam,
998 1955 1237 2025 quoniam
1257 1958 1457 2028 peccavi
1480 1958 1568 2013 tibi
1588 1957 1755 2030 (Psal.
1786 1976 1878 2028 XL,
1906 1961 1983 2033 5).

399 2038 543 2112 Ergo
565 2084 581 2108 ,
612 2042 784 2113 inquit
808 2085 821 2108 ,
851 2045 1107 2100 inventum
1131 2057 1205 2102 est
1231 2049 1355 2103 mihi
1383 2050 1678 2105 mandatum
1701 2053 1837 2123 quod
1879 2064 1988 2110 erat

396 2132 453 2187 in
494 2134 680 2199 vitam,
712 2134 808 2191 hoc
848 2153 954 2191 esse
998 2138 1053 2192 in
1078 2147 1307 2195 mortem.
1361 2139 1489 2196 Erat
1515 2142 1657 2197 enim
1684 2144 1784 2200 sibi
1830 2155 1985 2201 antea

398 2222 611 2293 ignotus
630 2235 876 2295 peccator
894 2268 907 2293 ,
935 2227 1104 2286 factus
1150 2238 1232 2286 est
1256 2232 1567 2289 manifestus
1588 2237 1981 2304 prtevaricator.

340 2302 347 2308 ’
398 2312 542 2371 Ecce
562 2316 832 2373 inventum
854 2327 937 2374 est
965 2319 1040 2375 illi
1066 2320 1119 2375 in
1148 2329 1397 2393 mortem,
1428 2324 1569 2395 quod
1589 2302 1710 2381 erat
1731 2326 1982 2383 invitam.

473 2404 699 2465 CAPUT
739 2409 919 2465 lX.——
957 2413 1045 2467 11.
1084 2412 1254 2468 Homo
1287 2415 1531 2485 superbus
1568 2416 1740 2488 gladio
1778 2420 1985 2490 proprio

396 2498 686 2555 occisus.—
706 2500 982 2558 Occasione
996 2513 1183 2571 autem,
1208 2506 1399 2576 inquit,
1410 2516 1616 2579 accepta
1627 2519 1882 2579 peccatum
1897 2528 1986 2581 per

395 2589 692 2645 mandatum
732 2592 915 2664 fefellit
949 2610 1046 2660 me,
1075 2603 1124 2649 et
1158 2612 1248 2665 per
1276 2596 1407 2651 illud
1441 2598 1641 2653 occidit.
1672 2599 1759 2656 Sic
1786 2601 1982 2657 factum

397 2689 482 2737 est
524 2682 699 2753 primo
738 2683 791 2738 in
824 2685 1109 2755 paradiso:
1142 2686 1370 2761 Fefellit,
1404 2690 1588 2761 inquit,
1620 2708 1700 2747 me
1722 2694 1984 2751 occasione
2022 2738 2042 2749 -

393 2780 601 2843 accepta
643 2791 733 2845 per
772 2778 1087 2832 mandatum.
1136 2779 1267 2836 Vide
1314 2791 1619 2852 serpentem
1661 2785 1870 2841 mulieri
1906 2786 1980 2842 illi

395 2875 787 2922 susurrantem.
819 2868 1075 2935 Quaesivit
1101 2870 1168 2925 ab
1193 2886 1255 2928 ea
1295 2872 1423 2943 quid
1447 2873 1643 2930 dixerit
1676 2877 1817 2933 Deus
1847 2895 1859 2932 :
1890 2894 1981 2935 re-

394 2957 610 3027 spondit
630 2959 738 3024 illa,
766 2960 913 3016 Dixit
937 2962 1079 3018 nobis
1104 2963 1242 3019 Deus
1272 2981 1290 3018 :
1319 2964 1404 3020 Ex
1425 2967 1563 3021 omni
1589 2968 1726 3039 ligno
1747 2971 1884 3040 quod
1907 2980 1983 3027 est

392 3049 446 3102 in
476 3050 736 3119 paradiso,
764 3052 956 3119 edetis;
981 3054 1044 3108 de
1070 3056 1208 3124 ligno
1227 3065 1395 3111 autem
1413 3060 1636 3113 scientia:
1651 3060 1768 3115 boni
1787 3071 1835 3115 et
1858 3064 1982 3118 mali

392 3156 496 3196 non
524 3140 697 3197 edetis.
734 3142 817 3198 Ea:
843 3161 902 3199 eo
927 3147 972 3200 si
990 3146 1209 3214 ederttis,
1242 3158 1400 3203 morte
1425 3150 1725 3206 moriemini.
1759 3151 1872 3210 Hoc
1895 3164 1980 3211 est

394 3231 490 3287 Dei
516 3233 843 3291 mandatum.
870 3235 1066 3292 Contra
1107 3253 1331 3309 serpens
1366 3258 1378 3295 :
1413 3242 1567 3310 Non,
1599 3244 1790 3315 inquit,
1823 3257 1982 3303 morte

392 3325 692 3380 moriemini.
736 3326 937 3383 Sciebat
975 3331 1107 3384 enim
1142 3330 1283 3388 Deus
1318 3336 1436 3406 quia
1475 3353 1574 3407 qua
1615 3339 1697 3393 die
1737 3341 1974 3409 ederitis,

391 3416 684 3487 aperientur
721 3420 855 3474 oculi
892 3422 1059 3487 vestri,
1086 3431 1133 3477 et
1161 3424 1298 3480 eritis
1322 3434 1563 3498 tanquam
1589 3429 1664 3483 dii
1694 3430 1713 3502 (
1736 3429 1864 3485 Gen.
1896 3447 1974 3499 ιιι,

391 3510 540 3583 2-5).
573 3509 851 3569 Occasione
868 3530 998 3585 ergo
1022 3527 1229 3587 accepta
1264 3528 1526 3591 peccatum
1551 3539 1641 3592 per
1682 3524 1976 3579 mandatum

390 3603 572 3674 fefellit
600 3620 697 3673 me,
728 3614 776 3660 et
804 3623 894 3678 per
919 3607 1050 3662 illud
1069 3608 1275 3665 occidit.
1297 3609 1488 3667 Gladio
1514 3628 1672 3684 quem
1697 3616 1973 3686 portabas,

390 3701 447 3751 te
470 3694 716 3752 inimicus
738 3698 967 3765 occidit;
1013 3703 1177 3756 armis
1206 3701 1309 3757 tuis
1347 3710 1402 3759 te
1428 3704 1573 3772 vicit,
1604 3708 1771 3764 armis
1798 3708 1901 3765 tuis
1925 3719 1977 3767 te

387 3784 676 3843 interemit.
709 3787 912 3861 Recipe
934 3791 1242 3848 mandatum
1273 3810 1289 3849 :
1317 3794 1454 3851 scito
1492 3811 1611 3853 esse
1649 3813 1797 3854 arma
1817 3841 1833 3868 ,
1865 3816 1974 3857 non

389 3876 583 3947 quibus
611 3879 817 3935 occidat
838 3890 908 3948 te,
935 3882 1030 3939 sed
1055 3883 1246 3954 quibus
1270 3894 1376 3942 ate
1401 3887 1677 3945 occidatur
1706 3891 1970 3950 inimicus.

386 3967 493 4024 Sed
520 3970 630 4025 noli
659 3985 982 4040 praesumere
1006 3974 1074 4030 de
1094 3975 1296 4033 viribus
1316 3977 1439 4034 tuis.
1465 3979 1599 4036 Vide
1625 3998 1844 4053 parvum
1872 3984 1975 4041 Da-

385 4060 477 4116 vid
511 4071 695 4118 contra
737 4065 984 4135 Goliatli,
1017 4068 1140 4124 vide
1181 4084 1402 4140 parvum
1443 4081 1628 4129 contra
1664 4076 1970 4147 ingentem;

384 4151 480 4208 sed
508 4152 562 4207 in
588 4155 804 4212 nomine
832 4157 1041 4213 Domini
1070 4170 1500 4230 praesumentem.
1528 4163 1605 4219 Tu
1624 4168 1760 4222 venis
1783 4168 1851 4221 ad
1869 4184 1968 4235 me,

386 4241 578 4314 inquit,
619 4260 734 4299 cum
770 4248 948 4319 clypeo
981 4260 1028 4305 et
1065 4251 1276 4319 lancea;
1305 4270 1396 4326 ego
1437 4256 1491 4310 in
1518 4259 1721 4313 nomine
1764 4258 1973 4317 Domini

388 4333 792 4413 omnipotentis,(
807 4337 828 4392 l
866 4338 996 4411 Reg.
1023 4357 1151 4410 xvn,
1177 4344 1309 4415 45).
1351 4344 1462 4415 Sic,
1491 4347 1600 4414 sic;
1633 4349 1790 4407 aliter
1817 4367 1924 4408 non
1954 4371 1969 4408 :

387 4425 607 4481 omnino
635 4426 788 4484 aliter
815 4445 922 4486 non
957 4437 1313 4502 prosternitur
1336 4438 1601 4496 inimicus.
1633 4443 1734 4509 Qui
1765 4459 1969 4515 prrcsu-

384 4518 484 4574 mit
500 4519 568 4576 de
582 4519 781 4578 viribus
807 4523 938 4589 suis,
952 4534 1236 4599 antequam
1255 4534 1575 4605 pugnetipse
1596 4537 1969 4604 prosternitur.

456 4613 685 4672 CAPUT
724 4617 791 4672 X.
808 4647 881 4660 —
904 4619 992 4674 12.
1018 4621 1290 4693 Apostolus
1312 4625 1463 4680 etiam
1480 4615 1629 4697 atque
1646 4629 1797 4683 etiam
1820 4629 1971 4702 Legis

384 4707 735 4776 apertissimus
761 4708 1014 4766 laudator.
1050 4711 1237 4769 Videte
1267 4723 1443 4771 tamen
1464 4756 1479 4783 ,
1513 4716 1814 4775 charissimi
1839 4762 1854 4787 ,
1884 4720 1968 4776 vi-

382 4796 510 4855 dete
531 4799 693 4854 etiam
720 4810 878 4872 atque
907 4805 1065 4859 etiam
1098 4805 1320 4862 Paulum
1347 4808 1644 4877 apostolum
1668 4819 1854 4868 contra
1885 4811 1968 4868 fu-

386 4903 563 4945 rorem
586 4890 997 4949 Manichaeorum
1024 4911 1145 4952 esse
1187 4898 1319 4969 legis
1347 4898 1540 4954 divinas
1567 4902 1965 4972 apertissimum

385 4978 734 5059 laudatorem,
768 4983 944 5041 videte
969 4987 1098 5058 quid
1135 4988 1388 5059 adjungat
1410 5008 1423 5044 :
1447 4989 1629 5062 Itaque
1657 4992 1740 5048 lea:
1765 4996 1969 5065 quidem

381 5082 577 5142 sancta,
620 5085 668 5129 et
712 5077 1005 5133 mandatum
1029 5091 1295 5150 sanctum,
1329 5093 1375 5137 et
1408 5085 1641 5155 justum,
1670 5096 1716 5141 et
1761 5088 1964 5145 bonum.

381 5160 652 5237 Numquid
691 5167 906 5223 uberius
950 5170 1155 5227 laudari
1193 5174 1403 5242 potest?
1448 5175 1612 5234 Paulo
1651 5187 1774 5237 ante
1804 5182 1968 5239 verbo

380 5254 475 5311 illo
501 5257 643 5327 quod
663 5258 814 5328 dixit,
843 5260 999 5329 Absit,
1030 5263 1340 5322 defenderat
1365 5281 1396 5322 a
1424 5269 1648 5326 crimine
1667 5313 1681 5337 ,
1712 5286 1819 5328 non
1848 5272 1966 5329 lau-

384 5347 627 5403 daverat.
653 5349 809 5406 Aliud
830 5362 913 5408 est
933 5368 963 5409 a
994 5355 1217 5413 crimine
1246 5358 1459 5430 obiecto
1486 5360 1795 5432 defendere,
1824 5366 1968 5423 aliud

381 5439 561 5496 debito
593 5443 863 5512 praeconio
901 5447 1210 5515 praedicare.
1257 5448 1470 5507 Crimen
1519 5452 1784 5523 objectum
1832 5455 1965 5527 fuit,

385 5531 520 5598 Quid
545 5548 663 5605 ergo
683 5534 939 5590 dicemus?
955 5535 1060 5592 Lex
1085 5550 1342 5610 peccatum
1366 5543 1481 5597 est?
1504 5544 1770 5616 Defensio,
1802 5548 1964 5605 Absit.

382 5624 499 5683 Uno
524 5627 686 5683 verbo
724 5627 1022 5686 defenditur
1057 5634 1285 5703 veritas;
1316 5638 1438 5708 quia
1474 5653 1664 5709 magna
1704 5648 1789 5697 est
1824 5642 1968 5713 Apo-

382 5718 505 5773 stoli
537 5718 872 5776 defendentis
898 5725 1203 5781 auctoritas.
1228 5726 1365 5796 Quid
1389 5730 1479 5785 diu
1517 5730 1807 5789 defendat?
1846 5735 1966 5792 Suf-

380 5810 508 5867 ficit.
541 5810 700 5868 Absit.
734 5813 811 5868 An
856 5814 1027 5882 vultis,
1063 5816 1268 5887 inquit,
1306 5824 1698 5895 experimentum
1739 5828 1965 5899 accipere

2104 670 2261 727 ctum,
2287 672 2333 716 et
2350 664 2573 733 justum,
2596 674 2643 721 et
2671 669 2874 724 bonum.

2176 752 2262 808 15.
2290 753 2440 809 Idem
2474 765 2718 813 tractatur
2751 771 3123 833 argumentunt.
3156 763 3308 831 Quod
3342 783 3463 841 ergo
3503 768 3689 826 bonum

2102 851 2212 912 est,
2238 845 2363 900 mihi
2388 852 2580 918 factum
2605 860 2678 905 est
2695 853 2873 909 mors?
2898 853 3060 911 Absit.
3092 857 3225 924 Quia
3250 859 3448 916 bonum
3477 878 3585 918 non
3607 874 3691 921 est

2102 949 2269 993 mors.
2294 938 2401 994 Sed
2424 951 2685 1011 peccatum
2715 954 2773 1000 ut
2801 957 3048 1019 appareat
3077 961 3356 1023 peccatum,
3388 971 3478 1026 per
3504 955 3688 1012 bonum

2102 1038 2362 1100 apemtum
2384 1041 2456 1088 est
2480 1035 2607 1091 mihi
2633 1046 2861 1093 mortem.
2892 1040 3034 1097 Mors
3054 1058 3159 1098 non
3187 1057 3270 1101 est
3303 1047 3409 1115 lex,
3436 1049 3532 1105 sed
3562 1066 3687 1122 pec-

2101 1128 2278 1177 catum
2306 1133 2392 1181 est
2417 1140 2581 1183 mors.
2612 1127 2930 1187 iamdudum
2956 1142 3135 1191 autem
3160 1135 3389 1194 dixerat.
3427 1140 3555 1196 Sine
3578 1143 3687 1213 lege

2098 1224 2358 1284 peccatum
2402 1228 2656 1274 mortuum
2695 1232 2787 1277 est.
2834 1223 2933 1281 Ubi
2975 1241 3071 1283 vos
3113 1227 3517 1300 admonueram,
3561 1235 3686 1305 quia

2099 1314 2351 1360 mortuum
2378 1317 2470 1377 est,
2500 1310 2650 1380 dixit,
2681 1312 3049 1372 absconditum
3093 1319 3257 1386 latet,
3286 1336 3394 1377 non
3439 1334 3683 1395 apparet.

2095 1396 2252 1454 Modo
2274 1400 2448 1457 videte
2476 1418 2635 1474 quam
2661 1421 2785 1463 vere
2814 1407 2884 1463 ita
2910 1408 3110 1465 dictum
3134 1412 3204 1467 sit
3236 1431 3251 1468 :
3279 1411 3574 1484 Peccatum,
3597 1417 3685 1472 in-

2096 1491 2229 1561 quit,
2259 1502 2313 1546 ut
2353 1505 2598 1565 appareat
2633 1508 2911 1569 peccatum.
2954 1501 3071 1558 Non
3109 1504 3262 1573 dixit,
3292 1505 3364 1563 Ut
3396 1508 3504 1577 sit;
3558 1512 3685 1582 quia

2097 1589 2292 1637 eratet
2325 1584 2538 1653 quando
2570 1602 2677 1643 non
2714 1593 3020 1661 apparebat.
3048 1593 3322 1651 Peccatum
3358 1608 3415 1653 ut
3439 1613 3688 1672 appareat

2096 1683 2375 1745 peccatum.
2402 1677 2539 1747 Quid
2563 1689 2665 1749 est,
2681 1674 2756 1737 'ut
2788 1697 3031 1756 appareat
3064 1701 3321 1760 peccatum
3340 1692 3366 1747 Ρ
3387 1693 3520 1761 Quia
3558 1714 3686 1751 con-

2094 1767 2456 1838 cupiscentiam
2490 1774 2788 1845 nesciebam,
2817 1778 2916 1832 nisi
2941 1778 3051 1835 Lex
3087 1781 3303 1851 diceret,
3337 1784 3460 1841 Non
3493 1804 3650 1842 conca
3665 1820 3680 1829 -

2096 1861 2275 1931 pisces.
2302 1862 2417 1919 Non
2438 1866 2532 1933 ait,
2558 1868 3053 1941 Concupisceutiam
3087 1891 3194 1933 non
3236 1878 3496 1936 habebam
3522 1897 3537 1949 ;
3562 1883 3680 1950 sed,

2094 1955 2549 2026 concupiscentiam
2577 1962 2852 2018 nesciebam
2885 1963 2974 2021 Sic
3013 1967 3172 2023 etiam
3215 1968 3304 2025 hic
3341 1987 3445 2027 non
3487 1975 3583 2040 ait,
3614 1975 3686 2032 Ut

2092 2043 2164 2100 sit
2191 2054 2492 2115 peccatum;
2535 2050 2651 2119 sed,
2683 2061 2739 2106 ut
2771 2067 3015 2125 appareat
3055 2071 3332 2128 peccatum,
3374 2079 3463 2132 per
3499 2064 3689 2121 bonum

2092 2134 2218 2189 mihi
2241 2146 2501 2204 operatum
2540 2150 2615 2195 est
2641 2154 2868 2199 mortem.
2896 2145 3064 2215 Quam
3090 2152 3362 2211 mortem?
3393 2152 3462 2208 Ut
3481 2154 3574 2224 ﬁat
3596 2173 3688 2211 su-

2092 2245 2187 2298 pra
2210 2230 2415 2286 modum
2458 2242 2690 2305 peccator
2716 2246 2802 2291 aut
2827 2248 3084 2310 peccatum
3112 2258 3205 2313 per
3229 2245 3547 2301 mandatum.
3582 2250 3686 2304 At-

2094 2322 2273 2391 tende,
2305 2341 2461 2397 supra
2497 2328 2703 2383 modum
2731 2342 2981 2402 peccator.
3012 2335 3191 2404 Quare
3225 2354 3384 2410 supra
3418 2341 3627 2397 modum
3651 2345 3685 2399 .’

2090 2412 2223 2480 Quia
2248 2414 2360 2486 jam
2400 2426 2456 2474 et
2483 2422 2871 2489 przevaricatio.
2907 2424 3005 2481 Ubi
3040 2428 3173 2483 enim
3200 2429 3284 2487 lea:
3319 2448 3423 2488 non
3457 2445 3560 2502 est,
3589 2452 3689 2493 nec

2091 2508 2440 2577 pracvaricatio
2465 2509 2638 2584 (Rom.
2674 2530 2747 2581 IV,
2782 2516 2894 2590 l5).

2160 2595 2386 2655 CAPUT
2407 2600 2600 2659 Xl.—i
2610 2605 2663 2659 4.
2678 2603 2948 2665 Peccatum
2965 2626 3028 2667 ea:
3042 2614 3207 2685 primo
3222 2616 3424 2674 homine
3440 2629 3682 2679 tractum.

2090 2686 2277 2744 Videte
2301 2705 2449 2762 ergo,
2477 2692 2667 2752 fratres
2688 2737 2705 2764 ,
2739 2698 2917 2756 videte
2940 2716 3109 2774 genus
3134 2704 3422 2765 humanum
3449 2726 3481 2767 a
3506 2712 3687 2783 prima

2088 2779 2233 2838 illius
2252 2783 2409 2853 primi
2432 2784 2664 2844 hominis
2680 2800 2850 2848 morte
2869 2793 3108 2853 ﬂuxisse.
3130 2798 3341 2856 Etenim
3369 2779 3633 2873 peccatum
3654 2823 3687 2864 a

2089 2870 2263 2939 primo
2285 2872 2501 2931 homine
2519 2877 2724 2935 intravit
2748 2881 2803 2936 in
2831 2883 2966 2939 hunc
2986 2887 3260 2955 mundum,
3294 2899 3340 2945 et
3369 2870 3466 2963 per
3493 2911 3685 2965 pecca-

2089 2970 2193 3016 tum
2216 2980 2369 3032 mors,
2426 2977 2476 3022 et
2501 2968 2574 3023 ita
2596 2971 2649 3024 in
2679 2987 2850 3029 omnes
2877 2974 3103 3034 homines
3149 2984 3441 3052 pertransiit
3478 2984 3593 3057 (Id.
3625 3003 3681 3058 ν,

2091 3052 2201 3127 12).
2250 3056 2574 3126 Pertransiit,
2604 3065 2843 3145 ‘verbum
2890 3071 3178 3139 attendite,
3228 3077 3369 3146 quod
3413 3052 3680 3137 audistis;

2087 3147 2443 3219 considerate,
2462 3152 2641 3211 videte
2677 3157 2802 3227 quid
2830 3169 2942 3229 est,
2974 3166 3280 3234 pertransiit.
3322 3166 3681 3230 Pertransiit:

2086 3236 2213 3294 inde
2239 3248 2322 3294 est
2355 3250 2411 3296 et
2447 3246 2699 3312 parvulus
2736 3264 2889 3317 reus;
2929 3263 3205 3324 peccatum
3247 3259 3484 3317 nondum
3524 3263 3676 3332 fecit,

2086 3329 2182 3385 sed
2210 3331 2385 3387 traxit.
2414 3332 2626 3391 Etenim
2665 3338 2795 3395 illud
2823 3352 3099 3414 peccatum
3129 3362 3240 3406 non
3265 3350 3317 3406 in
3346 3353 3493 3410 fonte
3521 3329 3683 3413 man-

2085 3421 2175 3486 sit,
2215 3422 2309 3478 sed
2338 3429 2805 3493 pertransiitmon
2853 3434 2904 3489 in
2948 3436 3094 3493 illum
3137 3449 3229 3496 aut
3274 3442 3454 3515 illum,
3482 3448 3581 3504 sed
3626 3451 3682 3506 in

2085 3528 2256 3569 omnes
2302 3515 2526 3574 homines
2567 3526 2876 3591 pertransiit.
2926 3527 3120 3587 Cenuit
3164 3544 3471 3604 peccatores
3513 3544 3681 3599 morti

2085 3602 2347 3661 obnoxios
2374 3607 2578 3677 primus
2615 3623 2881 3685 peccator,
2910 3620 3115 3688 primus
3142 3602 3537 3693 praevaricator.
3572 3633 3683 3690 Ve-

2084 3694 2164 3750 nit
2186 3695 2251 3751 ad
2281 3699 2549 3757 sanandos
2573 3702 2643 3759 de
2686 3704 2890 3777 virgine
2927 3708 3191 3770 Salvator.
3223 3716 3357 3783 Quia
3387 3719 3458 3775 ad
3486 3730 3539 3777 te
3565 3738 3680 3779 non

2083 3800 2187 3857 qua
2215 3788 2428 3860 venisti,
2453 3793 2599 3848 venit
2627 3812 2641 3849 :
2669 3810 2775 3852 non
2815 3801 2957 3856 enim
3001 3802 3091 3860 ille
3132 3805 3201 3862 de
3243 3811 3679 3880 concupiscentia

2082 3885 2249 3938 maris
2272 3891 2326 3939 et
2350 3882 2582 3954 feminm,
2610 3903 2716 3959 non
2741 3889 2809 3947 de
2838 3893 2930 3949 illo
2954 3895 3169 3954 vinculo
3194 3902 3677 3972 concupiscentiae.

2084 3972 2331 4044 Spiritus,
2363 3975 2553 4047 inquit,
2585 3991 2793 4039 sanctus
2828 3990 3141 4058 superveniet
3166 3993 3219 4047 in
3244 4003 3310 4049 te.
3339 3996 3547 4053 Dictum
3590 4013 3682 4057 est

2086 4155 2158 4211 tia
2184 4161 2360 4216 carnis
2383 4166 2628 4221 aestuanti
2657 4184 2671 4221 :
2697 4168 2923 4241 Spiritus
2948 4185 3154 4233 sanctus
3181 4155 3491 4252 superveniet
3513 4187 3570 4241 in
3603 4199 3677 4258 te,

2081 4255 2131 4300 et
2174 4248 2331 4305 virtus
2375 4252 2624 4309 Altissimi
2664 4258 2972 4317 obumbrabit
3014 4266 3102 4321 tibi
3129 4248 3279 4341 (Luc.
3307 4287 3344 4340 ι,
3371 4274 3442 4330 55
3456 4273 3503 4348 ).
3534 4248 3678 4346 Quae

2080 4338 2188 4395 tale
2215 4339 2657 4403 obumbraculum
2688 4348 2928 4421 haberet,
2962 4338 3176 4426 quando
3212 4338 3404 4420 ardore

2080 4433 2376 4488 aestuaret?
2402 4434 2535 4503 Quia
2559 4453 2687 4510 ergo
2719 4443 2735 4473 ί
2760 4457 2865 4500 non
2890 4461 2995 4517 qua
3020 4451 3214 4507 venisti
3238 4454 3305 4509 ad
3332 4464 3384 4511 te
3405 4459 3578 4527 venit,
3611 4461 3681 4517 li-

2078 4520 2231 4579 berat
2259 4532 2330 4581 te.
2358 4525 2460 4583 Ubi
2491 4536 2542 4585 te
2571 4531 2814 4590 invenit?
2842 4537 3231 4598 Venumdatum
3275 4546 3375 4602 sub
3418 4520 3674 4619 peccato,

2077 4610 2341 4682 iacentem
2365 4617 2419 4672 in
2446 4630 2618 4678 morte
2643 4624 2800 4695 primi
2827 4625 3058 4689 hominis
3075 4673 3090 4699 ,
3122 4610 3435 4695 trahentem-
3468 4610 3676 4711 pecca;

2080 4713 2191 4762 tum
2221 4708 2381 4778 primi
2407 4709 2641 4770 hominis
2662 4757 2678 4784 ,
2705 4716 2990 4778 habentem
3016 4732 3220 4783 reatum
3249 4708 3535 4803 antequam
3566 4735 3678 4792 ha-

2079 4795 2207 4853 bere
2445 4805 2745 4865 arbitrium.
2780 4810 2924 4869 Ecce
2965 4816 3053 4871 ubi
3093 4826 3147 4874 te
3186 4795 3410 4892 invenit,
3437 4831 3677 4897 quando

2078 4891 2356 4958 parvulum
2397 4894 2619 4952 invenit.
2665 4899 2772 4957 Sed
2829 4907 3039 4974 parvuli
3080 4919 3291 4968 tetatem
3341 4891 3676 4977 escessisti:

2075 4996 2203 5038 ecce
2243 4986 2478 5055 crevisti,
2504 4990 2678 5060 primo
2708 5005 2927 5063 peccato
2965 5001 3132 5057 multa
3161 5003 3452 5076 addidisti;
3486 5010 3674 5083 legem

2077 5074 2347 5144 accepisti,
2383 5081 2760 5147 praevaricator
2779 5088 3050 5145 exstitisti.
3083 5090 3188 5148 Sed
3226 5096 3334 5151 noli
3362 5074 3486 5154 esse
3511 5074 3681 5159 solli-

2077 5164 2253 5220 citus:
2292 5165 2391 5222 Ubi
2415 5168 2688 5227 abundauit
2726 5188 3003 5248 peceatum,
3040 5186 3469 5254 superabundavit
3494 5196 3681 5264 gratia

2077 5254 2254 5328 (Rom.
2283 5273 2337 5327 v,
2362 5259 2479 5333 20).
2508 5261 2761 5321 Conversi
2786 5268 2854 5323 ad
2880 5269 3182 5342 Dominum,
3208 5285 3316 5333 etc.

2565 5356 2791 5416 SERMO
2826 5361 2981 5421 cuv
3003 5368 3023 5390 ο
3051 5366 3145 5439 (α).

2077 5443 2158 5501 De
2184 5448 2342 5503 verbis
2379 5449 2628 5520 Apostoli,
2669 5453 2821 5511 Rom.
2864 5473 2955 5524 vn,
2986 5459 3193 5517 Scimus
3219 5462 3342 5533 quia
3385 5465 3471 5521 lex
3499 5470 3679 5539 spiri-

2156 5539 2317 5594 tualis
2340 5548 2456 5608 est;
2485 5557 2584 5614 ego
2603 5555 2778 5604 autem
2808 5553 3035 5610 carnalis
3060 5568 3198 5621 sum,
3221 5564 3314 5612 etc.
3341 5557 3530 5615 Contra
3562 5564 3682 5619 Pe-

2139 5652 2155 5732 ξ
2177 5658 2471 5733 gemitu.
2499 5663 2550 5733 et
2570 5665 2677 5711 Mss.
2704 5669 2758 5713 At
2773 5670 2903 5725 Lov.,
2927 5666 3016 5728 Qui
3028 5681 3166 5733 ergo.

2140 5714 2528 5803 :‘Sars'tﬁatulsnad
2538 5735 2740 5803 ‘omnes
2763 5733 2868 5776 Mss.
2890 5714 3166 5783 Hiddila
3200 5745 3429 5788 sermone
3470 5749 3684 5803 praece-

2070 5774 2206 5844 denti
2231 5774 2371 5844 modo
2390 5780 2689 5844 designatos.

2135 5837 2208 5901 (ιι)
2242 5838 2380 5901 Alias,
2406 5842 2471 5894 de
2491 5837 2662 5898 Verbis
2684 5849 2888 5913 Apostoli
2915 5853 2946 5903 5
