4108 6336
367 763 379 793 l

431 315 538 374 853

505 429 762 502 legiones,
783 426 870 499 qui
897 424 1072 480 dicunt
1098 421 1351 478 hominem
1374 419 1481 476 sine
1521 425 1724 490 peccato
1744 431 1852 473 esse
1876 430 2023 487 posse

502 525 557 579 in
586 523 683 577 hac
705 522 808 577 vita
837 517 942 592 (a).

695 605 897 656 Habitus
914 602 976 654 ad
989 613 1207 653 mensam
1223 607 1267 651 s.
1291 598 1506 663 Martyris
1525 597 1758 663 Cypriani.

507 690 735 749 CAPUT
765 687 1048 746 PRIMUM.
1067 717 1137 727 -—
1164 688 1213 741 1.
1243 685 1353 740 Lex
1384 685 1450 738 ad
1475 683 1597 754 quid
1625 682 1746 736 data
1786 687 1876 735 est.
1918 677 2026 734 He-

435 797 670 844 sternam
715 782 1000 839 lectionem
1037 779 1108 836 de
1137 778 1306 834 sancti
1333 775 1560 848 apostoli
1592 773 1740 830 Pauli
1766 770 2026 842 Epistola,

435 881 525 952 qui
550 875 787 935 sermoni
815 873 1080 941 adfuistis,
1111 871 1336 928 audiStis
1367 888 1380 925 :
1409 869 1552 924 illam
1594 867 1753 923 lectio
1790 863 2028 934 sequitur

435 989 553 1045 qua:
595 971 755 1027 hodie
792 969 1017 1025 recitata
1055 975 1155 1024 est.
1186 965 1375 1021 Adhuc
1401 969 1647 1018 versatur
1674 961 1764 1016 illc
1798 957 2030 1015 dil‘licilis

433 1075 488 1122 et
517 1064 850 1136 periculosus
878 1061 1047 1129 locus,
1081 1073 1241 1131 quem
1267 1057 1417 1113 vobis
1445 1057 1497 1111 in
1521 1053 1784 1125 adiutorio
1818 1049 2028 1105 Domini

434 1157 623 1224 nostri,
648 1164 906 1228 quantum
947 1168 1034 1209 me
1067 1152 1316 1222 religioso
1345 1147 1483 1219 apud
1508 1163 1629 1203 eum
1661 1144 1923 1215 adjuvatis
1947 1140 2030 1196 af-

437 1248 600 1317 fectu,
640 1261 738 1318 pro
763 1245 964 1302 viribus
999 1259 1131 1314 quas
1177 1241 1305 1298 dare
1348 1240 1628 1310 dignatur,
1659 1250 1929 1307 exponere
1977 1243 2032 1290 et

436 1341 669 1397 enodare
698 1338 1052 1408 suscepimus.
1076 1333 1394 1391 Patientiam
1418 1330 1548 1386 mihi
1577 1329 1813 1400 praebeat
1839 1325 2029 1382 Chari-

439 1443 517 1489 tas
553 1439 764 1499 vestra,
793 1439 852 1485 ut
885 1429 930 1485 si
971 1428 1144 1484 habeo
1171 1433 1394 1498 propter
1425 1423 1806 1481 obscuritatem
1849 1434 2029 1474 rerum

437 1525 708 1582 difficilem
737 1521 1150 1594 disputationem
1176 1559 1190 1584 ,
1221 1519 1408 1574 saltem
1445 1517 1668 1572 habeam
1697 1515 1907 1570 facilem
1935 1529 2031 1568 vo-

438 1632 577 1672 cem.
601 1615 658 1671 Si
686 1615 828 1671 enim
854 1622 1139 1682 utrumque
1183 1612 1250 1666 sit
1279 1609 1511 1673 difficile,
1552 1608 1778 1662 multum
1825 1605 2032 1660 labora-

439 1718 525 1764 tur
558 1727 570 1763 :
598 1717 652 1764 et
680 1709 880 1762 utinam
919 1723 1026 1761 non
1060 1705 1178 1760 sine
1215 1718 1374 1757 causa
1413 1701 1702 1756 laboretur.
1746 1699 1816 1755 Ut
1851 1707 2030 1753 autem

439 1801 608 1870 prosit
652 1799 803 1855 labor
841 1807 1044 1863 noster,
1076 1796 1144 1851 sit
1172 1795 1378 1866 patiens
1421 1792 1632 1847 auditus
1669 1799 1863 1846 vester.
1895 1789 2031 1856 Quia

442 1893 637 1964 Legem
678 1909 784 1947 non
826 1887 1008 1962 culpat
1035 1887 1354 1960 Apostolus,
1383 1885 1634 1941 hesterno
1662 1882 1750 1938 die
1773 1881 2034 1936 audienti-

440 1985 560 2050 bus,
592 1993 844 2056 quantum
872 1982 1142 2048 existimo,
1174 1977 1553 2035 satisfecimus.
1587 1975 1662 2032 lbi
1688 1975 1884 2046 quippe
1916 1973 2029 2028 ait:

447 2077 583 2146 Quid
609 2093 726 2148 ergo
755 2074 1012 2129 dicemus?
1041 2071 1148 2127 Lex
1172 2080 1432 2143 peccatum
1457 2078 1550 2124 est.
1588 2067 1753 2121 Absit.
1783 2065 1890 2121 Sed
1910 2081 2031 2136 pec-

443 2179 614 2224 catum
639 2185 738 2222 non
765 2167 994 2237 cognovi,
1029 2165 1126 2219 nisi
1160 2180 1248 2234 per
1281 2163 1459 2233 legem.
1499 2160 1637 2215 Nam
1672 2159 2034 2230 concupiscen-

444 2261 567 2314 tiam
587 2257 884 2324 nesciebam,
914 2257 1012 2310 nisi
1039 2255 1145 2310 Lex
1173 2255 1378 2321 diceret,
1418 2251 1540 2308 Non
1572 2253 1909 2324 concupisces.
1936 2249 2035 2304 Oc—

444 2353 649 2408 casione
682 2361 849 2406 autem
872 2359 1100 2418 accepta,
1132 2358 1392 2422 peccatum
1418 2363 1506 2419 per
1528 2346 1825 2401 mandatum
1851 2361 2035 2415 opera-

446 2454 553 2501 tum
578 2453 648 2500 est
671 2444 726 2499 in
760 2459 840 2499 me
858 2458 1064 2501 omnem
1089 2441 1567 2512 concupiscentiam.
1607 2438 1731 2494 Sine
1761 2437 1868 2508 lege
1902 2436 2037 2491 enim

447 2545 708 2606 peccatum
737 2544 989 2590 mortuum
1014 2543 1088 2590 est
1105 2551 1125 2601 ;
1158 2533 1210 2588 id
1237 2541 1318 2588 est
1349 2532 1498 2597 latet,
1527 2545 1632 2584 non
1663 2537 1901 2599 apparet.
1926 2527 2036 2599 Ego

447 2637 614 2682 autem
647 2628 868 2682 vivebam
909 2625 1183 2696 aliquando
1221 2625 1328 2679 sine
1367 2623 1512 2693 lege:
1542 2621 1834 2676 adveniente
1871 2628 2038 2674 autem

448 2719 709 2787 mandato,
737 2728 993 2790 peccatum
1025 2717 1224 2772 revixit.
1259 2715 1372 2787 Ego
1399 2729 1564 2770 autem
1587 2723 1812 2768 mortuus
1833 2731 1963 2781 sum,
1990 2724 2036 2768 et

448 2810 703 2866 inventum
731 2819 802 2864 est
822 2810 946 2863 mihi
975 2809 1266 2862 mandatum
1295 2807 1432 2877 quod
1458 2814 1566 2860 erat
1614 2806 1668 2859 in
1696 2806 1849 2859 vitam
1873 2807 1891 2877 (
1913 2805 2040 2876 quid

452 2905 593 2960 enim
613 2912 718 2959 tam
741 2903 1010 2974 pertinens
1022 2901 1088 2956 ad
1105 2902 1287 2968 vitam,
1310 2913 1490 2969 quam,
1511 2898 1632 2954 Non
1645 2896 2037 2972 concupisces?),

455 2996 547 3050 hoc
581 3011 686 3050 esse
719 2995 770 3048 in
810 3003 1036 3049 mortem.
1070 2991 1344 3047 Peccatum
1371 2991 1505 3045 enim
1541 2990 1802 3044 occasione
1835 3001 2042 3060 accepta

454 3107 543 3160 per
561 3089 854 3142 mandatum
889 3087 1072 3160 fefellit
1100 3103 1196 3153 nte,
1221 3094 1267 3140 et
1287 3101 1376 3154 per
1398 3083 1530 3138 illud
1553 3083 1734 3138 occidit
1757 3098 1776 3136 ,ο
1792 3083 2044 3154 concupi-

454 3181 710 3236 scentiam
752 3180 959 3245 terruit,
990 3193 1097 3234 non
1124 3176 1411 3252 exstinxit;
1447 3176 1653 3242 terruit,
1684 3190 1789 3230 non
1820 3191 2042 3246 Oppres-

455 3273 558 3338 sit;
592 3272 714 3327 fecit
744 3272 991 3326 timorem
1021 3285 1227 3342 ptenze,
1257 3283 1361 3324 non
1391 3282 1628 3323 amorem
1665 3266 1902 3336 iustitia).
1934 3265 2045 3320 Ita-

462 3379 574 3432 que,
608 3363 803 3433 inquit,
831 3363 912 3416 lea:
940 3361 1142 3431 quidem
1175 3368 1373 3424 sancta,
1401 3370 1447 3412 ει
1476 3357 1769 3412 mandatum
1794 3367 2040 3425 sanctum,

456 3465 505 3510 et
515 3457 742 3526 justum,
780 3464 825 3508 et
855 3453 1061 3507 bonum.
1097 3451 1244 3518 Quod
1273 3466 1391 3521 ergo
1439 3452 1623 3504 bonum
1660 3458 1767 3514 est,
1800 3449 1922 3503 mihi
1962 3452 2044 3520 fa-

457 3555 593 3600 ctum
619 3555 690 3599 est
721 3561 854 3597 mors
873 3543 897 3596 ?
928 3541 1085 3596 Absit.
1109 3541 1224 3596 Non
1251 3541 1393 3597 enim
1424 3541 1512 3596 lex
1534 3555 1698 3605 mors,
1731 3539 1823 3594 sed
1856 3555 2047 3610 pecca-

459 3645 573 3690 tum
600 3649 766 3690 mors.
795 3632 932 3701 Quid
957 3645 1086 3703 ergo
1111 3647 1179 3686 ex
1202 3630 1481 3686 occasione
1507 3629 1779 3684 mandati?
1807 3629 1913 3684 Sed
1943 3646 2051 3700 pec-

459 3732 626 3778 catum
674 3731 728 3776 ut
783 3730 1026 3792 appareat
1064 3730 1323 3792 peccatum
1358 3736 1371 3749 ο
1417 3720 1614 3775 latebat
1649 3719 1790 3774 enim
1836 3719 2050 3790 quando

461 3825 730 3872 mortuum
775 3813 1052 3871 dicebatur
1092 3831 1106 3867 :
1146 3829 1234 3884 per
1281 3811 1466 3866 bonunt
1510 3811 1634 3864 milii
1675 3820 1937 3880 operatum
1979 3821 2050 3866 est

461 3918 702 3972 mortem;
729 3917 804 3974 ut,
832 3905 1009 3961 addita
1042 3903 1481 3975 prmvaricatione
1503 3943 1516 3968 ,
1545 3902 1635 3970 ﬁat
1662 3918 1818 3972 supra
1848 3901 2052 3956 modum

462 4009 692 4072 peccator
709 4007 796 4054 aut
809 4007 1068 4070 peccatum
1091 4008 1180 4067 per
1205 3995 1522 4060 mandatum;
1542 3993 1663 4064 quia
1689 3994 2052 4064 prmvaricatio

464 4100 680 4163 peccato
701 4106 811 4145 non
838 4089 1155 4156 adderetur,
1193 4087 1238 4141 si
1267 4102 1374 4141 non
1403 4095 1547 4141 esset
1574 4085 1901 4140 mandatum.
1933 4085 2052 4141 Alio

464 4186 604 4240 enim
619 4185 734 4240 loco
750 4184 876 4239 dicit
893 4193 1076 4253 aperte
1098 4181 1240 4237 idem
1261 4181 1537 4250 apostolus
1558 4199 1570 4234 :
1595 4179 1690 4235 Ubi
1707 4181 1838 4234 enim
1860 4181 2054 4235 lexnon

465 4287 554 4344 est,
594 4293 681 4330 nec
721 4276 1064 4347 praevaricatio
1095 4273 1270 4345 (Rom.
1303 4288 1376 4339 tv,
1411 4272 1524 4342 15).
1553 4271 1688 4340 Quid
1727 4271 1894 4341 ergo?
1916 4270 2052 4338 Quid

464 4371 762 4426 dubitamus
788 4369 854 4425 ad
884 4370 983 4425 hoc
1001 4369 1180 4424 datam
1206 4381 1328 4422 esse
1355 4365 1586 4436 Legem,
1617 4373 1674 4419 ut
1704 4365 1967 4420 inveniret
1995 4378 2054 4419 se

466 4461 660 4518 homo?
673 4460 896 4530 Quando
912 4461 1052 4516 enim
1078 4459 1220 4516 Deus
1237 4473 1342 4514 non
1360 4455 1678 4532 prohibebat
1695 4471 1724 4510 a
1746 4456 1905 4523 malo,
1926 4455 2056 4512 late—

465 4555 556 4610 bat
589 4570 649 4612 se
692 4556 852 4609 homo
875 4571 889 4608 :
916 4552 1058 4609 vires
1096 4565 1219 4608 suas
1259 4548 1534 4620 languidas
1558 4564 1660 4604 non
1696 4548 1918 4614 invenit,
1949 4548 2053 4604 nisi

466 4646 679 4718 quando
717 4646 890 4718 legem
919 4643 1291 4716 prohibitionis
1323 4642 1546 4713 accepit.
1578 4639 1784 4695 Invenit
1810 4655 1936 4710 ergo
1965 4655 2044 4707 se,

467 4740 520 4796 in
563 4739 718 4796 malis
755 4739 957 4795 invenit
993 4752 1072 4795 se.
1094 4736 1210 4806 Quo
1248 4735 1381 4806 fugit
1408 4734 1508 4790 se?
1532 4732 1878 4803 Quocumque
1909 4733 2054 4788 enim

468 4836 659 4906 fugerit
688 4850 768 4904 se,
815 4833 1055 4905 sequitur
1089 4846 1169 4887 se.
1201 4830 1269 4886 Et
1297 4828 1422 4900 quid
1451 4828 1499 4883 ei
1529 4828 1744 4898 prodest
1773 4828 1839 4883 de
1865 4841 1927 4883 sc
1970 4827 2055 4882 in-

467 4937 627 4982 vento
655 4925 899 4992 scientia,
926 4939 1084 4994 quam
1111 4921 1312 4978 sauciat
1340 4919 1706 4976 conscientia?

539 5019 765 5075 CAPUT
805 5019 868 5073 ll.
901 5047 972 5058 ——-
997 5017 1051 5070 2.
1083 5015 1160 5070 De
1186 5031 1239 5070 se
1265 5015 1376 5083 ipso
1397 5029 1462 5067 an
1484 5012 1566 5066 hic
1587 5013 1821 5082 loquatur
1841 5011 2060 5081 Aposto-

471 5113 569 5168 lus.
601 5112 856 5183 Loquitur
875 5124 1002 5181 ergo
1027 5117 1079 5164 ct
1105 5108 1157 5162 in
1185 5107 1284 5162 ista
1311 5105 1557 5168 lectione,
1587 5119 1706 5173 quae
1731 5101 1896 5157 hodie
1921 5103 2059 5158 reci-

472 5215 578 5260 tata
609 5215 710 5272 est,
753 5204 843 5258 ille
881 5202 972 5273 qui
1004 5199 1208 5257 invenit
1241 5196 1320 5253 se.
1365 5196 1588 5260 Scimus,
1623 5194 1812 5265 inquit,
1841 5194 1961 5262 quia
1982 5193 2063 5248 lea:

475 5296 752 5367 spiritualis
777 5303 884 5360 est;
910 5309 1000 5364 ego
1027 5300 1193 5345 autem
1221 5288 1439 5343 carnalis
1463 5303 1596 5352 sum,
1622 5284 1951 5356 venumdatus
1971 5282 2061 5338 sub

474 5396 696 5459 peccato.
727 5385 874 5454 Quod
898 5384 968 5458 (b)
996 5384 1127 5438 enim
1161 5397 1362 5452 operor,
1385 5380 1579 5451 ignoro.
1611 5376 1736 5432 Non
1761 5377 1894 5432 enim
1914 5376 2047 5446 quod

473 5482 605 5545 volo,
618 5480 709 5534 hoc
725 5495 850 5551 ago;
874 5477 962 5533 sed
976 5475 1110 5548 quod
1125 5475 1229 5538 odi,
1251 5472 1380 5526 illud
1397 5471 1816 5545 facio.Qu:critur
1833 5469 1932 5523 hoc
1948 5469 2064 5524 loco

538 5591 610 5653 (ιι)
632 5591 704 5640 sic
725 5590 998 5639 inscribitur
1015 5585 1143 5653 apud
1159 5584 1334 5634 Bedam
1355 5584 1404 5632 in
1418 5588 1451 5653 ll
1470 5589 1573 5631 Cor.
1593 5595 1676 5629 xu.
1697 5579 2066 5653 Ibidemeitatur

476 5666 503 5701 a
527 5642 678 5710 Floro,
703 5660 752 5701 ct
775 5653 834 5700 ab
855 5642 1064 5711 utroque
1087 5649 1147 5697 ad
1173 5655 1300 5696 Itoni.
1327 5659 1406 5696 vn.
1433 5652 1604 5711 uocum
1629 5655 1768 5711 [orre
1784 5642 1935 5711 habiti
1957 5653 2066 5711 ser-

422 5765 427 5770 ,
477 5718 632 5765 monis
655 5703 732 5763 hic
765 5703 1045 5762 annotam'us
1078 5724 1142 5760 ex
1167 5716 1342 5759 vetere
1377 5707 1543 5760 axlice
1567 5703 1648 5756 vr.
1679 5703 2067 5756 Cisterciensium

477 5785 523 5826 s.
540 5777 700 5824 Crucis
731 5777 780 5823 in
800 5774 1074 5825 Jerusalem
1094 5773 1160 5823 de
1183 5771 1326 5822 Urbe.

543 5835 619 5903 (b)
640 5843 798 5904 Forte,
829 5847 987 5903 quem.

1866 295 2094 357 SERMO
2130 297 2305 356 CLIV.

3614 301 3719 360 838

2133 429 2324 485 magna
2344 412 2615 484 diligentia
2641 412 2760 484 quis
2788 411 3138 484 intelligatur,
3165 420 3342 469 utrum
3365 413 3482 486 ipse
3503 414 3721 483 Aposto.

2133 506 2215 562 lus
2251 507 2341 578 qui
2380 505 2727 578 loquebatur;
2768 522 2834 563 an
2872 507 3035 562 alium
3076 507 3302 578 aliquem
3339 506 3394 561 in
3421 521 3480 561 se
3506 507 3722 560 transfi-

2133 599 2364 669 guravit,
2387 614 2542 670 quem
2561 609 2800 671 tangeret
2825 600 2876 654 in
2895 614 2973 667 se,
2998 599 3137 656 sicut
3156 598 3289 654 dixit
3308 599 3536 670 quodam
3559 598 3676 653 loco
3705 614 3720 654 :

2138 691 2266 747 Htvc
2289 702 2455 746 autent
2484 694 2656 748 omnia
2681 693 3040 764 trans/iguravi
3060 692 3114 747 in
3140 709 3219 746 me
3239 702 3284 747 et
3307 692 3490 763 Apollo
3518 701 3723 764 promer

2135 799 2242 850 vos,
2273 792 2329 838 ιιι
2369 784 2422 838 in
2469 785 2611 840 nobis
2651 783 2934 856 discatis(l
2963 783 3082 839 Cor.
3109 799 3186 849 tv,
3216 784 3294 856 ϐ).
3329 783 3385 839 Si
3416 799 3542 854 ergo
3581 785 3722 852 Apoc

2137 877 2306 932 stolus
2342 875 2574 946 loquitur
2603 876 2764 948 (quod
2811 891 2967 932 nemo
3003 875 3272 946 dubitat),
3306 887 3357 932 et
3388 892 3507 932 cum
3548 877 3674 932 dicit
3702 919 3718 944 ,

2140 967 2263 1023 Non
2290 969 2424 1040 quod
2450 969 2562 1023 volo
2587 986 2714 1041 ago;
2753 969 2841 1024 sed
2866 971 3000 1040 quod
3041 969 3144 1035 odi,
3178 969 3309 1024 illud
3345 970 3503 1038 facio,
3531 986 3632 1024 non
3657 969 3723 1025 dc

2138 1061 2326 1126 altero,
2357 1059 2450 1115 sed
2478 1060 2545 1115 de
2571 1076 2628 1115 se
2658 1062 2771 1132 ipso
2799 1061 2925 1116 dicit
2955 1081 2968 1116 :
2999 1062 3125 1132 quid
3155 1075 3338 1116 sumus
3377 1061 3721 1126 intellecturi,

2138 1153 2330 1211 fratres
2373 1155 2516 1210 mei?
2562 1156 2708 1210 Itane
2754 1156 3023 1226 apostolus
3066 1156 3260 1211 Paulus
3305 1156 3539 1218 nolebat,
3573 1154 3722 1209 verbi

2137 1245 2339 1320 gratia,
2388 1249 2561 1305 facere
2604 1250 2919 1305 adulterium
2946 1292 2960 1316 ,
3013 1259 3066 1306 et
3115 1250 3337 1306 faciebat
3366 1248 3726 1306 adulterium?

2140 1340 2353 1396 nolebat
2379 1356 2497 1397 esse
2524 1356 2733 1408 avarus,
2777 1353 2830 1397 ct
2864 1351 2978 1396 erat
3021 1343 3246 1397 avarus?
3267 1341 3396 1409 Quis
3423 1351 3597 1396 autem
3627 1355 3725 1395 no-

2140 1441 2309 1487 strum
2329 1432 2519 1487 audeat
2533 1447 2591 1489 sc
2609 1434 2828 1489 induere
2846 1434 2933 1488 tali
2952 1432 3300 1503 blasphemia,
3317 1443 3368 1487 ut
3389 1433 3455 1488 de
3469 1433 3727 1502 Apostolo

2141 1523 2243 1579 hoc
2275 1524 2505 1579 sentiat?
2533 1524 2692 1580 Forte
2716 1541 2843 1595 ergo
2869 1525 3003 1581 alius
3029 1533 3111 1581 est
3140 1524 3328 1595 aliquis
3359 1543 3371 1577 :
3401 1524 3534 1578 forte
3567 1532 3620 1578 tu
3646 1539 3723 1588 es,

2140 1625 2231 1671 aut
2252 1625 2306 1671 tn
2329 1632 2420 1684 es,
2454 1626 2544 1693 au_t
2579 1617 2664 1672 ille
2695 1625 2797 1685 est,
2839 1626 2930 1672 aut
2969 1633 3068 1686 ego
3103 1632 3242 1673 sum.
3282 1616 3340 1671 Si
3379 1631 3504 1686 ergo
3538 1616 3728 1686 aliquis

2139 1719 2381 1764 uestrum
2419 1717 2522 1776 est,
2553 1710 2723 1780 ipsum
2753 1710 2902 1781 quasi
2930 1709 2997 1765 de
3023 1709 3137 1779 ipso
3163 1708 3444 1763 audiamus
3475 1708 3516 1774 ‘,
3541 1715 3594 1761 ct
3622 1721 3728 1761 non

2141 1798 2260 1854 irati
2284 1816 2380 1856 nos
2406 1802 2754 1870 corrigamus.
2789 1801 2842 1856 Si
2870 1809 3048 1856 autem
3081 1803 3194 1870 ipse
3223 1810 3324 1865 est,
3357 1800 3492 1853 forte
3514 1798 3731 1853 enimet

2140 1889 2254 1961 ipse
2293 1899 2404 1958 est;
2451 1907 2556 1947 non
2596 1893 2673 1946 sic
2721 1893 3072 1962 intelligamus
3101 1891 3239 1962 quod
3271 1890 3422 1955 dixit,
3461 1888 3575 1942 Non
3599 1887 3732 1954 quod

2141 1984 2254 2038 volo
2279 2000 2406 2055 ago;
2431 1986 2520 2039 sed
2538 1987 2674 2056 quod
2699 1986 2802 2052 odi,
2836 1985 2965 2039 illud
2984 1987 3138 2056 facio,
3160 1993 3408 2054 tanquam
3431 1983 3588 2038 vellet
3611 1997 3732 2038 esse

2141 2084 2340 2143 castus,
2369 2087 2422 2132 et
2447 2094 2566 2134 esse
2601 2079 2842 2144 adulter;
2875 2079 3140 2135 autvellet
3165 2087 3306 2134 esset
3327 2077 3652 2140 misericors,
3676 2083 3732 2131 et

2142 2176 2285 2224 esset
2309 2169 2571 2236 crudelis;
2605 2181 2692 2226 aut
2732 2171 2893 2227 vellet
2929 2186 3048 2226 esse
3076 2172 3208 2241 pius,
3253 2179 3306 2225 et
3345 2179 3488 2226 esset
3519 2169 3730 2240 impius.

2143 2258 2256 2316 Non
2288 2262 2352 2315 ad
2387 2261 2487 2317 hoc
2513 2263 2856 2333 accipiamus,
2890 2263 3011 2317 Non
3031 2264 3164 2317 enim
3186 2263 3321 2332 quod
3344 2262 3471 2326 volo,
3500 2262 3594 2315 hoc
3615 2278 3732 2332 ago;

2142 2355 2230 2407 sed
2257 2355 2392 2424 quod
2413 2355 2517 2422 odi,
2551 2357 2685 2410 illud
2705 2357 2859 2425 facio.

2216 2444 2440 2504 CAPUT
2480 2447 2564 2502 lll.
2605 2479 2677 2488 -—
2717 2450 2769 2504 5.
2803 2450 3076 2520 Apostolus
3113 2465 3206 2502 nec
3233 2449 3339 2521 ipse
3366 2449 3475 2504 sine
3495 2448 3736 2519 concupi-

2144 2538 2350 2592 scentia.
2379 2537 2485 2594 Sed
2515 2540 2579 2593 ad
2606 2539 2925 2610 quid?Volo
2947 2556 3051 2596 non
3074 2541 3476 2610 concupiscere,
3509 2549 3563 2596 et
3600 2556 3734 2595 con-

2146 2629 2382 2699 cupisco.
2404 2629 2511 2686 Lex
2526 2631 2651 2701 quid
2668 2631 2823 2686 dixit?
2842 2630 2960 2686 Non
2988 2633 3326 2702 concupisces.
3355 2631 3524 2686 llomo
3542 2632 3735 2703 Legem

2147 2721 2366 2786 audivit,
2391 2723 2576 2778 vitium
2604 2725 2819 2795 agnovit
2850 2742 2863 2777 :
2895 2724 3093 2779 bellum
3125 2725 3310 2779 indixit
3334 2725 3738 2795 ,‘captivitatem

2148 2816 2370 2872 invenit.
2402 2817 2508 2873 Sed
2535 2816 2672 2874 forte
2700 2818 2890 2888 aliquis
2919 2818 3101 2884 homo,
3133 2833 3235 2872 non
3265 2819 3569 2887 Apostolus.
3600 2817 3739 2887 Quid

2149 2923 2277 2980 ergo
2303 2909 2548 2976 dicimus,
2585 2909 2778 2966 fratres
2816 2910 2960 2966 mei?
2991 2910 3108 2966 Non
3153 2911 3380 2965 habebat
3417 2911 3576 2964 ullam
3608 2926 3740 2964 cou-

2151 3001 2532 3076 cupiscentiam
2573 3003 2863 3072 Apostolus
2904 3003 2956 3058 in
2999 3018 3161 3058 carne
3189 3019 3305 3071 sua,
3339 3019 3494 3073 quam
3545 3003 3742 3059 habere

2152 3091 2315 3148 nollet
2336 3110 2349 3157 ;
2373 3094 2457 3149 cui
2491 3104 2664 3149 tamen
2695 3094 2964 3162 existenti,
2994 3095 3246 3160 titillanti,
3271 3096 3594 3166 suggerenti,
3628 3096 3740 3150 sol-

2153 3183 2410 3252 licitanti,
2463 3187 2744 3252 azstuanti,
2795 3187 3020 3241 teutanti
3062 3201 3167 3241 non
3206 3185 3570 3242 consentiret?
3613 3187 3738 3242 Dico

2155 3275 2408 3332 Charilati
2435 3286 2648 3345 vestrae,
2680 3278 2723 3332 si
2768 3278 3150 3334 crediderimus
3189 3279 3501 3348 Apostolum
3542 3279 3740 3333 nullam

2155 3382 2374 3438 prorsus
2403 3368 2652 3424 habuisse
2675 3369 3038 3425 infirmitatem
3064 3371 3511 3441 concupiscentim
3541 3371 3624 3426 cui
3657 3387 3744 3425 rc-
3797 3417 3806 3422 -

2157 3459 2468 3525 luctaretur,
2507 3460 2732 3515 multum
2773 3461 3040 3515 credimus
3067 3460 3134 3516 de
3162 3462 3253 3516 illo
3293 3479 3306 3514 :
3349 3470 3506 3533 atque
3543 3462 3745 3516 utinam

2158 3551 2229 3604 ita
2252 3551 2338 3604 sit.
2363 3551 2477 3605 Non
2509 3551 2652 3605 enim
2688 3551 2924 3607 invidere
2961 3568 3058 3606 nos
3095 3560 3306 3622 oportet
3331 3552 3621 3622 Apostolis,
3651 3552 3746 3608 sed

2159 3641 2446 3711 Apostolos
2489 3643 2705 3698 imitari.
2755 3643 3174 3711 Verumtamen,
3220 3643 3540 3712 charissimi,
3587 3643 3746 3698 audio

2159 3735 2331 3804 ipsum
2362 3735 2672 3805 Apostolum
2704 3736 3041 3791 confitentem
3063 3778 3077 3802 ,
3125 3735 3358 3790 nondum
3387 3750 3506 3790 eum
3535 3734 3601 3788 ad
3629 3743 3748 3788 tan-

2161 3833 2266 3880 tam
2317 3826 2696 3896 perfectionem
2739 3827 2956 3898 justitim
3008 3827 3348 3898 pervenisse,
3405 3837 3654 3897 quantam
3695 3825 3749 3880 in

2161 3919 2376 3990 Angelis
2421 3937 2539 3976 esse
2573 3920 2841 3978 credimus
2876 3939 2888 3975 :
2919 3936 3143 3992 quormn
3174 3921 3497 3990 Angelorum
3528 3920 3750 3990 aequali-

2161 4021 2322 4067 talem
2366 4028 2643 4084 speramus
2669 4057 2682 4081 ,
2717 4015 2760 4071 si
2790 4015 2857 4070 ad
2903 4015 3004 4069 hoc
3030 4015 3169 4085 quod
3200 4013 3438 4068 volumus
3468 4013 3751 4083 pervenia-

2163 4120 2301 4159 mus.
2344 4105 2480 4173 Quid
2525 4106 2667 4161 enim
2713 4107 2855 4161 aliud
2901 4106 3056 4160 nobis
3101 4105 3361 4160 Dominus
3400 4105 3657 4176 promittit
3696 4105 3750 4160 in

2162 4197 2571 4264 resurrectione,
2611 4199 2698 4254 ubi
2743 4199 2863 4252 ait:
2911 4197 2978 4251 In
3028 4197 3387 4252 resurrectione
3439 4204 3751 4250 mortuorum

2163 4305 2322 4362 neque
2346 4290 2566 4358 nubent,
2594 4307 2751 4363 neque
2775 4307 2956 4346 uxores
2991 4289 3203 4354 ducent;
3225 4306 3325 4343 non
3354 4291 3484 4343 enim
3514 4289 3754 4360 incipient

2164 4380 2314 4446 mori,
2346 4379 2434 4434 sed
2457 4390 2603 4435 erunt
2624 4381 2840 4451 wquales
2859 4380 3064 4452 Angelis
3084 4379 3181 4434 Dei
3202 4379 3411 4451 (Matth.
3440 4396 3570 4447 χχιι,
3596 4379 3683 4443 50,
3707 4388 3753 4433 et

2163 4470 2292 4526 Luc.
2324 4488 2415 4540 xx,
2441 4473 2529 4539 55,
2554 4471 2685 4546 56)?
3295 4481 3304 4492 ‘

2237 4564 2292 4618 4.
2336 4564 2636 4634 Apostolum
2679 4563 2817 4635 loqui
2865 4564 2928 4619 de
2979 4565 3186 4636 propria
3223 4581 3317 4619 sua
3356 4563 3752 4635 imperfectione.

2168 4655 2306 4711 Dicit
2332 4671 2460 4726 ergo
2502 4656 2692 4728 aliquis
2731 4673 2744 4710 :
2773 4656 2842 4711 Et
2866 4665 2922 4711 tu
2951 4657 3092 4712 unde
3121 4656 3227 4713 scis
3253 4658 3376 4727 quia
3403 4655 3597 4711 Paulus
3624 4671 3756 4726 apo-

2167 4750 2336 4805 stolus
2378 4750 2550 4821 angeli
2585 4749 2844 4821 justitiam
2875 4758 2929 4805 et
2960 4748 3340 4820 perfectionem
3381 4747 3615 4802 nondum
3658 4747 3754 4801 hac

2167 4844 2363 4901 bebat?
2403 4844 2520 4900 Non
2568 4843 2704 4899 facio
2745 4843 2991 4914 injuriam
3026 4841 3303 4913 Apostole,
3328 4857 3435 4896 non
3463 4840 3624 4895 credo
3651 4840 3754 4896 nisi

2168 4937 2445 5008 Apostole,
2476 4935 2638 4992 alium
2670 4945 2860 4990 testem
2888 4949 2992 4990 non
3020 4947 3237 5004 quaero;
3267 4934 3626 5003 suspicantem
3649 4947 3757 4987 non

2168 5027 2346 5090 audio,
2380 5025 2598 5080 nimium
2639 5026 2943 5081 laudantem
2970 5039 3076 5079 nou
3097 5038 3250 5080 curo.
3279 5023 3373 5080 Dic
3398 5024 3550 5091 mihi,
3574 5033 3758 5080 sancte

2171 5119 2446 5190 Apostole,
2475 5119 2542 5175 de
2573 5127 2622 5174 te
2649 5119 2783 5188 ipso,
2812 5117 2902 5172 ubi
2927 5129 3084 5171 nemo
3101 5115 3442 5186 dubitatquia
3470 5114 3538 5171 de
3565 5125 3616 5171 te
3643 5116 3759 5186 ipso

2172 5211 2426 5281 loqueris.
2448 5209 2579 5265 Nam
2612 5209 2700 5264 ubi
2725 5208 2927 5277 dixisti,
2943 5205 3066 5262 Non
3081 5207 3216 5278 quod
3241 5207 3354 5262 volo
3371 5223 3468 5279 ago
3487 5206 3613 5274 ;sed
3626 5205 3760 5276 quod

2171 5304 2277 5374 odi,
2303 5302 2436 5358 illud
2463 5303 2633 5373 facio;
2687 5301 2923 5358 existunt
2954 5297 3028 5372 (a)
3046 5299 3136 5370 qui
3184 5299 3382 5365 dicant,
3429 5298 3570 5370 quod
3595 5299 3760 5353 alium

2172 5399 2226 5455 in
2257 5406 2309 5454 te
2335 5397 2516 5453 nescio
2535 5410 2693 5467 quem
2735 5393 3192 5464 transﬁguraveris
3224 5391 3761 5475 laborantem_,'-‘dcli-

2172 5493 2426 5558 cientem,
2453 5491 2650 5546 victum
2677 5490 2717 5557 ³,
2753 5487 3040 5558 captivum.
3072 5487 3152 5542 Tu
3177 5486 3307 5542 mihi
3346 5486 3432 5543 dic
3459 5485 3526 5544 de
3565 5494 3635 5554 te,
3672 5485 3762 5541 ubi

2237 5637 2253 5665 ι
2279 5629 2591 5681 Floriacensis
2611 5633 2694 5690 Ms.
2713 5662 2728 5686 ,
2744 5623 3054 5689 nosmetipsos
3068 5623 3205 5690 quasi
3219 5623 3281 5674 de
3308 5622 3413 5688 ipso
3427 5657 3444 5686 ,
3478 5620 3754 5673 audiamus.
3833 5631 3846 5642 ’

2235 5697 2256 5726 ⁸
2276 5693 2442 5742 Plures
2464 5698 2592 5750 Mss,
2615 5688 2840 5740 vinctum.

2237 5757 2312 5870 (αἰ
2335 5745 2593 5817 Pelagiani.
2619 5751 2737 5802 Vide
2773 5751 2838 5801 de
2882 5750 3038 5800 Gratia
3060 5749 3250 5813 Christi,
3273 5747 3309 5801 ι.
3334 5748 3381 5812 1,
3422 5759 3468 5800 c.
3490 5745 3582 5810 ὅθί
3626 5750 3766 5798 οοιιι.

2237 5826 2268 5870 ι.
2314 5811 3069 5870 .2.οο.5.4.8.θιι.6,ο.25.
3544 5869 3550 5870 ,
3646 5845 3670 5870 -ι

2175 5811 3069 5883 ιιιί.ι.2,οὸ.5,4,8,θιι.6,ο.25.
3235 5811 3242 5813 ⁷
3366 5811 3374 5812 “
3544 5869 3552 5877 _
3646 5845 3670 5872 .,
