4108 6336
477 352 584 424 835

394 526 401 535 .
479 497 637 542 nemo
664 470 865 538 dubitat
892 478 1013 552 quia
1041 474 1271 550 loqueris
1289 479 1357 537 de
1372 487 1444 537 te.
1476 478 1704 547 Fratres,
1727 479 1801 534 ait
1820 481 2048 550 Aposto—

482 590 584 643 lus,
612 590 703 646 ego
728 590 803 628 me
831 572 998 646 ipsum
1027 588 1127 627 non
1160 572 1378 627 arbitror
1396 571 1801 643 apprehendisse.
1830 570 1898 627 Et
1925 571 2051 643 quid

479 668 647 724 facis?
676 666 847 722 Unum
875 675 1078 734 autem,
1108 682 1220 738 qute
1241 675 1375 721 retro
1400 666 1603 732 oblitus,
1630 666 1683 720 in
1710 682 1769 720 ea
1792 681 1902 737 qua:
1936 673 2053 721 ante

477 768 593 815 sunt
616 767 863 823 extentus,
888 758 1160 813 secundum
1190 758 1532 823 intentionem,
1581 757 1674 823 ait,
1713 772 1818 813 non
1854 772 2049 815 secun-

480 850 602 909 dum
644 848 1062 922 perfectionem;
1094 852 1366 906 secundum
1409 851 1733 907 intentionem
1776 868 1955 921 sequor
1983 854 2050 907 ad

478 941 700 1012 palmam
725 957 955 1012 supernae
985 943 1258 998 vocationis
1288 941 1382 998 Dei
1407 943 1462 997 in
1486 941 1685 998 Christo
1709 941 1743 996 .l
1748 959 1854 998 esu.
1879 941 2048 1014 Supra

471 1032 580 1106 jam
603 1032 846 1089 dixerat:
873 1033 995 1088 Non
1025 1036 1142 1105 quia
1166 1035 1279 1106 jam
1316 1037 1627 1105 acceperim,
1665 1045 1751 1090 aut
1782 1035 1896 1106 jam
1931 1053 2049 1106 per.

475 1129 635 1198 fectus
658 1127 753 1181 sim
777 1124 1036 1199 (Philipp.
1072 1143 1149 1195 ιιι,
1201 1127 1408 1198 12-14).
1443 1127 1629 1182 Adhuc
1668 1126 2050 1183 contradicitur

474 1226 531 1274 et
552 1217 743 1274 dicitur
772 1236 785 1273 :
818 1217 1036 1273 Dicebat
1061 1219 1159 1273 ista
1185 1219 1491 1289 Apostolus,
1515 1218 1636 1288 quia
1666 1218 1897 1273 nondum
1928 1233 2050 1288 per-

472 1321 692 1365 venerat
719 1308 785 1365 ad
809 1308 1257 1365 immortalitatem
1283 1326 1298 1376 ;
1324 1325 1430 1365 non
1453 1310 1577 1380 quia
1604 1308 1834 1364 nondum
1863 1325 2050 1380 perve-

471 1410 626 1458 nerat
660 1400 728 1458 ad
754 1400 967 1473 iustitia:
1004 1402 1406 1474 perfectionem.
1434 1402 1550 1458 Jam
1580 1418 1709 1474 ergo
1748 1412 1853 1459 tam
1873 1403 2049 1475 justus

470 1502 589 1551 erat
605 1509 764 1565 quam
792 1502 916 1548 sunt
941 1482 1151 1566 Angeli,
1178 1494 1272 1550 sed
1306 1493 1542 1549 nondum
1571 1494 1885 1551 immortalis
1912 1495 2050 1551 sicut

470 1593 595 1643 sunt
631 1587 836 1658 Angeli.
887 1586 996 1653 Sic,
1035 1586 1319 1658 inquiunt,
1369 1588 1446 1643 sic
1486 1597 1571 1644 est
1613 1602 1849 1658 prorsus.
1892 1588 2048 1644 Modo

470 1676 653 1736 dixisti
684 1697 699 1734 :
727 1679 860 1736 Tam
885 1688 998 1736 erat
1023 1680 1197 1750 justus
1217 1695 1372 1752 quam
1399 1690 1522 1736 sunt
1545 1681 1751 1752 Angeli,
1779 1680 1872 1737 sed
1914 1697 2049 1738 non-

472 1768 601 1828 dum
635 1768 947 1827 immortalis
973 1771 1107 1827 sicut
1129 1780 1251 1827 sunt
1271 1771 1479 1843 Angeli.
1504 1772 1641 1843 Ergo
1668 1770 2047 1844 perfectionem

468 1863 690 1937 iustitiae
732 1864 843 1934 jam
889 1864 1124 1932 tenebat,
1173 1864 1263 1920 sed
1307 1865 1577 1936 sequendo
1606 1865 1834 1937 palmam
1863 1881 2047 1938 super-

472 1972 620 2025 nam,
649 1957 1093 2013 immortalitatem
1122 1956 1410 2027 quaerebat.

543 2049 768 2107 CAPUT
807 2048 894 2105 1V.
917 2079 989 2090 —
1012 2049 1065 2106 5.
1098 2047 1458 2120 Inﬁrmitatem
1486 2050 1640 2104 animi
1678 2051 1757 2104 sui
1784 2051 2048 2121 conﬁtetur

472 2134 766 2214 Apostolus.
800 2139 896 2198 Dic
916 2140 1089 2207 nobis,
1121 2149 1303 2196 sancte
1331 2140 1602 2211 Apostole,
1635 2142 1794 2197 alium
1818 2141 2047 2213 aliquem

472 2230 890 2291 manifestiorem
907 2232 1101 2300 locum,
1123 2248 1226 2287 non
1247 2232 1337 2288 ubi
1363 2232 1556 2303 quaeris
1578 2233 2046 2302 immortalitatem,

475 2324 569 2381 sed
620 2324 710 2380 ubi
756 2323 1029 2379 conﬁteris
1058 2323 1444 2379 inﬁrmitatem.
1493 2324 1562 2379 Et
1609 2324 1694 2379 hic
1720 2324 1827 2394 jam
1867 2338 2051 2379 susur-

474 2426 623 2475 ratur
639 2457 653 2483 ,
671 2417 780 2488 jam
806 2415 1203 2473 contradicitur.
1227 2415 1423 2472 Videor
1443 2415 1570 2471 mihi
1594 2417 1778 2474 audire
1801 2433 2052 2489 quorum-

475 2504 596 2564 dam
624 2507 968 2580 cogitationes
990 2548 1006 2575 ,
1048 2517 1101 2563 et
1144 2505 1233 2563 hic
1270 2507 1461 2563 dicitur
1498 2507 1625 2563 mihi
1659 2526 1672 2562 :
1706 2507 1901 2565 Verum
1927 2518 2009 2565 est
2030 2550 2047 2577 ,

473 2600 595 2657 novi
640 2599 765 2673 quid
802 2596 1040 2655 dicturus
1069 2614 1129 2654 es
1158 2617 1172 2654 :
1207 2600 1485 2656 conﬁtetur
1515 2600 1908 2669 inﬁrmitatem,
1954 2599 2049 2655 sed

472 2694 670 2759 carnis,
698 2707 803 2748 non
831 2692 1024 2748 mentis
1048 2709 1062 2759 ;
1087 2690 1369 2748 conﬁtetur
1398 2690 1779 2760 inﬁrmitatem,
1808 2689 1901 2746 sed
1931 2706 2051 2747 cor-

471 2787 638 2857 poris,
667 2801 772 2840 non
803 2784 965 2840 animi
996 2803 1008 2839 :
1038 2786 1091 2840 in
1117 2784 1297 2841 animo
1324 2793 1502 2839 autem
1533 2793 1615 2839 cst
1640 2782 1869 2853 perfecta
1894 2784 2051 2854 justi-

473 2876 567 2945 tia,
597 2892 704 2933 non
745 2876 799 2932 iu
839 2891 1088 2948 corpore.
1124 2872 1257 2932 Nam
1298 2874 1415 2946 quis
1455 2875 1659 2946 ignorat
1686 2875 1864 2946 utique
1903 2877 2048 2945 Apo-

473 2970 671 3026 stolum
716 2969 769 3023 in
802 2982 1026 3039 corpore
1078 2964 1241 3023 fuisse
1286 2966 1563 3037 fragilem,
1608 2982 1832 3036 corpore
1888 2960 2050 3023 fuisse

473 3058 773 3125 mortalem,
810 3056 945 3114 sicut
983 3057 1112 3114 dicit
1153 3075 1167 3111 :
1201 3057 1458 3112 Habemus
1498 3056 1786 3112 thesaurum
1822 3058 1973 3113 istum
1996 3062 2050 3115 in

472 3150 607 3208 uasis
626 3148 863 3221 ﬁctilibus
887 3147 966 3222 (ll
988 3147 1106 3205 Cor.
1137 3163 1210 3215 tv,
1236 3148 1294 3216 Ἰ)
1314 3148 1337 3203 7
1355 3146 1490 3216 Quid
1520 3147 1612 3202 tibi
1638 3164 1764 3220 ergo
1784 3166 1903 3205 cum
1924 3166 2050 3208 vase

474 3240 656 3297 ﬁctili?
688 3238 762 3296 De
792 3240 1041 3295 thesauro
1065 3238 1264 3310 aliquid
1301 3239 1538 3310 loquere.
1563 3238 1619 3295 Si
1646 3240 1844 3312 aliquid
1873 3244 2046 3299 minus

474 3326 678 3401 habuit,
699 3333 742 3388 si
763 3339 879 3388 erat
897 3331 1038 3403 quod
1063 3332 1112 3387 ei
1146 3330 1211 3387 ad
1237 3348 1422 3387 aurum
1439 3332 1659 3403 justitiae
1678 3343 1859 3403 posset
1885 3335 2045 3403 addi,

471 3422 822 3481 inveniamus.
862 3420 1039 3495 Ipsum
1067 3422 1363 3491 audiamus,
1406 3439 1473 3479 ne
1513 3424 1751 3495 injuriosi
1775 3426 2047 3483 existime-

470 3534 612 3576 mur.
641 3510 707 3573 Et
735 3535 798 3574 ne
824 3517 1171 3590 magnitudine
1207 3515 1566 3572 revelationum
1598 3534 1826 3572 mearum
1846 3559 1861 3585 ,
1903 3520 2050 3591 Apo-

469 3608 638 3668 stolus
661 3608 789 3666 dicit
816 3628 830 3666 :
854 3600 923 3665 In
960 3608 1303 3683 magnitudine
1342 3608 1701 3665 reuelationum
1732 3627 1956 3666 mearum
1984 3628 2048 3667 ne

470 3706 704 3763 extollar.
746 3702 949 3776 Nempe
986 3702 1074 3761 hic
1100 3703 1387 3776 agnoscitis
1415 3702 1729 3776 Apostolum
1759 3704 2045 3761 habentem

467 3797 887 3870 magnitudinem
933 3796 1351 3865 revelationum,
1388 3805 1443 3852 et
1484 3796 1759 3853 timentem
1798 3798 2044 3853 elationis

468 3888 838 3962 prmcipitium.
871 3884 940 3945 Ut
966 3903 1091 3958 ergo
1124 3888 1337 3943 noveris
1356 3887 1476 3958 quia
1507 3897 1561 3943 et
1597 3887 1710 3959 ipse
1734 3889 2041 3959 Apostolus,

466 3979 556 4051 qui
585 3980 797 4036 volebat
824 3977 956 4035 alios
981 3979 1155 4035 salvos
1192 3974 1368 4034 facere
1390 4020 1405 4046 ,
1436 3977 1609 4034 adhuc
1634 3979 1921 4035 curabatur
1950 3998 1962 4034 :
1987 3988 2045 4035 ut

466 4071 679 4131 noveris
705 4070 826 4142 quia
847 4077 901 4125 et
930 4070 1042 4141 ipse
1061 4066 1235 4126 adhuc
1254 4068 1572 4136 curabatur;
1600 4071 1644 4124 si
1677 4070 2042 4142 magnipendis

464 4158 634 4235 ipsius
664 4162 944 4231 honorem,
974 4160 1095 4218 audi
1134 4161 1258 4233 quid
1296 4160 1531 4217 medicus
1556 4162 1607 4217 ei
1635 4164 1939 4234 apposuerit
1975 4163 2041 4219 ad

466 4262 728 4313 tumorem
761 4273 776 4310 :
806 4254 928 4311 audi
957 4270 1061 4309 non
1091 4269 1197 4323 me,
1229 4255 1397 4326 ipsum
1426 4255 1568 4310 audi.
1609 4252 1745 4309 Audi
1783 4256 2042 4311 conﬁten-

463 4357 592 4416 tem,
622 4356 682 4404 ut
709 4347 907 4403 sentias
938 4346 1237 4403 docentem.
1283 4344 1421 4402 Audi
1453 4363 1465 4399 :
1495 4340 1563 4399 Et
1601 4364 1664 4402 ne
1696 4347 2039 4418 magnitudine

462 4439 820 4497 reuelationum
841 4454 1066 4494 mearum
1080 4436 1313 4493 extollar.
1336 4432 1471 4493 Ecce
1486 4438 1594 4508 jam
1621 4452 1833 4508 possum
1861 4438 2039 4495 dicere

461 4532 705 4603 apostolo
744 4530 907 4587 Paulo
934 4547 948 4584 :
978 4530 1055 4586 Ne
1085 4530 1375 4596 extollaris,
1415 4538 1598 4586 sancte
1640 4528 1933 4601 Apostole‘t
1960 4530 2038 4587 Tu

462 4640 533 4682 ne
557 4622 850 4691 extollaris,
877 4622 1049 4679 adhuc
1075 4622 1370 4678 cavendum
1394 4622 1511 4677 est?
1531 4620 1612 4678 Tu
1646 4638 1713 4678 ne
1744 4620 2033 4691 extollaris,

463 4716 639 4776 adhuc
658 4706 956 4774 timendum
993 4714 1115 4772 est?
1144 4710 1223 4770 Tu
1264 4730 1332 4771 ne
1367 4714 1673 4784 extollaris,
1713 4713 1885 4770 adhuc
1915 4715 2038 4771 huic

462 4813 754 4872 inﬁrmitati
777 4812 1036 4869 medicina
1062 4806 1344 4881 qumrenda
1365 4808 1483 4865 est?

534 4902 758 4963 CAPUT
778 4902 845 4960 Υ.
862 4934 933 4946 -
950 4901 1003 4959 6.
1027 4896 1071 4956 Τ
1073 4902 1263 4956 umoris
1308 4900 1556 4972 epithema
1578 4899 1818 4971 Apostolo
1838 4898 2030 4955 datum.

462 4992 599 5068 Quid
624 4996 776 5065 mihi,
799 4990 990 5066 inquit,
1018 4992 1151 5049 dicis
1181 4992 1271 5048 tu?
1301 4990 1371 5047 Et
1402 5000 1455 5046 tu
1495 4990 1618 5047 audi
1655 4990 1778 5062 quid
1808 4990 1943 5057 sim;
1984 4998 2038 5046 et

460 5057 568 5149 noli
611 5057 776 5145 altum
806 5057 1024 5157 sapere,
1055 5084 1150 5141 sed
1189 5084 1336 5140 time.
1380 5082 1514 5139 Audi
1559 5057 1822 5154 quomodo
1857 5082 2035 5139 brevis
2074 5057 2085 5073 ’

460 5194 628 5253 agnus
658 5172 1001 5250 ingrediatur,
1035 5168 1125 5232 ubi
1163 5175 1300 5231 aries
1338 5173 1414 5231 sic
1437 5174 1782 5247 periclitatur.
1814 5172 1896 5228 Ne
1920 5191 2032 5228 nta-

457 5266 739 5347 gnitudine,
770 5268 962 5341 inquit,
991 5265 1352 5323 revelationum
1378 5283 1600 5320 mearum
1627 5262 1858 5333 extollar,
1885 5264 2032 5320 datus

456 5374 530 5422 est
557 5363 682 5419 mihi
713 5358 945 5419 stimulus
985 5360 1152 5416 carnis
1193 5373 1335 5425 mete,
1368 5356 1575 5430 angelus
1603 5366 1813 5423 satame,
1844 5356 1927 5427 qui
1955 5372 2033 5410 me

457 5457 758 5529 colaphizet.
784 5450 1003 5524 Qualem
1043 5459 1303 5509 tumorem
1340 5449 1532 5517 timuit,
1569 5450 1656 5522 qui
1691 5448 2028 5505 mordacissi-

456 5566 603 5608 mnm
650 5545 916 5620 epitbema
965 5540 1216 5616 accepit?
1258 5534 1375 5599 iam
1416 5558 1542 5615 ergo
1584 5543 1741 5597 modo
1777 5542 1863 5597 dic
1905 5541 2026 5612 quia

456 5646 601 5700 tanta
616 5641 669 5697 in
695 5641 790 5698 illo
805 5648 919 5697 erat
934 5637 1159 5710 iustitia,
1179 5644 1376 5707 quam:
1393 5644 1477 5693 est
1495 5636 1548 5690 in
1569 5635 1785 5705 Angelis
1802 5636 2022 5691 sanctis.

454 5734 539 5793 An
569 5733 704 5790 forte
736 5740 789 5788 ct
823 5729 1043 5802 angelus
1084 5737 1296 5785 sanctus
1326 5728 1376 5784 in
1404 5728 1541 5783 coelo
1562 5770 1575 5793 ,
1609 5743 1675 5784 ue
1700 5727 1984 5783 extollatur
2007 5768 2023 5794 ,

449 5826 644 5901 accipit
680 5824 953 5884 stimulum
1000 5820 1251 5895 aquam
1275 5829 1495 5889 sanna,
1521 5835 1556 5877 ι
1588 5835 1694 5894 quo
1721 5820 2021 5894 catapulta-

1710 362 1770 423 Β.
1808 352 2172 422 AUGUSTlNl
2209 354 2512 423 EPISCOPI

3636 362 3745 430 836

2161 482 2288 536 tur?
2313 482 2465 537 Absit
2491 480 2593 536 hoc
2619 477 2689 539 de
2717 476 2914 538 sanctis
2935 472 3155 554 Angelis
3177 476 3459 558 suspicari.
3485 482 3741 545 Homines

2158 585 2341 627 sumus
2357 613 2373 641 ,
2398 574 2682 645 Apostolos
2702 583 2919 631 sanctos
2938 573 3183 632 homines
3200 588 3553 651 agnoscamus
3575 596 3591 646 ;
3613 595 3740 637 vasa

2157 664 2346 732 electa,
2379 666 2474 723 sed
2502 667 2677 724 adhuc
2702 667 2937 740 fragilia;
2968 668 3230 727 adhuccin
3270 670 3371 727 hac
3393 687 3559 728 carne
3584 687 3742 744 pere-

2155 757 2457 828 grinantes,
2505 760 2741 817 nondum
2779 761 2831 815 in
2872 761 3077 817 ecetein
3120 763 3289 833 patria
3328 765 3736 835 triumphantes.

2157 847 2298 919 Ergo
2327 851 2576 920 quoniam
2616 852 2897 908 Dominum
2925 861 3004 907 ter
3042 854 3271 925 rogavit,
3312 863 3371 910 ut
3408 856 3476 910 ab
3516 856 3608 911 illo
3639 857 3740 913 iste

2156 944 2400 1000 stimulus
2427 945 2763 1010 auferretur;
2802 961 2905 1002 nec
2939 944 3149 1002 auditus
3170 955 3254 1002 est
3280 946 3347 1002 ad
3372 948 3697 1004 voluntatem
3719 990 3736 1015 ,

2155 1036 2275 1106 quia
2294 1036 2746 1093 exauditusestad
2765 1038 3044 1093 sanitatem
3072 1037 3274 1109 (llCor.
3294 1054 3388 1105 xu,
3417 1038 3569 1110 7-9);
3599 1039 3738 1095 forte

2155 1141 2262 1182 non
2277 1127 2599 1192 indecenter
2624 1128 2737 1198 ipse
2761 1129 3015 1199 loquitur,
3048 1128 3136 1183 ubi
3163 1129 3311 1196 dicit,
3338 1128 3542 1185 Scimus
3567 1139 3738 1184 autem

2155 1220 2273 1291 quia
2299 1218 2405 1274 Lex
2431 1219 2710 1291 spiritualis
2736 1230 2840 1288 est;
2866 1237 2957 1292 ego
2985 1230 3155 1275 autem
3181 1221 3401 1277 carnalis
3423 1238 3556 1276 sum.

2228 1313 2280 1365 7.
2315 1311 2535 1368 Sanctus
2559 1313 2767 1384 quisque
2789 1313 2845 1367 in
2872 1314 2967 1367 hac
2990 1314 3092 1367 vita
3114 1313 3334 1368 carnalis
3359 1322 3407 1367 et
3434 1313 3732 1385 spiritualis.

2155 1400 2297 1473 Ergo
2323 1404 2551 1458 carnalis
2581 1404 2897 1475 Apostolus,
2944 1404 3034 1475 qui
3068 1403 3184 1458 aliis
3221 1401 3462 1469 dicebat,
3510 1402 3612 1460 Vos
3649 1406 3740 1476 qui

2155 1495 2440 1564 spirituales
2468 1495 2603 1561 estis,
2626 1495 2852 1549 instruite
2879 1494 3168 1563 huiusmodi
3195 1495 3249 1550 in
3273 1495 3453 1567 spiritu
3479 1496 3696 1551 lenitatis
3712 1498 3742 1552 .’

2154 1587 2288 1643 alios
2310 1595 2561 1658 tanquam
2605 1587 2906 1659 spirituales
2944 1588 3258 1660 alloquitur,
3286 1597 3340 1645 et
3366 1588 3482 1660 ipse
3508 1591 3738 1646 carnalis

2155 1678 2274 1734 est?
2298 1678 2402 1735 Sed
2424 1678 2550 1750 quid
2566 1679 2769 1735 dixitet
2786 1681 2912 1751 ipsis
2939 1680 3323 1751 spiritualibus,
3346 1682 3471 1753 quia
3498 1682 3735 1738 nondum

2155 1779 2307 1826 erant
2329 1769 2382 1825 in
2415 1768 2735 1839 perfectione
2753 1770 2957 1827 caelesti
2982 1779 3035 1827 et
3054 1772 3310 1842 angelica,
3327 1772 3562 1828 nondum
3580 1781 3738 1830 erant

2154 1862 2209 1919 in
2238 1864 2379 1919 illius
2405 1864 2588 1935 patria:
2616 1864 2934 1933 securitate,
2980 1864 3075 1920 sed
3118 1865 3172 1920 in
3214 1864 3370 1936 hujus
3418 1865 3729 1938 peregrina-

2155 1954 2319 2011 tionis
2341 1955 2693 2012 sollicitudine
2719 1955 3097 2012 versabantur?
3126 1955 3249 2027 quid
3280 1956 3360 2011 eis
3376 1955 3548 2011 dixit?
3571 1955 3735 2011 Certe

2155 2048 2457 2119 Spirituales
2497 2063 2592 2104 eos
2629 2049 2877 2103 vocavit:
2916 2044 3017 2102 Vos
3040 2089 3055 2113 ,
3089 2046 3292 2117 inquit,
3322 2047 3408 2120 qui
3446 2044 3735 2117 spirituales

2156 2140 2292 2207 estis,
2319 2138 2547 2193 instruite
2578 2137 2870 2210 hujusmodi
2896 2138 2947 2191 in
2975 2136 3154 2208 spiritu
3186 2136 3425 2203 lenitatis,
3472 2135 3735 2191 intendens

2156 2240 2205 2286 te
2227 2232 2413 2303 ipsum,
2442 2248 2504 2286 ne
2530 2239 2575 2286 et
2600 2239 2655 2284 tu
2676 2231 2878 2285 tenlcris
2909 2228 3104 2301 (Galat.
3145 2244 3218 2295 γι,
3262 2228 3339 2303 1).
3373 2229 3544 2298 Ecce,
3574 2244 3735 2300 quem

2156 2322 2483 2394 spiritualem
2509 2322 2618 2393 jam
2644 2322 2948 2393 appellavit,
2983 2321 3155 2377 timuit
3184 2320 3256 2376 illi
3293 2321 3601 2377 tentationis
3626 2319 3735 2376 fra-

2154 2417 2434 2489 gilitatem,
2462 2416 2604 2472 unde
2630 2424 2811 2487 posset
2839 2415 3027 2471 tentari
3055 2413 3378 2485 spiritualis,
3409 2415 3508 2471 etsi
3533 2429 3641 2470 non
3667 2429 3735 2472 ex

2156 2520 2363 2572 mente,
2406 2508 2585 2579 utique
2619 2523 2683 2564 ex
2714 2524 2895 2564 carne.
2932 2506 3231 2577 Spiritualis
3272 2508 3447 2573 enim,
3487 2508 3608 2577 quia
3643 2520 3734 2562 se-

2156 2600 2385 2657 cundum
2415 2600 2656 2672 Spiritum
2687 2601 2847 2667 vivit;
2869 2599 3042 2657 adhuc
3065 2609 3243 2656 autem
3264 2615 3328 2655 ex
3352 2608 3501 2671 parte
3521 2600 3734 2656 mortali

2156 2694 2384 2749 carnalis
2425 2711 2439 2747 :
2482 2693 2621 2749 idem
2660 2692 2983 2762 spiritualis,
3017 2691 3263 2762 idemque
3303 2693 3551 2748 carnalis.
3595 2692 3733 2748 Ecce

2157 2785 2445 2855 spiritualis
2494 2802 2507 2839 :
2554 2783 2725 2839 Mente
2761 2784 2919 2838 seruio
2959 2784 3058 2856 legi
3099 2782 3217 2840 Dei.
3266 2782 3405 2839 Ecce
3456 2782 3730 2839 carnalis:

2157 2894 2308 2934 carne
2334 2887 2503 2932 autem
2527 2877 2625 2950 legi
2658 2877 2866 2949 peccati.
2896 2876 3039 2934 Idem
3066 2892 3193 2949 ergo
3220 2877 3333 2948 ipse
3359 2885 3413 2932 et
3445 2876 3733 2951 spiritualis

2156 2981 2212 3028 et
2236 2971 2504 3027 carnalis?
2529 2970 2672 3027 Idem
2702 2970 2878 3042 plane,
2901 2970 3151 3042 quamdiu
3169 2968 3258 3026 hic
3281 2969 3426 3035 vivit,
3449 2970 3529 3027 sic
3556 2977 3660 3026 est.

2225 3064 2451 3123 CAPUT
2489 3063 2575 3121 Vl.
2601 3094 2675 3106 —
2698 3048 2751 3122 8‘.
2786 3064 2912 3133 Quis
2940 3072 3070 3120 totus
3096 3064 3335 3132 carnalis,
3363 3063 3473 3136 quis
3498 3079 3562 3120 ea:
3590 3072 3734 3136 parte

2155 3158 2232 3214 uel
2259 3166 2393 3212 totus
2417 3156 2714 3227 spiritualis.
2742 3156 2859 3213 Noli
2888 3156 3090 3225 mirari,
3118 3156 3356 3226 quisquis
3380 3171 3460 3224 es,
3489 3157 3731 3227 quicum-

2155 3264 2259 3321 que
2284 3248 2585 3304 carnalibus
2613 3248 3055 3320 concupiscentiis
3078 3247 3224 3304 cedis
3252 3256 3409 3320 atque
3433 3248 3727 3318 censentis,

2154 3343 2245 3414 qui
2274 3358 2366 3398 eas
2393 3342 2476 3397 vel
2505 3338 2673 3397 bonas
2699 3350 2854 3413 putas
2881 3340 2948 3397 ad
2973 3330 3289 3411 explendam
3321 3340 3551 3400 libidinis
3577 3350 3730 3398 satu-

2155 3433 2386 3497 ritatem,
2415 3433 2500 3488 vel
2529 3440 2675 3489 certe
2709 3432 2789 3488 sic
2817 3432 2929 3504 jam
2956 3431 3104 3488 vides
3128 3432 3320 3502 malas,
3346 3441 3405 3488 ut
3444 3434 3523 3489 eis
3552 3442 3730 3490 tamen

2156 3522 2393 3579 cedendo
2408 3522 2729 3590 consentias,
2746 3529 2800 3577 et
2818 3537 2922 3593 quo
2940 3521 3141 3577 ducunt
3167 3522 3409 3593 sequaris
3423 3563 3441 3591 ,
3466 3531 3521 3580 et
3537 3537 3731 3597 eaquae

2154 3615 2294 3671 mala
2321 3623 2608 3687 suggerunt
2642 3620 2949 3685 perpetres;
2984 3622 3127 3670 totus
3151 3615 3376 3671 carnalis
3416 3630 3497 3672 es.
3532 3615 3631 3685 Tu,
3674 3624 3731 3674 tu

2153 3707 2390 3778 quisquis
2421 3707 2541 3761 talis
2569 3720 2628 3762 es
2646 3743 2663 3774 ,
2694 3711 2838 3760 totus
2864 3704 3093 3761 carnalis
3117 3719 3197 3761 es.
3230 3704 3288 3761 Si
3320 3713 3498 3763 autem
3528 3719 3729 3762 concu-

2154 3799 2313 3869 piscis
2336 3798 2566 3869 quidem,
2587 3800 2728 3869 quod
2756 3797 2867 3853 Lex
2889 3805 3053 3866 vetat,
3074 3813 3196 3855 cum
3220 3796 3368 3863 dicit,
3390 3797 3443 3853 Ν
3446 3816 3513 3854 on
3539 3816 3728 3855 concu-

2152 3888 2313 3960 pisces
2342 3886 2532 3962 (Exod.
2559 3904 2654 3953 xx,
2683 3887 2805 3959 l7);
2827 3902 3008 3944 servas
3034 3886 3221 3944 flamen
3261 3887 3402 3944 aliud
3431 3888 3573 3960 quod
3602 3889 3730 3948 item

2151 3980 2264 4039 Lex
2285 3980 2454 4051 jubet,
2492 3979 2617 4035 Post
2656 3981 3081 4053 concupiscentias
3115 3990 3230 4037 tuas
3263 3998 3364 4037 non
3400 3998 3487 4037 eas
3525 3982 3726 4054 (Eccli.

2152 4086 2304 4138 xvm,
2335 4070 2424 4144 50)
2451 4090 2464 4126 :
2494 4081 2671 4127 mente
2700 4071 2988 4141 spiritualis
3015 4086 3098 4139 es,
3120 4086 3282 4128 carne
3301 4073 3543 4128 carnalis.
3571 4072 3727 4129 Aliud

2150 4172 2232 4219 est
2254 4163 2416 4228 enim,
2450 4177 2555 4218 non
2584 4163 2985 4233 concupiscere;
3015 4164 3177 4229 aliud,
3200 4172 3320 4235 post
3341 4163 3727 4236 concupiscen-

2152 4256 2251 4311 tias
2289 4268 2413 4309 suas
2460 4268 2564 4308 non
2602 4252 2701 4309 ire.
2751 4252 2865 4310 Non
2908 4255 3318 4325 concupiscere,
3354 4255 3570 4311 omnino
3593 4269 3728 4327 .per—

2149 4347 2270 4403 lecti
2297 4354 2379 4403 est
2397 4365 2412 4414 ;
2442 4355 2560 4417 post
2581 4346 3040 4417 concupiscentias
3065 4361 3190 4403 suas
3207 4362 3310 4402 non
3328 4347 3425 4413 ire,
3444 4348 3726 4418 pugnantis

2148 4451 2249 4509 est,
2282 4444 2529 4499 luctantis
2556 4450 2657 4509 est,
2685 4441 2972 4499 laborantis
3012 4450 3114 4498 est.
3164 4441 3268 4499 Ubi
3312 4441 3484 4499 fervet
3527 4458 3721 4514 pugna,

2147 4547 2311 4605 quare
2353 4533 2666 4604 desperatur
2716 4530 2985 4588 victoria?
3038 4531 3260 4601 Quando
3305 4532 3409 4588 erit
3458 4532 3724 4589 victoria?

2145 4623 2368 4692 Quando
2394 4624 2766 4681 absorbebitur
2791 4639 2937 4680 mors
2966 4624 3019 4679 in
3064 4623 3357 4680 victoriam.
3390 4623 3543 4681 Tunc
3579 4625 3721 4682 etiim

2144 4730 2247 4771 vox
2270 4716 2374 4771 erit
2397 4715 2789 4786 triumphantis,
2822 4731 2928 4772 non
2957 4715 3121 4772 sudor
3146 4717 3450 4794 pugnantis.
3478 4716 3608 4786 Quae
3636 4715 3722 4771 fu-

2144 4814 2261 4861 tura
2295 4814 2379 4862 est
2400 4822 2504 4863 vox
2553 4808 2641 4862 illa
2673 4806 3067 4878 triumphantis,
3098 4822 3217 4864 cum
3247 4807 3590 4879 corruptibile
3622 4807 3723 4866 hoc

2144 4897 2376 4953 induerit
2404 4899 2870 4970 incorruptionem,
2894 4907 2950 4956 et
2973 4899 3201 4956 mortale
3229 4897 3331 4955 hoc
3356 4897 3589 4956 induerit
3618 4898 3720 4955 im-

2142 4988 2557 5046 mortalitatem?
2599 4990 2760 5047 Vides
2809 4992 3061 5047 victorem
3087 5032 3105 5057 ,
3149 4990 3269 5046 audi
3319 4991 3675 5047 exsultantem
3700 5030 3717 5056 ,

2142 5090 2392 5153 exspecta
2418 5081 2850 5154 triumphantem.
2883 5080 3026 5139 Tunc
3068 5083 3153 5153 ﬁet
3195 5099 3358 5138 sermo
3386 5083 3471 5154 qui
3497 5083 3718 5154 scriptus

2141 5183 2233 5239 est,
2262 5172 2509 5245 Absorpta
2535 5183 2606 5229 est
2633 5192 2765 5230 mors
2790 5176 2841 5230 in
2871 5174 3151 5230 victoriam.
3170 5173 3272 5232 Ubi
3293 5184 3385 5245 est,
3407 5192 3565 5244 mors,
3592 5192 3717 5230 con-

2141 5264 2295 5319 tentio
2319 5264 2444 5319 tua?
2469 5265 2553 5320 ubi
2577 5274 2678 5334 est,
2709 5282 2866 5335 mors,
2895 5266 3101 5322 aculeus
3123 5276 3240 5322 tuus
3268 5266 3326 5337 (Ι
3353 5266 3470 5323 Cor.
3501 5283 3592 5336 xv,
3622 5267 3718 5324 55-

2140 5353 2271 5424 55)?
2301 5353 2398 5409 Ubi
2431 5355 2540 5409 est?
2565 5354 2704 5411 Ecce
2727 5364 2861 5422 erat,
2889 5364 2944 5412 et
2977 5371 3084 5411 non
3122 5362 3222 5412 est.
3272 5352 3371 5412 Ubi
3407 5366 3499 5427 est,
3536 5373 3671 5412 mors
3694 5396 3713 5423 ,

2139 5447 2384 5501 contentio
2408 5447 2533 5501 tua?
2572 5448 2711 5504 Ecce
2739 5448 2928 5504 mortis
2952 5447 3229 5505 contentio
3256 5465 3270 5502 :
3298 5447 3422 5504 Non
3450 5450 3584 5519 quod
3603 5449 3716 5504 voto

2138 5555 2252 5612 ago.
2283 5541 2419 5596 Ecce
2441 5541 2630 5596 mortis
2645 5542 2916 5596 contentio
2940 5560 2954 5596 ε
2982 5540 3181 5597 Scimus
3200 5542 3318 5613 quia
3334 5541 3415 5597 lea:
3436 5542 3717 5612 spiritualis

2137 5641 2241 5695 est;
2267 5648 2356 5702 ego
2389 5639 2557 5686 autem
2590 5632 2811 5689 carnalis
2835 5648 2965 5687 sum.
2995 5631 3051 5688 Si
3087 5647 3214 5703 ergo
3253 5631 3535 5702 Apostolus
3562 5632 3629 5687 de
3655 5646 3716 5688 se

2137 5722 2253 5794 ipso
2280 5723 2439 5789 dicit;
2473 5725 2514 5778 si
2548 5724 2669 5779 dico
2686 5765 2700 5790 ,
2724 5739 2833 5779 non
2859 5724 3117 5780 conﬁrmo
3145 5741 3158 5778 :
3191 5724 3235 5779 si
3259 5725 3546 5794 Apostolus
3563 5724 3711 5790 dicit,

2136 5817 2336 5877 Scimus
2361 5821 2476 5891 quia
2502 5822 2581 5875 lea:
2599 5820 2878 5893 spiritualis
2900 5829 2993 5891 est,
3020 5835 3111 5893 ego
3134 5827 3301 5876 autem
3321 5818 3544 5879 carnalis
3564 5833 3708 5877 sum:
