  <div class='ocr_page' id='page_1' title='image "/cluster/home/n/w/nwhite01/storage/ocr_20150623/38/hvd.32044015706294/424.png"; bbox 0 0 4108 6336; ppageno 0'>
   <div class='ocr_carea' id='block_1_1' title="bbox 365 365 470 428">
    <p class='ocr_par' dir='ltr' id='par_1_1' title="bbox 365 365 470 428">
     <span class='ocr_line' id='line_1_1' title="bbox 365 365 470 428; baseline -0.057 0"><span class='ocrx_word' id='word_1_1' title='bbox 365 365 470 428; x_wconf 79' lang='grc'><strong>857</strong></span> 
     </span>
    </p>
   </div>
   <div class='ocr_carea' id='block_1_2' title="bbox 367 463 1948 550">
    <p class='ocr_par' dir='ltr' id='par_1_2' title="bbox 367 463 1948 550">
     <span class='ocr_line' id='line_1_2' title="bbox 367 463 1948 550; baseline -0.01 -12"><span class='ocrx_word' id='word_1_2' title='bbox 367 487 546 538; x_wconf 87' lang='lat' dir='ltr'><strong>mente</strong></span> <span class='ocrx_word' id='word_1_3' title='bbox 589 479 733 536; x_wconf 90' lang='lat' dir='ltr'><strong>enim</strong></span> <span class='ocrx_word' id='word_1_4' title='bbox 786 474 1106 550; x_wconf 86' lang='lat' dir='ltr'><strong>spiritualis,</strong></span> <span class='ocrx_word' id='word_1_5' title='bbox 1151 484 1380 544; x_wconf 89' lang='lat' dir='ltr'><strong>corpore</strong></span> <span class='ocrx_word' id='word_1_6' title='bbox 1423 463 1695 527; x_wconf 80' lang='lat' dir='ltr'><strong>carnalis:</strong></span> <span class='ocrx_word' id='word_1_7' title='bbox 1736 467 1948 540; x_wconf 83' lang='lat' dir='ltr'><strong>quando</strong></span> 
     </span>
    </p>
   </div>
   <div class='ocr_carea' id='block_1_3' title="bbox 370 563 1950 648">
    <p class='ocr_par' dir='ltr' id='par_1_3' title="bbox 370 563 1950 648">
     <span class='ocr_line' id='line_1_3' title="bbox 370 563 1950 648; baseline -0.013 -14"><span class='ocrx_word' id='word_1_8' title='bbox 370 586 509 634; x_wconf 87' lang='lat' dir='ltr'><strong>totus</strong></span> <span class='ocrx_word' id='word_1_9' title='bbox 535 571 864 648; x_wconf 82' lang='lat' dir='ltr'><strong>spiritualis?</strong></span> <span class='ocrx_word' id='word_1_10' title='bbox 888 572 1042 640; x_wconf 92' lang='lat' dir='ltr'><strong>Cum,</strong></span> <span class='ocrx_word' id='word_1_11' title='bbox 1074 569 1365 626; x_wconf 80' lang='lat' dir='ltr'><strong>Sentinatur</strong></span> <span class='ocrx_word' id='word_1_12' title='bbox 1387 583 1570 638; x_wconf 88' lang='lat' dir='ltr'><strong>corpus</strong></span> <span class='ocrx_word' id='word_1_13' title='bbox 1609 563 1844 630; x_wconf 83' lang='lat' dir='ltr'><strong>animale,</strong></span> <span class='ocrx_word' id='word_1_14' title='bbox 1869 578 1950 626; x_wconf 81' lang='lat' dir='ltr'><strong>re-</strong></span> 
     </span>
    </p>
   </div>
   <div class='ocr_carea' id='block_1_4' title="bbox 369 656 1952 740">
    <p class='ocr_par' dir='ltr' id='par_1_4' title="bbox 369 656 1952 740">
     <span class='ocr_line' id='line_1_4' title="bbox 369 656 1952 740; baseline -0.008 -17"><span class='ocrx_word' id='word_1_15' title='bbox 369 678 533 740; x_wconf 86' lang='lat' dir='ltr'><strong>surget</strong></span> <span class='ocrx_word' id='word_1_16' title='bbox 546 684 728 739; x_wconf 85' lang='lat' dir='ltr'><strong>corpus</strong></span> <span class='ocrx_word' id='word_1_17' title='bbox 738 664 997 738; x_wconf 84' lang='lat' dir='ltr'><strong>spirituale</strong></span> <span class='ocrx_word' id='word_1_18' title='bbox 1011 662 1052 739; x_wconf 77' lang='lat' dir='ltr'><strong>(l</strong></span> <span class='ocrx_word' id='word_1_19' title='bbox 1066 661 1182 719; x_wconf 89' lang='lat' dir='ltr'><strong>Cor.</strong></span> <span class='ocrx_word' id='word_1_20' title='bbox 1192 678 1285 730; x_wconf 84' lang='lat' dir='ltr'><strong>xv,</strong></span> <span class='ocrx_word' id='word_1_21' title='bbox 1296 660 1386 734; x_wconf 71' lang='grc'><strong>44)</strong></span> <span class='ocrx_word' id='word_1_22' title='bbox 1397 700 1409 714; x_wconf 95' lang='grc'><strong>.</strong></span> <span class='ocrx_word' id='word_1_23' title='bbox 1428 659 1582 715; x_wconf 86' lang='lat' dir='ltr'><strong>Modo</strong></span> <span class='ocrx_word' id='word_1_24' title='bbox 1597 673 1724 730; x_wconf 88' lang='lat' dir='ltr'><strong>ergo</strong></span> <span class='ocrx_word' id='word_1_25' title='bbox 1742 656 1952 728; x_wconf 87' lang='lat' dir='ltr'><strong>quando</strong></span> 
     </span>
    </p>
   </div>
   <div class='ocr_carea' id='block_1_5' title="bbox 370 753 1952 828">
    <p class='ocr_par' dir='ltr' id='par_1_5' title="bbox 370 753 1952 828">
     <span class='ocr_line' id='line_1_5' title="bbox 370 753 1952 828; baseline -0.008 -13"><span class='ocrx_word' id='word_1_26' title='bbox 370 761 538 816; x_wconf 81' lang='lat' dir='ltr'><strong>fervet</strong></span> <span class='ocrx_word' id='word_1_27' title='bbox 566 761 755 814; x_wconf 90' lang='lat' dir='ltr'><strong>mortis</strong></span> <span class='ocrx_word' id='word_1_28' title='bbox 780 756 1070 822; x_wconf 77' lang='lat' dir='ltr'><strong>contentio,</strong></span> <span class='ocrx_word' id='word_1_29' title='bbox 1101 771 1202 810; x_wconf 89' lang='lat' dir='ltr'><strong>non</strong></span> <span class='ocrx_word' id='word_1_30' title='bbox 1229 754 1364 828; x_wconf 78' lang='lat' dir='ltr'><strong>quod</strong></span> <span class='ocrx_word' id='word_1_31' title='bbox 1402 753 1513 808; x_wconf 84' lang='lat' dir='ltr'><strong>volo</strong></span> <span class='ocrx_word' id='word_1_32' title='bbox 1543 769 1636 824; x_wconf 91' lang='lat' dir='ltr'><strong>ago</strong></span> <span class='ocrx_word' id='word_1_33' title='bbox 1666 768 1684 806; x_wconf 91' lang='lat'><strong><em>:</em></strong></span> <span class='ocrx_word' id='word_1_34' title='bbox 1711 767 1775 806; x_wconf 90' lang='lat' dir='ltr'><strong>ex</strong></span> <span class='ocrx_word' id='word_1_35' title='bbox 1806 757 1952 820; x_wconf 84' lang='lat' dir='ltr'><strong>parte</strong></span> 
     </span>
    </p>
   </div>
   <div class='ocr_carea' id='block_1_6' title="bbox 370 840 1953 922">
    <p class='ocr_par' dir='ltr' id='par_1_6' title="bbox 370 840 1953 922">
     <span class='ocr_line' id='line_1_6' title="bbox 370 840 1953 922; baseline -0.007 -16"><span class='ocrx_word' id='word_1_36' title='bbox 370 851 682 922; x_wconf 86' lang='lat' dir='ltr'><strong>spiritualis,</strong></span> <span class='ocrx_word' id='word_1_37' title='bbox 712 865 779 906; x_wconf 86' lang='lat' dir='ltr'><strong>ex</strong></span> <span class='ocrx_word' id='word_1_38' title='bbox 811 857 959 921; x_wconf 88' lang='lat' dir='ltr'><strong>parte</strong></span> <span class='ocrx_word' id='word_1_39' title='bbox 988 847 1253 913; x_wconf 85' lang='lat' dir='ltr'><strong>carnalis;</strong></span> <span class='ocrx_word' id='word_1_40' title='bbox 1286 861 1356 903; x_wconf 89' lang='lat' dir='ltr'><strong>ex</strong></span> <span class='ocrx_word' id='word_1_41' title='bbox 1399 853 1551 917; x_wconf 89' lang='lat' dir='ltr'><strong>parte</strong></span> <span class='ocrx_word' id='word_1_42' title='bbox 1593 844 1812 898; x_wconf 88' lang='lat' dir='ltr'><strong>meliore</strong></span> <span class='ocrx_word' id='word_1_43' title='bbox 1840 840 1953 912; x_wconf 88' lang='lat' dir='ltr'><strong>spi-</strong></span> 
     </span>
    </p>
   </div>
   <div class='ocr_carea' id='block_1_7' title="bbox 369 934 1949 1012">
    <p class='ocr_par' dir='ltr' id='par_1_7' title="bbox 369 934 1949 1012">
     <span class='ocr_line' id='line_1_7' title="bbox 369 934 1949 1012; baseline -0.008 -13"><span class='ocrx_word' id='word_1_44' title='bbox 369 941 595 1008; x_wconf 86' lang='lat' dir='ltr'><strong>ritualis,</strong></span> <span class='ocrx_word' id='word_1_45' title='bbox 623 958 689 997; x_wconf 82' lang='lat' dir='ltr'><strong>ex</strong></span> <span class='ocrx_word' id='word_1_46' title='bbox 716 948 867 1012; x_wconf 89' lang='lat' dir='ltr'><strong>parte</strong></span> <span class='ocrx_word' id='word_1_47' title='bbox 897 940 1149 996; x_wconf 84' lang='lat' dir='ltr'><strong>inferiore</strong></span> <span class='ocrx_word' id='word_1_48' title='bbox 1189 937 1440 995; x_wconf 86' lang='lat' dir='ltr'><strong>carnalis.</strong></span> <span class='ocrx_word' id='word_1_49' title='bbox 1469 935 1659 991; x_wconf 83' lang='lat' dir='ltr'><strong>Adhuc</strong></span> <span class='ocrx_word' id='word_1_50' title='bbox 1686 934 1911 1004; x_wconf 89' lang='lat' dir='ltr'><strong>coulligo</strong></span> <span class='ocrx_word' id='word_1_51' title='bbox 1934 973 1949 998; x_wconf 93' lang='lat'><strong>,</strong></span> 
     </span>
    </p>
   </div>
   <div class='ocr_carea' id='block_1_8' title="bbox 371 1025 1957 1105">
    <p class='ocr_par' dir='ltr' id='par_1_8' title="bbox 371 1025 1957 1105">
     <span class='ocr_line' id='line_1_8' title="bbox 371 1025 1957 1105; baseline -0.01 -11"><span class='ocrx_word' id='word_1_52' title='bbox 371 1037 608 1094; x_wconf 90' lang='lat' dir='ltr'><strong>nondum</strong></span> <span class='ocrx_word' id='word_1_53' title='bbox 639 1035 740 1091; x_wconf 85' lang='lat' dir='ltr'><strong>vici</strong></span> <span class='ocrx_word' id='word_1_54' title='bbox 770 1053 784 1090; x_wconf 90' lang='lat'><strong>:</strong></span> <span class='ocrx_word' id='word_1_55' title='bbox 811 1049 1060 1105; x_wconf 86' lang='lat' dir='ltr'><strong>magnum</strong></span> <span class='ocrx_word' id='word_1_56' title='bbox 1090 1031 1220 1088; x_wconf 89' lang='lat' dir='ltr'><strong>mihi</strong></span> <span class='ocrx_word' id='word_1_57' title='bbox 1247 1041 1330 1087; x_wconf 91' lang='lat' dir='ltr'><strong>est</strong></span> <span class='ocrx_word' id='word_1_58' title='bbox 1359 1045 1466 1086; x_wconf 93' lang='lat' dir='ltr'><strong>non</strong></span> <span class='ocrx_word' id='word_1_59' title='bbox 1488 1029 1646 1085; x_wconf 86' lang='lat' dir='ltr'><strong>vinci.</strong></span> <span class='ocrx_word' id='word_1_60' title='bbox 1678 1026 1794 1082; x_wconf 83' lang='lat' dir='ltr'><strong>Non</strong></span> <span class='ocrx_word' id='word_1_61' title='bbox 1824 1025 1957 1096; x_wconf 91' lang='lat' dir='ltr'><strong>quod</strong></span> 
     </span>
    </p>
   </div>
   <div class='ocr_carea' id='block_1_9' title="bbox 372 1117 1958 1200">
    <p class='ocr_par' dir='ltr' id='par_1_9' title="bbox 372 1117 1958 1200">
     <span class='ocr_line' id='line_1_9' title="bbox 372 1117 1958 1200; baseline -0.008 -16"><span class='ocrx_word' id='word_1_62' title='bbox 372 1130 506 1196; x_wconf 84' lang='lat' dir='ltr'><strong>volo,</strong></span> <span class='ocrx_word' id='word_1_63' title='bbox 539 1129 633 1182; x_wconf 86' lang='lat' dir='ltr'><strong>hoc</strong></span> <span class='ocrx_word' id='word_1_64' title='bbox 663 1145 759 1200; x_wconf 90' lang='lat' dir='ltr'><strong>ago</strong></span> <span class='ocrx_word' id='word_1_65' title='bbox 781 1145 800 1194; x_wconf 89' lang='lat'><strong>;</strong></span> <span class='ocrx_word' id='word_1_66' title='bbox 825 1126 961 1198; x_wconf 87' lang='lat' dir='ltr'><strong>quod</strong></span> <span class='ocrx_word' id='word_1_67' title='bbox 993 1125 1097 1193; x_wconf 90' lang='lat' dir='ltr'><strong>odi,</strong></span> <span class='ocrx_word' id='word_1_68' title='bbox 1127 1123 1259 1179; x_wconf 89' lang='lat' dir='ltr'><strong>illud</strong></span> <span class='ocrx_word' id='word_1_69' title='bbox 1279 1124 1433 1195; x_wconf 94' lang='lat' dir='ltr'><strong>facio.</strong></span> <span class='ocrx_word' id='word_1_70' title='bbox 1461 1122 1595 1191; x_wconf 88' lang='lat' dir='ltr'><strong>Quid</strong></span> <span class='ocrx_word' id='word_1_71' title='bbox 1629 1120 1795 1175; x_wconf 84' lang='lat' dir='ltr'><strong>lacis?</strong></span> <span class='ocrx_word' id='word_1_72' title='bbox 1819 1117 1958 1174; x_wconf 86' lang='lat' dir='ltr'><strong>Con-</strong></span> 
     </span>
    </p>
   </div>
   <div class='ocr_carea' id='block_1_10' title="bbox 373 1212 1960 1288">
    <p class='ocr_par' dir='ltr' id='par_1_10' title="bbox 373 1212 1960 1288">
     <span class='ocr_line' id='line_1_10' title="bbox 373 1212 1960 1288; baseline -0.006 -14"><span class='ocrx_word' id='word_1_73' title='bbox 373 1219 609 1287; x_wconf 87' lang='lat' dir='ltr'><strong>cupisco.</strong></span> <span class='ocrx_word' id='word_1_74' title='bbox 651 1218 760 1273; x_wconf 88' lang='lat' dir='ltr'><strong>Etsi</strong></span> <span class='ocrx_word' id='word_1_75' title='bbox 793 1216 1236 1288; x_wconf 83' lang='lat' dir='ltr'><strong>concupiscentiae</strong></span> <span class='ocrx_word' id='word_1_76' title='bbox 1259 1231 1362 1270; x_wconf 92' lang='lat' dir='ltr'><strong>non</strong></span> <span class='ocrx_word' id='word_1_77' title='bbox 1385 1212 1679 1278; x_wconf 88' lang='lat' dir='ltr'><strong>consentio,</strong></span> <span class='ocrx_word' id='word_1_78' title='bbox 1709 1212 1810 1268; x_wconf 90' lang='lat' dir='ltr'><strong>etsi</strong></span> <span class='ocrx_word' id='word_1_79' title='bbox 1842 1219 1960 1282; x_wconf 89' lang='lat' dir='ltr'><strong>post</strong></span> 
     </span>
    </p>
   </div>
   <div class='ocr_carea' id='block_1_11' title="bbox 374 1305 1959 1383">
    <p class='ocr_par' dir='ltr' id='par_1_11' title="bbox 374 1305 1959 1383">
     <span class='ocr_line' id='line_1_11' title="bbox 374 1305 1959 1383; baseline -0.007 -15"><span class='ocrx_word' id='word_1_80' title='bbox 374 1312 836 1383; x_wconf 88' lang='lat' dir='ltr'><strong>concupiscentias</strong></span> <span class='ocrx_word' id='word_1_81' title='bbox 882 1326 1030 1365; x_wconf 78' lang='lat' dir='ltr'><strong>nicas</strong></span> <span class='ocrx_word' id='word_1_82' title='bbox 1061 1325 1166 1364; x_wconf 92' lang='lat' dir='ltr'><strong>non</strong></span> <span class='ocrx_word' id='word_1_83' title='bbox 1196 1324 1300 1375; x_wconf 89' lang='lat' dir='ltr'><strong>eo;</strong></span> <span class='ocrx_word' id='word_1_84' title='bbox 1336 1319 1510 1362; x_wconf 86' lang='lat' dir='ltr'><strong>tamen</strong></span> <span class='ocrx_word' id='word_1_85' title='bbox 1546 1305 1722 1362; x_wconf 89' lang='lat' dir='ltr'><strong>adhuc</strong></span> <span class='ocrx_word' id='word_1_86' title='bbox 1760 1318 1959 1360; x_wconf 90' lang='lat' dir='ltr'><strong>concu-</strong></span> 
     </span>
    </p>
   </div>
   <div class='ocr_carea' id='block_1_12' title="bbox 375 1403 1719 1477">
    <p class='ocr_par' dir='ltr' id='par_1_12' title="bbox 375 1403 1719 1477">
     <span class='ocr_line' id='line_1_12' title="bbox 375 1403 1719 1477; baseline -0.005 -17"><span class='ocrx_word' id='word_1_87' title='bbox 375 1405 524 1477; x_wconf 81' lang='lat' dir='ltr'><strong>pisco</strong></span> <span class='ocrx_word' id='word_1_88' title='bbox 557 1423 570 1459; x_wconf 92' lang='lat'><strong>:</strong></span> <span class='ocrx_word' id='word_1_89' title='bbox 599 1415 652 1460; x_wconf 90' lang='lat' dir='ltr'><strong>et</strong></span> <span class='ocrx_word' id='word_1_90' title='bbox 671 1405 853 1475; x_wconf 91' lang='lat' dir='ltr'><strong>utique</strong></span> <span class='ocrx_word' id='word_1_91' title='bbox 873 1404 1032 1460; x_wconf 89' lang='lat' dir='ltr'><strong>etiam</strong></span> <span class='ocrx_word' id='word_1_92' title='bbox 1064 1407 1114 1458; x_wconf 92' lang='lat' dir='ltr'><strong>in</strong></span> <span class='ocrx_word' id='word_1_93' title='bbox 1144 1403 1253 1473; x_wconf 90' lang='lat' dir='ltr'><strong>ipsa</strong></span> <span class='ocrx_word' id='word_1_94' title='bbox 1283 1410 1430 1472; x_wconf 89' lang='lat' dir='ltr'><strong>parte</strong></span> <span class='ocrx_word' id='word_1_95' title='bbox 1455 1415 1555 1471; x_wconf 89' lang='lat' dir='ltr'><strong>ego</strong></span> <span class='ocrx_word' id='word_1_96' title='bbox 1580 1415 1719 1455; x_wconf 88' lang='lat' dir='ltr'><strong>sum.</strong></span> 
     </span>
    </p>
   </div>
   <div class='ocr_carea' id='block_1_13' title="bbox 448 1491 1959 1564">
    <p class='ocr_par' dir='ltr' id='par_1_13' title="bbox 448 1491 1959 1564">
     <span class='ocr_line' id='line_1_13' title="bbox 448 1491 1959 1564; baseline -0.005 -12"><span class='ocrx_word' id='word_1_97' title='bbox 448 1496 672 1554; x_wconf 79' lang='lat' dir='ltr'><strong>CAPUT</strong></span> <span class='ocrx_word' id='word_1_98' title='bbox 711 1497 821 1552; x_wconf 74' lang='grc' dir='ltr'><strong>νη.</strong></span> <span class='ocrx_word' id='word_1_99' title='bbox 841 1527 912 1538; x_wconf 89' lang='grc'><strong><em>-</em></strong></span> <span class='ocrx_word' id='word_1_100' title='bbox 931 1497 983 1554; x_wconf 93' lang='lat'><strong>9.</strong></span> <span class='ocrx_word' id='word_1_101' title='bbox 1003 1495 1148 1552; x_wconf 84' lang='lat' dir='ltr'><strong>Idem</strong></span> <span class='ocrx_word' id='word_1_102' title='bbox 1177 1495 1395 1551; x_wconf 81' lang='lat' dir='ltr'><strong>carnalis</strong></span> <span class='ocrx_word' id='word_1_103' title='bbox 1419 1495 1570 1550; x_wconf 81' lang='lat' dir='ltr'><strong>simul</strong></span> <span class='ocrx_word' id='word_1_104' title='bbox 1598 1502 1643 1548; x_wconf 85' lang='lat' dir='ltr'><strong>et</strong></span> <span class='ocrx_word' id='word_1_105' title='bbox 1663 1491 1959 1564; x_wconf 85' lang='lat' dir='ltr'><strong>spiritualis.</strong></span> 
     </span>
    </p>
   </div>
   <div class='ocr_carea' id='block_1_14' title="bbox 377 1586 1964 1664">
    <p class='ocr_par' dir='ltr' id='par_1_14' title="bbox 377 1586 1964 1664">
     <span class='ocr_line' id='line_1_14' title="bbox 377 1586 1964 1664; baseline -0.006 -15"><span class='ocrx_word' id='word_1_106' title='bbox 377 1592 490 1649; x_wconf 84' lang='lat' dir='ltr'><strong>Non</strong></span> <span class='ocrx_word' id='word_1_107' title='bbox 526 1595 667 1649; x_wconf 90' lang='lat' dir='ltr'><strong>enim</strong></span> <span class='ocrx_word' id='word_1_108' title='bbox 692 1609 790 1664; x_wconf 94' lang='lat' dir='ltr'><strong>ego</strong></span> <span class='ocrx_word' id='word_1_109' title='bbox 810 1593 864 1647; x_wconf 91' lang='lat' dir='ltr'><strong>in</strong></span> <span class='ocrx_word' id='word_1_110' title='bbox 894 1599 1091 1657; x_wconf 90' lang='lat' dir='ltr'><strong>mente,</strong></span> <span class='ocrx_word' id='word_1_111' title='bbox 1123 1601 1177 1646; x_wconf 90' lang='lat' dir='ltr'><strong>et</strong></span> <span class='ocrx_word' id='word_1_112' title='bbox 1203 1592 1338 1646; x_wconf 88' lang='lat' dir='ltr'><strong>alius</strong></span> <span class='ocrx_word' id='word_1_113' title='bbox 1368 1590 1420 1644; x_wconf 90' lang='lat' dir='ltr'><strong>in</strong></span> <span class='ocrx_word' id='word_1_114' title='bbox 1463 1605 1642 1644; x_wconf 88' lang='lat' dir='ltr'><strong>carne.</strong></span> <span class='ocrx_word' id='word_1_115' title='bbox 1670 1587 1775 1643; x_wconf 86' lang='lat' dir='ltr'><strong>Sed</strong></span> <span class='ocrx_word' id='word_1_116' title='bbox 1803 1586 1964 1658; x_wconf 91' lang='lat' dir='ltr'><strong>quid?</strong></span> 
     </span>
    </p>
   </div>
   <div class='ocr_carea' id='block_1_15' title="bbox 379 1681 1962 1758">
    <p class='ocr_par' dir='ltr' id='par_1_15' title="bbox 379 1681 1962 1758">
     <span class='ocr_line' id='line_1_15' title="bbox 379 1681 1962 1758; baseline -0.003 -18"><span class='ocrx_word' id='word_1_117' title='bbox 379 1683 546 1758; x_wconf 81' lang='lat' dir='ltr'><strong>Igitur</strong></span> <span class='ocrx_word' id='word_1_118' title='bbox 565 1688 674 1758; x_wconf 88' lang='lat' dir='ltr'><strong>ipse</strong></span> <span class='ocrx_word' id='word_1_119' title='bbox 701 1703 790 1758; x_wconf 86' lang='lat' dir='ltr'><strong>ego</strong></span> <span class='ocrx_word' id='word_1_120' title='bbox 815 1705 830 1741; x_wconf 89' lang='lat'><strong>:</strong></span> <span class='ocrx_word' id='word_1_121' title='bbox 859 1686 982 1757; x_wconf 87' lang='lat' dir='ltr'><strong>quia</strong></span> <span class='ocrx_word' id='word_1_122' title='bbox 1010 1700 1108 1756; x_wconf 92' lang='lat' dir='ltr'><strong>ego</strong></span> <span class='ocrx_word' id='word_1_123' title='bbox 1139 1685 1192 1739; x_wconf 92' lang='lat' dir='ltr'><strong>in</strong></span> <span class='ocrx_word' id='word_1_124' title='bbox 1223 1692 1418 1751; x_wconf 88' lang='lat' dir='ltr'><strong>mente,</strong></span> <span class='ocrx_word' id='word_1_125' title='bbox 1444 1699 1547 1755; x_wconf 86' lang='lat' dir='ltr'><strong>ego</strong></span> <span class='ocrx_word' id='word_1_126' title='bbox 1573 1684 1623 1738; x_wconf 90' lang='lat' dir='ltr'><strong>in</strong></span> <span class='ocrx_word' id='word_1_127' title='bbox 1643 1697 1823 1738; x_wconf 89' lang='lat' dir='ltr'><strong>carne.</strong></span> <span class='ocrx_word' id='word_1_128' title='bbox 1847 1681 1962 1736; x_wconf 87' lang='lat' dir='ltr'><strong>Non</strong></span> 
     </span>
    </p>
   </div>
   <div class='ocr_carea' id='block_1_16' title="bbox 378 1773 1964 1846">
    <p class='ocr_par' dir='ltr' id='par_1_16' title="bbox 378 1773 1964 1846">
     <span class='ocr_line' id='line_1_16' title="bbox 378 1773 1964 1846; baseline -0.004 -12"><span class='ocrx_word' id='word_1_129' title='bbox 378 1777 520 1834; x_wconf 88' lang='lat' dir='ltr'><strong>enim</strong></span> <span class='ocrx_word' id='word_1_130' title='bbox 551 1778 670 1832; x_wconf 70' lang='lat' dir='ltr'><strong>dum</strong></span> <span class='ocrx_word' id='word_1_131' title='bbox 696 1787 899 1833; x_wconf 63' lang='lat' dir='ltr'><strong>natura:</strong></span> <span class='ocrx_word' id='word_1_132' title='bbox 920 1779 1224 1841; x_wconf 68' lang='lat' dir='ltr'><strong>contrariae,</strong></span> <span class='ocrx_word' id='word_1_133' title='bbox 1254 1776 1350 1833; x_wconf 91' lang='lat' dir='ltr'><strong>sed</strong></span> <span class='ocrx_word' id='word_1_134' title='bbox 1374 1792 1438 1831; x_wconf 81' lang='lat' dir='ltr'><strong>ex</strong></span> <span class='ocrx_word' id='word_1_135' title='bbox 1467 1783 1687 1846; x_wconf 89' lang='lat' dir='ltr'><strong>utraque</strong></span> <span class='ocrx_word' id='word_1_136' title='bbox 1707 1790 1842 1830; x_wconf 91' lang='lat' dir='ltr'><strong>unus</strong></span> <span class='ocrx_word' id='word_1_137' title='bbox 1863 1773 1964 1828; x_wconf 87' lang='lat' dir='ltr'><strong>ho-</strong></span> 
     </span>
    </p>
   </div>
   <div class='ocr_carea' id='block_1_17' title="bbox 380 1865 1966 1942">
    <p class='ocr_par' dir='ltr' id='par_1_17' title="bbox 380 1865 1966 1942">
     <span class='ocr_line' id='line_1_17' title="bbox 380 1865 1966 1942; baseline -0.004 -16"><span class='ocrx_word' id='word_1_138' title='bbox 380 1885 505 1926; x_wconf 88' lang='lat' dir='ltr'><strong>mo:</strong></span> <span class='ocrx_word' id='word_1_139' title='bbox 536 1870 658 1942; x_wconf 89' lang='lat' dir='ltr'><strong>quia</strong></span> <span class='ocrx_word' id='word_1_140' title='bbox 697 1886 835 1925; x_wconf 92' lang='lat' dir='ltr'><strong>unus</strong></span> <span class='ocrx_word' id='word_1_141' title='bbox 878 1870 1015 1925; x_wconf 91' lang='lat' dir='ltr'><strong>Deus</strong></span> <span class='ocrx_word' id='word_1_142' title='bbox 1035 1912 1050 1937; x_wconf 95' lang='lat'><strong>,</strong></span> <span class='ocrx_word' id='word_1_143' title='bbox 1078 1885 1106 1923; x_wconf 89' lang='lat' dir='ltr'><strong>a</strong></span> <span class='ocrx_word' id='word_1_144' title='bbox 1133 1884 1238 1939; x_wconf 93' lang='lat' dir='ltr'><strong>quo</strong></span> <span class='ocrx_word' id='word_1_145' title='bbox 1276 1868 1447 1923; x_wconf 83' lang='lat' dir='ltr'><strong>factus</strong></span> <span class='ocrx_word' id='word_1_146' title='bbox 1473 1876 1557 1922; x_wconf 87' lang='lat' dir='ltr'><strong>est</strong></span> <span class='ocrx_word' id='word_1_147' title='bbox 1583 1867 1764 1921; x_wconf 88' lang='lat' dir='ltr'><strong>homo.</strong></span> <span class='ocrx_word' id='word_1_148' title='bbox 1797 1865 1966 1938; x_wconf 83' lang='lat' dir='ltr'><strong>Igitur</strong></span> 
     </span>
    </p>
   </div>
   <div class='ocr_carea' id='block_1_18' title="bbox 381 1958 1965 2035">
    <p class='ocr_par' dir='ltr' id='par_1_18' title="bbox 381 1958 1965 2035">
     <span class='ocr_line' id='line_1_18' title="bbox 381 1958 1965 2035; baseline -0.003 -19"><span class='ocrx_word' id='word_1_149' title='bbox 381 1963 489 2035; x_wconf 86' lang='lat' dir='ltr'><strong>ipse</strong></span> <span class='ocrx_word' id='word_1_150' title='bbox 507 1980 619 2034; x_wconf 87' lang='lat' dir='ltr'><strong>ego,</strong></span> <span class='ocrx_word' id='word_1_151' title='bbox 647 1977 746 2034; x_wconf 93' lang='lat' dir='ltr'><strong>ego</strong></span> <span class='ocrx_word' id='word_1_152' title='bbox 767 1963 898 2032; x_wconf 89' lang='lat' dir='ltr'><strong>ipse,</strong></span> <span class='ocrx_word' id='word_1_153' title='bbox 927 1971 1090 2016; x_wconf 84' lang='lat' dir='ltr'><strong>mente</strong></span> <span class='ocrx_word' id='word_1_154' title='bbox 1131 1962 1294 2016; x_wconf 84' lang='lat' dir='ltr'><strong>servio</strong></span> <span class='ocrx_word' id='word_1_155' title='bbox 1324 1961 1420 2032; x_wconf 83' lang='lat' dir='ltr'><strong>legi</strong></span> <span class='ocrx_word' id='word_1_156' title='bbox 1445 1958 1542 2014; x_wconf 88' lang='lat' dir='ltr'><strong>Dei</strong></span> <span class='ocrx_word' id='word_1_157' title='bbox 1565 1999 1580 2026; x_wconf 94' lang='lat'><strong>,</strong></span> <span class='ocrx_word' id='word_1_158' title='bbox 1605 1975 1757 2014; x_wconf 84' lang='lat' dir='ltr'><strong>carne</strong></span> <span class='ocrx_word' id='word_1_159' title='bbox 1796 1967 1965 2013; x_wconf 86' lang='lat' dir='ltr'><strong>autem</strong></span> 
     </span>
    </p>
   </div>
   <div class='ocr_carea' id='block_1_19' title="bbox 384 2049 1964 2126">
    <p class='ocr_par' dir='ltr' id='par_1_19' title="bbox 384 2049 1964 2126">
     <span class='ocr_line' id='line_1_19' title="bbox 384 2049 1964 2126; baseline -0.002 -17"><span class='ocrx_word' id='word_1_160' title='bbox 384 2053 485 2126; x_wconf 83' lang='lat' dir='ltr'><strong>legi</strong></span> <span class='ocrx_word' id='word_1_161' title='bbox 524 2055 734 2124; x_wconf 78' lang='lat' dir='ltr'><strong>peccati.</strong></span> <span class='ocrx_word' id='word_1_162' title='bbox 775 2053 949 2108; x_wconf 88' lang='lat' dir='ltr'><strong>Mente</strong></span> <span class='ocrx_word' id='word_1_163' title='bbox 991 2067 1096 2107; x_wconf 87' lang='lat' dir='ltr'><strong>non</strong></span> <span class='ocrx_word' id='word_1_164' title='bbox 1140 2052 1417 2107; x_wconf 83' lang='lat' dir='ltr'><strong>consentio</strong></span> <span class='ocrx_word' id='word_1_165' title='bbox 1466 2051 1569 2122; x_wconf 88' lang='lat' dir='ltr'><strong>legi</strong></span> <span class='ocrx_word' id='word_1_166' title='bbox 1599 2051 1838 2120; x_wconf 87' lang='lat' dir='ltr'><strong>peccati:</strong></span> <span class='ocrx_word' id='word_1_167' title='bbox 1871 2049 1964 2106; x_wconf 89' lang='lat' dir='ltr'><strong>sed</strong></span> 
     </span>
    </p>
   </div>
   <div class='ocr_carea' id='block_1_20' title="bbox 383 2144 1964 2212">
    <p class='ocr_par' dir='ltr' id='par_1_20' title="bbox 383 2144 1964 2212">
     <span class='ocr_line' id='line_1_20' title="bbox 383 2144 1964 2212; baseline -0.004 -9"><span class='ocrx_word' id='word_1_168' title='bbox 383 2155 560 2203; x_wconf 88' lang='lat' dir='ltr'><strong>tamen</strong></span> <span class='ocrx_word' id='word_1_169' title='bbox 584 2148 776 2203; x_wconf 91' lang='lat' dir='ltr'><strong>nollem</strong></span> <span class='ocrx_word' id='word_1_170' title='bbox 804 2156 946 2204; x_wconf 89' lang='lat' dir='ltr'><strong>esset</strong></span> <span class='ocrx_word' id='word_1_171' title='bbox 967 2147 1020 2201; x_wconf 90' lang='lat' dir='ltr'><strong>in</strong></span> <span class='ocrx_word' id='word_1_172' title='bbox 1046 2145 1301 2201; x_wconf 89' lang='lat' dir='ltr'><strong>membris</strong></span> <span class='ocrx_word' id='word_1_173' title='bbox 1329 2145 1463 2200; x_wconf 85' lang='lat' dir='ltr'><strong>meis</strong></span> <span class='ocrx_word' id='word_1_174' title='bbox 1493 2144 1578 2200; x_wconf 87' lang='lat' dir='ltr'><strong>lex</strong></span> <span class='ocrx_word' id='word_1_175' title='bbox 1609 2145 1710 2198; x_wconf 89' lang='lat' dir='ltr'><strong>ulla</strong></span> <span class='ocrx_word' id='word_1_176' title='bbox 1743 2145 1964 2212; x_wconf 86' lang='lat' dir='ltr'><strong>peccati.</strong></span> 
     </span>
    </p>
   </div>
   <div class='ocr_carea' id='block_1_21' title="bbox 382 2236 1968 2311">
    <p class='ocr_par' dir='ltr' id='par_1_21' title="bbox 382 2236 1968 2311">
     <span class='ocr_line' id='line_1_21' title="bbox 382 2236 1968 2311; baseline -0.003 -17"><span class='ocrx_word' id='word_1_177' title='bbox 382 2237 513 2309; x_wconf 87' lang='lat' dir='ltr'><strong>Quia</strong></span> <span class='ocrx_word' id='word_1_178' title='bbox 529 2255 657 2311; x_wconf 86' lang='lat' dir='ltr'><strong>ergo</strong></span> <span class='ocrx_word' id='word_1_179' title='bbox 677 2240 895 2305; x_wconf 89' lang='lat' dir='ltr'><strong>nollem,</strong></span> <span class='ocrx_word' id='word_1_180' title='bbox 912 2246 968 2295; x_wconf 85' lang='lat' dir='ltr'><strong>et</strong></span> <span class='ocrx_word' id='word_1_181' title='bbox 982 2248 1156 2294; x_wconf 88' lang='lat' dir='ltr'><strong>tamen</strong></span> <span class='ocrx_word' id='word_1_182' title='bbox 1180 2248 1262 2294; x_wconf 87' lang='lat' dir='ltr'><strong>est</strong></span> <span class='ocrx_word' id='word_1_183' title='bbox 1278 2254 1292 2302; x_wconf 93' lang='lat'><strong>;</strong></span> <span class='ocrx_word' id='word_1_184' title='bbox 1311 2236 1556 2308; x_wconf 87' lang='lat' dir='ltr'><strong>nonquod</strong></span> <span class='ocrx_word' id='word_1_185' title='bbox 1572 2237 1681 2290; x_wconf 86' lang='lat' dir='ltr'><strong>volo</strong></span> <span class='ocrx_word' id='word_1_186' title='bbox 1699 2253 1793 2308; x_wconf 84' lang='lat' dir='ltr'><strong>ago</strong></span> <span class='ocrx_word' id='word_1_187' title='bbox 1813 2253 1832 2291; x_wconf 87' lang='lat'><strong><em>:</em></strong></span> <span class='ocrx_word' id='word_1_188' title='bbox 1847 2236 1968 2305; x_wconf 87' lang='lat' dir='ltr'><strong>quia</strong></span> 
     </span>
    </p>
   </div>
   <div class='ocr_carea' id='block_1_22' title="bbox 383 2329 1970 2403">
    <p class='ocr_par' dir='ltr' id='par_1_22' title="bbox 383 2329 1970 2403">
     <span class='ocr_line' id='line_1_22' title="bbox 383 2329 1970 2403; baseline -0.005 -13"><span class='ocrx_word' id='word_1_189' title='bbox 383 2335 722 2403; x_wconf 88' lang='lat' dir='ltr'><strong>concupisco,</strong></span> <span class='ocrx_word' id='word_1_190' title='bbox 739 2343 792 2388; x_wconf 89' lang='lat' dir='ltr'><strong>et</strong></span> <span class='ocrx_word' id='word_1_191' title='bbox 807 2333 948 2398; x_wconf 88' lang='lat' dir='ltr'><strong>nolo,</strong></span> <span class='ocrx_word' id='word_1_192' title='bbox 965 2349 1064 2386; x_wconf 90' lang='lat' dir='ltr'><strong>non</strong></span> <span class='ocrx_word' id='word_1_193' title='bbox 1077 2331 1212 2400; x_wconf 87' lang='lat' dir='ltr'><strong>quod</strong></span> <span class='ocrx_word' id='word_1_194' title='bbox 1223 2332 1334 2385; x_wconf 80' lang='lat' dir='ltr'><strong>uolo</strong></span> <span class='ocrx_word' id='word_1_195' title='bbox 1347 2346 1466 2402; x_wconf 89' lang='lat' dir='ltr'><strong>ago;</strong></span> <span class='ocrx_word' id='word_1_196' title='bbox 1481 2330 1713 2401; x_wconf 85' lang='lat' dir='ltr'><strong>sedquod</strong></span> <span class='ocrx_word' id='word_1_197' title='bbox 1725 2330 1826 2390; x_wconf 84' lang='lat' dir='ltr'><strong>odi,</strong></span> <span class='ocrx_word' id='word_1_198' title='bbox 1840 2329 1970 2384; x_wconf 83' lang='lat' dir='ltr'><strong>illud</strong></span> 
     </span>
    </p>
   </div>
   <div class='ocr_carea' id='block_1_23' title="bbox 385 2421 1972 2497">
    <p class='ocr_par' dir='ltr' id='par_1_23' title="bbox 385 2421 1972 2497">
     <span class='ocr_line' id='line_1_23' title="bbox 385 2421 1972 2497; baseline -0.006 -13"><span class='ocrx_word' id='word_1_199' title='bbox 385 2427 537 2497; x_wconf 72' lang='lat' dir='ltr'><strong>facio.</strong></span> <span class='ocrx_word' id='word_1_200' title='bbox 567 2425 704 2492; x_wconf 85' lang='lat' dir='ltr'><strong>Quid</strong></span> <span class='ocrx_word' id='word_1_201' title='bbox 747 2425 870 2479; x_wconf 87' lang='lat' dir='ltr'><strong>odi?</strong></span> <span class='ocrx_word' id='word_1_202' title='bbox 896 2424 1308 2492; x_wconf 87' lang='lat' dir='ltr'><strong>Concupiscerc.</strong></span> <span class='ocrx_word' id='word_1_203' title='bbox 1341 2422 1436 2477; x_wconf 88' lang='lat' dir='ltr'><strong>Odi</strong></span> <span class='ocrx_word' id='word_1_204' title='bbox 1491 2421 1890 2490; x_wconf 86' lang='lat' dir='ltr'><strong>concupiscere,</strong></span> <span class='ocrx_word' id='word_1_205' title='bbox 1917 2429 1972 2474; x_wconf 90' lang='lat' dir='ltr'><strong>et</strong></span> 
     </span>
    </p>
   </div>
   <div class='ocr_carea' id='block_1_24' title="bbox 356 2512 1967 2588">
    <p class='ocr_par' dir='ltr' id='par_1_24' title="bbox 356 2512 1967 2588">
     <span class='ocr_line' id='line_1_24' title="bbox 356 2512 1967 2588; baseline -0.004 -16"><span class='ocrx_word' id='word_1_206' title='bbox 356 2514 365 2519; x_wconf 84' lang='grc'><em>’</em></span> <span class='ocrx_word' id='word_1_207' title='bbox 387 2526 565 2574; x_wconf 89' lang='lat' dir='ltr'><strong>tamen</strong></span> <span class='ocrx_word' id='word_1_208' title='bbox 585 2532 683 2588; x_wconf 84' lang='lat' dir='ltr'><strong>ago</strong></span> <span class='ocrx_word' id='word_1_209' title='bbox 705 2516 830 2572; x_wconf 88' lang='lat' dir='ltr'><strong>illud</strong></span> <span class='ocrx_word' id='word_1_210' title='bbox 849 2531 1028 2580; x_wconf 89' lang='lat' dir='ltr'><strong>carne,</strong></span> <span class='ocrx_word' id='word_1_211' title='bbox 1044 2530 1149 2569; x_wconf 90' lang='lat' dir='ltr'><strong>non</strong></span> <span class='ocrx_word' id='word_1_212' title='bbox 1169 2523 1346 2569; x_wconf 91' lang='lat' dir='ltr'><strong>mentc</strong></span> <span class='ocrx_word' id='word_1_213' title='bbox 1362 2532 1374 2567; x_wconf 89' lang='lat'>:</span> <span class='ocrx_word' id='word_1_214' title='bbox 1390 2513 1539 2582; x_wconf 83' lang='lat' dir='ltr'><strong>Quod</strong></span> <span class='ocrx_word' id='word_1_215' title='bbox 1554 2513 1654 2578; x_wconf 89' lang='lat' dir='ltr'><strong>odi,</strong></span> <span class='ocrx_word' id='word_1_216' title='bbox 1672 2512 1796 2566; x_wconf 86' lang='lat' dir='ltr'><strong>illud</strong></span> <span class='ocrx_word' id='word_1_217' title='bbox 1816 2512 1967 2584; x_wconf 86' lang='lat' dir='ltr'><strong>facio.</strong></span> 
     </span>
    </p>
   </div>
   <div class='ocr_carea' id='block_1_25' title="bbox 458 2605 1972 2680">
    <p class='ocr_par' dir='ltr' id='par_1_25' title="bbox 458 2605 1972 2680">
     <span class='ocr_line' id='line_1_25' title="bbox 458 2605 1972 2680; baseline -0.005 -14"><span class='ocrx_word' id='word_1_218' title='bbox 458 2613 547 2667; x_wconf 76' lang='grc'><strong>10.</strong></span> <span class='ocrx_word' id='word_1_219' title='bbox 574 2611 894 2666; x_wconf 81' lang='lat' dir='ltr'><strong>Consenliens</strong></span> <span class='ocrx_word' id='word_1_220' title='bbox 920 2627 1034 2664; x_wconf 86' lang='lat' dir='ltr'><strong>cum</strong></span> <span class='ocrx_word' id='word_1_221' title='bbox 1061 2610 1259 2680; x_wconf 88' lang='lat' dir='ltr'><strong>lege.—</strong></span> <span class='ocrx_word' id='word_1_222' title='bbox 1277 2609 1339 2663; x_wconf 89' lang='lat' dir='ltr'><strong>Si</strong></span> <span class='ocrx_word' id='word_1_223' title='bbox 1355 2618 1520 2664; x_wconf 86' lang='lat' dir='ltr'><strong>autem</strong></span> <span class='ocrx_word' id='word_1_224' title='bbox 1537 2607 1671 2674; x_wconf 85' lang='lat' dir='ltr'><strong>quod</strong></span> <span class='ocrx_word' id='word_1_225' title='bbox 1687 2606 1823 2673; x_wconf 88' lang='lat' dir='ltr'><strong>nolo,</strong></span> <span class='ocrx_word' id='word_1_226' title='bbox 1843 2605 1972 2659; x_wconf 83' lang='lat' dir='ltr'><strong>illud</strong></span> 
     </span>
    </p>
   </div>
   <div class='ocr_carea' id='block_1_26' title="bbox 388 2699 1968 2777">
    <p class='ocr_par' dir='ltr' id='par_1_26' title="bbox 388 2699 1968 2777">
     <span class='ocr_line' id='line_1_26' title="bbox 388 2699 1968 2777; baseline -0.003 -18"><span class='ocrx_word' id='word_1_227' title='bbox 388 2707 554 2777; x_wconf 81' lang='lat' dir='ltr'><strong>facio;</strong></span> <span class='ocrx_word' id='word_1_228' title='bbox 577 2705 830 2759; x_wconf 79' lang='lat' dir='ltr'><strong>consentio</strong></span> <span class='ocrx_word' id='word_1_229' title='bbox 851 2704 949 2775; x_wconf 81' lang='lat' dir='ltr'><strong>legi</strong></span> <span class='ocrx_word' id='word_1_230' title='bbox 975 2745 992 2772; x_wconf 92' lang='lat'><strong>,</strong></span> <span class='ocrx_word' id='word_1_231' title='bbox 1019 2703 1259 2774; x_wconf 87' lang='lat' dir='ltr'><strong>quoniam</strong></span> <span class='ocrx_word' id='word_1_232' title='bbox 1293 2702 1422 2755; x_wconf 87' lang='lat' dir='ltr'><strong>bona</strong></span> <span class='ocrx_word' id='word_1_233' title='bbox 1459 2710 1549 2756; x_wconf 85' lang='lat' dir='ltr'><strong>est.</strong></span> <span class='ocrx_word' id='word_1_234' title='bbox 1577 2699 1713 2770; x_wconf 89' lang='lat' dir='ltr'><strong>Quid</strong></span> <span class='ocrx_word' id='word_1_235' title='bbox 1740 2710 1820 2756; x_wconf 89' lang='lat' dir='ltr'><strong>est</strong></span> <span class='ocrx_word' id='word_1_236' title='bbox 1847 2701 1968 2765; x_wconf 90' lang='lat' dir='ltr'><strong>hoc,</strong></span> 
     </span>
    </p>
   </div>
   <div class='ocr_carea' id='block_1_27' title="bbox 389 2792 1974 2868">
    <p class='ocr_par' dir='ltr' id='par_1_27' title="bbox 389 2792 1974 2868">
     <span class='ocr_line' id='line_1_27' title="bbox 389 2792 1974 2868; baseline -0.004 -16"><span class='ocrx_word' id='word_1_237' title='bbox 389 2796 452 2853; x_wconf 88' lang='lat' dir='ltr'><strong>Si</strong></span> <span class='ocrx_word' id='word_1_238' title='bbox 477 2795 610 2867; x_wconf 86' lang='lat' dir='ltr'><strong>quod</strong></span> <span class='ocrx_word' id='word_1_239' title='bbox 641 2797 778 2860; x_wconf 87' lang='lat' dir='ltr'><strong>nolo,</strong></span> <span class='ocrx_word' id='word_1_240' title='bbox 803 2796 930 2850; x_wconf 88' lang='lat' dir='ltr'><strong>illud</strong></span> <span class='ocrx_word' id='word_1_241' title='bbox 959 2796 1126 2868; x_wconf 82' lang='lat' dir='ltr'><strong>facio;</strong></span> <span class='ocrx_word' id='word_1_242' title='bbox 1148 2795 1404 2849; x_wconf 86' lang='lat' dir='ltr'><strong>consentio</strong></span> <span class='ocrx_word' id='word_1_243' title='bbox 1420 2792 1562 2864; x_wconf 84' lang='lat' dir='ltr'><strong>Legi,</strong></span> <span class='ocrx_word' id='word_1_244' title='bbox 1585 2793 1822 2865; x_wconf 86' lang='lat' dir='ltr'><strong>quoniam</strong></span> <span class='ocrx_word' id='word_1_245' title='bbox 1845 2792 1974 2846; x_wconf 87' lang='lat' dir='ltr'><strong>bona</strong></span> 
     </span>
    </p>
   </div>
   <div class='ocr_carea' id='block_1_28' title="bbox 388 2885 1973 2959">
    <p class='ocr_par' dir='ltr' id='par_1_28' title="bbox 388 2885 1973 2959">
     <span class='ocr_line' id='line_1_28' title="bbox 388 2885 1973 2959; baseline -0.004 -13"><span class='ocrx_word' id='word_1_246' title='bbox 388 2892 506 2946; x_wconf 86' lang='lat' dir='ltr'><strong>est?</strong></span> <span class='ocrx_word' id='word_1_247' title='bbox 547 2890 894 2946; x_wconf 88' lang='lat' dir='ltr'><strong>Cousentires</strong></span> <span class='ocrx_word' id='word_1_248' title='bbox 921 2888 1066 2959; x_wconf 90' lang='lat' dir='ltr'><strong>legi,</strong></span> <span class='ocrx_word' id='word_1_249' title='bbox 1113 2886 1160 2943; x_wconf 88' lang='lat' dir='ltr'><strong>si</strong></span> <span class='ocrx_word' id='word_1_250' title='bbox 1189 2887 1328 2959; x_wconf 91' lang='lat' dir='ltr'><strong>quod</strong></span> <span class='ocrx_word' id='word_1_251' title='bbox 1359 2887 1518 2942; x_wconf 86' lang='lat' dir='ltr'><strong>vellet</strong></span> <span class='ocrx_word' id='word_1_252' title='bbox 1562 2886 1764 2941; x_wconf 81' lang='lat' dir='ltr'><strong>iaceres</strong></span> <span class='ocrx_word' id='word_1_253' title='bbox 1796 2903 1810 2938; x_wconf 74' lang='grc' dir='ltr'>ι</span> <span class='ocrx_word' id='word_1_254' title='bbox 1841 2885 1973 2941; x_wconf 85' lang='lat' dir='ltr'><strong>facis</strong></span> 
     </span>
    </p>
   </div>
   <div class='ocr_carea' id='block_1_29' title="bbox 389 2977 1975 3056">
    <p class='ocr_par' dir='ltr' id='par_1_29' title="bbox 389 2977 1975 3056">
     <span class='ocr_line' id='line_1_29' title="bbox 389 2977 1975 3056; baseline -0.004 -18"><span class='ocrx_word' id='word_1_255' title='bbox 389 2983 531 3056; x_wconf 88' lang='lat' dir='ltr'><strong>quod</strong></span> <span class='ocrx_word' id='word_1_256' title='bbox 563 2983 645 3038; x_wconf 85' lang='lat' dir='ltr'><strong>lex</strong></span> <span class='ocrx_word' id='word_1_257' title='bbox 675 2981 806 3046; x_wconf 89' lang='lat' dir='ltr'><strong>odit,</strong></span> <span class='ocrx_word' id='word_1_258' title='bbox 837 2979 1108 3052; x_wconf 89' lang='lat' dir='ltr'><strong>quomodo</strong></span> <span class='ocrx_word' id='word_1_259' title='bbox 1136 2980 1407 3034; x_wconf 84' lang='lat' dir='ltr'><strong>censentis</strong></span> <span class='ocrx_word' id='word_1_260' title='bbox 1438 2979 1583 3049; x_wconf 76' lang='lat' dir='ltr'><strong>legi?</strong></span> <span class='ocrx_word' id='word_1_261' title='bbox 1618 2979 1838 3032; x_wconf 87' lang='lat' dir='ltr'><strong>Prorsus</strong></span> <span class='ocrx_word' id='word_1_262' title='bbox 1858 3018 1874 3045; x_wconf 93' lang='lat'><strong>,</strong></span> <span class='ocrx_word' id='word_1_263' title='bbox 1913 2977 1975 3032; x_wconf 85' lang='lat' dir='ltr'><strong>Si</strong></span> 
     </span>
    </p>
   </div>
   <div class='ocr_carea' id='block_1_30' title="bbox 390 3063 1976 3148">
    <p class='ocr_par' dir='ltr' id='par_1_30' title="bbox 390 3063 1976 3148">
     <span class='ocr_line' id='line_1_30' title="bbox 390 3063 1976 3148; baseline -0.004 -19"><span class='ocrx_word' id='word_1_264' title='bbox 390 3078 523 3148; x_wconf 83' lang='lat' dir='ltr'><strong>quod</strong></span> <span class='ocrx_word' id='word_1_265' title='bbox 549 3063 705 3140; x_wconf 87' lang='lat' dir='ltr'><strong>nolo,</strong></span> <span class='ocrx_word' id='word_1_266' title='bbox 757 3073 850 3127; x_wconf 89' lang='lat' dir='ltr'><strong>hoc</strong></span> <span class='ocrx_word' id='word_1_267' title='bbox 880 3073 1054 3143; x_wconf 81' lang='lat' dir='ltr'><strong>facio;</strong></span> <span class='ocrx_word' id='word_1_268' title='bbox 1099 3072 1355 3126; x_wconf 84' lang='lat' dir='ltr'><strong>consentio</strong></span> <span class='ocrx_word' id='word_1_269' title='bbox 1399 3071 1534 3142; x_wconf 85' lang='lat' dir='ltr'><strong>legi,</strong></span> <span class='ocrx_word' id='word_1_270' title='bbox 1583 3070 1822 3140; x_wconf 85' lang='lat' dir='ltr'><strong>quoniam</strong></span> <span class='ocrx_word' id='word_1_271' title='bbox 1846 3071 1976 3123; x_wconf 89' lang='lat' dir='ltr'><strong>bona</strong></span> 
     </span>
    </p>
   </div>
   <div class='ocr_carea' id='block_1_31' title="bbox 391 3163 1972 3236">
    <p class='ocr_par' dir='ltr' id='par_1_31' title="bbox 391 3163 1972 3236">
     <span class='ocr_line' id='line_1_31' title="bbox 391 3163 1972 3236; baseline -0.005 -12"><span class='ocrx_word' id='word_1_272' title='bbox 391 3177 482 3224; x_wconf 86' lang='lat' dir='ltr'><strong>est.</strong></span> <span class='ocrx_word' id='word_1_273' title='bbox 545 3167 855 3236; x_wconf 87' lang='lat' dir='ltr'><strong>Quomodo?</strong></span> <span class='ocrx_word' id='word_1_274' title='bbox 901 3166 1031 3234; x_wconf 88' lang='lat' dir='ltr'><strong>Quia</strong></span> <span class='ocrx_word' id='word_1_275' title='bbox 1073 3165 1222 3236; x_wconf 83' lang='lat' dir='ltr'><strong>jubet</strong></span> <span class='ocrx_word' id='word_1_276' title='bbox 1276 3165 1394 3230; x_wconf 82' lang='lat' dir='ltr'><strong>lex,</strong></span> <span class='ocrx_word' id='word_1_277' title='bbox 1447 3163 1568 3218; x_wconf 89' lang='lat' dir='ltr'><strong>Non</strong></span> <span class='ocrx_word' id='word_1_278' title='bbox 1623 3163 1972 3232; x_wconf 80' lang='lat' dir='ltr'><strong>concupisces,</strong></span> 
     </span>
    </p>
   </div>
   <div class='ocr_carea' id='block_1_32' title="bbox 392 3256 1979 3332">
    <p class='ocr_par' dir='ltr' id='par_1_32' title="bbox 392 3256 1979 3332">
     <span class='ocr_line' id='line_1_32' title="bbox 392 3256 1979 3332; baseline -0.003 -16"><span class='ocrx_word' id='word_1_279' title='bbox 392 3262 529 3331; x_wconf 88' lang='lat' dir='ltr'><strong>Quid</strong></span> <span class='ocrx_word' id='word_1_280' title='bbox 559 3263 680 3317; x_wconf 90' lang='lat' dir='ltr'><strong>volo</strong></span> <span class='ocrx_word' id='word_1_281' title='bbox 705 3262 840 3332; x_wconf 86' lang='lat' dir='ltr'><strong>ego?</strong></span> <span class='ocrx_word' id='word_1_282' title='bbox 867 3277 973 3316; x_wconf 91' lang='lat' dir='ltr'><strong>non</strong></span> <span class='ocrx_word' id='word_1_283' title='bbox 996 3259 1409 3330; x_wconf 85' lang='lat' dir='ltr'><strong>concupiscere?</strong></span> <span class='ocrx_word' id='word_1_284' title='bbox 1441 3257 1681 3313; x_wconf 87' lang='lat' dir='ltr'><strong>Volendo</strong></span> <span class='ocrx_word' id='word_1_285' title='bbox 1705 3256 1847 3328; x_wconf 91' lang='lat' dir='ltr'><strong>quod</strong></span> <span class='ocrx_word' id='word_1_286' title='bbox 1867 3257 1979 3311; x_wconf 89' lang='lat' dir='ltr'><strong>vult</strong></span> 
     </span>
    </p>
   </div>
   <div class='ocr_carea' id='block_1_33' title="bbox 393 3350 1974 3424">
    <p class='ocr_par' dir='ltr' id='par_1_33' title="bbox 393 3350 1974 3424">
     <span class='ocr_line' id='line_1_33' title="bbox 393 3350 1974 3424; baseline -0.004 -14"><span class='ocrx_word' id='word_1_287' title='bbox 393 3355 497 3421; x_wconf 76' lang='lat' dir='ltr'><strong>lex,</strong></span> <span class='ocrx_word' id='word_1_288' title='bbox 525 3355 777 3409; x_wconf 84' lang='lat' dir='ltr'><strong>consentio</strong></span> <span class='ocrx_word' id='word_1_289' title='bbox 803 3355 918 3424; x_wconf 90' lang='lat' dir='ltr'><strong>legi,</strong></span> <span class='ocrx_word' id='word_1_290' title='bbox 945 3354 1182 3424; x_wconf 87' lang='lat' dir='ltr'><strong>quoniam</strong></span> <span class='ocrx_word' id='word_1_291' title='bbox 1221 3353 1349 3406; x_wconf 89' lang='lat' dir='ltr'><strong>bona</strong></span> <span class='ocrx_word' id='word_1_292' title='bbox 1392 3360 1482 3406; x_wconf 89' lang='lat' dir='ltr'><strong>est.</strong></span> <span class='ocrx_word' id='word_1_293' title='bbox 1513 3351 1568 3406; x_wconf 89' lang='lat' dir='ltr'><strong>Si</strong></span> <span class='ocrx_word' id='word_1_294' title='bbox 1618 3350 1821 3406; x_wconf 83' lang='lat' dir='ltr'><strong>diceret</strong></span> <span class='ocrx_word' id='word_1_295' title='bbox 1868 3351 1974 3418; x_wconf 85' lang='lat' dir='ltr'><strong>lex,</strong></span> 
     </span>
    </p>
   </div>
   <div class='ocr_carea' id='block_1_34' title="bbox 394 3445 1978 3518">
    <p class='ocr_par' dir='ltr' id='par_1_34' title="bbox 394 3445 1978 3518">
     <span class='ocr_line' id='line_1_34' title="bbox 394 3445 1978 3518; baseline -0.001 -16"><span class='ocrx_word' id='word_1_296' title='bbox 394 3446 519 3502; x_wconf 84' lang='lat' dir='ltr'><strong>Non</strong></span> <span class='ocrx_word' id='word_1_297' title='bbox 554 3447 894 3518; x_wconf 81' lang='lat' dir='ltr'><strong>concupisces,</strong></span> <span class='ocrx_word' id='word_1_298' title='bbox 943 3456 1000 3501; x_wconf 91' lang='lat' dir='ltr'><strong>et</strong></span> <span class='ocrx_word' id='word_1_299' title='bbox 1034 3460 1134 3516; x_wconf 88' lang='lat' dir='ltr'><strong>ego</strong></span> <span class='ocrx_word' id='word_1_300' title='bbox 1180 3445 1372 3500; x_wconf 84' lang='lat' dir='ltr'><strong>vellem</strong></span> <span class='ocrx_word' id='word_1_301' title='bbox 1422 3445 1833 3514; x_wconf 82' lang='lat' dir='ltr'><strong>concupiscere;</strong></span> <span class='ocrx_word' id='word_1_302' title='bbox 1871 3460 1978 3501; x_wconf 92' lang='lat' dir='ltr'><strong>non</strong></span> 
     </span>
    </p>
   </div>
   <div class='ocr_carea' id='block_1_35' title="bbox 393 3536 1982 3607">
    <p class='ocr_par' dir='ltr' id='par_1_35' title="bbox 393 3536 1982 3607">
     <span class='ocr_line' id='line_1_35' title="bbox 393 3536 1982 3607; baseline -0.003 -11"><span class='ocrx_word' id='word_1_303' title='bbox 393 3539 755 3596; x_wconf 89' lang='lat' dir='ltr'><strong>consentirem</strong></span> <span class='ocrx_word' id='word_1_304' title='bbox 776 3538 900 3607; x_wconf 85' lang='lat' dir='ltr'><strong>legi,</strong></span> <span class='ocrx_word' id='word_1_305' title='bbox 929 3545 982 3592; x_wconf 88' lang='lat' dir='ltr'><strong>et</strong></span> <span class='ocrx_word' id='word_1_306' title='bbox 1002 3538 1216 3592; x_wconf 83' lang='lat' dir='ltr'><strong>omnino</strong></span> <span class='ocrx_word' id='word_1_307' title='bbox 1242 3537 1311 3592; x_wconf 87' lang='lat' dir='ltr'><strong>ab</strong></span> <span class='ocrx_word' id='word_1_308' title='bbox 1337 3536 1424 3590; x_wconf 89' lang='lat' dir='ltr'><strong>illa</strong></span> <span class='ocrx_word' id='word_1_309' title='bbox 1447 3537 1733 3590; x_wconf 86' lang='lat' dir='ltr'><strong>voluntatis</strong></span> <span class='ocrx_word' id='word_1_310' title='bbox 1763 3551 1982 3606; x_wconf 82' lang='lat' dir='ltr'><strong>perver-</strong></span> 
     </span>
    </p>
   </div>
   <div class='ocr_carea' id='block_1_36' title="bbox 394 3629 1983 3700">
    <p class='ocr_par' dir='ltr' id='par_1_36' title="bbox 394 3629 1983 3700">
     <span class='ocr_line' id='line_1_36' title="bbox 394 3629 1983 3700; baseline -0.002 -12"><span class='ocrx_word' id='word_1_311' title='bbox 394 3635 554 3688; x_wconf 89' lang='lat' dir='ltr'><strong>sitate</strong></span> <span class='ocrx_word' id='word_1_312' title='bbox 599 3633 840 3687; x_wconf 84' lang='lat' dir='ltr'><strong>diversus</strong></span> <span class='ocrx_word' id='word_1_313' title='bbox 873 3632 1176 3686; x_wconf 84' lang='lat' dir='ltr'><strong>existerem.</strong></span> <span class='ocrx_word' id='word_1_314' title='bbox 1215 3631 1433 3685; x_wconf 82' lang='lat' dir='ltr'><strong>Dicente</strong></span> <span class='ocrx_word' id='word_1_315' title='bbox 1478 3630 1620 3685; x_wconf 89' lang='lat' dir='ltr'><strong>enim</strong></span> <span class='ocrx_word' id='word_1_316' title='bbox 1668 3630 1804 3700; x_wconf 84' lang='lat' dir='ltr'><strong>lege,</strong></span> <span class='ocrx_word' id='word_1_317' title='bbox 1861 3629 1983 3685; x_wconf 85' lang='lat' dir='ltr'><strong>Non</strong></span> 
     </span>
    </p>
   </div>
   <div class='ocr_carea' id='block_1_37' title="bbox 397 3721 1982 3794">
    <p class='ocr_par' dir='ltr' id='par_1_37' title="bbox 397 3721 1982 3794">
     <span class='ocr_line' id='line_1_37' title="bbox 397 3721 1982 3794; baseline -0.001 -15"><span class='ocrx_word' id='word_1_318' title='bbox 397 3724 740 3794; x_wconf 82' lang='lat' dir='ltr'><strong>concupisces,</strong></span> <span class='ocrx_word' id='word_1_319' title='bbox 772 3730 826 3777; x_wconf 90' lang='lat' dir='ltr'><strong>et</strong></span> <span class='ocrx_word' id='word_1_320' title='bbox 849 3737 948 3792; x_wconf 85' lang='lat' dir='ltr'><strong>ego</strong></span> <span class='ocrx_word' id='word_1_321' title='bbox 969 3721 1162 3777; x_wconf 85' lang='lat' dir='ltr'><strong>vellem</strong></span> <span class='ocrx_word' id='word_1_322' title='bbox 1188 3722 1604 3790; x_wconf 90' lang='lat' dir='ltr'><strong>concupiscere;</strong></span> <span class='ocrx_word' id='word_1_323' title='bbox 1630 3737 1733 3777; x_wconf 91' lang='lat' dir='ltr'><strong>non</strong></span> <span class='ocrx_word' id='word_1_324' title='bbox 1755 3737 1982 3778; x_wconf 82' lang='lat' dir='ltr'><strong>consen-</strong></span> 
     </span>
    </p>
   </div>
   <div class='ocr_carea' id='block_1_38' title="bbox 399 3813 1983 3886">
    <p class='ocr_par' dir='ltr' id='par_1_38' title="bbox 399 3813 1983 3886">
     <span class='ocr_line' id='line_1_38' title="bbox 399 3813 1983 3886; baseline -0.001 -15"><span class='ocrx_word' id='word_1_325' title='bbox 399 3817 474 3872; x_wconf 88' lang='lat' dir='ltr'><strong>tio</strong></span> <span class='ocrx_word' id='word_1_326' title='bbox 505 3815 606 3886; x_wconf 89' lang='lat' dir='ltr'><strong>legi</strong></span> <span class='ocrx_word' id='word_1_327' title='bbox 634 3815 750 3870; x_wconf 89' lang='lat' dir='ltr'><strong>Dei.</strong></span> <span class='ocrx_word' id='word_1_328' title='bbox 773 3813 909 3882; x_wconf 91' lang='lat' dir='ltr'><strong>Quid</strong></span> <span class='ocrx_word' id='word_1_329' title='bbox 940 3813 1137 3870; x_wconf 87' lang='lat' dir='ltr'><strong>modo?</strong></span> <span class='ocrx_word' id='word_1_330' title='bbox 1165 3813 1292 3883; x_wconf 86' lang='lat' dir='ltr'><strong>quid</strong></span> <span class='ocrx_word' id='word_1_331' title='bbox 1321 3813 1472 3878; x_wconf 90' lang='lat' dir='ltr'><strong>dicis,</strong></span> <span class='ocrx_word' id='word_1_332' title='bbox 1496 3828 1530 3868; x_wconf 85' lang='grc' dir='ltr'>ο</span> <span class='ocrx_word' id='word_1_333' title='bbox 1555 3813 1680 3870; x_wconf 88' lang='lat' dir='ltr'><strong>lex?</strong></span> <span class='ocrx_word' id='word_1_334' title='bbox 1712 3813 1832 3869; x_wconf 89' lang='lat' dir='ltr'><strong>Non</strong></span> <span class='ocrx_word' id='word_1_335' title='bbox 1859 3832 1983 3870; x_wconf 85' lang='lat' dir='ltr'><strong>con-</strong></span> 
     </span>
    </p>
   </div>
   <div class='ocr_carea' id='block_1_39' title="bbox 399 3905 1984 3980">
    <p class='ocr_par' dir='ltr' id='par_1_39' title="bbox 399 3905 1984 3980">
     <span class='ocr_line' id='line_1_39' title="bbox 399 3905 1984 3980; baseline -0.001 -17"><span class='ocrx_word' id='word_1_336' title='bbox 399 3908 644 3980; x_wconf 84' lang='lat' dir='ltr'><strong>cupisces.</strong></span> <span class='ocrx_word' id='word_1_337' title='bbox 674 3907 741 3963; x_wconf 85' lang='lat' dir='ltr'><strong>Et</strong></span> <span class='ocrx_word' id='word_1_338' title='bbox 761 3922 861 3978; x_wconf 88' lang='lat' dir='ltr'><strong>ego</strong></span> <span class='ocrx_word' id='word_1_339' title='bbox 888 3906 1012 3962; x_wconf 90' lang='lat' dir='ltr'><strong>nolo</strong></span> <span class='ocrx_word' id='word_1_340' title='bbox 1033 3905 1430 3975; x_wconf 86' lang='lat' dir='ltr'><strong>concupiscere,</strong></span> <span class='ocrx_word' id='word_1_341' title='bbox 1459 3915 1515 3961; x_wconf 90' lang='lat' dir='ltr'><strong>et</strong></span> <span class='ocrx_word' id='word_1_342' title='bbox 1538 3921 1637 3977; x_wconf 88' lang='lat' dir='ltr'><strong>ego</strong></span> <span class='ocrx_word' id='word_1_343' title='bbox 1660 3907 1813 3972; x_wconf 89' lang='lat' dir='ltr'><strong>nolo;</strong></span> <span class='ocrx_word' id='word_1_344' title='bbox 1842 3908 1984 3977; x_wconf 90' lang='lat' dir='ltr'><strong>quod</strong></span> 
     </span>
    </p>
   </div>
   <div class='ocr_carea' id='block_1_40' title="bbox 402 3997 1982 4068">
    <p class='ocr_par' dir='ltr' id='par_1_40' title="bbox 402 3997 1982 4068">
     <span class='ocr_line' id='line_1_40' title="bbox 402 3997 1982 4068; baseline -0.001 -12"><span class='ocrx_word' id='word_1_345' title='bbox 402 4015 508 4056; x_wconf 88' lang='lat' dir='ltr'><strong>non</strong></span> <span class='ocrx_word' id='word_1_346' title='bbox 543 3999 625 4054; x_wconf 86' lang='lat' dir='ltr'><strong>vis</strong></span> <span class='ocrx_word' id='word_1_347' title='bbox 648 4039 663 4064; x_wconf 92' lang='lat'><strong>,</strong></span> <span class='ocrx_word' id='word_1_348' title='bbox 700 3999 864 4054; x_wconf 89' lang='lat' dir='ltr'><strong>nolo:</strong></span> <span class='ocrx_word' id='word_1_349' title='bbox 893 3997 1017 4054; x_wconf 90' lang='lat' dir='ltr'><strong>ideo</strong></span> <span class='ocrx_word' id='word_1_350' title='bbox 1051 3998 1328 4052; x_wconf 86' lang='lat' dir='ltr'><strong>consentio</strong></span> <span class='ocrx_word' id='word_1_351' title='bbox 1351 4038 1371 4065; x_wconf 95' lang='lat'><strong>,</strong></span> <span class='ocrx_word' id='word_1_352' title='bbox 1399 3997 1520 4068; x_wconf 88' lang='lat' dir='ltr'><strong>quia</strong></span> <span class='ocrx_word' id='word_1_353' title='bbox 1559 3999 1700 4068; x_wconf 84' lang='lat' dir='ltr'><strong>quod</strong></span> <span class='ocrx_word' id='word_1_354' title='bbox 1743 4015 1848 4053; x_wconf 91' lang='lat' dir='ltr'><strong>non</strong></span> <span class='ocrx_word' id='word_1_355' title='bbox 1881 3999 1982 4067; x_wconf 85' lang='lat' dir='ltr'><strong>vis,</strong></span> 
     </span>
    </p>
   </div>
   <div class='ocr_carea' id='block_1_41' title="bbox 405 4091 1986 4162">
    <p class='ocr_par' dir='ltr' id='par_1_41' title="bbox 405 4091 1986 4162">
     <span class='ocr_line' id='line_1_41' title="bbox 405 4091 1986 4162; baseline 0 -15"><span class='ocrx_word' id='word_1_356' title='bbox 405 4093 546 4147; x_wconf 90' lang='lat' dir='ltr'><strong>nolo.</strong></span> <span class='ocrx_word' id='word_1_357' title='bbox 577 4091 692 4147; x_wconf 82' lang='lat' dir='ltr'><strong>Non</strong></span> <span class='ocrx_word' id='word_1_358' title='bbox 738 4092 923 4162; x_wconf 84' lang='lat' dir='ltr'><strong>implet</strong></span> <span class='ocrx_word' id='word_1_359' title='bbox 965 4091 1133 4161; x_wconf 87' lang='lat' dir='ltr'><strong>legem</strong></span> <span class='ocrx_word' id='word_1_360' title='bbox 1158 4091 1441 4146; x_wconf 81' lang='lat' dir='ltr'><strong>infirmitas</strong></span> <span class='ocrx_word' id='word_1_361' title='bbox 1480 4105 1596 4146; x_wconf 88' lang='lat' dir='ltr'><strong>mea</strong></span> <span class='ocrx_word' id='word_1_362' title='bbox 1627 4109 1640 4146; x_wconf 88' lang='lat'><strong>:</strong></span> <span class='ocrx_word' id='word_1_363' title='bbox 1671 4092 1763 4147; x_wconf 92' lang='lat' dir='ltr'><strong>sed</strong></span> <span class='ocrx_word' id='word_1_364' title='bbox 1791 4092 1986 4162; x_wconf 84' lang='lat' dir='ltr'><strong>Legem</strong></span> 
     </span>
    </p>
   </div>
   <div class='ocr_carea' id='block_1_42' title="bbox 407 4182 1984 4254">
    <p class='ocr_par' dir='ltr' id='par_1_42' title="bbox 407 4182 1984 4254">
     <span class='ocr_line' id='line_1_42' title="bbox 407 4182 1984 4254; baseline 0 -16"><span class='ocrx_word' id='word_1_365' title='bbox 407 4184 585 4239; x_wconf 89' lang='lat' dir='ltr'><strong>laudat</strong></span> <span class='ocrx_word' id='word_1_366' title='bbox 613 4185 854 4239; x_wconf 84' lang='lat' dir='ltr'><strong>voluntas</strong></span> <span class='ocrx_word' id='word_1_367' title='bbox 885 4198 1021 4238; x_wconf 85' lang='lat' dir='ltr'><strong>mea.</strong></span> <span class='ocrx_word' id='word_1_368' title='bbox 1071 4183 1211 4253; x_wconf 86' lang='lat' dir='ltr'><strong>Ergo</strong></span> <span class='ocrx_word' id='word_1_369' title='bbox 1258 4183 1302 4237; x_wconf 89' lang='lat' dir='ltr'><strong>si</strong></span> <span class='ocrx_word' id='word_1_370' title='bbox 1349 4182 1489 4252; x_wconf 90' lang='lat' dir='ltr'><strong>quod</strong></span> <span class='ocrx_word' id='word_1_371' title='bbox 1537 4183 1826 4248; x_wconf 90' lang='lat' dir='ltr'><strong>nolo,hoc</strong></span> <span class='ocrx_word' id='word_1_372' title='bbox 1847 4198 1984 4254; x_wconf 86' lang='lat' dir='ltr'><strong>ago;</strong></span> 
     </span>
    </p>
   </div>
   <div class='ocr_carea' id='block_1_43' title="bbox 408 4276 1986 4346">
    <p class='ocr_par' dir='ltr' id='par_1_43' title="bbox 408 4276 1986 4346">
     <span class='ocr_line' id='line_1_43' title="bbox 408 4276 1986 4346; baseline -0.001 -13"><span class='ocrx_word' id='word_1_373' title='bbox 408 4278 529 4333; x_wconf 89' lang='lat' dir='ltr'><strong>ideo</strong></span> <span class='ocrx_word' id='word_1_374' title='bbox 571 4279 846 4333; x_wconf 86' lang='lat' dir='ltr'><strong>consentio</strong></span> <span class='ocrx_word' id='word_1_375' title='bbox 893 4277 1030 4346; x_wconf 86' lang='lat' dir='ltr'><strong>legi,</strong></span> <span class='ocrx_word' id='word_1_376' title='bbox 1058 4277 1180 4346; x_wconf 89' lang='lat' dir='ltr'><strong>quia</strong></span> <span class='ocrx_word' id='word_1_377' title='bbox 1231 4276 1355 4330; x_wconf 90' lang='lat' dir='ltr'><strong>nolo</strong></span> <span class='ocrx_word' id='word_1_378' title='bbox 1393 4277 1534 4346; x_wconf 92' lang='lat' dir='ltr'><strong>quod</strong></span> <span class='ocrx_word' id='word_1_379' title='bbox 1580 4293 1684 4332; x_wconf 92' lang='lat' dir='ltr'><strong>non</strong></span> <span class='ocrx_word' id='word_1_380' title='bbox 1709 4279 1852 4344; x_wconf 86' lang='lat' dir='ltr'><strong>vult,</strong></span> <span class='ocrx_word' id='word_1_381' title='bbox 1882 4294 1986 4332; x_wconf 90' lang='lat' dir='ltr'><strong>non</strong></span> 
     </span>
    </p>
   </div>
   <div class='ocr_carea' id='block_1_44' title="bbox 408 4369 1990 4443">
    <p class='ocr_par' dir='ltr' id='par_1_44' title="bbox 408 4369 1990 4443">
     <span class='ocr_line' id='line_1_44' title="bbox 408 4369 1990 4443; baseline 0 -16"><span class='ocrx_word' id='word_1_382' title='bbox 408 4374 528 4442; x_wconf 86' lang='lat' dir='ltr'><strong>quia</strong></span> <span class='ocrx_word' id='word_1_383' title='bbox 555 4387 655 4443; x_wconf 85' lang='lat' dir='ltr'><strong>ago</strong></span> <span class='ocrx_word' id='word_1_384' title='bbox 677 4371 820 4442; x_wconf 90' lang='lat' dir='ltr'><strong>quod</strong></span> <span class='ocrx_word' id='word_1_385' title='bbox 859 4370 1002 4425; x_wconf 86' lang='lat' dir='ltr'><strong>nolo.</strong></span> <span class='ocrx_word' id='word_1_386' title='bbox 1041 4370 1219 4441; x_wconf 84' lang='lat' dir='ltr'><strong>Ipsum</strong></span> <span class='ocrx_word' id='word_1_387' title='bbox 1248 4369 1390 4424; x_wconf 89' lang='lat' dir='ltr'><strong>enim</strong></span> <span class='ocrx_word' id='word_1_388' title='bbox 1429 4385 1586 4440; x_wconf 89' lang='lat' dir='ltr'><strong>agerc</strong></span> <span class='ocrx_word' id='word_1_389' title='bbox 1614 4371 1990 4440; x_wconf 81' lang='lat' dir='ltr'><strong>concupiscere</strong></span> 
     </span>
    </p>
   </div>
   <div class='ocr_carea' id='block_1_45' title="bbox 407 4463 1990 4535">
    <p class='ocr_par' dir='ltr' id='par_1_45' title="bbox 407 4463 1990 4535">
     <span class='ocr_line' id='line_1_45' title="bbox 407 4463 1990 4535; baseline -0.001 -13"><span class='ocrx_word' id='word_1_390' title='bbox 407 4476 510 4530; x_wconf 89' lang='lat' dir='ltr'><strong>est,</strong></span> <span class='ocrx_word' id='word_1_391' title='bbox 541 4481 644 4520; x_wconf 93' lang='lat' dir='ltr'><strong>non</strong></span> <span class='ocrx_word' id='word_1_392' title='bbox 666 4464 1107 4535; x_wconf 80' lang='lat' dir='ltr'><strong>concupiscentiae</strong></span> <span class='ocrx_word' id='word_1_393' title='bbox 1133 4463 1437 4519; x_wconf 88' lang='lat' dir='ltr'><strong>consentire</strong></span> <span class='ocrx_word' id='word_1_394' title='bbox 1465 4483 1478 4518; x_wconf 88' lang='lat'>:</span> <span class='ocrx_word' id='word_1_395' title='bbox 1507 4479 1574 4518; x_wconf 90' lang='lat' dir='ltr'><strong>ne</strong></span> <span class='ocrx_word' id='word_1_396' title='bbox 1595 4464 1785 4534; x_wconf 83' lang='lat' dir='ltr'><strong>aliquis</strong></span> <span class='ocrx_word' id='word_1_397' title='bbox 1804 4464 1915 4534; x_wconf 85' lang='lat' dir='ltr'><strong>jam</strong></span> <span class='ocrx_word' id='word_1_398' title='bbox 1937 4465 1990 4520; x_wconf 92' lang='lat' dir='ltr'><strong>in</strong></span> 
     </span>
    </p>
   </div>
   <div class='ocr_carea' id='block_1_46' title="bbox 409 4555 1994 4628">
    <p class='ocr_par' dir='ltr' id='par_1_46' title="bbox 409 4555 1994 4628">
     <span class='ocr_line' id='line_1_46' title="bbox 409 4555 1994 4628; baseline -0.001 -15"><span class='ocrx_word' id='word_1_399' title='bbox 409 4557 666 4628; x_wconf 83' lang='lat' dir='ltr'><strong>Apostolo</strong></span> <span class='ocrx_word' id='word_1_400' title='bbox 687 4557 939 4627; x_wconf 88' lang='lat' dir='ltr'><strong>peccandi</strong></span> <span class='ocrx_word' id='word_1_401' title='bbox 968 4556 1070 4611; x_wconf 87' lang='lat' dir='ltr'><strong>sibi</strong></span> <span class='ocrx_word' id='word_1_402' title='bbox 1095 4567 1297 4626; x_wconf 60' lang='lat' dir='ltr'><strong>quaerat</strong></span> <span class='ocrx_word' id='word_1_403' title='bbox 1319 4555 1652 4625; x_wconf 85' lang='lat' dir='ltr'><strong>exemplum,</strong></span> <span class='ocrx_word' id='word_1_404' title='bbox 1678 4565 1731 4612; x_wconf 90' lang='lat' dir='ltr'><strong>et</strong></span> <span class='ocrx_word' id='word_1_405' title='bbox 1759 4556 1848 4611; x_wconf 87' lang='lat' dir='ltr'><strong>det</strong></span> <span class='ocrx_word' id='word_1_406' title='bbox 1878 4572 1994 4611; x_wconf 85' lang='lat' dir='ltr'><strong>ma-</strong></span> 
     </span>
    </p>
   </div>
   <div class='ocr_carea' id='block_1_47' title="bbox 410 4649 1994 4722">
    <p class='ocr_par' dir='ltr' id='par_1_47' title="bbox 410 4649 1994 4722">
     <span class='ocr_line' id='line_1_47' title="bbox 410 4649 1994 4722; baseline 0 -14"><span class='ocrx_word' id='word_1_407' title='bbox 410 4653 521 4709; x_wconf 85' lang='lat' dir='ltr'><strong>lum</strong></span> <span class='ocrx_word' id='word_1_408' title='bbox 568 4652 888 4722; x_wconf 80' lang='lat' dir='ltr'><strong>exemplum.</strong></span> <span class='ocrx_word' id='word_1_409' title='bbox 939 4649 1062 4706; x_wconf 86' lang='lat' dir='ltr'><strong>Non</strong></span> <span class='ocrx_word' id='word_1_410' title='bbox 1097 4649 1234 4721; x_wconf 85' lang='lat' dir='ltr'><strong>quod</strong></span> <span class='ocrx_word' id='word_1_411' title='bbox 1255 4651 1370 4706; x_wconf 81' lang='lat' dir='ltr'><strong>uolo</strong></span> <span class='ocrx_word' id='word_1_412' title='bbox 1411 4667 1527 4722; x_wconf 90' lang='lat' dir='ltr'><strong>ago.</strong></span> <span class='ocrx_word' id='word_1_413' title='bbox 1555 4651 1692 4717; x_wconf 79' lang='lat' dir='ltr'><strong>Quid</strong></span> <span class='ocrx_word' id='word_1_414' title='bbox 1719 4653 1860 4707; x_wconf 88' lang='lat' dir='ltr'><strong>enim</strong></span> <span class='ocrx_word' id='word_1_415' title='bbox 1909 4653 1994 4708; x_wconf 83' lang='lat' dir='ltr'><strong>lex</strong></span> 
     </span>
    </p>
   </div>
   <div class='ocr_carea' id='block_1_48' title="bbox 412 4740 1996 4814">
    <p class='ocr_par' dir='ltr' id='par_1_48' title="bbox 412 4740 1996 4814">
     <span class='ocr_line' id='line_1_48' title="bbox 412 4740 1996 4814; baseline -0.002 -12"><span class='ocrx_word' id='word_1_416' title='bbox 412 4745 578 4802; x_wconf 83' lang='lat' dir='ltr'><strong>dicit?</strong></span> <span class='ocrx_word' id='word_1_417' title='bbox 605 4742 729 4799; x_wconf 89' lang='lat' dir='ltr'><strong>Non</strong></span> <span class='ocrx_word' id='word_1_418' title='bbox 751 4743 1088 4814; x_wconf 79' lang='lat' dir='ltr'><strong>concupisces.</strong></span> <span class='ocrx_word' id='word_1_419' title='bbox 1121 4743 1184 4797; x_wconf 88' lang='lat' dir='ltr'><strong>Et</strong></span> <span class='ocrx_word' id='word_1_420' title='bbox 1211 4757 1310 4814; x_wconf 87' lang='lat' dir='ltr'><strong>ego</strong></span> <span class='ocrx_word' id='word_1_421' title='bbox 1336 4740 1460 4797; x_wconf 90' lang='lat' dir='ltr'><strong>nolo</strong></span> <span class='ocrx_word' id='word_1_422' title='bbox 1498 4743 1876 4813; x_wconf 86' lang='lat' dir='ltr'><strong>concupiscere</strong></span> <span class='ocrx_word' id='word_1_423' title='bbox 1896 4785 1910 4810; x_wconf 91' lang='lat'><strong>,</strong></span> <span class='ocrx_word' id='word_1_424' title='bbox 1941 4752 1996 4799; x_wconf 89' lang='lat' dir='ltr'><strong>et</strong></span> 
     </span>
    </p>
   </div>
   <div class='ocr_carea' id='block_1_49' title="bbox 415 4834 1998 4906">
    <p class='ocr_par' dir='ltr' id='par_1_49' title="bbox 415 4834 1998 4906">
     <span class='ocr_line' id='line_1_49' title="bbox 415 4834 1998 4906; baseline -0.003 -13"><span class='ocrx_word' id='word_1_425' title='bbox 415 4847 591 4894; x_wconf 89' lang='lat' dir='ltr'><strong>tamen</strong></span> <span class='ocrx_word' id='word_1_426' title='bbox 619 4835 936 4906; x_wconf 91' lang='lat' dir='ltr'><strong>concupisco</strong></span> <span class='ocrx_word' id='word_1_427' title='bbox 958 4849 978 4903; x_wconf 88' lang='lat'><strong>;</strong></span> <span class='ocrx_word' id='word_1_428' title='bbox 1001 4834 1238 4905; x_wconf 88' lang='lat' dir='ltr'><strong>quamvis</strong></span> <span class='ocrx_word' id='word_1_429' title='bbox 1272 4834 1714 4904; x_wconf 80' lang='lat' dir='ltr'><strong>concupiscentiae</strong></span> <span class='ocrx_word' id='word_1_430' title='bbox 1751 4851 1887 4891; x_wconf 76' lang='lat' dir='ltr'><strong>mea:</strong></span> <span class='ocrx_word' id='word_1_431' title='bbox 1914 4850 1998 4890; x_wconf 85' lang='lat' dir='ltr'><strong>as-</strong></span> 
     </span>
    </p>
   </div>
   <div class='ocr_carea' id='block_1_50' title="bbox 416 4927 1993 4998">
    <p class='ocr_par' dir='ltr' id='par_1_50' title="bbox 416 4927 1993 4998">
     <span class='ocr_line' id='line_1_50' title="bbox 416 4927 1993 4998; baseline -0.003 -12"><span class='ocrx_word' id='word_1_432' title='bbox 416 4945 636 4987; x_wconf 89' lang='lat' dir='ltr'><strong>sensum</strong></span> <span class='ocrx_word' id='word_1_433' title='bbox 660 4943 768 4984; x_wconf 88' lang='lat' dir='ltr'><strong>non</strong></span> <span class='ocrx_word' id='word_1_434' title='bbox 793 4927 1057 4998; x_wconf 79' lang='lat' dir='ltr'><strong>praebeam</strong></span> <span class='ocrx_word' id='word_1_435' title='bbox 1079 4968 1094 4994; x_wconf 94' lang='lat'><strong>,</strong></span> <span class='ocrx_word' id='word_1_436' title='bbox 1123 4928 1363 4997; x_wconf 74' lang='lat' dir='ltr'><strong>quamvis</strong></span> <span class='ocrx_word' id='word_1_437' title='bbox 1409 4937 1532 4996; x_wconf 87' lang='lat' dir='ltr'><strong>post</strong></span> <span class='ocrx_word' id='word_1_438' title='bbox 1572 4941 1690 4982; x_wconf 89' lang='lat' dir='ltr'><strong>eam</strong></span> <span class='ocrx_word' id='word_1_439' title='bbox 1721 4941 1824 4982; x_wconf 90' lang='lat' dir='ltr'><strong>non</strong></span> <span class='ocrx_word' id='word_1_440' title='bbox 1855 4943 1993 4982; x_wconf 89' lang='lat' dir='ltr'><strong>eam.</strong></span> 
     </span>
    </p>
   </div>
   <div class='ocr_carea' id='block_1_51' title="bbox 418 5023 2000 5090">
    <p class='ocr_par' dir='ltr' id='par_1_51' title="bbox 418 5023 2000 5090">
     <span class='ocr_line' id='line_1_51' title="bbox 418 5023 2000 5090; baseline -0.003 -10"><span class='ocrx_word' id='word_1_441' title='bbox 418 5023 631 5080; x_wconf 72' lang='lat' dir='ltr'><strong>Resiste</strong></span> <span class='ocrx_word' id='word_1_442' title='bbox 653 5023 816 5087; x_wconf 86' lang='lat' dir='ltr'><strong>enim,</strong></span> <span class='ocrx_word' id='word_1_443' title='bbox 834 5028 1017 5076; x_wconf 88' lang='lat' dir='ltr'><strong>averto</strong></span> <span class='ocrx_word' id='word_1_444' title='bbox 1037 5029 1288 5085; x_wconf 91' lang='lat' dir='ltr'><strong>mentem,</strong></span> <span class='ocrx_word' id='word_1_445' title='bbox 1314 5035 1451 5090; x_wconf 88' lang='lat' dir='ltr'><strong>nego</strong></span> <span class='ocrx_word' id='word_1_446' title='bbox 1469 5034 1640 5086; x_wconf 88' lang='lat' dir='ltr'><strong>arma,</strong></span> <span class='ocrx_word' id='word_1_447' title='bbox 1661 5024 1819 5076; x_wconf 88' lang='lat' dir='ltr'><strong>teneo</strong></span> <span class='ocrx_word' id='word_1_448' title='bbox 1839 5038 2000 5077; x_wconf 82' lang='lat' dir='ltr'><strong>ntem-</strong></span> 
     </span>
    </p>
   </div>
   <div class='ocr_carea' id='block_1_52' title="bbox 419 5110 1995 5183">
    <p class='ocr_par' dir='ltr' id='par_1_52' title="bbox 419 5110 1995 5183">
     <span class='ocr_line' id='line_1_52' title="bbox 419 5110 1995 5183; baseline -0.003 -12"><span class='ocrx_word' id='word_1_449' title='bbox 419 5114 548 5183; x_wconf 89' lang='lat' dir='ltr'><strong>bra;</strong></span> <span class='ocrx_word' id='word_1_450' title='bbox 575 5122 629 5170; x_wconf 91' lang='lat' dir='ltr'><strong>et</strong></span> <span class='ocrx_word' id='word_1_451' title='bbox 653 5122 828 5169; x_wconf 89' lang='lat' dir='ltr'><strong>tamen</strong></span> <span class='ocrx_word' id='word_1_452' title='bbox 857 5112 914 5166; x_wconf 84' lang='lat' dir='ltr'><strong>lit</strong></span> <span class='ocrx_word' id='word_1_453' title='bbox 936 5112 987 5166; x_wconf 91' lang='lat' dir='ltr'><strong>iu</strong></span> <span class='ocrx_word' id='word_1_454' title='bbox 1009 5127 1095 5167; x_wconf 92' lang='lat' dir='ltr'><strong>me</strong></span> <span class='ocrx_word' id='word_1_455' title='bbox 1121 5111 1262 5182; x_wconf 90' lang='lat' dir='ltr'><strong>quod</strong></span> <span class='ocrx_word' id='word_1_456' title='bbox 1288 5111 1434 5166; x_wconf 92' lang='lat' dir='ltr'><strong>nolo.</strong></span> <span class='ocrx_word' id='word_1_457' title='bbox 1453 5110 1605 5178; x_wconf 90' lang='lat' dir='ltr'><strong>Quod</strong></span> <span class='ocrx_word' id='word_1_458' title='bbox 1629 5127 1734 5166; x_wconf 93' lang='lat' dir='ltr'><strong>non</strong></span> <span class='ocrx_word' id='word_1_459' title='bbox 1758 5112 1869 5167; x_wconf 89' lang='lat' dir='ltr'><strong>vult</strong></span> <span class='ocrx_word' id='word_1_460' title='bbox 1891 5113 1995 5181; x_wconf 87' lang='lat' dir='ltr'><strong>lex,</strong></span> 
     </span>
    </p>
   </div>
   <div class='ocr_carea' id='block_1_53' title="bbox 421 5203 1996 5278">
    <p class='ocr_par' dir='ltr' id='par_1_53' title="bbox 421 5203 1996 5278">
     <span class='ocr_line' id='line_1_53' title="bbox 421 5203 1996 5278; baseline -0.003 -14"><span class='ocrx_word' id='word_1_461' title='bbox 421 5209 548 5264; x_wconf 91' lang='lat' dir='ltr'><strong>nolo</strong></span> <span class='ocrx_word' id='word_1_462' title='bbox 565 5223 685 5263; x_wconf 91' lang='lat' dir='ltr'><strong>cum</strong></span> <span class='ocrx_word' id='word_1_463' title='bbox 701 5206 834 5278; x_wconf 87' lang='lat' dir='ltr'><strong>lege;</strong></span> <span class='ocrx_word' id='word_1_464' title='bbox 851 5204 989 5276; x_wconf 91' lang='lat' dir='ltr'><strong>quod</strong></span> <span class='ocrx_word' id='word_1_465' title='bbox 1004 5220 1108 5260; x_wconf 91' lang='lat' dir='ltr'><strong>non</strong></span> <span class='ocrx_word' id='word_1_466' title='bbox 1123 5203 1254 5269; x_wconf 89' lang='lat' dir='ltr'><strong>vult,</strong></span> <span class='ocrx_word' id='word_1_467' title='bbox 1270 5203 1392 5260; x_wconf 84' lang='lat' dir='ltr'><strong>nolo</strong></span> <span class='ocrx_word' id='word_1_468' title='bbox 1413 5221 1427 5258; x_wconf 87' lang='lat'><strong>:</strong></span> <span class='ocrx_word' id='word_1_469' title='bbox 1448 5219 1576 5277; x_wconf 83' lang='lat' dir='ltr'><strong>ergo</strong></span> <span class='ocrx_word' id='word_1_470' title='bbox 1585 5205 1860 5260; x_wconf 88' lang='lat' dir='ltr'><strong>consentio</strong></span> <span class='ocrx_word' id='word_1_471' title='bbox 1873 5205 1996 5276; x_wconf 89' lang='lat' dir='ltr'><strong>legi.</strong></span> 
     </span>
    </p>
   </div>
   <div class='ocr_carea' id='block_1_54' title="bbox 492 5295 2000 5368">
    <p class='ocr_par' dir='ltr' id='par_1_54' title="bbox 492 5295 2000 5368">
     <span class='ocr_line' id='line_1_54' title="bbox 492 5295 2000 5368; baseline -0.003 -11"><span class='ocrx_word' id='word_1_472' title='bbox 492 5297 720 5357; x_wconf 85' lang='lat' dir='ltr'><strong>CAPUT</strong></span> <span class='ocrx_word' id='word_1_473' title='bbox 761 5297 893 5355; x_wconf 74' lang='lat' dir='ltr'><strong>Vlll.</strong></span> <span class='ocrx_word' id='word_1_474' title='bbox 921 5329 994 5339; x_wconf 92' lang='lat'><strong>——</strong></span> <span class='ocrx_word' id='word_1_475' title='bbox 1019 5297 1106 5354; x_wconf 76' lang='lat' dir='ltr'><strong>ll.</strong></span> <span class='ocrx_word' id='word_1_476' title='bbox 1148 5295 1396 5368; x_wconf 86' lang='lat' dir='ltr'><strong>Ignorare</strong></span> <span class='ocrx_word' id='word_1_477' title='bbox 1426 5305 1702 5368; x_wconf 88' lang='lat' dir='ltr'><strong>peccatum.</strong></span> <span class='ocrx_word' id='word_1_478' title='bbox 1731 5295 1837 5354; x_wconf 89' lang='lat' dir='ltr'><strong>Sed</strong></span> <span class='ocrx_word' id='word_1_479' title='bbox 1878 5297 2000 5368; x_wconf 86' lang='lat' dir='ltr'><strong>quia</strong></span> 
     </span>
    </p>
   </div>
   <div class='ocr_carea' id='block_1_55' title="bbox 421 5389 2002 5465">
    <p class='ocr_par' dir='ltr' id='par_1_55' title="bbox 421 5389 2002 5465">
     <span class='ocr_line' id='line_1_55' title="bbox 421 5389 2002 5465; baseline -0.001 -17"><span class='ocrx_word' id='word_1_480' title='bbox 421 5408 520 5465; x_wconf 87' lang='lat' dir='ltr'><strong>ego</strong></span> <span class='ocrx_word' id='word_1_481' title='bbox 544 5408 660 5448; x_wconf 90' lang='lat' dir='ltr'><strong>sum</strong></span> <span class='ocrx_word' id='word_1_482' title='bbox 689 5391 741 5447; x_wconf 92' lang='lat' dir='ltr'><strong>in</strong></span> <span class='ocrx_word' id='word_1_483' title='bbox 765 5404 924 5448; x_wconf 86' lang='lat' dir='ltr'><strong>carne</strong></span> <span class='ocrx_word' id='word_1_484' title='bbox 948 5433 962 5458; x_wconf 92' lang='lat'><strong>,</strong></span> <span class='ocrx_word' id='word_1_485' title='bbox 989 5405 1090 5460; x_wconf 84' lang='lat' dir='ltr'><strong>ego</strong></span> <span class='ocrx_word' id='word_1_486' title='bbox 1115 5403 1231 5447; x_wconf 82' lang='lat' dir='ltr'><strong>sum</strong></span> <span class='ocrx_word' id='word_1_487' title='bbox 1262 5391 1314 5445; x_wconf 91' lang='lat' dir='ltr'><strong>in</strong></span> <span class='ocrx_word' id='word_1_488' title='bbox 1350 5398 1562 5456; x_wconf 90' lang='lat' dir='ltr'><strong>mente;</strong></span> <span class='ocrx_word' id='word_1_489' title='bbox 1591 5390 1685 5447; x_wconf 89' lang='lat' dir='ltr'><strong>sed</strong></span> <span class='ocrx_word' id='word_1_490' title='bbox 1711 5389 1878 5462; x_wconf 82' lang='lat' dir='ltr'><strong>magis</strong></span> <span class='ocrx_word' id='word_1_491' title='bbox 1901 5406 2002 5462; x_wconf 85' lang='lat' dir='ltr'><strong>ego</strong></span> 
     </span>
    </p>
   </div>
   <div class='ocr_carea' id='block_1_56' title="bbox 421 5480 2002 5554">
    <p class='ocr_par' dir='ltr' id='par_1_56' title="bbox 421 5480 2002 5554">
     <span class='ocr_line' id='line_1_56' title="bbox 421 5480 2002 5554; baseline -0.002 -14"><span class='ocrx_word' id='word_1_492' title='bbox 421 5493 540 5541; x_wconf 78' lang='lat' dir='ltr'><strong>sum</strong></span> <span class='ocrx_word' id='word_1_493' title='bbox 572 5485 624 5539; x_wconf 93' lang='lat' dir='ltr'><strong>in</strong></span> <span class='ocrx_word' id='word_1_494' title='bbox 650 5492 848 5552; x_wconf 86' lang='lat' dir='ltr'><strong>mente,</strong></span> <span class='ocrx_word' id='word_1_495' title='bbox 879 5497 1035 5554; x_wconf 86' lang='lat' dir='ltr'><strong>quam</strong></span> <span class='ocrx_word' id='word_1_496' title='bbox 1062 5482 1113 5536; x_wconf 90' lang='lat' dir='ltr'><strong>in</strong></span> <span class='ocrx_word' id='word_1_497' title='bbox 1143 5496 1320 5538; x_wconf 89' lang='lat' dir='ltr'><strong>carne.</strong></span> <span class='ocrx_word' id='word_1_498' title='bbox 1349 5480 1479 5550; x_wconf 83' lang='lat' dir='ltr'><strong>Quia</strong></span> <span class='ocrx_word' id='word_1_499' title='bbox 1509 5483 1649 5538; x_wconf 88' lang='lat' dir='ltr'><strong>enim</strong></span> <span class='ocrx_word' id='word_1_500' title='bbox 1679 5497 1774 5554; x_wconf 88' lang='lat' dir='ltr'><strong>ego</strong></span> <span class='ocrx_word' id='word_1_501' title='bbox 1801 5497 1916 5538; x_wconf 91' lang='lat' dir='ltr'><strong>sum</strong></span> <span class='ocrx_word' id='word_1_502' title='bbox 1946 5483 2002 5538; x_wconf 91' lang='lat' dir='ltr'><strong>in</strong></span> 
     </span>
    </p>
   </div>
   <div class='ocr_carea' id='block_1_57' title="bbox 425 5577 2002 5650">
    <p class='ocr_par' dir='ltr' id='par_1_57' title="bbox 425 5577 2002 5650">
     <span class='ocr_line' id='line_1_57' title="bbox 425 5577 2002 5650; baseline -0.003 -15"><span class='ocrx_word' id='word_1_503' title='bbox 425 5588 624 5645; x_wconf 86' lang='lat' dir='ltr'><strong>mente,</strong></span> <span class='ocrx_word' id='word_1_504' title='bbox 650 5593 752 5650; x_wconf 84' lang='lat' dir='ltr'><strong>ego</strong></span> <span class='ocrx_word' id='word_1_505' title='bbox 779 5593 898 5634; x_wconf 90' lang='lat' dir='ltr'><strong>sum</strong></span> <span class='ocrx_word' id='word_1_506' title='bbox 941 5577 996 5632; x_wconf 89' lang='lat' dir='ltr'><strong>in</strong></span> <span class='ocrx_word' id='word_1_507' title='bbox 1024 5583 1238 5648; x_wconf 85' lang='lat' dir='ltr'><strong>regente</strong></span> <span class='ocrx_word' id='word_1_508' title='bbox 1273 5595 1288 5633; x_wconf 87' lang='lat'><strong>:</strong></span> <span class='ocrx_word' id='word_1_509' title='bbox 1317 5591 1470 5632; x_wconf 87' lang='lat' dir='ltr'><strong>mens</strong></span> <span class='ocrx_word' id='word_1_510' title='bbox 1513 5577 1656 5633; x_wconf 86' lang='lat' dir='ltr'><strong>enim</strong></span> <span class='ocrx_word' id='word_1_511' title='bbox 1680 5578 1853 5650; x_wconf 84' lang='lat' dir='ltr'><strong>regit,</strong></span> <span class='ocrx_word' id='word_1_512' title='bbox 1879 5591 2002 5633; x_wconf 84' lang='lat' dir='ltr'><strong>caro</strong></span> 
     </span>
    </p>
   </div>
   <div class='ocr_carea' id='block_1_58' title="bbox 425 5669 2002 5742">
    <p class='ocr_par' dir='ltr' id='par_1_58' title="bbox 425 5669 2002 5742">
     <span class='ocr_line' id='line_1_58' title="bbox 425 5669 2002 5742; baseline 0 -16"><span class='ocrx_word' id='word_1_513' title='bbox 425 5672 660 5742; x_wconf 84' lang='lat' dir='ltr'><strong>regitur:</strong></span> <span class='ocrx_word' id='word_1_514' title='bbox 689 5679 742 5727; x_wconf 92' lang='lat' dir='ltr'><strong>et</strong></span> <span class='ocrx_word' id='word_1_515' title='bbox 771 5669 935 5742; x_wconf 84' lang='lat' dir='ltr'><strong>magis</strong></span> <span class='ocrx_word' id='word_1_516' title='bbox 961 5686 1078 5725; x_wconf 90' lang='lat' dir='ltr'><strong>sum</strong></span> <span class='ocrx_word' id='word_1_517' title='bbox 1117 5685 1215 5741; x_wconf 90' lang='lat' dir='ltr'><strong>ego</strong></span> <span class='ocrx_word' id='word_1_518' title='bbox 1244 5673 1295 5724; x_wconf 91' lang='lat' dir='ltr'><strong>in</strong></span> <span class='ocrx_word' id='word_1_519' title='bbox 1320 5683 1384 5725; x_wconf 90' lang='lat' dir='ltr'><strong>eo</strong></span> <span class='ocrx_word' id='word_1_520' title='bbox 1425 5683 1529 5741; x_wconf 91' lang='lat' dir='ltr'><strong>quo</strong></span> <span class='ocrx_word' id='word_1_521' title='bbox 1564 5683 1688 5740; x_wconf 84' lang='lat' dir='ltr'><strong>rego</strong></span> <span class='ocrx_word' id='word_1_522' title='bbox 1707 5709 1723 5736; x_wconf 97' lang='lat'><strong>,</strong></span> <span class='ocrx_word' id='word_1_523' title='bbox 1752 5685 1908 5741; x_wconf 82' lang='lat' dir='ltr'><strong>quam</strong></span> <span class='ocrx_word' id='word_1_524' title='bbox 1949 5671 2002 5726; x_wconf 91' lang='lat' dir='ltr'><strong>in</strong></span> 
     </span>
    </p>
   </div>
   <div class='ocr_carea' id='block_1_59' title="bbox 371 5748 2004 5836">
    <p class='ocr_par' dir='ltr' id='par_1_59' title="bbox 371 5748 2004 5836">
     <span class='ocr_line' id='line_1_59' title="bbox 371 5748 2004 5836; baseline -0.004 -12"><span class='ocrx_word' id='word_1_525' title='bbox 371 5757 374 5764; x_wconf 74' lang='grc'><em>’</em></span> <span class='ocrx_word' id='word_1_526' title='bbox 400 5748 496 5824; x_wconf 51' lang='grc' dir='ltr'><strong>’θο</strong></span> <span class='ocrx_word' id='word_1_527' title='bbox 518 5766 569 5821; x_wconf 92' lang='lat' dir='ltr'><strong>in</strong></span> <span class='ocrx_word' id='word_1_528' title='bbox 597 5779 703 5836; x_wconf 84' lang='lat' dir='ltr'><strong>quo</strong></span> <span class='ocrx_word' id='word_1_529' title='bbox 729 5779 899 5834; x_wconf 80' lang='lat' dir='ltr'><strong>regor.</strong></span> <span class='ocrx_word' id='word_1_530' title='bbox 921 5763 1054 5831; x_wconf 86' lang='lat' dir='ltr'><strong>Quia</strong></span> <span class='ocrx_word' id='word_1_531' title='bbox 1074 5778 1200 5834; x_wconf 88' lang='lat' dir='ltr'><strong>ergo</strong></span> <span class='ocrx_word' id='word_1_532' title='bbox 1219 5763 1386 5833; x_wconf 86' lang='lat' dir='ltr'><strong>magis</strong></span> <span class='ocrx_word' id='word_1_533' title='bbox 1411 5775 1512 5833; x_wconf 88' lang='lat' dir='ltr'><strong>ego</strong></span> <span class='ocrx_word' id='word_1_534' title='bbox 1539 5762 1588 5816; x_wconf 90' lang='lat' dir='ltr'><strong>in</strong></span> <span class='ocrx_word' id='word_1_535' title='bbox 1611 5769 1788 5818; x_wconf 89' lang='lat' dir='ltr'><strong>mente</strong></span> <span class='ocrx_word' id='word_1_536' title='bbox 1812 5781 1824 5817; x_wconf 91' lang='lat'><strong>:</strong></span> <span class='ocrx_word' id='word_1_537' title='bbox 1851 5760 2004 5818; x_wconf 80' lang='lat' dir='ltr'><strong>Nunc</strong></span> 
     </span>
    </p>
   </div>
   <div class='ocr_carea' id='block_1_60' title="bbox 426 5854 2006 5938">
    <p class='ocr_par' dir='ltr' id='par_1_60' title="bbox 426 5854 2006 5938">
     <span class='ocr_line' id='line_1_60' title="bbox 426 5854 2006 5938; baseline -0.001 -16"><span class='ocrx_word' id='word_1_538' title='bbox 426 5868 593 5922; x_wconf 74' lang='lat' dir='ltr'><strong>autem</strong></span> <span class='ocrx_word' id='word_1_539' title='bbox 607 5860 725 5937; x_wconf 86' lang='lat' dir='ltr'><strong>jam</strong></span> <span class='ocrx_word' id='word_1_540' title='bbox 752 5875 855 5918; x_wconf 87' lang='lat' dir='ltr'><strong>non</strong></span> <span class='ocrx_word' id='word_1_541' title='bbox 873 5874 962 5938; x_wconf 82' lang='lat' dir='ltr'><strong>ego</strong></span> <span class='ocrx_word' id='word_1_542' title='bbox 981 5874 1160 5938; x_wconf 82' lang='lat' dir='ltr'><strong>operor</strong></span> <span class='ocrx_word' id='word_1_543' title='bbox 1183 5857 1330 5918; x_wconf 78' lang='lat' dir='ltr'><strong>illud.</strong></span> <span class='ocrx_word' id='word_1_544' title='bbox 1356 5854 1511 5916; x_wconf 80' lang='lat' dir='ltr'><strong>Nunc</strong></span> <span class='ocrx_word' id='word_1_545' title='bbox 1530 5865 1716 5931; x_wconf 85' lang='lat' dir='ltr'><strong>autem,</strong></span> <span class='ocrx_word' id='word_1_546' title='bbox 1738 5857 1865 5934; x_wconf 89' lang='lat' dir='ltr'><strong>quid</strong></span> <span class='ocrx_word' id='word_1_547' title='bbox 1890 5860 2006 5921; x_wconf 84' lang='lat' dir='ltr'><strong>est?</strong></span> 
     </span>
    </p>
   </div>
   <div class='ocr_carea' id='block_1_61' title="bbox 1748 336 2190 407">
    <p class='ocr_par' dir='ltr' id='par_1_61' title="bbox 1748 336 2190 407">
     <span class='ocr_line' id='line_1_61' title="bbox 1748 336 2190 407; baseline -0.007 0"><span class='ocrx_word' id='word_1_548' title='bbox 1748 336 1978 407; x_wconf 66' lang='lat' dir='ltr'><strong>SERMO</strong></span> <span class='ocrx_word' id='word_1_549' title='bbox 2011 344 2190 404; x_wconf 78' lang='lat' dir='ltr'><strong>CLIV.</strong></span> 
     </span>
    </p>
   </div>
   <div class='ocr_carea' id='block_1_62' title="bbox 3531 355 3641 417">
    <p class='ocr_par' dir='ltr' id='par_1_62' title="bbox 3531 355 3641 417">
     <span class='ocr_line' id='line_1_62' title="bbox 3531 355 3641 417; baseline 0.009 -1"><span class='ocrx_word' id='word_1_550' title='bbox 3531 355 3641 417; x_wconf 74' lang='lat'><strong>838</strong></span> 
     </span>
    </p>
   </div>
   <div class='ocr_carea' id='block_1_63' title="bbox 2058 462 3640 548">
    <p class='ocr_par' dir='ltr' id='par_1_63' title="bbox 2058 462 3640 548">
     <span class='ocr_line' id='line_1_63' title="bbox 2058 462 3640 548; baseline 0.011 -31"><span class='ocrx_word' id='word_1_551' title='bbox 2058 462 2212 518; x_wconf 86' lang='lat' dir='ltr'><strong>Nunc</strong></span> <span class='ocrx_word' id='word_1_552' title='bbox 2237 472 2424 533; x_wconf 87' lang='lat' dir='ltr'><strong>autem,</strong></span> <span class='ocrx_word' id='word_1_553' title='bbox 2451 465 2561 538; x_wconf 87' lang='lat' dir='ltr'><strong>jam</strong></span> <span class='ocrx_word' id='word_1_554' title='bbox 2587 466 2891 541; x_wconf 85' lang='lat' dir='ltr'><strong>redemptus</strong></span> <span class='ocrx_word' id='word_1_555' title='bbox 2909 511 2925 536; x_wconf 88' lang='lat'><strong>,</strong></span> <span class='ocrx_word' id='word_1_556' title='bbox 2951 469 3042 542; x_wconf 87' lang='lat' dir='ltr'><strong>qui</strong></span> <span class='ocrx_word' id='word_1_557' title='bbox 3071 468 3147 528; x_wconf 78' lang='lat' dir='ltr'><strong>fui</strong></span> <span class='ocrx_word' id='word_1_558' title='bbox 3186 478 3346 528; x_wconf 73' lang='lat' dir='ltr'><strong>antea</strong></span> <span class='ocrx_word' id='word_1_559' title='bbox 3367 473 3468 531; x_wconf 85' lang='lat' dir='ltr'><strong>sub</strong></span> <span class='ocrx_word' id='word_1_560' title='bbox 3505 491 3640 548; x_wconf 83' lang='lat' dir='ltr'><strong>pec-</strong></span> 
     </span>
    </p>
   </div>
   <div class='ocr_carea' id='block_1_64' title="bbox 2056 557 3642 638">
    <p class='ocr_par' dir='ltr' id='par_1_64' title="bbox 2056 557 3642 638">
     <span class='ocr_line' id='line_1_64' title="bbox 2056 557 3642 638; baseline 0.009 -27"><span class='ocrx_word' id='word_1_561' title='bbox 2056 563 2178 611; x_wconf 88' lang='lat' dir='ltr'><strong>cato</strong></span> <span class='ocrx_word' id='word_1_562' title='bbox 2204 557 2556 617; x_wconf 89' lang='lat' dir='ltr'><strong>venumdatus</strong></span> <span class='ocrx_word' id='word_1_563' title='bbox 2577 601 2591 626; x_wconf 91' lang='lat'><strong>,</strong></span> <span class='ocrx_word' id='word_1_564' title='bbox 2615 562 2724 632; x_wconf 86' lang='lat' dir='ltr'><strong>jam</strong></span> <span class='ocrx_word' id='word_1_565' title='bbox 2749 571 2964 634; x_wconf 84' lang='lat' dir='ltr'><strong>accepta</strong></span> <span class='ocrx_word' id='word_1_566' title='bbox 2997 564 3164 634; x_wconf 85' lang='lat' dir='ltr'><strong>gratia</strong></span> <span class='ocrx_word' id='word_1_567' title='bbox 3219 563 3510 623; x_wconf 84' lang='lat' dir='ltr'><strong>Salvatoris</strong></span> <span class='ocrx_word' id='word_1_568' title='bbox 3535 609 3550 638; x_wconf 91' lang='lat'><strong>,</strong></span> <span class='ocrx_word' id='word_1_569' title='bbox 3581 575 3642 626; x_wconf 91' lang='lat' dir='ltr'><strong>ut</strong></span> 
     </span>
    </p>
   </div>
   <div class='ocr_carea' id='block_1_65' title="bbox 2057 651 3644 729">
    <p class='ocr_par' dir='ltr' id='par_1_65' title="bbox 2057 651 3644 729">
     <span class='ocr_line' id='line_1_65' title="bbox 2057 651 3644 729; baseline 0.009 -27"><span class='ocrx_word' id='word_1_570' title='bbox 2057 658 2236 706; x_wconf 88' lang='lat' dir='ltr'><strong>mente</strong></span> <span class='ocrx_word' id='word_1_571' title='bbox 2253 651 2590 708; x_wconf 88' lang='lat' dir='ltr'><strong>condelecter</strong></span> <span class='ocrx_word' id='word_1_572' title='bbox 2623 652 2726 724; x_wconf 90' lang='lat' dir='ltr'><strong>legi</strong></span> <span class='ocrx_word' id='word_1_573' title='bbox 2749 653 2875 723; x_wconf 90' lang='lat' dir='ltr'><strong>Dei,</strong></span> <span class='ocrx_word' id='word_1_574' title='bbox 2903 672 3002 710; x_wconf 89' lang='lat' dir='ltr'><strong>non</strong></span> <span class='ocrx_word' id='word_1_575' title='bbox 3027 673 3117 728; x_wconf 81' lang='lat' dir='ltr'><strong>ego</strong></span> <span class='ocrx_word' id='word_1_576' title='bbox 3151 673 3330 729; x_wconf 88' lang='lat' dir='ltr'><strong>operor</strong></span> <span class='ocrx_word' id='word_1_577' title='bbox 3363 659 3492 716; x_wconf 84' lang='lat' dir='ltr'><strong>illud</strong></span> <span class='ocrx_word' id='word_1_578' title='bbox 3511 701 3527 726; x_wconf 92' lang='lat'><strong>,</strong></span> <span class='ocrx_word' id='word_1_579' title='bbox 3551 660 3644 717; x_wconf 87' lang='lat' dir='ltr'><strong>sed</strong></span> 
     </span>
    </p>
   </div>
   <div class='ocr_carea' id='block_1_66' title="bbox 2057 742 3642 822">
    <p class='ocr_par' dir='ltr' id='par_1_66' title="bbox 2057 742 3642 822">
     <span class='ocr_line' id='line_1_66' title="bbox 2057 742 3642 822; baseline 0.007 -24"><span class='ocrx_word' id='word_1_580' title='bbox 2057 742 2192 816; x_wconf 76' lang='lat' dir='ltr'><strong>quod</strong></span> <span class='ocrx_word' id='word_1_581' title='bbox 2222 743 2409 797; x_wconf 83' lang='lat' dir='ltr'><strong>habitat</strong></span> <span class='ocrx_word' id='word_1_582' title='bbox 2439 745 2490 798; x_wconf 89' lang='lat' dir='ltr'><strong>in</strong></span> <span class='ocrx_word' id='word_1_583' title='bbox 2511 762 2588 800; x_wconf 88' lang='lat' dir='ltr'><strong>me</strong></span> <span class='ocrx_word' id='word_1_584' title='bbox 2615 756 2889 817; x_wconf 83' lang='lat' dir='ltr'><strong>peccatum.</strong></span> <span class='ocrx_word' id='word_1_585' title='bbox 2918 747 3037 803; x_wconf 89' lang='lat' dir='ltr'><strong>Scio</strong></span> <span class='ocrx_word' id='word_1_586' title='bbox 3063 750 3196 804; x_wconf 90' lang='lat' dir='ltr'><strong>enim</strong></span> <span class='ocrx_word' id='word_1_587' title='bbox 3227 752 3345 822; x_wconf 82' lang='lat' dir='ltr'><strong>quia</strong></span> <span class='ocrx_word' id='word_1_588' title='bbox 3375 769 3475 807; x_wconf 88' lang='lat' dir='ltr'><strong>non</strong></span> <span class='ocrx_word' id='word_1_589' title='bbox 3494 755 3642 809; x_wconf 86' lang='lat' dir='ltr'><strong>habi-</strong></span> 
     </span>
    </p>
   </div>
   <div class='ocr_carea' id='block_1_67' title="bbox 2060 834 3641 916">
    <p class='ocr_par' dir='ltr' id='par_1_67' title="bbox 2060 834 3641 916">
     <span class='ocr_line' id='line_1_67' title="bbox 2060 834 3641 916; baseline 0.009 -29"><span class='ocrx_word' id='word_1_590' title='bbox 2060 841 2133 887; x_wconf 80' lang='lat' dir='ltr'><strong>tat</strong></span> <span class='ocrx_word' id='word_1_591' title='bbox 2172 834 2225 888; x_wconf 90' lang='lat' dir='ltr'><strong>in</strong></span> <span class='ocrx_word' id='word_1_592' title='bbox 2267 852 2364 890; x_wconf 89' lang='lat' dir='ltr'><strong>me.</strong></span> <span class='ocrx_word' id='word_1_593' title='bbox 2412 835 2606 891; x_wconf 87' lang='lat' dir='ltr'><strong>lterum</strong></span> <span class='ocrx_word' id='word_1_594' title='bbox 2647 853 2774 908; x_wconf 85' lang='lat' dir='ltr'><strong>ergo</strong></span> <span class='ocrx_word' id='word_1_595' title='bbox 2813 839 2864 893; x_wconf 91' lang='lat' dir='ltr'><strong>in</strong></span> <span class='ocrx_word' id='word_1_596' title='bbox 2891 856 2968 894; x_wconf 90' lang='lat' dir='ltr'><strong>me</strong></span> <span class='ocrx_word' id='word_1_597' title='bbox 2997 856 3016 895; x_wconf 88' lang='lat'><strong><em>:</em></strong></span> <span class='ocrx_word' id='word_1_598' title='bbox 3045 841 3166 897; x_wconf 81' lang='lat' dir='ltr'><strong>audi</strong></span> <span class='ocrx_word' id='word_1_599' title='bbox 3195 843 3336 914; x_wconf 87' lang='lat' dir='ltr'><strong>quod</strong></span> <span class='ocrx_word' id='word_1_600' title='bbox 3382 845 3641 916; x_wconf 85' lang='lat' dir='ltr'><strong>sequitur,</strong></span> 
     </span>
    </p>
   </div>
   <div class='ocr_carea' id='block_1_68' title="bbox 2062 925 3642 1009">
    <p class='ocr_par' dir='ltr' id='par_1_68' title="bbox 2062 925 3642 1009">
     <span class='ocr_line' id='line_1_68' title="bbox 2062 925 3642 1009; baseline 0.007 -26"><span class='ocrx_word' id='word_1_601' title='bbox 2062 925 2155 983; x_wconf 82' lang='lat' dir='ltr'><strong>hoc</strong></span> <span class='ocrx_word' id='word_1_602' title='bbox 2171 936 2242 982; x_wconf 85' lang='lat' dir='ltr'><strong>est</strong></span> <span class='ocrx_word' id='word_1_603' title='bbox 2265 928 2317 982; x_wconf 89' lang='lat' dir='ltr'><strong>in</strong></span> <span class='ocrx_word' id='word_1_604' title='bbox 2346 945 2496 984; x_wconf 88' lang='lat' dir='ltr'><strong>carne</strong></span> <span class='ocrx_word' id='word_1_605' title='bbox 2536 947 2647 984; x_wconf 84' lang='lat' dir='ltr'><strong>utea</strong></span> <span class='ocrx_word' id='word_1_606' title='bbox 2673 929 2874 985; x_wconf 88' lang='lat' dir='ltr'><strong>bonum.</strong></span> <span class='ocrx_word' id='word_1_607' title='bbox 2916 929 3056 988; x_wconf 81' lang='lat' dir='ltr'><strong>Velle</strong></span> <span class='ocrx_word' id='word_1_608' title='bbox 3097 936 3228 990; x_wconf 87' lang='lat' dir='ltr'><strong>enim</strong></span> <span class='ocrx_word' id='word_1_609' title='bbox 3260 936 3384 992; x_wconf 85' lang='lat' dir='ltr'><strong>mihi</strong></span> <span class='ocrx_word' id='word_1_610' title='bbox 3421 939 3642 1009; x_wconf 85' lang='lat' dir='ltr'><strong>adjacet.</strong></span> 
     </span>
    </p>
   </div>
   <div class='ocr_carea' id='block_1_69' title="bbox 2063 1017 3646 1097">
    <p class='ocr_par' dir='ltr' id='par_1_69' title="bbox 2063 1017 3646 1097">
     <span class='ocr_line' id='line_1_69' title="bbox 2063 1017 3646 1097; baseline 0.009 -22"><span class='ocrx_word' id='word_1_611' title='bbox 2063 1017 2204 1075; x_wconf 88' lang='lat' dir='ltr'><strong>Scio.</strong></span> <span class='ocrx_word' id='word_1_612' title='bbox 2243 1021 2380 1089; x_wconf 90' lang='lat' dir='ltr'><strong>Quid</strong></span> <span class='ocrx_word' id='word_1_613' title='bbox 2421 1023 2569 1078; x_wconf 89' lang='lat' dir='ltr'><strong>scis?</strong></span> <span class='ocrx_word' id='word_1_614' title='bbox 2601 1023 2737 1092; x_wconf 84' lang='lat' dir='ltr'><strong>Quia</strong></span> <span class='ocrx_word' id='word_1_615' title='bbox 2779 1041 2880 1079; x_wconf 90' lang='lat' dir='ltr'><strong>non</strong></span> <span class='ocrx_word' id='word_1_616' title='bbox 2920 1026 3111 1082; x_wconf 81' lang='lat' dir='ltr'><strong>habitat</strong></span> <span class='ocrx_word' id='word_1_617' title='bbox 3150 1030 3203 1084; x_wconf 85' lang='lat' dir='ltr'><strong>in</strong></span> <span class='ocrx_word' id='word_1_618' title='bbox 3231 1047 3342 1097; x_wconf 90' lang='lat' dir='ltr'><strong>me,</strong></span> <span class='ocrx_word' id='word_1_619' title='bbox 3371 1031 3465 1086; x_wconf 87' lang='lat' dir='ltr'><strong>hoc</strong></span> <span class='ocrx_word' id='word_1_620' title='bbox 3500 1035 3646 1089; x_wconf 83' lang='lat' dir='ltr'><strong>estin</strong></span> 
     </span>
    </p>
   </div>
   <div class='ocr_carea' id='block_1_70' title="bbox 2061 1115 3642 1194">
    <p class='ocr_par' dir='ltr' id='par_1_70' title="bbox 2061 1115 3642 1194">
     <span class='ocr_line' id='line_1_70' title="bbox 2061 1115 3642 1194; baseline 0.009 -28"><span class='ocrx_word' id='word_1_621' title='bbox 2061 1129 2213 1168; x_wconf 86' lang='lat' dir='ltr'><strong>carne</strong></span> <span class='ocrx_word' id='word_1_622' title='bbox 2239 1132 2367 1181; x_wconf 87' lang='lat' dir='ltr'><strong>mea,</strong></span> <span class='ocrx_word' id='word_1_623' title='bbox 2408 1115 2609 1171; x_wconf 87' lang='lat' dir='ltr'><strong>bonum.</strong></span> <span class='ocrx_word' id='word_1_624' title='bbox 2648 1117 2968 1174; x_wconf 83' lang='lat' dir='ltr'><strong>Jamdudunl</strong></span> <span class='ocrx_word' id='word_1_625' title='bbox 3005 1121 3236 1190; x_wconf 82' lang='lat' dir='ltr'><strong>dixeras,</strong></span> <span class='ocrx_word' id='word_1_626' title='bbox 3269 1124 3417 1191; x_wconf 88' lang='lat' dir='ltr'><strong>Quod</strong></span> <span class='ocrx_word' id='word_1_627' title='bbox 3440 1142 3642 1194; x_wconf 86' lang='lat' dir='ltr'><strong>operor,</strong></span> 
     </span>
    </p>
   </div>
   <div class='ocr_carea' id='block_1_71' title="bbox 2061 1208 3640 1290">
    <p class='ocr_par' dir='ltr' id='par_1_71' title="bbox 2061 1208 3640 1290">
     <span class='ocr_line' id='line_1_71' title="bbox 2061 1208 3640 1290; baseline 0.008 -28"><span class='ocrx_word' id='word_1_628' title='bbox 2061 1208 2257 1280; x_wconf 81' lang='lat' dir='ltr'><strong>ignoro.</strong></span> <span class='ocrx_word' id='word_1_629' title='bbox 2288 1209 2343 1266; x_wconf 91' lang='lat' dir='ltr'><strong>Si</strong></span> <span class='ocrx_word' id='word_1_630' title='bbox 2373 1211 2600 1281; x_wconf 82' lang='lat' dir='ltr'><strong>ignoras,</strong></span> <span class='ocrx_word' id='word_1_631' title='bbox 2623 1213 2888 1282; x_wconf 88' lang='lat' dir='ltr'><strong>quomodo</strong></span> <span class='ocrx_word' id='word_1_632' title='bbox 2909 1214 3048 1270; x_wconf 85' lang='lat' dir='ltr'><strong>scis?</strong></span> <span class='ocrx_word' id='word_1_633' title='bbox 3067 1215 3221 1272; x_wconf 81' lang='lat' dir='ltr'><strong>Modo</strong></span> <span class='ocrx_word' id='word_1_634' title='bbox 3241 1217 3393 1285; x_wconf 86' lang='lat' dir='ltr'><strong>dicis,</strong></span> <span class='ocrx_word' id='word_1_635' title='bbox 3417 1217 3606 1290; x_wconf 82' lang='lat' dir='ltr'><strong>Ignoro</strong></span> <span class='ocrx_word' id='word_1_636' title='bbox 3619 1237 3640 1287; x_wconf 87' lang='lat'><strong>;</strong></span> 
     </span>
    </p>
   </div>
   <div class='ocr_carea' id='block_1_72' title="bbox 2064 1302 3644 1379">
    <p class='ocr_par' dir='ltr' id='par_1_72' title="bbox 2064 1302 3644 1379">
     <span class='ocr_line' id='line_1_72' title="bbox 2064 1302 3644 1379; baseline 0.007 -23"><span class='ocrx_word' id='word_1_637' title='bbox 2064 1302 2225 1357; x_wconf 89' lang='lat' dir='ltr'><strong>modo</strong></span> <span class='ocrx_word' id='word_1_638' title='bbox 2254 1303 2386 1359; x_wconf 88' lang='lat' dir='ltr'><strong>dicis</strong></span> <span class='ocrx_word' id='word_1_639' title='bbox 2406 1345 2424 1372; x_wconf 92' lang='lat'><strong>,</strong></span> <span class='ocrx_word' id='word_1_640' title='bbox 2456 1304 2576 1359; x_wconf 89' lang='lat' dir='ltr'><strong>Scio</strong></span> <span class='ocrx_word' id='word_1_641' title='bbox 2603 1323 2620 1358; x_wconf 90' lang='lat'><strong><em>:</em></strong></span> <span class='ocrx_word' id='word_1_642' title='bbox 2645 1320 2746 1375; x_wconf 88' lang='lat' dir='ltr'><strong>ego</strong></span> <span class='ocrx_word' id='word_1_643' title='bbox 2791 1307 3064 1377; x_wconf 86' lang='lat' dir='ltr'><strong>quomodo</strong></span> <span class='ocrx_word' id='word_1_644' title='bbox 3089 1308 3376 1379; x_wconf 83' lang='lat' dir='ltr'><strong>intelligam</strong></span> <span class='ocrx_word' id='word_1_645' title='bbox 3396 1350 3411 1374; x_wconf 92' lang='lat'><strong>,</strong></span> <span class='ocrx_word' id='word_1_646' title='bbox 3443 1312 3644 1368; x_wconf 84' lang='lat' dir='ltr'><strong>nescio.</strong></span> 
     </span>
    </p>
   </div>
   <div class='ocr_carea' id='block_1_73' title="bbox 2064 1394 3644 1474">
    <p class='ocr_par' dir='ltr' id='par_1_73' title="bbox 2064 1394 3644 1474">
     <span class='ocr_line' id='line_1_73' title="bbox 2064 1394 3644 1474; baseline 0.006 -26"><span class='ocrx_word' id='word_1_647' title='bbox 2064 1394 2146 1448; x_wconf 84' lang='lat' dir='ltr'><strong>An</strong></span> <span class='ocrx_word' id='word_1_648' title='bbox 2170 1394 2270 1452; x_wconf 92' lang='lat' dir='ltr'><strong>hoc</strong></span> <span class='ocrx_word' id='word_1_649' title='bbox 2297 1405 2377 1450; x_wconf 90' lang='lat' dir='ltr'><strong>est</strong></span> <span class='ocrx_word' id='word_1_650' title='bbox 2401 1396 2540 1466; x_wconf 84' lang='lat' dir='ltr'><strong>quod</strong></span> <span class='ocrx_word' id='word_1_651' title='bbox 2566 1398 2836 1468; x_wconf 87' lang='lat' dir='ltr'><strong>intelligo?</strong></span> <span class='ocrx_word' id='word_1_652' title='bbox 2857 1397 2957 1454; x_wconf 89' lang='lat' dir='ltr'><strong>Ubi</strong></span> <span class='ocrx_word' id='word_1_653' title='bbox 2985 1400 3128 1454; x_wconf 88' lang='lat' dir='ltr'><strong>enim</strong></span> <span class='ocrx_word' id='word_1_654' title='bbox 3146 1400 3238 1468; x_wconf 85' lang='lat' dir='ltr'><strong>ait,</strong></span> <span class='ocrx_word' id='word_1_655' title='bbox 3270 1401 3418 1470; x_wconf 83' lang='lat' dir='ltr'><strong>Quod</strong></span> <span class='ocrx_word' id='word_1_656' title='bbox 3441 1419 3644 1474; x_wconf 86' lang='lat' dir='ltr'><strong>operor,</strong></span> 
     </span>
    </p>
   </div>
   <div class='ocr_carea' id='block_1_74' title="bbox 2064 1488 3646 1565">
    <p class='ocr_par' dir='ltr' id='par_1_74' title="bbox 2064 1488 3646 1565">
     <span class='ocr_line' id='line_1_74' title="bbox 2064 1488 3646 1565; baseline 0.006 -23"><span class='ocrx_word' id='word_1_657' title='bbox 2064 1488 2242 1560; x_wconf 90' lang='lat' dir='ltr'><strong>ignoro</strong></span> <span class='ocrx_word' id='word_1_658' title='bbox 2261 1505 2282 1554; x_wconf 89' lang='lat'><strong>;</strong></span> <span class='ocrx_word' id='word_1_659' title='bbox 2319 1489 2452 1547; x_wconf 77' lang='lat' dir='ltr'><strong>dixit</strong></span> <span class='ocrx_word' id='word_1_660' title='bbox 2475 1491 2683 1562; x_wconf 85' lang='lat' dir='ltr'><strong>ignoro,</strong></span> <span class='ocrx_word' id='word_1_661' title='bbox 2715 1507 2818 1545; x_wconf 88' lang='lat' dir='ltr'><strong>non</strong></span> <span class='ocrx_word' id='word_1_662' title='bbox 2842 1492 3112 1562; x_wconf 85' lang='lat' dir='ltr'><strong>approbo,</strong></span> <span class='ocrx_word' id='word_1_663' title='bbox 3141 1509 3246 1548; x_wconf 88' lang='lat' dir='ltr'><strong>non</strong></span> <span class='ocrx_word' id='word_1_664' title='bbox 3268 1502 3503 1565; x_wconf 87' lang='lat' dir='ltr'><strong>accepto,</strong></span> <span class='ocrx_word' id='word_1_665' title='bbox 3540 1511 3646 1551; x_wconf 91' lang='lat' dir='ltr'><strong>non</strong></span> 
     </span>
    </p>
   </div>
   <div class='ocr_carea' id='block_1_75' title="bbox 2067 1579 3651 1651">
    <p class='ocr_par' dir='ltr' id='par_1_75' title="bbox 2067 1579 3651 1651">
     <span class='ocr_line' id='line_1_75' title="bbox 2067 1579 3651 1651; baseline 0.005 -15"><span class='ocrx_word' id='word_1_666' title='bbox 2067 1579 2196 1636; x_wconf 87' lang='lat' dir='ltr'><strong>mihi</strong></span> <span class='ocrx_word' id='word_1_667' title='bbox 2226 1581 2434 1651; x_wconf 89' lang='lat' dir='ltr'><strong>placet,</strong></span> <span class='ocrx_word' id='word_1_668' title='bbox 2466 1597 2570 1636; x_wconf 93' lang='lat' dir='ltr'><strong>non</strong></span> <span class='ocrx_word' id='word_1_669' title='bbox 2604 1585 2882 1639; x_wconf 86' lang='lat' dir='ltr'><strong>consentio</strong></span> <span class='ocrx_word' id='word_1_670' title='bbox 2901 1626 2916 1651; x_wconf 95' lang='lat'><strong>,</strong></span> <span class='ocrx_word' id='word_1_671' title='bbox 2943 1599 3049 1639; x_wconf 90' lang='lat' dir='ltr'><strong>non</strong></span> <span class='ocrx_word' id='word_1_672' title='bbox 3078 1585 3252 1640; x_wconf 85' lang='lat' dir='ltr'><strong>laudo.</strong></span> <span class='ocrx_word' id='word_1_673' title='bbox 3281 1585 3399 1641; x_wconf 83' lang='lat' dir='ltr'><strong>Non</strong></span> <span class='ocrx_word' id='word_1_674' title='bbox 3419 1589 3559 1642; x_wconf 91' lang='lat' dir='ltr'><strong>enim</strong></span> <span class='ocrx_word' id='word_1_675' title='bbox 3592 1596 3651 1644; x_wconf 90' lang='lat' dir='ltr'><strong>et</strong></span> 
     </span>
    </p>
   </div>
   <div class='ocr_carea' id='block_1_76' title="bbox 2067 1673 3652 1747">
    <p class='ocr_par' dir='ltr' id='par_1_76' title="bbox 2067 1673 3652 1747">
     <span class='ocr_line' id='line_1_76' title="bbox 2067 1673 3652 1747; baseline 0.005 -19"><span class='ocrx_word' id='word_1_676' title='bbox 2067 1673 2310 1729; x_wconf 83' lang='lat' dir='ltr'><strong>Christus</strong></span> <span class='ocrx_word' id='word_1_677' title='bbox 2337 1690 2430 1730; x_wconf 90' lang='lat' dir='ltr'><strong>eos</strong></span> <span class='ocrx_word' id='word_1_678' title='bbox 2452 1676 2730 1745; x_wconf 78' lang='lat' dir='ltr'><strong>ignorabit,</strong></span> <span class='ocrx_word' id='word_1_679' title='bbox 2773 1678 2964 1747; x_wconf 83' lang='lat' dir='ltr'><strong>quibus</strong></span> <span class='ocrx_word' id='word_1_680' title='bbox 2989 1678 3228 1738; x_wconf 78' lang='lat' dir='ltr'><strong>dicturus</strong></span> <span class='ocrx_word' id='word_1_681' title='bbox 3247 1688 3348 1746; x_wconf 86' lang='lat' dir='ltr'><strong>est,</strong></span> <span class='ocrx_word' id='word_1_682' title='bbox 3384 1679 3505 1735; x_wconf 82' lang='lat' dir='ltr'><strong>Non</strong></span> <span class='ocrx_word' id='word_1_683' title='bbox 3531 1681 3652 1736; x_wconf 87' lang='lat' dir='ltr'><strong>novi</strong></span> 
     </span>
    </p>
   </div>
   <div class='ocr_carea' id='block_1_77' title="bbox 2067 1767 3646 1845">
    <p class='ocr_par' dir='ltr' id='par_1_77' title="bbox 2067 1767 3646 1845">
     <span class='ocr_line' id='line_1_77' title="bbox 2067 1767 3646 1845; baseline 0.004 -23"><span class='ocrx_word' id='word_1_684' title='bbox 2067 1783 2153 1823; x_wconf 72' lang='lat' dir='ltr'><strong>vos</strong></span> <span class='ocrx_word' id='word_1_685' title='bbox 2187 1767 2394 1840; x_wconf 83' lang='lat' dir='ltr'><strong>(Matth.</strong></span> <span class='ocrx_word' id='word_1_686' title='bbox 2443 1785 2536 1836; x_wconf 87' lang='lat' dir='ltr'><strong>vn,</strong></span> <span class='ocrx_word' id='word_1_687' title='bbox 2597 1770 2710 1840; x_wconf 76' lang='grc'><strong>25).</strong></span> <span class='ocrx_word' id='word_1_688' title='bbox 2759 1771 2986 1827; x_wconf 84' lang='lat' dir='ltr'><strong>Prorsus</strong></span> <span class='ocrx_word' id='word_1_689' title='bbox 3037 1772 3197 1826; x_wconf 79' lang='lat' dir='ltr'><strong>etiam</strong></span> <span class='ocrx_word' id='word_1_690' title='bbox 3242 1771 3345 1827; x_wconf 87' lang='lat' dir='ltr'><strong>hoc</strong></span> <span class='ocrx_word' id='word_1_691' title='bbox 3390 1772 3646 1845; x_wconf 86' lang='lat' dir='ltr'><strong>intelligo,</strong></span> 
     </span>
    </p>
   </div>
   <div class='ocr_carea' id='block_1_78' title="bbox 2072 1861 3650 1938">
    <p class='ocr_par' dir='ltr' id='par_1_78' title="bbox 2072 1861 3650 1938">
     <span class='ocr_line' id='line_1_78' title="bbox 2072 1861 3650 1938; baseline 0.004 -22"><span class='ocrx_word' id='word_1_692' title='bbox 2072 1861 2222 1930; x_wconf 85' lang='lat' dir='ltr'><strong>Quod</strong></span> <span class='ocrx_word' id='word_1_693' title='bbox 2248 1863 2379 1917; x_wconf 86' lang='lat' dir='ltr'><strong>enim</strong></span> <span class='ocrx_word' id='word_1_694' title='bbox 2403 1880 2604 1933; x_wconf 85' lang='lat' dir='ltr'><strong>operor,</strong></span> <span class='ocrx_word' id='word_1_695' title='bbox 2634 1865 2812 1935; x_wconf 87' lang='lat' dir='ltr'><strong>ignoro</strong></span> <span class='ocrx_word' id='word_1_696' title='bbox 2831 1880 2851 1919; x_wconf 92' lang='lat'><strong><em>:</em></strong></span> <span class='ocrx_word' id='word_1_697' title='bbox 2875 1866 2993 1934; x_wconf 85' lang='lat' dir='ltr'><strong>quia</strong></span> <span class='ocrx_word' id='word_1_698' title='bbox 3016 1865 3156 1936; x_wconf 86' lang='lat' dir='ltr'><strong>quod</strong></span> <span class='ocrx_word' id='word_1_699' title='bbox 3183 1881 3288 1920; x_wconf 86' lang='lat' dir='ltr'><strong>non</strong></span> <span class='ocrx_word' id='word_1_700' title='bbox 3311 1865 3463 1934; x_wconf 79' lang='lat' dir='ltr'><strong>facio,</strong></span> <span class='ocrx_word' id='word_1_701' title='bbox 3499 1867 3650 1938; x_wconf 83' lang='lat' dir='ltr'><strong>igno-</strong></span> 
     </span>
    </p>
   </div>
   <div class='ocr_carea' id='block_1_79' title="bbox 2069 1953 3654 2029">
    <p class='ocr_par' dir='ltr' id='par_1_79' title="bbox 2069 1953 3654 2029">
     <span class='ocr_line' id='line_1_79' title="bbox 2069 1953 3654 2029; baseline 0.003 -21"><span class='ocrx_word' id='word_1_702' title='bbox 2069 1969 2153 2009; x_wconf 87' lang='lat' dir='ltr'><strong>ro.</strong></span> <span class='ocrx_word' id='word_1_703' title='bbox 2186 1953 2306 2008; x_wconf 89' lang='lat' dir='ltr'><strong>Non</strong></span> <span class='ocrx_word' id='word_1_704' title='bbox 2328 1955 2458 2008; x_wconf 83' lang='lat' dir='ltr'><strong>enim</strong></span> <span class='ocrx_word' id='word_1_705' title='bbox 2482 1971 2574 2026; x_wconf 88' lang='lat' dir='ltr'><strong>ego</strong></span> <span class='ocrx_word' id='word_1_706' title='bbox 2601 1972 2783 2026; x_wconf 82' lang='lat' dir='ltr'><strong>operor</strong></span> <span class='ocrx_word' id='word_1_707' title='bbox 2808 1955 2958 2024; x_wconf 81' lang='lat' dir='ltr'><strong>illud,</strong></span> <span class='ocrx_word' id='word_1_708' title='bbox 2981 1957 3069 2010; x_wconf 81' lang='lat' dir='ltr'><strong>sed</strong></span> <span class='ocrx_word' id='word_1_709' title='bbox 3086 1956 3142 2010; x_wconf 80' lang='lat' dir='ltr'><strong>id</strong></span> <span class='ocrx_word' id='word_1_710' title='bbox 3155 1956 3291 2029; x_wconf 84' lang='lat' dir='ltr'><strong>quod</strong></span> <span class='ocrx_word' id='word_1_711' title='bbox 3313 1958 3368 2012; x_wconf 93' lang='lat' dir='ltr'><strong>in</strong></span> <span class='ocrx_word' id='word_1_712' title='bbox 3396 1974 3474 2011; x_wconf 85' lang='lat' dir='ltr'><strong>me</strong></span> <span class='ocrx_word' id='word_1_713' title='bbox 3509 1958 3654 2013; x_wconf 88' lang='lat' dir='ltr'><strong>habi-</strong></span> 
     </span>
    </p>
   </div>
   <div class='ocr_carea' id='block_1_80' title="bbox 2070 2049 3654 2122">
    <p class='ocr_par' dir='ltr' id='par_1_80' title="bbox 2070 2049 3654 2122">
     <span class='ocr_line' id='line_1_80' title="bbox 2070 2049 3654 2122; baseline 0.005 -21"><span class='ocrx_word' id='word_1_714' title='bbox 2070 2055 2144 2101; x_wconf 85' lang='lat' dir='ltr'><strong>tat</strong></span> <span class='ocrx_word' id='word_1_715' title='bbox 2187 2057 2464 2118; x_wconf 84' lang='lat' dir='ltr'><strong>peccatum.</strong></span> <span class='ocrx_word' id='word_1_716' title='bbox 2510 2049 2636 2104; x_wconf 82' lang='lat' dir='ltr'><strong>Ideo</strong></span> <span class='ocrx_word' id='word_1_717' title='bbox 2663 2050 2885 2118; x_wconf 83' lang='lat' dir='ltr'><strong>ignoro:</strong></span> <span class='ocrx_word' id='word_1_718' title='bbox 2922 2051 3042 2121; x_wconf 87' lang='lat' dir='ltr'><strong>quia</strong></span> <span class='ocrx_word' id='word_1_719' title='bbox 3071 2066 3178 2106; x_wconf 92' lang='lat' dir='ltr'><strong>non</strong></span> <span class='ocrx_word' id='word_1_720' title='bbox 3208 2066 3307 2122; x_wconf 88' lang='lat' dir='ltr'><strong>ego</strong></span> <span class='ocrx_word' id='word_1_721' title='bbox 3332 2050 3487 2120; x_wconf 83' lang='lat' dir='ltr'><strong>facio,</strong></span> <span class='ocrx_word' id='word_1_722' title='bbox 3517 2053 3654 2109; x_wconf 86' lang='lat' dir='ltr'><strong>sicut</strong></span> 
     </span>
    </p>
   </div>
   <div class='ocr_carea' id='block_1_81' title="bbox 2071 2138 3655 2214">
    <p class='ocr_par' dir='ltr' id='par_1_81' title="bbox 2071 2138 3655 2214">
     <span class='ocr_line' id='line_1_81' title="bbox 2071 2138 3655 2214; baseline 0.004 -20"><span class='ocrx_word' id='word_1_723' title='bbox 2071 2138 2266 2194; x_wconf 89' lang='lat' dir='ltr'><strong>dictum</strong></span> <span class='ocrx_word' id='word_1_724' title='bbox 2288 2149 2369 2194; x_wconf 89' lang='lat' dir='ltr'><strong>est</strong></span> <span class='ocrx_word' id='word_1_725' title='bbox 2393 2139 2460 2194; x_wconf 89' lang='lat' dir='ltr'><strong>dc</strong></span> <span class='ocrx_word' id='word_1_726' title='bbox 2482 2141 2729 2208; x_wconf 83' lang='lat' dir='ltr'><strong>Domino,</strong></span> <span class='ocrx_word' id='word_1_727' title='bbox 2760 2141 2892 2195; x_wconf 87' lang='lat' dir='ltr'><strong>Eum</strong></span> <span class='ocrx_word' id='word_1_728' title='bbox 2913 2143 2998 2210; x_wconf 81' lang='lat' dir='ltr'><strong>qui</strong></span> <span class='ocrx_word' id='word_1_729' title='bbox 3027 2158 3127 2196; x_wconf 87' lang='lat' dir='ltr'><strong>non</strong></span> <span class='ocrx_word' id='word_1_730' title='bbox 3156 2152 3364 2197; x_wconf 78' lang='lat' dir='ltr'><strong>nouerat</strong></span> <span class='ocrx_word' id='word_1_731' title='bbox 3396 2153 3655 2214; x_wconf 85' lang='lat' dir='ltr'><strong>peccatum</strong></span> 
     </span>
    </p>
   </div>
   <div class='ocr_carea' id='block_1_82' title="bbox 2073 2228 3652 2308">
    <p class='ocr_par' dir='ltr' id='par_1_82' title="bbox 2073 2228 3652 2308">
     <span class='ocr_line' id='line_1_82' title="bbox 2073 2228 3652 2308; baseline 0.006 -24"><span class='ocrx_word' id='word_1_732' title='bbox 2073 2228 2139 2303; x_wconf 86' lang='lat' dir='ltr'><strong>(ll</strong></span> <span class='ocrx_word' id='word_1_733' title='bbox 2169 2231 2285 2286; x_wconf 89' lang='lat' dir='ltr'><strong>Cor.</strong></span> <span class='ocrx_word' id='word_1_734' title='bbox 2317 2248 2366 2297; x_wconf 82' lang='grc' dir='ltr'><strong>ν,</strong></span> <span class='ocrx_word' id='word_1_735' title='bbox 2391 2232 2505 2301; x_wconf 64' lang='grc' dir='ltr'><strong>Ἦ).</strong></span> <span class='ocrx_word' id='word_1_736' title='bbox 2529 2232 2664 2299; x_wconf 82' lang='lat' dir='ltr'><strong>Quid</strong></span> <span class='ocrx_word' id='word_1_737' title='bbox 2703 2243 2818 2299; x_wconf 88' lang='lat' dir='ltr'><strong>est,</strong></span> <span class='ocrx_word' id='word_1_738' title='bbox 2846 2251 2948 2288; x_wconf 88' lang='lat' dir='ltr'><strong>non</strong></span> <span class='ocrx_word' id='word_1_739' title='bbox 2989 2238 3232 2290; x_wconf 71' lang='lat' dir='ltr'><strong>noverat?</strong></span> <span class='ocrx_word' id='word_1_740' title='bbox 3255 2236 3396 2308; x_wconf 83' lang='lat' dir='ltr'><strong>Ergo</strong></span> <span class='ocrx_word' id='word_1_741' title='bbox 3425 2251 3532 2292; x_wconf 87' lang='lat' dir='ltr'><strong>non</strong></span> <span class='ocrx_word' id='word_1_742' title='bbox 3553 2253 3652 2292; x_wconf 89' lang='lat' dir='ltr'><strong>no-</strong></span> 
     </span>
    </p>
   </div>
   <div class='ocr_carea' id='block_1_83' title="bbox 2073 2323 3656 2399">
    <p class='ocr_par' dir='ltr' id='par_1_83' title="bbox 2073 2323 3656 2399">
     <span class='ocr_line' id='line_1_83' title="bbox 2073 2323 3656 2399; baseline 0.006 -23"><span class='ocrx_word' id='word_1_743' title='bbox 2073 2332 2222 2377; x_wconf 83' lang='lat' dir='ltr'><strong>verat</strong></span> <span class='ocrx_word' id='word_1_744' title='bbox 2269 2323 2411 2393; x_wconf 84' lang='lat' dir='ltr'><strong>quod</strong></span> <span class='ocrx_word' id='word_1_745' title='bbox 2449 2325 2737 2393; x_wconf 85' lang='lat' dir='ltr'><strong>arguebat?</strong></span> <span class='ocrx_word' id='word_1_746' title='bbox 2763 2341 2870 2380; x_wconf 89' lang='lat' dir='ltr'><strong>non</strong></span> <span class='ocrx_word' id='word_1_747' title='bbox 2911 2336 3132 2382; x_wconf 87' lang='lat' dir='ltr'><strong>noverat</strong></span> <span class='ocrx_word' id='word_1_748' title='bbox 3179 2329 3320 2398; x_wconf 87' lang='lat' dir='ltr'><strong>quod</strong></span> <span class='ocrx_word' id='word_1_749' title='bbox 3362 2329 3656 2399; x_wconf 81' lang='lat' dir='ltr'><strong>puniebat?</strong></span> 
     </span>
    </p>
   </div>
   <div class='ocr_carea' id='block_1_84' title="bbox 2074 2416 3654 2492">
    <p class='ocr_par' dir='ltr' id='par_1_84' title="bbox 2074 2416 3654 2492">
     <span class='ocr_line' id='line_1_84' title="bbox 2074 2416 3654 2492; baseline 0.004 -21"><span class='ocrx_word' id='word_1_750' title='bbox 2074 2416 2130 2472; x_wconf 91' lang='lat' dir='ltr'><strong>Si</strong></span> <span class='ocrx_word' id='word_1_751' title='bbox 2151 2432 2278 2486; x_wconf 90' lang='lat' dir='ltr'><strong>ergo</strong></span> <span class='ocrx_word' id='word_1_752' title='bbox 2306 2433 2412 2471; x_wconf 88' lang='lat' dir='ltr'><strong>non</strong></span> <span class='ocrx_word' id='word_1_753' title='bbox 2440 2427 2660 2472; x_wconf 80' lang='lat' dir='ltr'><strong>noverat</strong></span> <span class='ocrx_word' id='word_1_754' title='bbox 2684 2419 2826 2489; x_wconf 88' lang='lat' dir='ltr'><strong>quod</strong></span> <span class='ocrx_word' id='word_1_755' title='bbox 2857 2421 3128 2490; x_wconf 88' lang='lat' dir='ltr'><strong>puniebat,</strong></span> <span class='ocrx_word' id='word_1_756' title='bbox 3157 2421 3353 2491; x_wconf 75' lang='lat' dir='ltr'><strong>injuste</strong></span> <span class='ocrx_word' id='word_1_757' title='bbox 3381 2423 3654 2492; x_wconf 88' lang='lat' dir='ltr'><strong>puniebat.</strong></span> 
     </span>
    </p>
   </div>
   <div class='ocr_carea' id='block_1_85' title="bbox 2073 2509 3658 2586">
    <p class='ocr_par' dir='ltr' id='par_1_85' title="bbox 2073 2509 3658 2586">
     <span class='ocr_line' id='line_1_85' title="bbox 2073 2509 3658 2586; baseline 0.006 -24"><span class='ocrx_word' id='word_1_758' title='bbox 2073 2509 2206 2577; x_wconf 88' lang='lat' dir='ltr'><strong>Quia</strong></span> <span class='ocrx_word' id='word_1_759' title='bbox 2238 2526 2362 2566; x_wconf 88' lang='lat' dir='ltr'><strong>vero</strong></span> <span class='ocrx_word' id='word_1_760' title='bbox 2382 2511 2523 2581; x_wconf 88' lang='lat' dir='ltr'><strong>juste</strong></span> <span class='ocrx_word' id='word_1_761' title='bbox 2554 2511 2838 2582; x_wconf 82' lang='lat' dir='ltr'><strong>puniebat,</strong></span> <span class='ocrx_word' id='word_1_762' title='bbox 2870 2523 3090 2569; x_wconf 85' lang='lat' dir='ltr'><strong>noverat</strong></span> <span class='ocrx_word' id='word_1_763' title='bbox 3124 2515 3264 2586; x_wconf 82' lang='lat' dir='ltr'><strong>quod</strong></span> <span class='ocrx_word' id='word_1_764' title='bbox 3295 2517 3562 2586; x_wconf 89' lang='lat' dir='ltr'><strong>puniebat.</strong></span> <span class='ocrx_word' id='word_1_765' title='bbox 3587 2515 3658 2572; x_wconf 90' lang='lat' dir='ltr'><strong>Et</strong></span> 
     </span>
    </p>
   </div>
   <div class='ocr_carea' id='block_1_86' title="bbox 2076 2604 3659 2676">
    <p class='ocr_par' dir='ltr' id='par_1_86' title="bbox 2076 2604 3659 2676">
     <span class='ocr_line' id='line_1_86' title="bbox 2076 2604 3659 2676; baseline 0.006 -22"><span class='ocrx_word' id='word_1_766' title='bbox 2076 2607 2252 2655; x_wconf 87' lang='lat' dir='ltr'><strong>tamen</strong></span> <span class='ocrx_word' id='word_1_767' title='bbox 2285 2611 2554 2670; x_wconf 88' lang='lat' dir='ltr'><strong>peccatum</strong></span> <span class='ocrx_word' id='word_1_768' title='bbox 2580 2618 2684 2656; x_wconf 89' lang='lat' dir='ltr'><strong>non</strong></span> <span class='ocrx_word' id='word_1_769' title='bbox 2712 2612 2965 2670; x_wconf 82' lang='lat' dir='ltr'><strong>noverat,</strong></span> <span class='ocrx_word' id='word_1_770' title='bbox 2995 2604 3120 2674; x_wconf 78' lang='lat' dir='ltr'><strong>quia</strong></span> <span class='ocrx_word' id='word_1_771' title='bbox 3150 2616 3424 2676; x_wconf 87' lang='lat' dir='ltr'><strong>peccatum</strong></span> <span class='ocrx_word' id='word_1_772' title='bbox 3451 2623 3557 2662; x_wconf 91' lang='lat' dir='ltr'><strong>non</strong></span> <span class='ocrx_word' id='word_1_773' title='bbox 3581 2607 3659 2664; x_wconf 79' lang='lat' dir='ltr'><strong>fe-</strong></span> 
     </span>
    </p>
   </div>
   <div class='ocr_carea' id='block_1_87' title="bbox 2075 2694 3656 2771">
    <p class='ocr_par' dir='ltr' id='par_1_87' title="bbox 2075 2694 3656 2771">
     <span class='ocr_line' id='line_1_87' title="bbox 2075 2694 3656 2771; baseline 0.005 -24"><span class='ocrx_word' id='word_1_774' title='bbox 2075 2702 2239 2747; x_wconf 87' lang='lat' dir='ltr'><strong>cerat.</strong></span> <span class='ocrx_word' id='word_1_775' title='bbox 2274 2694 2422 2758; x_wconf 85' lang='lat' dir='ltr'><strong>Quod</strong></span> <span class='ocrx_word' id='word_1_776' title='bbox 2447 2695 2576 2747; x_wconf 82' lang='lat' dir='ltr'><strong>enim</strong></span> <span class='ocrx_word' id='word_1_777' title='bbox 2602 2711 2782 2764; x_wconf 88' lang='lat' dir='ltr'><strong>operor</strong></span> <span class='ocrx_word' id='word_1_778' title='bbox 2801 2738 2814 2761; x_wconf 87' lang='lat'><strong>,</strong></span> <span class='ocrx_word' id='word_1_779' title='bbox 2847 2695 3024 2766; x_wconf 86' lang='lat' dir='ltr'><strong>ignoro</strong></span> <span class='ocrx_word' id='word_1_780' title='bbox 3051 2713 3071 2753; x_wconf 88' lang='lat'><strong><em>:</em></strong></span> <span class='ocrx_word' id='word_1_781' title='bbox 3100 2714 3200 2752; x_wconf 86' lang='lat' dir='ltr'><strong>non</strong></span> <span class='ocrx_word' id='word_1_782' title='bbox 3224 2701 3358 2753; x_wconf 85' lang='lat' dir='ltr'><strong>enim</strong></span> <span class='ocrx_word' id='word_1_783' title='bbox 3383 2701 3518 2771; x_wconf 80' lang='lat' dir='ltr'><strong>quod</strong></span> <span class='ocrx_word' id='word_1_784' title='bbox 3543 2701 3656 2755; x_wconf 85' lang='lat' dir='ltr'><strong>volo</strong></span> 
     </span>
    </p>
   </div>
   <div class='ocr_carea' id='block_1_88' title="bbox 2076 2784 3659 2862">
    <p class='ocr_par' dir='ltr' id='par_1_88' title="bbox 2076 2784 3659 2862">
     <span class='ocr_line' id='line_1_88' title="bbox 2076 2784 3659 2862; baseline 0.006 -26"><span class='ocrx_word' id='word_1_785' title='bbox 2076 2799 2204 2855; x_wconf 80' lang='lat' dir='ltr'><strong>ago;</strong></span> <span class='ocrx_word' id='word_1_786' title='bbox 2223 2784 2312 2838; x_wconf 85' lang='lat' dir='ltr'><strong>sed</strong></span> <span class='ocrx_word' id='word_1_787' title='bbox 2338 2786 2474 2854; x_wconf 87' lang='lat' dir='ltr'><strong>quod</strong></span> <span class='ocrx_word' id='word_1_788' title='bbox 2503 2787 2606 2851; x_wconf 89' lang='lat' dir='ltr'><strong>odi,</strong></span> <span class='ocrx_word' id='word_1_789' title='bbox 2637 2785 2765 2840; x_wconf 81' lang='lat' dir='ltr'><strong>illud</strong></span> <span class='ocrx_word' id='word_1_790' title='bbox 2789 2788 2939 2857; x_wconf 81' lang='lat' dir='ltr'><strong>facio.</strong></span> <span class='ocrx_word' id='word_1_791' title='bbox 2970 2788 3028 2841; x_wconf 90' lang='lat' dir='ltr'><strong>Si</strong></span> <span class='ocrx_word' id='word_1_792' title='bbox 3055 2798 3219 2842; x_wconf 81' lang='lat' dir='ltr'><strong>autem</strong></span> <span class='ocrx_word' id='word_1_793' title='bbox 3241 2792 3376 2862; x_wconf 79' lang='lat' dir='ltr'><strong>quod</strong></span> <span class='ocrx_word' id='word_1_794' title='bbox 3401 2793 3537 2856; x_wconf 91' lang='lat' dir='ltr'><strong>nolo,</strong></span> <span class='ocrx_word' id='word_1_795' title='bbox 3564 2792 3659 2846; x_wconf 87' lang='lat' dir='ltr'><strong>hoc</strong></span> 
     </span>
    </p>
   </div>
   <div class='ocr_carea' id='block_1_89' title="bbox 2078 2878 3651 2950">
    <p class='ocr_par' dir='ltr' id='par_1_89' title="bbox 2078 2878 3651 2950">
     <span class='ocr_line' id='line_1_89' title="bbox 2078 2878 3651 2950; baseline 0.004 -20"><span class='ocrx_word' id='word_1_796' title='bbox 2078 2879 2241 2949; x_wconf 84' lang='lat' dir='ltr'><strong>facio;</strong></span> <span class='ocrx_word' id='word_1_797' title='bbox 2269 2878 2523 2932; x_wconf 84' lang='lat' dir='ltr'><strong>consentio</strong></span> <span class='ocrx_word' id='word_1_798' title='bbox 2570 2879 2686 2949; x_wconf 85' lang='lat' dir='ltr'><strong>legi,</strong></span> <span class='ocrx_word' id='word_1_799' title='bbox 2715 2880 2955 2949; x_wconf 74' lang='lat' dir='ltr'><strong>quoniam</strong></span> <span class='ocrx_word' id='word_1_800' title='bbox 2989 2880 3119 2934; x_wconf 86' lang='lat' dir='ltr'><strong>bona</strong></span> <span class='ocrx_word' id='word_1_801' title='bbox 3148 2890 3238 2935; x_wconf 82' lang='lat' dir='ltr'><strong>est.</strong></span> <span class='ocrx_word' id='word_1_802' title='bbox 3271 2880 3424 2936; x_wconf 89' lang='lat' dir='ltr'><strong>Nunc</strong></span> <span class='ocrx_word' id='word_1_803' title='bbox 3464 2894 3651 2950; x_wconf 86' lang='lat' dir='ltr'><strong>autem,</strong></span> 
     </span>
    </p>
   </div>
   <div class='ocr_carea' id='block_1_90' title="bbox 2076 2973 3663 3044">
    <p class='ocr_par' dir='ltr' id='par_1_90' title="bbox 2076 2973 3663 3044">
     <span class='ocr_line' id='line_1_90' title="bbox 2076 2973 3663 3044; baseline 0.006 -19"><span class='ocrx_word' id='word_1_804' title='bbox 2076 2981 2291 3042; x_wconf 83' lang='lat' dir='ltr'><strong>accepta</strong></span> <span class='ocrx_word' id='word_1_805' title='bbox 2317 2973 2426 3042; x_wconf 88' lang='lat' dir='ltr'><strong>jam</strong></span> <span class='ocrx_word' id='word_1_806' title='bbox 2468 2973 2634 3043; x_wconf 86' lang='lat' dir='ltr'><strong>gratia</strong></span> <span class='ocrx_word' id='word_1_807' title='bbox 2655 3014 2668 3038; x_wconf 87' lang='lat'><strong>,</strong></span> <span class='ocrx_word' id='word_1_808' title='bbox 2700 2990 2800 3027; x_wconf 86' lang='lat' dir='ltr'><strong>non</strong></span> <span class='ocrx_word' id='word_1_809' title='bbox 2837 2989 2928 3044; x_wconf 86' lang='lat' dir='ltr'><strong>ego</strong></span> <span class='ocrx_word' id='word_1_810' title='bbox 2965 2990 3145 3044; x_wconf 81' lang='lat' dir='ltr'><strong>operor</strong></span> <span class='ocrx_word' id='word_1_811' title='bbox 3170 2975 3301 3029; x_wconf 81' lang='lat' dir='ltr'><strong>illud</strong></span> <span class='ocrx_word' id='word_1_812' title='bbox 3325 2991 3344 3030; x_wconf 90' lang='lat'><strong><em>:</em></strong></span> <span class='ocrx_word' id='word_1_813' title='bbox 3384 2977 3546 3033; x_wconf 87' lang='lat' dir='ltr'><strong>libera</strong></span> <span class='ocrx_word' id='word_1_814' title='bbox 3577 2985 3663 3034; x_wconf 88' lang='lat' dir='ltr'><strong>est</strong></span> 
     </span>
    </p>
   </div>
   <div class='ocr_carea' id='block_1_91' title="bbox 2079 3065 3664 3141">
    <p class='ocr_par' dir='ltr' id='par_1_91' title="bbox 2079 3065 3664 3141">
     <span class='ocr_line' id='line_1_91' title="bbox 2079 3065 3664 3141; baseline 0.004 -22"><span class='ocrx_word' id='word_1_815' title='bbox 2079 3080 2248 3132; x_wconf 80' lang='lat' dir='ltr'><strong>mens,</strong></span> <span class='ocrx_word' id='word_1_816' title='bbox 2281 3081 2408 3119; x_wconf 89' lang='lat' dir='ltr'><strong>caro</strong></span> <span class='ocrx_word' id='word_1_817' title='bbox 2434 3067 2658 3135; x_wconf 85' lang='lat' dir='ltr'><strong>captiva.</strong></span> <span class='ocrx_word' id='word_1_818' title='bbox 2695 3065 2815 3120; x_wconf 77' lang='lat' dir='ltr'><strong>Non</strong></span> <span class='ocrx_word' id='word_1_819' title='bbox 2844 3082 2936 3138; x_wconf 87' lang='lat' dir='ltr'><strong>ego</strong></span> <span class='ocrx_word' id='word_1_820' title='bbox 2960 3082 3141 3137; x_wconf 80' lang='lat' dir='ltr'><strong>aperor</strong></span> <span class='ocrx_word' id='word_1_821' title='bbox 3166 3067 3314 3137; x_wconf 80' lang='lat' dir='ltr'><strong>illud,</strong></span> <span class='ocrx_word' id='word_1_822' title='bbox 3343 3069 3432 3124; x_wconf 86' lang='lat' dir='ltr'><strong>sed</strong></span> <span class='ocrx_word' id='word_1_823' title='bbox 3455 3070 3510 3124; x_wconf 89' lang='lat' dir='ltr'><strong>id</strong></span> <span class='ocrx_word' id='word_1_824' title='bbox 3527 3071 3664 3141; x_wconf 86' lang='lat' dir='ltr'><strong>quod</strong></span> 
     </span>
    </p>
   </div>
   <div class='ocr_carea' id='block_1_92' title="bbox 2077 3157 3664 3231">
    <p class='ocr_par' dir='ltr' id='par_1_92' title="bbox 2077 3157 3664 3231">
     <span class='ocr_line' id='line_1_92' title="bbox 2077 3157 3664 3231; baseline 0.004 -20"><span class='ocrx_word' id='word_1_825' title='bbox 2077 3157 2132 3211; x_wconf 86' lang='lat' dir='ltr'><strong>in</strong></span> <span class='ocrx_word' id='word_1_826' title='bbox 2158 3174 2235 3212; x_wconf 88' lang='lat' dir='ltr'><strong>me</strong></span> <span class='ocrx_word' id='word_1_827' title='bbox 2259 3157 2449 3212; x_wconf 77' lang='lat' dir='ltr'><strong>habitat</strong></span> <span class='ocrx_word' id='word_1_828' title='bbox 2473 3168 2750 3228; x_wconf 76' lang='lat' dir='ltr'><strong>peccatum.</strong></span> <span class='ocrx_word' id='word_1_829' title='bbox 2794 3158 2914 3214; x_wconf 86' lang='lat' dir='ltr'><strong>Scio</strong></span> <span class='ocrx_word' id='word_1_830' title='bbox 2943 3161 3073 3213; x_wconf 82' lang='lat' dir='ltr'><strong>enim</strong></span> <span class='ocrx_word' id='word_1_831' title='bbox 3101 3161 3219 3231; x_wconf 78' lang='lat' dir='ltr'><strong>quia</strong></span> <span class='ocrx_word' id='word_1_832' title='bbox 3256 3178 3356 3217; x_wconf 90' lang='lat' dir='ltr'><strong>non</strong></span> <span class='ocrx_word' id='word_1_833' title='bbox 3387 3162 3576 3218; x_wconf 84' lang='lat' dir='ltr'><strong>habitat</strong></span> <span class='ocrx_word' id='word_1_834' title='bbox 3611 3164 3664 3220; x_wconf 92' lang='lat' dir='ltr'><strong>in</strong></span> 
     </span>
    </p>
   </div>
   <div class='ocr_carea' id='block_1_93' title="bbox 2079 3251 3053 3317">
    <p class='ocr_par' dir='ltr' id='par_1_93' title="bbox 2079 3251 3053 3317">
     <span class='ocr_line' id='line_1_93' title="bbox 2079 3251 3053 3317; baseline 0.002 -13"><span class='ocrx_word' id='word_1_835' title='bbox 2079 3266 2178 3317; x_wconf 87' lang='lat' dir='ltr'><strong>me,</strong></span> <span class='ocrx_word' id='word_1_836' title='bbox 2209 3251 2304 3304; x_wconf 80' lang='lat' dir='ltr'><strong>hoc</strong></span> <span class='ocrx_word' id='word_1_837' title='bbox 2328 3261 2398 3303; x_wconf 81' lang='lat' dir='ltr'><strong>cst</strong></span> <span class='ocrx_word' id='word_1_838' title='bbox 2439 3252 2490 3304; x_wconf 88' lang='lat' dir='ltr'><strong>in</strong></span> <span class='ocrx_word' id='word_1_839' title='bbox 2516 3267 2665 3304; x_wconf 85' lang='lat' dir='ltr'><strong>carne</strong></span> <span class='ocrx_word' id='word_1_840' title='bbox 2689 3267 2818 3315; x_wconf 86' lang='lat' dir='ltr'><strong>mea,</strong></span> <span class='ocrx_word' id='word_1_841' title='bbox 2849 3252 3053 3307; x_wconf 84' lang='lat' dir='ltr'><strong>bonum.</strong></span> 
     </span>
    </p>
   </div>
   <div class='ocr_carea' id='block_1_94' title="bbox 2149 3343 3665 3417">
    <p class='ocr_par' dir='ltr' id='par_1_94' title="bbox 2149 3343 3665 3417">
     <span class='ocr_line' id='line_1_94' title="bbox 2149 3343 3665 3417; baseline 0.004 -19"><span class='ocrx_word' id='word_1_842' title='bbox 2149 3344 2375 3400; x_wconf 79' lang='lat' dir='ltr'><strong>CAPUT</strong></span> <span class='ocrx_word' id='word_1_843' title='bbox 2415 3345 2507 3398; x_wconf 80' lang='lat' dir='ltr'><strong>IX.</strong></span> <span class='ocrx_word' id='word_1_844' title='bbox 2537 3375 2605 3384; x_wconf 94' lang='lat'><strong>-—</strong></span> <span class='ocrx_word' id='word_1_845' title='bbox 2633 3345 2717 3398; x_wconf 70' lang='lat' dir='ltr'><strong>l2.</strong></span> <span class='ocrx_word' id='word_1_846' title='bbox 2759 3343 3016 3414; x_wconf 84' lang='lat' dir='ltr'><strong>Per/icere</strong></span> <span class='ocrx_word' id='word_1_847' title='bbox 3041 3346 3198 3417; x_wconf 81' lang='lat' dir='ltr'><strong>legem</strong></span> <span class='ocrx_word' id='word_1_848' title='bbox 3216 3346 3268 3400; x_wconf 86' lang='lat' dir='ltr'><strong>in</strong></span> <span class='ocrx_word' id='word_1_849' title='bbox 3291 3346 3387 3401; x_wconf 85' lang='lat' dir='ltr'><strong>hac</strong></span> <span class='ocrx_word' id='word_1_850' title='bbox 3409 3347 3510 3403; x_wconf 75' lang='lat' dir='ltr'><strong>vita</strong></span> <span class='ocrx_word' id='word_1_851' title='bbox 3546 3364 3665 3404; x_wconf 89' lang='lat' dir='ltr'><strong>san-</strong></span> 
     </span>
    </p>
   </div>
   <div class='ocr_carea' id='block_1_95' title="bbox 2083 3436 3659 3512">
    <p class='ocr_par' dir='ltr' id='par_1_95' title="bbox 2083 3436 3659 3512">
     <span class='ocr_line' id='line_1_95' title="bbox 2083 3436 3659 3512; baseline 0.004 -22"><span class='ocrx_word' id='word_1_852' title='bbox 2083 3438 2176 3491; x_wconf 86' lang='lat' dir='ltr'><strong>ctis</strong></span> <span class='ocrx_word' id='word_1_853' title='bbox 2202 3454 2301 3492; x_wconf 89' lang='lat' dir='ltr'><strong>non</strong></span> <span class='ocrx_word' id='word_1_854' title='bbox 2319 3439 2699 3492; x_wconf 85' lang='lat' dir='ltr'><strong>conceditur.—</strong></span> <span class='ocrx_word' id='word_1_855' title='bbox 2709 3436 2851 3492; x_wconf 80' lang='lat' dir='ltr'><strong>Velle</strong></span> <span class='ocrx_word' id='word_1_856' title='bbox 2867 3440 2996 3492; x_wconf 88' lang='lat' dir='ltr'><strong>enim</strong></span> <span class='ocrx_word' id='word_1_857' title='bbox 3018 3440 3218 3511; x_wconf 70' lang='lat' dir='ltr'><strong>adiacet</strong></span> <span class='ocrx_word' id='word_1_858' title='bbox 3235 3440 3359 3494; x_wconf 87' lang='lat' dir='ltr'><strong>mihi</strong></span> <span class='ocrx_word' id='word_1_859' title='bbox 3379 3484 3392 3507; x_wconf 96' lang='lat'><strong>,</strong></span> <span class='ocrx_word' id='word_1_860' title='bbox 3421 3442 3659 3512; x_wconf 79' lang='lat' dir='ltr'><strong>perﬁcere</strong></span> 
     </span>
    </p>
   </div>
   <div class='ocr_carea' id='block_1_96' title="bbox 2083 3529 3666 3602">
    <p class='ocr_par' dir='ltr' id='par_1_96' title="bbox 2083 3529 3666 3602">
     <span class='ocr_line' id='line_1_96' title="bbox 2083 3529 3666 3602; baseline 0.004 -20"><span class='ocrx_word' id='word_1_861' title='bbox 2083 3538 2253 3583; x_wconf 81' lang='lat' dir='ltr'><strong>autem</strong></span> <span class='ocrx_word' id='word_1_862' title='bbox 2281 3530 2463 3583; x_wconf 82' lang='lat' dir='ltr'><strong>bonum</strong></span> <span class='ocrx_word' id='word_1_863' title='bbox 2492 3545 2592 3583; x_wconf 86' lang='lat' dir='ltr'><strong>non</strong></span> <span class='ocrx_word' id='word_1_864' title='bbox 2622 3530 2839 3600; x_wconf 80' lang='lat' dir='ltr'><strong>adjacet.</strong></span> <span class='ocrx_word' id='word_1_865' title='bbox 2884 3529 3094 3601; x_wconf 77' lang='lat' dir='ltr'><strong>Adjacet</strong></span> <span class='ocrx_word' id='word_1_866' title='bbox 3119 3532 3244 3586; x_wconf 81' lang='lat' dir='ltr'><strong>velle</strong></span> <span class='ocrx_word' id='word_1_867' title='bbox 3261 3574 3274 3599; x_wconf 95' lang='lat'><strong>,</strong></span> <span class='ocrx_word' id='word_1_868' title='bbox 3303 3531 3541 3602; x_wconf 81' lang='lat' dir='ltr'><strong>perﬁcere</strong></span> <span class='ocrx_word' id='word_1_869' title='bbox 3564 3549 3666 3588; x_wconf 86' lang='lat' dir='ltr'><strong>non</strong></span> 
     </span>
    </p>
   </div>
   <div class='ocr_carea' id='block_1_97' title="bbox 2085 3621 3665 3694">
    <p class='ocr_par' dir='ltr' id='par_1_97' title="bbox 2085 3621 3665 3694">
     <span class='ocr_line' id='line_1_97' title="bbox 2085 3621 3665 3694; baseline 0.004 -19"><span class='ocrx_word' id='word_1_870' title='bbox 2085 3621 2304 3693; x_wconf 85' lang='lat' dir='ltr'><strong>adjacet.</strong></span> <span class='ocrx_word' id='word_1_871' title='bbox 2327 3621 2441 3677; x_wconf 81' lang='lat' dir='ltr'><strong>Non</strong></span> <span class='ocrx_word' id='word_1_872' title='bbox 2478 3622 2642 3690; x_wconf 81' lang='lat' dir='ltr'><strong>dixit,</strong></span> <span class='ocrx_word' id='word_1_873' title='bbox 2676 3622 2850 3678; x_wconf 77' lang='lat' dir='ltr'><strong>facere</strong></span> <span class='ocrx_word' id='word_1_874' title='bbox 2887 3622 3042 3689; x_wconf 89' lang='lat' dir='ltr'><strong>;sed,</strong></span> <span class='ocrx_word' id='word_1_875' title='bbox 3077 3625 3332 3694; x_wconf 79' lang='lat' dir='ltr'><strong>perﬁcere.</strong></span> <span class='ocrx_word' id='word_1_876' title='bbox 3371 3623 3487 3680; x_wconf 80' lang='lat' dir='ltr'><strong>Non</strong></span> <span class='ocrx_word' id='word_1_877' title='bbox 3519 3625 3665 3682; x_wconf 89' lang='lat' dir='ltr'><strong>enim</strong></span> 
     </span>
    </p>
   </div>
   <div class='ocr_carea' id='block_1_98' title="bbox 2086 3713 3663 3785">
    <p class='ocr_par' dir='ltr' id='par_1_98' title="bbox 2086 3713 3663 3785">
     <span class='ocr_line' id='line_1_98' title="bbox 2086 3713 3663 3785; baseline 0.001 -16"><span class='ocrx_word' id='word_1_878' title='bbox 2086 3715 2216 3769; x_wconf 87' lang='lat' dir='ltr'><strong>nihil</strong></span> <span class='ocrx_word' id='word_1_879' title='bbox 2243 3713 2393 3769; x_wconf 84' lang='lat' dir='ltr'><strong>facis.</strong></span> <span class='ocrx_word' id='word_1_880' title='bbox 2424 3715 2665 3771; x_wconf 83' lang='lat' dir='ltr'><strong>Rebellat</strong></span> <span class='ocrx_word' id='word_1_881' title='bbox 2687 3716 3139 3785; x_wconf 83' lang='lat' dir='ltr'><strong>concupiscentia,</strong></span> <span class='ocrx_word' id='word_1_882' title='bbox 3164 3723 3220 3772; x_wconf 88' lang='lat' dir='ltr'><strong>et</strong></span> <span class='ocrx_word' id='word_1_883' title='bbox 3238 3732 3344 3772; x_wconf 91' lang='lat' dir='ltr'><strong>non</strong></span> <span class='ocrx_word' id='word_1_884' title='bbox 3366 3715 3663 3784; x_wconf 90' lang='lat' dir='ltr'><strong>consentis;</strong></span> 
     </span>
    </p>
   </div>
   <div class='ocr_carea' id='block_1_99' title="bbox 2087 3809 3664 3877">
    <p class='ocr_par' dir='ltr' id='par_1_99' title="bbox 2087 3809 3664 3877">
     <span class='ocr_line' id='line_1_99' title="bbox 2087 3809 3664 3877; baseline -0.001 -13"><span class='ocrx_word' id='word_1_885' title='bbox 2087 3809 2318 3865; x_wconf 83' lang='lat' dir='ltr'><strong>delectat</strong></span> <span class='ocrx_word' id='word_1_886' title='bbox 2343 3825 2480 3864; x_wconf 82' lang='lat' dir='ltr'><strong>uxor</strong></span> <span class='ocrx_word' id='word_1_887' title='bbox 2505 3811 2698 3874; x_wconf 83' lang='lat' dir='ltr'><strong>aliena,</strong></span> <span class='ocrx_word' id='word_1_888' title='bbox 2728 3817 2782 3865; x_wconf 90' lang='lat' dir='ltr'><strong>ct</strong></span> <span class='ocrx_word' id='word_1_889' title='bbox 2810 3822 2914 3863; x_wconf 89' lang='lat' dir='ltr'><strong>non</strong></span> <span class='ocrx_word' id='word_1_890' title='bbox 2940 3810 3150 3877; x_wconf 83' lang='lat' dir='ltr'><strong>annuis,</strong></span> <span class='ocrx_word' id='word_1_891' title='bbox 3180 3817 3414 3865; x_wconf 89' lang='lat' dir='ltr'><strong>mentem</strong></span> <span class='ocrx_word' id='word_1_892' title='bbox 3444 3809 3664 3877; x_wconf 87' lang='lat' dir='ltr'><strong>avertis,</strong></span> 
     </span>
    </p>
   </div>
   <div class='ocr_carea' id='block_1_100' title="bbox 2088 3900 3668 3972">
    <p class='ocr_par' dir='ltr' id='par_1_100' title="bbox 2088 3900 3668 3972">
     <span class='ocr_line' id='line_1_100' title="bbox 2088 3900 3668 3972; baseline -0.001 -15"><span class='ocrx_word' id='word_1_893' title='bbox 2088 3901 2144 3957; x_wconf 85' lang='lat' dir='ltr'><strong>in</strong></span> <span class='ocrx_word' id='word_1_894' title='bbox 2170 3902 2513 3956; x_wconf 83' lang='lat' dir='ltr'><strong>secretarium</strong></span> <span class='ocrx_word' id='word_1_895' title='bbox 2543 3902 2733 3956; x_wconf 88' lang='lat' dir='ltr'><strong>mentis</strong></span> <span class='ocrx_word' id='word_1_896' title='bbox 2760 3903 2946 3956; x_wconf 84' lang='lat' dir='ltr'><strong>intras.</strong></span> <span class='ocrx_word' id='word_1_897' title='bbox 2979 3901 3137 3956; x_wconf 78' lang='lat' dir='ltr'><strong>Vides</strong></span> <span class='ocrx_word' id='word_1_898' title='bbox 3175 3900 3306 3956; x_wconf 83' lang='lat' dir='ltr'><strong>foris</strong></span> <span class='ocrx_word' id='word_1_899' title='bbox 3343 3909 3668 3972; x_wconf 89' lang='lat' dir='ltr'><strong>strepentem</strong></span> 
     </span>
    </p>
   </div>
   <div class='ocr_carea' id='block_1_101' title="bbox 2089 3994 3667 4066">
    <p class='ocr_par' dir='ltr' id='par_1_101' title="bbox 2089 3994 3667 4066">
     <span class='ocr_line' id='line_1_101' title="bbox 2089 3994 3667 4066; baseline -0.003 -14"><span class='ocrx_word' id='word_1_900' title='bbox 2089 3995 2602 4066; x_wconf 81' lang='lat' dir='ltr'><strong>concupiscentiam,</strong></span> <span class='ocrx_word' id='word_1_901' title='bbox 2638 3994 2837 4065; x_wconf 81' lang='lat' dir='ltr'><strong>profers</strong></span> <span class='ocrx_word' id='word_1_902' title='bbox 2873 3995 3127 4051; x_wconf 80' lang='lat' dir='ltr'><strong>adversus</strong></span> <span class='ocrx_word' id='word_1_903' title='bbox 3170 4009 3289 4049; x_wconf 89' lang='lat' dir='ltr'><strong>eam</strong></span> <span class='ocrx_word' id='word_1_904' title='bbox 3327 3995 3667 4060; x_wconf 91' lang='lat' dir='ltr'><strong>sententiam,</strong></span> 
     </span>
    </p>
   </div>
   <div class='ocr_carea' id='block_1_102' title="bbox 2089 4085 3672 4157">
    <p class='ocr_par' dir='ltr' id='par_1_102' title="bbox 2089 4085 3672 4157">
     <span class='ocr_line' id='line_1_102' title="bbox 2089 4085 3672 4157; baseline -0.001 -14"><span class='ocrx_word' id='word_1_905' title='bbox 2089 4087 2352 4143; x_wconf 83' lang='lat' dir='ltr'><strong>mundans</strong></span> <span class='ocrx_word' id='word_1_906' title='bbox 2381 4087 2782 4143; x_wconf 87' lang='lat' dir='ltr'><strong>conscientiam.</strong></span> <span class='ocrx_word' id='word_1_907' title='bbox 2808 4087 2963 4154; x_wconf 90' lang='lat' dir='ltr'><strong>Nolo,</strong></span> <span class='ocrx_word' id='word_1_908' title='bbox 2996 4087 3188 4157; x_wconf 87' lang='lat' dir='ltr'><strong>inquis,</strong></span> <span class='ocrx_word' id='word_1_909' title='bbox 3220 4099 3325 4140; x_wconf 89' lang='lat' dir='ltr'><strong>non</strong></span> <span class='ocrx_word' id='word_1_910' title='bbox 3353 4085 3507 4141; x_wconf 78' lang='lat' dir='ltr'><strong>facio.</strong></span> <span class='ocrx_word' id='word_1_911' title='bbox 3538 4085 3672 4141; x_wconf 89' lang='lat' dir='ltr'><strong>Puta</strong></span> 
     </span>
    </p>
   </div>
   <div class='ocr_carea' id='block_1_103' title="bbox 2093 4177 3673 4255">
    <p class='ocr_par' dir='ltr' id='par_1_103' title="bbox 2093 4177 3673 4255">
     <span class='ocr_line' id='line_1_103' title="bbox 2093 4177 3673 4255; baseline -0.003 -17"><span class='ocrx_word' id='word_1_912' title='bbox 2093 4184 2214 4255; x_wconf 88' lang='lat' dir='ltr'><strong>quia</strong></span> <span class='ocrx_word' id='word_1_913' title='bbox 2242 4183 2484 4248; x_wconf 88' lang='lat' dir='ltr'><strong>delectat,</strong></span> <span class='ocrx_word' id='word_1_914' title='bbox 2516 4199 2621 4237; x_wconf 93' lang='lat' dir='ltr'><strong>non</strong></span> <span class='ocrx_word' id='word_1_915' title='bbox 2645 4181 2799 4249; x_wconf 82' lang='lat' dir='ltr'><strong>facio,</strong></span> <span class='ocrx_word' id='word_1_916' title='bbox 2825 4180 2996 4237; x_wconf 88' lang='lat' dir='ltr'><strong>habeo</strong></span> <span class='ocrx_word' id='word_1_917' title='bbox 3037 4180 3121 4236; x_wconf 88' lang='lat' dir='ltr'><strong>cui</strong></span> <span class='ocrx_word' id='word_1_918' title='bbox 3157 4177 3511 4236; x_wconf 85' lang='lat' dir='ltr'><strong>coudelecter.</strong></span> <span class='ocrx_word' id='word_1_919' title='bbox 3540 4177 3673 4235; x_wconf 85' lang='lat' dir='ltr'><strong>Con-</strong></span> 
     </span>
    </p>
   </div>
   <div class='ocr_carea' id='block_1_104' title="bbox 2094 4271 3671 4346">
    <p class='ocr_par' dir='ltr' id='par_1_104' title="bbox 2094 4271 3671 4346">
     <span class='ocr_line' id='line_1_104' title="bbox 2094 4271 3671 4346; baseline -0.004 -14"><span class='ocrx_word' id='word_1_920' title='bbox 2094 4278 2311 4332; x_wconf 85' lang='lat' dir='ltr'><strong>delector</strong></span> <span class='ocrx_word' id='word_1_921' title='bbox 2333 4276 2462 4330; x_wconf 86' lang='lat' dir='ltr'><strong>enim</strong></span> <span class='ocrx_word' id='word_1_922' title='bbox 2489 4275 2588 4346; x_wconf 82' lang='lat' dir='ltr'><strong>legi</strong></span> <span class='ocrx_word' id='word_1_923' title='bbox 2620 4273 2718 4328; x_wconf 86' lang='lat' dir='ltr'><strong>Dei</strong></span> <span class='ocrx_word' id='word_1_924' title='bbox 2760 4273 3035 4327; x_wconf 82' lang='lat' dir='ltr'><strong>secundum</strong></span> <span class='ocrx_word' id='word_1_925' title='bbox 3073 4271 3356 4325; x_wconf 81' lang='lat' dir='ltr'><strong>interiorem</strong></span> <span class='ocrx_word' id='word_1_926' title='bbox 3402 4271 3671 4326; x_wconf 75' lang='lat' dir='ltr'><strong>hominem.</strong></span> 
     </span>
    </p>
   </div>
   <div class='ocr_carea' id='block_1_105' title="bbox 2094 4365 3677 4437">
    <p class='ocr_par' dir='ltr' id='par_1_105' title="bbox 2094 4365 3677 4437">
     <span class='ocr_line' id='line_1_105' title="bbox 2094 4365 3677 4437; baseline -0.003 -13"><span class='ocrx_word' id='word_1_927' title='bbox 2094 4370 2230 4437; x_wconf 88' lang='lat' dir='ltr'><strong>Quid</strong></span> <span class='ocrx_word' id='word_1_928' title='bbox 2261 4379 2313 4424; x_wconf 90' lang='lat' dir='ltr'><strong>tu</strong></span> <span class='ocrx_word' id='word_1_929' title='bbox 2344 4368 2409 4424; x_wconf 88' lang='lat' dir='ltr'><strong>de</strong></span> <span class='ocrx_word' id='word_1_930' title='bbox 2439 4384 2598 4424; x_wconf 86' lang='lat' dir='ltr'><strong>carne</strong></span> <span class='ocrx_word' id='word_1_931' title='bbox 2628 4377 2713 4422; x_wconf 89' lang='lat' dir='ltr'><strong>tua</strong></span> <span class='ocrx_word' id='word_1_932' title='bbox 2746 4365 3118 4421; x_wconf 86' lang='lat' dir='ltr'><strong>tumultuaris?</strong></span> <span class='ocrx_word' id='word_1_933' title='bbox 3140 4365 3275 4432; x_wconf 90' lang='lat' dir='ltr'><strong>Quid</strong></span> <span class='ocrx_word' id='word_1_934' title='bbox 3297 4365 3677 4420; x_wconf 87' lang='lat' dir='ltr'><strong>delectationes</strong></span> 
     </span>
    </p>
   </div>
   <div class='ocr_carea' id='block_1_106' title="bbox 2098 4456 3679 4531">
    <p class='ocr_par' dir='ltr' id='par_1_106' title="bbox 2098 4456 3679 4531">
     <span class='ocr_line' id='line_1_106' title="bbox 2098 4456 3679 4531; baseline -0.006 -12"><span class='ocrx_word' id='word_1_935' title='bbox 2098 4463 2307 4527; x_wconf 82' lang='lat' dir='ltr'><strong>stultas,</strong></span> <span class='ocrx_word' id='word_1_936' title='bbox 2343 4460 2659 4531; x_wconf 82' lang='lat' dir='ltr'><strong>temporales</strong></span> <span class='ocrx_word' id='word_1_937' title='bbox 2681 4459 2873 4524; x_wconf 82' lang='lat' dir='ltr'><strong>ﬂuxas,</strong></span> <span class='ocrx_word' id='word_1_938' title='bbox 2904 4467 3089 4525; x_wconf 81' lang='lat' dir='ltr'><strong>vanas,</strong></span> <span class='ocrx_word' id='word_1_939' title='bbox 3120 4457 3326 4523; x_wconf 85' lang='lat' dir='ltr'><strong>noxias,</strong></span> <span class='ocrx_word' id='word_1_940' title='bbox 3357 4456 3679 4511; x_wconf 88' lang='lat' dir='ltr'><strong>tumultuose</strong></span> 
     </span>
    </p>
   </div>
   <div class='ocr_carea' id='block_1_107' title="bbox 2099 4547 3679 4627">
    <p class='ocr_par' dir='ltr' id='par_1_107' title="bbox 2099 4547 3679 4627">
     <span class='ocr_line' id='line_1_107' title="bbox 2099 4547 3679 4627; baseline -0.006 -16"><span class='ocrx_word' id='word_1_941' title='bbox 2099 4555 2356 4627; x_wconf 69' lang='lat' dir='ltr'><strong>suggeris,</strong></span> <span class='ocrx_word' id='word_1_942' title='bbox 2377 4563 2534 4609; x_wconf 90' lang='lat' dir='ltr'><strong>cteas</strong></span> <span class='ocrx_word' id='word_1_943' title='bbox 2551 4553 2699 4624; x_wconf 87' lang='lat' dir='ltr'><strong>quasi</strong></span> <span class='ocrx_word' id='word_1_944' title='bbox 2723 4552 2930 4623; x_wconf 87' lang='lat' dir='ltr'><strong>garrula</strong></span> <span class='ocrx_word' id='word_1_945' title='bbox 2954 4551 3081 4606; x_wconf 91' lang='lat' dir='ltr'><strong>mihi</strong></span> <span class='ocrx_word' id='word_1_946' title='bbox 3101 4549 3311 4606; x_wconf 85' lang='lat' dir='ltr'><strong>narras?</strong></span> <span class='ocrx_word' id='word_1_947' title='bbox 3333 4547 3679 4604; x_wconf 79' lang='lat' dir='ltr'><strong>Narraverunt</strong></span> 
     </span>
    </p>
   </div>
   <div class='ocr_carea' id='block_1_108' title="bbox 2097 4642 3678 4718">
    <p class='ocr_par' dir='ltr' id='par_1_108' title="bbox 2097 4642 3678 4718">
     <span class='ocr_line' id='line_1_108' title="bbox 2097 4642 3678 4718; baseline -0.007 -14"><span class='ocrx_word' id='word_1_948' title='bbox 2097 4649 2223 4704; x_wconf 79' lang='lat' dir='ltr'><strong>mihi</strong></span> <span class='ocrx_word' id='word_1_949' title='bbox 2244 4648 2418 4718; x_wconf 82' lang='lat' dir='ltr'><strong>injuin</strong></span> <span class='ocrx_word' id='word_1_950' title='bbox 2440 4645 2808 4700; x_wconf 82' lang='lat' dir='ltr'><strong>delectationes.</strong></span> <span class='ocrx_word' id='word_1_951' title='bbox 2833 4642 2958 4698; x_wconf 88' lang='lat' dir='ltr'><strong>lude</strong></span> <span class='ocrx_word' id='word_1_952' title='bbox 2985 4649 3066 4698; x_wconf 87' lang='lat' dir='ltr'><strong>est</strong></span> <span class='ocrx_word' id='word_1_953' title='bbox 3092 4647 3146 4697; x_wconf 88' lang='lat' dir='ltr'><strong>et</strong></span> <span class='ocrx_word' id='word_1_954' title='bbox 3170 4642 3266 4697; x_wconf 88' lang='lat' dir='ltr'><strong>ista</strong></span> <span class='ocrx_word' id='word_1_955' title='bbox 3294 4644 3678 4710; x_wconf 87' lang='lat' dir='ltr'><strong>concupiscen-</strong></span> 
     </span>
    </p>
   </div>
   <div class='ocr_carea' id='block_1_109' title="bbox 2100 4734 3678 4802">
    <p class='ocr_par' dir='ltr' id='par_1_109' title="bbox 2100 4734 3678 4802">
     <span class='ocr_line' id='line_1_109' title="bbox 2100 4734 3678 4802; baseline -0.008 -5"><span class='ocrx_word' id='word_1_956' title='bbox 2100 4742 2191 4798; x_wconf 89' lang='lat' dir='ltr'><strong>tia.</strong></span> <span class='ocrx_word' id='word_1_957' title='bbox 2221 4740 2408 4795; x_wconf 74' lang='lat' dir='ltr'><strong>Narrat</strong></span> <span class='ocrx_word' id='word_1_958' title='bbox 2437 4737 2564 4792; x_wconf 87' lang='lat' dir='ltr'><strong>mihi</strong></span> <span class='ocrx_word' id='word_1_959' title='bbox 2603 4737 3010 4802; x_wconf 87' lang='lat' dir='ltr'><strong>delectationes,</strong></span> <span class='ocrx_word' id='word_1_960' title='bbox 3042 4735 3131 4790; x_wconf 86' lang='lat' dir='ltr'><strong>sed</strong></span> <span class='ocrx_word' id='word_1_961' title='bbox 3168 4751 3268 4788; x_wconf 87' lang='lat' dir='ltr'><strong>non</strong></span> <span class='ocrx_word' id='word_1_962' title='bbox 3305 4734 3433 4787; x_wconf 86' lang='lat' dir='ltr'><strong>sicut</strong></span> <span class='ocrx_word' id='word_1_963' title='bbox 3459 4734 3678 4798; x_wconf 74' lang='lat' dir='ltr'><strong>textae,</strong></span> 
     </span>
    </p>
   </div>
   <div class='ocr_carea' id='block_1_110' title="bbox 2102 4822 3683 4901">
    <p class='ocr_par' dir='ltr' id='par_1_110' title="bbox 2102 4822 3683 4901">
     <span class='ocr_line' id='line_1_110' title="bbox 2102 4822 3683 4901; baseline -0.006 -15"><span class='ocrx_word' id='word_1_964' title='bbox 2102 4831 2317 4888; x_wconf 83' lang='lat' dir='ltr'><strong>Domine</strong></span> <span class='ocrx_word' id='word_1_965' title='bbox 2343 4830 2511 4901; x_wconf 84' lang='lat' dir='ltr'><strong>(Psal.</strong></span> <span class='ocrx_word' id='word_1_966' title='bbox 2542 4845 2720 4896; x_wconf 84' lang='lat' dir='ltr'><strong>cxvm,</strong></span> <span class='ocrx_word' id='word_1_967' title='bbox 2747 4828 2861 4900; x_wconf 87' lang='lat'><strong>85).</strong></span> <span class='ocrx_word' id='word_1_968' title='bbox 2892 4825 3216 4882; x_wconf 81' lang='lat' dir='ltr'><strong>Condelector</strong></span> <span class='ocrx_word' id='word_1_969' title='bbox 3255 4825 3386 4879; x_wconf 88' lang='lat' dir='ltr'><strong>enim</strong></span> <span class='ocrx_word' id='word_1_970' title='bbox 3426 4823 3523 4894; x_wconf 84' lang='lat' dir='ltr'><strong>legi</strong></span> <span class='ocrx_word' id='word_1_971' title='bbox 3543 4822 3638 4877; x_wconf 84' lang='lat' dir='ltr'><strong>Dei</strong></span> <span class='ocrx_word' id='word_1_972' title='bbox 3664 4837 3683 4878; x_wconf 90' lang='lat'><strong><em>:</em></strong></span> 
     </span>
    </p>
   </div>
   <div class='ocr_carea' id='block_1_111' title="bbox 2102 4912 3681 4990">
    <p class='ocr_par' dir='ltr' id='par_1_111' title="bbox 2102 4912 3681 4990">
     <span class='ocr_line' id='line_1_111' title="bbox 2102 4912 3681 4990; baseline -0.006 -11"><span class='ocrx_word' id='word_1_973' title='bbox 2102 4939 2208 4979; x_wconf 87' lang='lat' dir='ltr'><strong>non</strong></span> <span class='ocrx_word' id='word_1_974' title='bbox 2234 4923 2301 4978; x_wconf 91' lang='lat' dir='ltr'><strong>de</strong></span> <span class='ocrx_word' id='word_1_975' title='bbox 2330 4938 2415 4978; x_wconf 91' lang='lat' dir='ltr'><strong>me</strong></span> <span class='ocrx_word' id='word_1_976' title='bbox 2437 4965 2450 4989; x_wconf 94' lang='lat'><strong>,</strong></span> <span class='ocrx_word' id='word_1_977' title='bbox 2475 4921 2566 4976; x_wconf 82' lang='lat' dir='ltr'><strong>sed</strong></span> <span class='ocrx_word' id='word_1_978' title='bbox 2597 4920 2665 4976; x_wconf 90' lang='lat' dir='ltr'><strong>de</strong></span> <span class='ocrx_word' id='word_1_979' title='bbox 2702 4921 2869 4990; x_wconf 88' lang='lat' dir='ltr'><strong>gratia</strong></span> <span class='ocrx_word' id='word_1_980' title='bbox 2908 4917 3020 4974; x_wconf 83' lang='lat' dir='ltr'><strong>Dei.</strong></span> <span class='ocrx_word' id='word_1_981' title='bbox 3051 4916 3130 4972; x_wconf 83' lang='lat' dir='ltr'><strong>Tu</strong></span> <span class='ocrx_word' id='word_1_982' title='bbox 3175 4912 3599 4984; x_wconf 88' lang='lat' dir='ltr'><strong>concupiscentia</strong></span> <span class='ocrx_word' id='word_1_983' title='bbox 3628 4912 3681 4969; x_wconf 91' lang='lat' dir='ltr'><strong>in</strong></span> 
     </span>
    </p>
   </div>
   <div class='ocr_carea' id='block_1_112' title="bbox 2102 5004 3683 5080">
    <p class='ocr_par' dir='ltr' id='par_1_112' title="bbox 2102 5004 3683 5080">
     <span class='ocr_line' id='line_1_112' title="bbox 2102 5004 3683 5080; baseline -0.008 -7"><span class='ocrx_word' id='word_1_984' title='bbox 2102 5034 2262 5074; x_wconf 88' lang='lat' dir='ltr'><strong>carne</strong></span> <span class='ocrx_word' id='word_1_985' title='bbox 2308 5013 2643 5070; x_wconf 86' lang='lat' dir='ltr'><strong>tumultuaris</strong></span> <span class='ocrx_word' id='word_1_986' title='bbox 2665 5056 2678 5080; x_wconf 93' lang='lat'><strong>,</strong></span> <span class='ocrx_word' id='word_1_987' title='bbox 2709 5019 2942 5067; x_wconf 81' lang='lat' dir='ltr'><strong>mentem</strong></span> <span class='ocrx_word' id='word_1_988' title='bbox 2991 5009 3081 5064; x_wconf 86' lang='lat' dir='ltr'><strong>tibi</strong></span> <span class='ocrx_word' id='word_1_989' title='bbox 3107 5016 3212 5063; x_wconf 88' lang='lat' dir='ltr'><strong>non</strong></span> <span class='ocrx_word' id='word_1_990' title='bbox 3236 5007 3437 5064; x_wconf 89' lang='lat' dir='ltr'><strong>subdis.</strong></span> <span class='ocrx_word' id='word_1_991' title='bbox 3465 5004 3532 5061; x_wconf 90' lang='lat' dir='ltr'><strong>In</strong></span> <span class='ocrx_word' id='word_1_992' title='bbox 3574 5005 3683 5061; x_wconf 86' lang='lat' dir='ltr'><strong>Deo</strong></span> 
     </span>
    </p>
   </div>
   <div class='ocr_carea' id='block_1_113' title="bbox 2103 5099 3680 5181">
    <p class='ocr_par' dir='ltr' id='par_1_113' title="bbox 2103 5099 3680 5181">
     <span class='ocr_line' id='line_1_113' title="bbox 2103 5099 3680 5181; baseline -0.007 -17"><span class='ocrx_word' id='word_1_993' title='bbox 2103 5110 2350 5181; x_wconf 85' lang='lat' dir='ltr'><strong>sperabo;</strong></span> <span class='ocrx_word' id='word_1_994' title='bbox 2379 5124 2479 5162; x_wconf 86' lang='lat' dir='ltr'><strong>non</strong></span> <span class='ocrx_word' id='word_1_995' title='bbox 2525 5105 2704 5161; x_wconf 87' lang='lat' dir='ltr'><strong>timebo</strong></span> <span class='ocrx_word' id='word_1_996' title='bbox 2742 5104 2864 5174; x_wconf 80' lang='lat' dir='ltr'><strong>quid</strong></span> <span class='ocrx_word' id='word_1_997' title='bbox 2892 5103 3045 5175; x_wconf 87' lang='lat' dir='ltr'><strong>faciat</strong></span> <span class='ocrx_word' id='word_1_998' title='bbox 3071 5101 3194 5155; x_wconf 85' lang='lat' dir='ltr'><strong>mihi</strong></span> <span class='ocrx_word' id='word_1_999' title='bbox 3225 5117 3344 5155; x_wconf 89' lang='lat' dir='ltr'><strong>caro</strong></span> <span class='ocrx_word' id='word_1_1000' title='bbox 3391 5099 3558 5172; x_wconf 84' lang='lat' dir='ltr'><strong>(Psal.</strong></span> <span class='ocrx_word' id='word_1_1001' title='bbox 3593 5113 3680 5166; x_wconf 67' lang='grc' dir='ltr'><strong>ιν,</strong></span> 
     </span>
    </p>
   </div>
   <div class='ocr_carea' id='block_1_114' title="bbox 2105 5191 3686 5274">
    <p class='ocr_par' dir='ltr' id='par_1_114' title="bbox 2105 5191 3686 5274">
     <span class='ocr_line' id='line_1_114' title="bbox 2105 5191 3686 5274; baseline -0.008 -16"><span class='ocrx_word' id='word_1_1002' title='bbox 2105 5201 2180 5274; x_wconf 81' lang='grc'><strong>5).</strong></span> <span class='ocrx_word' id='word_1_1003' title='bbox 2215 5199 2317 5267; x_wconf 82' lang='lat' dir='ltr'><strong>Me,</strong></span> <span class='ocrx_word' id='word_1_1004' title='bbox 2348 5215 2454 5269; x_wconf 90' lang='lat' dir='ltr'><strong>me,</strong></span> <span class='ocrx_word' id='word_1_1005' title='bbox 2484 5201 2587 5255; x_wconf 87' lang='lat' dir='ltr'><strong>hoc</strong></span> <span class='ocrx_word' id='word_1_1006' title='bbox 2614 5208 2713 5263; x_wconf 90' lang='lat' dir='ltr'><strong>est,</strong></span> <span class='ocrx_word' id='word_1_1007' title='bbox 2740 5203 2916 5252; x_wconf 90' lang='lat' dir='ltr'><strong>mente</strong></span> <span class='ocrx_word' id='word_1_1008' title='bbox 2937 5209 3041 5248; x_wconf 90' lang='lat' dir='ltr'><strong>non</strong></span> <span class='ocrx_word' id='word_1_1009' title='bbox 3069 5193 3461 5258; x_wconf 89' lang='lat' dir='ltr'><strong>consentiente,</strong></span> <span class='ocrx_word' id='word_1_1010' title='bbox 3487 5191 3686 5246; x_wconf 85' lang='lat' dir='ltr'><strong>tumul-</strong></span> 
     </span>
    </p>
   </div>
   <div class='ocr_carea' id='block_1_115' title="bbox 2104 5281 3686 5360">
    <p class='ocr_par' dir='ltr' id='par_1_115' title="bbox 2104 5281 3686 5360">
     <span class='ocr_line' id='line_1_115' title="bbox 2104 5281 3686 5360; baseline -0.009 -10"><span class='ocrx_word' id='word_1_1011' title='bbox 2104 5295 2282 5350; x_wconf 79' lang='lat' dir='ltr'><strong>luatur</strong></span> <span class='ocrx_word' id='word_1_1012' title='bbox 2300 5308 2444 5349; x_wconf 89' lang='lat' dir='ltr'><strong>caro.</strong></span> <span class='ocrx_word' id='word_1_1013' title='bbox 2477 5289 2544 5346; x_wconf 89' lang='lat' dir='ltr'><strong>In</strong></span> <span class='ocrx_word' id='word_1_1014' title='bbox 2574 5290 2703 5360; x_wconf 82' lang='lat' dir='ltr'><strong>Deo,</strong></span> <span class='ocrx_word' id='word_1_1015' title='bbox 2734 5289 2920 5360; x_wconf 90' lang='lat' dir='ltr'><strong>inquit,</strong></span> <span class='ocrx_word' id='word_1_1016' title='bbox 2946 5283 3188 5357; x_wconf 83' lang='lat' dir='ltr'><strong>sperabo;</strong></span> <span class='ocrx_word' id='word_1_1017' title='bbox 3213 5299 3312 5338; x_wconf 88' lang='lat' dir='ltr'><strong>non</strong></span> <span class='ocrx_word' id='word_1_1018' title='bbox 3359 5283 3537 5337; x_wconf 83' lang='lat' dir='ltr'><strong>timebo</strong></span> <span class='ocrx_word' id='word_1_1019' title='bbox 3562 5281 3686 5356; x_wconf 88' lang='lat' dir='ltr'><strong>quid</strong></span> 
     </span>
    </p>
   </div>
   <div class='ocr_carea' id='block_1_116' title="bbox 2105 5373 3689 5462">
    <p class='ocr_par' dir='ltr' id='par_1_116' title="bbox 2105 5373 3689 5462">
     <span class='ocr_line' id='line_1_116' title="bbox 2105 5373 3689 5462; baseline -0.009 -19"><span class='ocrx_word' id='word_1_1020' title='bbox 2105 5389 2259 5462; x_wconf 81' lang='lat' dir='ltr'><strong>faciat</strong></span> <span class='ocrx_word' id='word_1_1021' title='bbox 2299 5383 2423 5440; x_wconf 83' lang='lat' dir='ltr'><strong>mihi</strong></span> <span class='ocrx_word' id='word_1_1022' title='bbox 2449 5397 2588 5438; x_wconf 86' lang='lat' dir='ltr'><strong>caro.</strong></span> <span class='ocrx_word' id='word_1_1023' title='bbox 2627 5381 2774 5437; x_wconf 91' lang='lat' dir='ltr'><strong>Sicut</strong></span> <span class='ocrx_word' id='word_1_1024' title='bbox 2817 5393 2914 5435; x_wconf 89' lang='lat' dir='ltr'><strong>nec</strong></span> <span class='ocrx_word' id='word_1_1025' title='bbox 2954 5377 3146 5443; x_wconf 81' lang='lat' dir='ltr'><strong>aliena,</strong></span> <span class='ocrx_word' id='word_1_1026' title='bbox 3187 5375 3258 5431; x_wconf 83' lang='lat' dir='ltr'><strong>ita</strong></span> <span class='ocrx_word' id='word_1_1027' title='bbox 3280 5390 3378 5430; x_wconf 90' lang='lat' dir='ltr'><strong>nec</strong></span> <span class='ocrx_word' id='word_1_1028' title='bbox 3407 5389 3546 5430; x_wconf 88' lang='lat' dir='ltr'><strong>mea.</strong></span> <span class='ocrx_word' id='word_1_1029' title='bbox 3586 5373 3689 5441; x_wconf 78' lang='lat' dir='ltr'><strong>Qui</strong></span> 
     </span>
    </p>
   </div>
   <div class='ocr_carea' id='block_1_117' title="bbox 2107 5467 3689 5553">
    <p class='ocr_par' dir='ltr' id='par_1_117' title="bbox 2107 5467 3689 5553">
     <span class='ocr_line' id='line_1_117' title="bbox 2107 5467 3689 5553; baseline -0.01 -15"><span class='ocrx_word' id='word_1_1030' title='bbox 2107 5496 2232 5553; x_wconf 87' lang='lat' dir='ltr'><strong>ergo</strong></span> <span class='ocrx_word' id='word_1_1031' title='bbox 2261 5479 2311 5535; x_wconf 92' lang='lat' dir='ltr'><strong>in</strong></span> <span class='ocrx_word' id='word_1_1032' title='bbox 2340 5495 2396 5534; x_wconf 90' lang='lat' dir='ltr'><strong>se</strong></span> <span class='ocrx_word' id='word_1_1033' title='bbox 2436 5479 2553 5534; x_wconf 77' lang='lat' dir='ltr'><strong>lucc</strong></span> <span class='ocrx_word' id='word_1_1034' title='bbox 2592 5477 2730 5546; x_wconf 88' lang='lat' dir='ltr'><strong>agit,</strong></span> <span class='ocrx_word' id='word_1_1035' title='bbox 2758 5473 2888 5528; x_wconf 90' lang='lat' dir='ltr'><strong>nihil</strong></span> <span class='ocrx_word' id='word_1_1036' title='bbox 2927 5469 3327 5526; x_wconf 83' lang='lat' dir='ltr'><strong>facit?Multum</strong></span> <span class='ocrx_word' id='word_1_1037' title='bbox 3372 5467 3495 5524; x_wconf 79' lang='lat' dir='ltr'><strong>facit</strong></span> <span class='ocrx_word' id='word_1_1038' title='bbox 3526 5483 3540 5524; x_wconf 87' lang='lat'><strong>:</strong></span> <span class='ocrx_word' id='word_1_1039' title='bbox 3571 5482 3689 5523; x_wconf 87' lang='lat' dir='ltr'><strong>ma-</strong></span> 
     </span>
    </p>
   </div>
   <div class='ocr_carea' id='block_1_118' title="bbox 2105 5559 3802 5645">
    <p class='ocr_par' dir='ltr' id='par_1_118' title="bbox 2105 5559 3802 5645">
     <span class='ocr_line' id='line_1_118' title="bbox 2105 5559 3802 5645; baseline -0.008 -16"><span class='ocrx_word' id='word_1_1040' title='bbox 2105 5588 2266 5645; x_wconf 87' lang='lat' dir='ltr'><strong>gnum</strong></span> <span class='ocrx_word' id='word_1_1041' title='bbox 2298 5580 2378 5627; x_wconf 90' lang='lat' dir='ltr'><strong>est</strong></span> <span class='ocrx_word' id='word_1_1042' title='bbox 2414 5569 2556 5643; x_wconf 91' lang='lat' dir='ltr'><strong>quod</strong></span> <span class='ocrx_word' id='word_1_1043' title='bbox 2577 5565 2832 5634; x_wconf 80' lang='lat' dir='ltr'><strong>facit,sed</strong></span> <span class='ocrx_word' id='word_1_1044' title='bbox 2856 5573 3030 5620; x_wconf 90' lang='lat' dir='ltr'><strong>tamen</strong></span> <span class='ocrx_word' id='word_1_1045' title='bbox 3066 5571 3172 5618; x_wconf 89' lang='lat' dir='ltr'><strong>non</strong></span> <span class='ocrx_word' id='word_1_1046' title='bbox 3196 5559 3421 5634; x_wconf 84' lang='lat' dir='ltr'><strong>perlicit.</strong></span> <span class='ocrx_word' id='word_1_1047' title='bbox 3441 5560 3578 5629; x_wconf 88' lang='lat' dir='ltr'><strong>Quid</strong></span> <span class='ocrx_word' id='word_1_1048' title='bbox 3607 5569 3692 5616; x_wconf 90' lang='lat' dir='ltr'><strong>est</strong></span> <span class='ocrx_word' id='word_1_1049' title='bbox 3793 5563 3802 5570; x_wconf 92' lang='lat'>&#39;</span> 
     </span>
    </p>
   </div>
   <div class='ocr_carea' id='block_1_119' title="bbox 2107 5653 3687 5737">
    <p class='ocr_par' dir='ltr' id='par_1_119' title="bbox 2107 5653 3687 5737">
     <span class='ocr_line' id='line_1_119' title="bbox 2107 5653 3687 5737; baseline -0.011 -14"><span class='ocrx_word' id='word_1_1050' title='bbox 2107 5668 2247 5723; x_wconf 89' lang='lat' dir='ltr'><strong>enim</strong></span> <span class='ocrx_word' id='word_1_1051' title='bbox 2277 5663 2576 5737; x_wconf 83' lang='lat' dir='ltr'><strong>perﬁcere?</strong></span> <span class='ocrx_word' id='word_1_1052' title='bbox 2600 5661 2698 5718; x_wconf 88' lang='lat' dir='ltr'><strong>Ubi</strong></span> <span class='ocrx_word' id='word_1_1053' title='bbox 2723 5670 2794 5716; x_wconf 87' lang='lat' dir='ltr'><strong>est</strong></span> <span class='ocrx_word' id='word_1_1054' title='bbox 2819 5705 2831 5728; x_wconf 92' lang='lat'><strong>,</strong></span> <span class='ocrx_word' id='word_1_1055' title='bbox 2862 5677 2995 5715; x_wconf 90' lang='lat' dir='ltr'><strong>mors</strong></span> <span class='ocrx_word' id='word_1_1056' title='bbox 3017 5703 3030 5727; x_wconf 88' lang='lat'><strong>,</strong></span> <span class='ocrx_word' id='word_1_1057' title='bbox 3062 5657 3311 5714; x_wconf 88' lang='lat' dir='ltr'><strong>contentio</strong></span> <span class='ocrx_word' id='word_1_1058' title='bbox 3357 5655 3483 5711; x_wconf 84' lang='lat' dir='ltr'><strong>tua?</strong></span> <span class='ocrx_word' id='word_1_1059' title='bbox 3529 5653 3687 5724; x_wconf 85' lang='lat' dir='ltr'><strong>Ergo,</strong></span> 
     </span>
    </p>
   </div>
   <div class='ocr_carea' id='block_1_120' title="bbox 2118 5751 3497 5830">
    <p class='ocr_par' dir='ltr' id='par_1_120' title="bbox 2118 5751 3497 5830">
     <span class='ocr_line' id='line_1_120' title="bbox 2118 5751 3497 5830; baseline -0.013 -12"><span class='ocrx_word' id='word_1_1060' title='bbox 2118 5761 2256 5818; x_wconf 83' lang='lat' dir='ltr'><strong>Velle</strong></span> <span class='ocrx_word' id='word_1_1061' title='bbox 2284 5759 2482 5830; x_wconf 83' lang='lat' dir='ltr'><strong>adjacet</strong></span> <span class='ocrx_word' id='word_1_1062' title='bbox 2514 5757 2655 5821; x_wconf 83' lang='lat' dir='ltr'><strong>mihi,</strong></span> <span class='ocrx_word' id='word_1_1063' title='bbox 2706 5756 2942 5826; x_wconf 81' lang='lat' dir='ltr'><strong>per/icere</strong></span> <span class='ocrx_word' id='word_1_1064' title='bbox 2969 5764 3136 5808; x_wconf 86' lang='lat' dir='ltr'><strong>autem</strong></span> <span class='ocrx_word' id='word_1_1065' title='bbox 3161 5751 3345 5805; x_wconf 81' lang='lat' dir='ltr'><strong>bonum</strong></span> <span class='ocrx_word' id='word_1_1066' title='bbox 3378 5765 3497 5802; x_wconf 88' lang='lat' dir='ltr'><strong>non.</strong></span> 
     </span>
    </p>
   </div>
   <div class='ocr_carea' id='block_1_121' title="bbox 2184 5837 3704 5923">
    <p class='ocr_par' dir='ltr' id='par_1_121' title="bbox 2184 5837 3704 5923">
     <span class='ocr_line' id='line_1_121' title="bbox 2184 5837 3704 5923; baseline -0.014 -8"><span class='ocrx_word' id='word_1_1067' title='bbox 2184 5857 2270 5914; x_wconf 77' lang='lat' dir='ltr'><strong>l5.</strong></span> <span class='ocrx_word' id='word_1_1068' title='bbox 2292 5852 2443 5910; x_wconf 85' lang='lat' dir='ltr'><strong>Idem</strong></span> <span class='ocrx_word' id='word_1_1069' title='bbox 2475 5859 2715 5909; x_wconf 84' lang='lat' dir='ltr'><strong>tractatur</strong></span> <span class='ocrx_word' id='word_1_1070' title='bbox 2749 5857 3120 5923; x_wconf 86' lang='lat' dir='ltr'><strong>argumentum.</strong></span> <span class='ocrx_word' id='word_1_1071' title='bbox 3159 5874 3231 5892; x_wconf 82' lang='lat'><strong>--</strong></span> <span class='ocrx_word' id='word_1_1072' title='bbox 3255 5842 3379 5900; x_wconf 78' lang='lat' dir='ltr'><strong>Non</strong></span> <span class='ocrx_word' id='word_1_1073' title='bbox 3403 5837 3533 5899; x_wconf 89' lang='lat' dir='ltr'><strong>enim</strong></span> <span class='ocrx_word' id='word_1_1074' title='bbox 3558 5837 3704 5920; x_wconf 68' lang='lat' dir='ltr'><strong>quod</strong></span> 
     </span>
    </p>
   </div>
  </div>
