4108 6336
491 416 597 478 859

489 534 621 598 volo,
643 529 776 602 facio
793 528 1000 593 bonum;
1018 524 1108 580 sed
1125 522 1258 596 quod
1277 522 1393 578 nolo
1410 521 1614 588 malum,
1632 519 1725 575 hoc
1745 533 1860 591 ago.
1883 517 1950 573 Et
1969 532 2057 574 re-

489 623 639 694 petit,
666 620 728 676 Si
746 628 911 673 autem
946 615 1079 689 quod
1102 616 1220 670 nolo
1243 631 1352 687 ego,
1369 614 1462 669 hoc
1487 613 1637 684 facio,
1660 611 1713 666 id
1740 618 1841 678 est,
1861 623 2060 666 concu-

486 716 633 785 pisco
650 730 663 779 ;
676 713 789 784 jam
809 727 910 766 non
934 726 1024 782 ego
1040 727 1220 781 operor
1243 709 1390 775 illud,
1420 709 1508 764 sed
1534 707 1588 762 irl
1611 706 1744 776 quod
1781 707 1834 760 in
1860 720 1938 760 me
1962 705 2060 757 ha-

483 805 606 860 bitat
630 813 904 875 peccatum.
946 800 1154 858 Invenio
1191 817 1309 872 ergo
1343 800 1499 871 legem
1540 797 1662 852 mihi
1683 796 1864 851 volenti
1894 797 2060 866 facere

484 898 685 953 bonum.
747 897 952 951 Bonum
989 898 1007 928 ι
1052 895 1265 951 invenio
1318 893 1531 964 legem;
1581 891 1780 946 bonum
1819 897 1901 944 est
1939 887 2054 954 lex,

483 988 680 1044 bonum
719 986 916 1057 aliquid
963 994 1046 1042 est
1082 986 1184 1041 lex.
1237 983 1390 1040 Unde
1433 982 1640 1054 probo?
1685 981 1817 1048 Quia
1869 977 2058 1049 imple-

483 1095 544 1136 re
605 1081 750 1135 volo.
819 1077 1028 1134 Invenio
1095 1094 1213 1150 ergo
1286 1076 1444 1147 legem
1493 1074 1610 1128 mihi
1659 1072 1842 1128 volenti
1892 1074 2058 1142 facere

482 1169 703 1237 bonum;
731 1170 966 1241 quoniam
1013 1169 1137 1223 mihi
1186 1168 1375 1222 malum
1413 1166 1631 1238 adjacet.
1673 1164 1742 1220 Et
1773 1163 1876 1221 hoc
1910 1161 2053 1216 mihi.

481 1261 602 1318 Non
629 1261 772 1317 enim
797 1275 923 1317 caro
951 1275 1058 1317 non
1077 1274 1216 1326 mea,
1244 1267 1334 1314 aut
1358 1257 1426 1314 de
1452 1257 1553 1312 alia
1580 1254 1872 1311 substantia
1891 1266 2016 1309 caro
2036 1293 2052 1320 ,

481 1361 574 1407 aut
600 1352 667 1407 de
687 1352 792 1408 alio
815 1351 1079 1424 principio
1102 1364 1247 1416 caro,
1270 1358 1362 1405 aut
1379 1349 1554 1404 anima
1594 1363 1662 1404 ex
1695 1347 1827 1412 Deo,
1851 1353 1905 1401 et
1928 1358 2056 1400 caro

479 1443 550 1499 de
577 1454 736 1514 gente
764 1441 1119 1498 tenebrarum.
1151 1441 1320 1496 Absit.
1348 1439 1594 1510 Languor
1613 1444 1870 1508 repugnat
1907 1435 2053 1492 sani-

481 1536 595 1591 tati.
627 1535 925 1591 Semivivus
947 1535 1088 1606 jacet
1116 1535 1168 1589 in
1195 1535 1278 1589 via
1306 1533 1454 1604 (Luc.
1490 1549 1546 1600 ι,
1580 1531 1694 1604 30),
1725 1539 1940 1587 curatur
1963 1529 2056 1583 ad-

481 1623 605 1691 huc,
619 1634 872 1680 sanantur
889 1638 1078 1680 omnes
1096 1623 1379 1694 languores
1399 1624 1513 1694 ejus
1534 1621 1706 1692 (Psal.
1725 1637 1815 1688 cu,
1832 1621 1913 1691 5).
1934 1619 2056 1675 Νοη

479 1716 612 1786 quod
635 1715 746 1770 volo
772 1731 904 1788 ago;
929 1715 1016 1769 sed
1037 1714 1170 1784 quod
1193 1713 1297 1782 odi,
1323 1713 1452 1768 illud
1480 1713 1633 1784 facio.
1655 1712 1714 1767 Si
1730 1721 1894 1766 autem
1920 1711 2054 1781 quod

479 1807 596 1861 nolo
621 1823 736 1877 ego,
754 1806 883 1860 illud
911 1805 1066 1876 facio;
1086 1805 1284 1860 invenio
1307 1821 1424 1876 ergo
1454 1805 1612 1876 legem
1639 1803 1817 1858 volenti
1833 1803 1956 1856 mihi
1976 1805 2057 1873 fa-

479 1913 590 1952 cere
613 1897 819 1963 bonum,
835 1897 1070 1966 quoniam
1090 1897 1213 1950 mihi
1229 1897 1418 1950 malum
1437 1895 1655 1966 adjacet.
1668 1895 1818 1964 Quod
1835 1894 2054 1949 malum?

549 1988 775 2045 CAPUT
820 1987 888 2043 X.
917 1989 1100 2044 -14.
1147 1987 1292 2042 Idem
1334 1995 1580 2041 tractatur
1615 1995 2055 2057 argumentum.—

483 2082 813 2137 Condelector
831 2083 963 2137 enim
1001 2083 1100 2154 legi
1128 2081 1223 2136 Dei
1265 2082 1536 2137 secundum
1571 2081 1856 2136 interiorem
1894 2080 2054 2134 homi-

479 2191 612 2230 nem.
648 2173 802 2228 Video
821 2175 975 2228 aliam
1000 2175 1158 2246 legem
1181 2175 1232 2229 in
1253 2174 1485 2230 membris
1508 2173 1630 2227 meis
1649 2212 1666 2241 ,
1691 2181 2055 2245 repugnantem

479 2265 578 2335 legi
597 2265 773 2319 mentis
797 2280 942 2332 mete,
973 2273 1019 2320 et
1048 2267 1300 2336 captivum
1324 2280 1403 2318 me
1437 2263 1697 2318 ducentem
1722 2265 1773 2320 in
1803 2265 1909 2335 lege
1939 2280 2055 2333 pec-

478 2358 597 2424 cati,
620 2373 732 2428 qua:
750 2366 821 2412 est
848 2358 900 2411 in
922 2357 1153 2411 membris
1173 2357 1294 2410 meis
1313 2355 1631 2426 :captivum,
1656 2355 1748 2410 sed
1769 2370 1836 2410 ex
1855 2368 2050 2421 carne;

479 2449 762 2518 captivum,
789 2447 883 2504 sed
913 2463 975 2503 ex
996 2455 1164 2519 parte.
1195 2446 1327 2503 Nam
1360 2461 1512 2502 mens
1535 2455 1821 2518 repugnat,
1851 2454 1904 2502 et
1923 2460 2055 2502 con-

478 2541 770 2597 delectatur
797 2541 898 2612 legi
919 2541 1032 2596 Dei.
1062 2540 1151 2596 Sic
1178 2540 1320 2596 enim
1359 2539 1656 2609 intelligere
1681 2539 1938 2594 debemus
1959 2580 1975 2606 ,
2008 2537 2056 2593 si

479 2634 546 2690 de
570 2651 630 2690 se
653 2635 769 2704 ipso
795 2633 1080 2704 Apostolus
1100 2633 1347 2704 loquitur.
1373 2631 1490 2687 Jum
1529 2645 1656 2702 ergo
1679 2631 1726 2686 si
1758 2646 1910 2687 mens
1947 2645 2055 2685 non

479 2727 744 2782 consentit
764 2736 980 2796 peccato
1006 2726 1260 2793 titillanti,
1289 2725 1591 2796 suggerenti
1613 2766 1628 2790 ,
1651 2723 1976 2790 blandienti;
2007 2724 2055 2780 si

479 2833 630 2874 mens
650 2834 754 2874 non
782 2819 1065 2886 consentit,
1093 2817 1344 2889 quoniam
1365 2816 1525 2872 habet
1561 2817 1692 2872 alias
1722 2816 1944 2871 interius
1963 2815 2056 2872 de-

481 2911 792 2967 lectationes
821 2925 962 2976 suas,
991 2909 1429 2965 delectationibus
1448 2907 1624 2962 carnis
1643 2922 1708 2962 ex
1732 2907 1876 2961 nulla
1904 2915 2055 2976 parte

483 3001 831 3057 conferendas
857 3019 871 3056 :
902 3001 946 3056 si
967 3015 1094 3070 ergo
1114 3015 1219 3054 non
1239 2999 1520 3065 consentit,
1545 3007 1598 3052 et
1617 3006 1697 3052 est
1721 2998 1771 3052 in
1798 3013 1882 3052 me
1903 2997 2056 3068 quid-

479 3093 600 3149 dam
630 3103 918 3160 mortuum,
947 3103 1000 3149 et
1019 3093 1266 3164 quiddam
1295 3092 1514 3158 vivum”,
1547 3105 1692 3145 mors
1726 3089 1899 3145 adhuc
1923 3105 2054 3146 con-

482 3188 668 3255 tendit,
699 3187 794 3243 sed
828 3200 980 3242 mens
1022 3187 1139 3240 viva
1179 3199 1286 3240 non
1311 3183 1594 3239 consentit.
1643 3181 1906 3253 Numquid
1945 3183 2056 3253 ipsa

481 3294 627 3334 mors
668 3293 777 3334 non
801 3287 881 3333 est
925 3278 978 3332 in
1027 3276 1120 3332 te?
1145 3275 1410 3346 Numquid
1440 3273 1569 3330 illud
1610 3273 1751 3346 quod
1790 3283 2057 3330 mortuum

480 3379 601 3437 est,
627 3383 732 3423 non
772 3368 1001 3437 pertinet
1044 3366 1111 3422 ad
1142 3367 1232 3422 te?
1275 3365 1463 3422 Adhuc
1503 3365 1600 3422 tibi
1646 3374 1728 3421 est
1766 3365 2054 3421 contentio.

479 3461 616 3530 Quid
645 3461 802 3516 etiam
826 3459 946 3515 inde
969 3457 1287 3529 sperandum
1316 3458 1435 3513 est?

553 3553 639 3608 15.
669 3549 814 3606 ldcm
831 3559 1073 3604 tractatur
1102 3558 1552 3622 argumentum.—
1579 3546 1736 3602 Miser
1751 3563 1841 3620 ego
1871 3549 2017 3602 homo
2039 3561 2059 3600 :

481 3643 578 3699 etsi
610 3657 717 3697 non
744 3642 794 3695 in
829 3649 1004 3697 mente
1024 3681 1039 3706 ,
1073 3649 1248 3695 tamen
1279 3640 1333 3695 in
1361 3653 1520 3695 carne
1542 3639 1705 3694 miser
1727 3637 1906 3693 homo.
1939 3637 2057 3692 Non

480 3737 622 3791 enim
663 3735 714 3789 in
750 3743 929 3790 mente
975 3732 1170 3802 homo,
1197 3739 1254 3788 et
1289 3732 1342 3787 in
1383 3746 1542 3788 carne
1567 3746 1672 3784 non
1724 3729 1903 3783 homo.
1930 3728 2058 3796 Quis

479 3826 621 3882 enim
655 3841 884 3896 unquam
929 3839 1146 3878 carnem
1195 3837 1343 3878 suam
1388 3821 1513 3888 odia
1553 3818 1735 3876 habuit
1764 3819 2056 3891 (Ephes.v,

479 3920 612 3990 29)?
644 3919 799 3974 Miser
837 3936 926 3990 ego
952 3920 1121 3986 homo,
1145 3919 1254 3989 quis
1279 3934 1356 3972 me
1379 3915 1602 3971 liberabit
1618 3915 1680 3970 de
1698 3931 1908 3986 corpore
1925 3930 2062 3968 mor-

483 4013 544 4065 tis
593 4011 778 4080 hujus?
800 4010 936 4078 Quid
983 4019 1063 4065 est
1112 4011 1247 4074 hoc,
1278 4007 1508 4063 fratres?
1535 4007 1695 4075 Quasi
1730 4021 1912 4062 carere
1948 4007 2061 4062 vult

481 4116 724 4172 corpore.
755 4100 892 4169 Quid
920 4099 1165 4156 festinas?
1194 4100 1250 4156 Si
1273 4108 1472 4154 tantum
1497 4099 1569 4153 ibi
1593 4106 1676 4153 est
1703 4098 1922 4154 intentio
1949 4108 2055 4164 tua,

481 4201 540 4248 ut
563 4206 789 4262 corpore
815 4205 1024 4257 careas;
1056 4205 1200 4245 mors
1220 4189 1535 4260 quandoque
1554 4198 1774 4243 ventura
1801 4196 1900 4254 est,
1929 4195 1984 4244 et
2007 4195 2060 4243 te

481 4285 548 4339 ab
569 4284 668 4338 isto
694 4297 918 4352 corpore
946 4281 1132 4336 mortis
1156 4281 1269 4336 dies
1307 4279 1595 4335 adveniens
1630 4279 1846 4333 ultimus
1871 4278 2055 4348 procul

481 4376 643 4433 dubio
689 4375 952 4431 liberabit.
981 4373 1117 4443 Quid
1155 4383 1238 4429 est
1283 4372 1423 4443 quod
1473 4388 1573 4444 pro
1615 4387 1808 4442 magno
1847 4370 2060 4443 gemis?

478 4471 614 4540 Quid
645 4471 887 4542 estquod
913 4470 1065 4538 dicis,
1092 4470 1217 4538 Quis
1234 4487 1312 4524 me
1331 4469 1592 4524 liberabit?
1615 4469 1849 4525 Mortalis
1873 4468 2058 4540 loque-

478 4565 572 4628 ris,
623 4562 910 4619 moriturus
947 4561 1201 4633 loqueris.
1257 4561 1530 4632 Separatio
1580 4562 1772 4618 mentis
1816 4575 1846 4615 a
1897 4575 2060 4617 carne

477 4655 793 4727 quandoque
817 4664 1035 4710 ventura
1055 4663 1137 4710 est
1158 4671 1171 4708 :
1206 4662 1422 4724 propter
1449 4653 1760 4710 brevitatem
1781 4653 1902 4710 vitae
1922 4669 2058 4708 nun-

478 4764 634 4820 quam
682 4749 834 4819 longe
880 4756 997 4815 est;
1023 4754 1240 4818 propter
1277 4747 1613 4816 quotidianos
1653 4759 1807 4803 casus
1845 4745 2058 4816 quando

475 4842 564 4908 sit,
587 4841 780 4896 nescis.
809 4841 950 4909 Ergo
978 4839 1091 4894 sive
1120 4837 1358 4906 festines,
1383 4840 1493 4895 sive
1522 4837 1724 4904 tardes,
1753 4838 1929 4895 omnis
1947 4839 2055 4894 vita

476 4931 703 4986 humana
721 4931 894 4986 brevis
918 4938 1001 4986 est
1029 4947 1043 4984 :
1075 4929 1200 5001 quid
1230 4946 1327 5000 pro
1367 4944 1557 5001 magno
1583 4929 1752 5000 gemis
1771 4969 1788 4997 ,
1819 4937 1876 4986 et
1900 4929 2054 4996 dicis,

479 5024 606 5090 Quis
633 5039 711 5078 me
734 5023 958 5078 liberabit
982 5021 1045 5077 de
1072 5039 1281 5094 corpore
1307 5024 1482 5077 mortis
1502 5022 1692 5093 hujus?

544 5115 768 5170 CAPUT
808 5114 898 5170 XI.
928 5145 1000 5156 —
1027 5115 1116 5172 16.
1146 5113 1216 5169 In
1252 5112 1610 5169 resurrectione
1643 5111 1741 5167 soli
1768 5113 1900 5184 justi
1929 5112 2054 5168 libe-

475 5216 656 5260 rantur
680 5205 743 5258 de
770 5192 979 5277 corpore
999 5207 1194 5262 mortis.
1231 5206 1302 5260 ‘Et
1339 5203 1576 5273 adjuugit
1603 5219 1616 5256 :
1647 5201 1824 5258 Gratia
1849 5201 1949 5258 Dei
1969 5218 2056 5274 per

475 5297 650 5351 Jesum
687 5296 942 5354 Christum
985 5299 1259 5355 Dominum
1289 5307 1532 5352 nostrum.
1567 5295 1763 5367 Pagani
1793 5297 1935 5352 enim
1963 5295 2054 5367 qui

475 5405 581 5445 non
605 5389 802 5445 habent
834 5392 1054 5463 gratiam
1086 5391 1179 5447 Dci
1218 5406 1314 5461 per
1342 5389 1524 5448 Jesum
1566 5388 1836 5445 Christum
1877 5388 2056 5443 Domi-

477 5497 603 5537 num
647 5491 882 5539 nostrum
909 5527 924 5553 ,
970 5500 1075 5539 non
1115 5480 1449 5538 morientur?
1486 5495 1588 5535 non
1626 5478 1941 5549 quandoque
1969 5479 2055 5534 die

476 5575 665 5632 ultimo
691 5591 721 5632 a
750 5592 910 5633 carne
931 5574 1240 5632 solventur?
1261 5591 1364 5632 non
1391 5574 1484 5630 illo
1504 5573 1590 5629 die
1608 5587 1636 5626 a
1659 5586 1884 5642 corpore
1910 5588 2054 5628 mor-

477 5669 546 5727 tis
584 5669 740 5740 hujus
775 5669 1172 5726 liberabuntur?
1201 5669 1277 5724 Tu
1315 5667 1438 5740 quid
1459 5665 1701 5738 estquod
1742 5680 1840 5736 pro
1865 5679 2055 5736 magno

443 5911 462 5930 ’
537 5781 561 5883 ί
581 5788 983 5900 magilis.
1005 5849 1174 5902 carent
1190 5841 1268 5902 his
1285 5843 1466 5912 verbis,
1487 5848 1536 5900 et
1812 5841 1984 5926 tim.

2027 5943 2124 5966 Ψ

1731 405 1787 463 s.
1829 399 2194 463 AUGUSTINI
2231 401 2533 482 EPISCOPI

3641 410 3755 472 810

2168 518 2349 588 gratiae
2385 519 2479 576 Dei
2517 533 2614 591 per
2650 518 2830 578 Iesum
2868 520 3135 578 Christum
3175 521 3458 580 Dominum
3499 531 3746 580 nostrum

2167 610 2248 664 vis
2273 610 2522 678 tribuere,
2545 612 2666 684 quia
2681 612 2748 669 de
2764 627 2989 686 corpore
3008 616 3195 671 mortis
3215 615 3374 686 hujus
3392 615 3701 672 liberaberis
3715 615 3745 670 2

2169 703 2478 773 ReSpondet
2522 705 2616 760 tibi
2661 706 2971 778 Apostolus,
2994 707 3042 763 si
3067 722 3281 764 sensum
3319 708 3741 779 ejuscepimus,

2168 795 2276 850 imo
2301 796 2420 866 quia
2467 797 2691 852 Domino
2738 797 3056 868 adjuvante,
3087 800 3203 855 sine
3250 799 3414 874 dubio
3461 801 3750 870 cepimus;

2166 890 2451 958 respondet
2480 889 2571 946 tibi
2601 891 2904 961 Apostolus,
2937 900 2991 948 et
3017 892 3145 948 dicit
3171 909 3184 946 :
3213 892 3339 949 Scio
3374 891 3500 962 quid
3530 892 3739 963 loquar.

2165 978 2404 1050 Paganos
2441 981 2575 1037 dicis
2607 982 2822 1039 liberari
2861 999 2891 1038 a
2920 998 3142 1055 corpore
3191 984 3376 1045 mortis
3405 983 3592 1054 hujus,
3613 984 3741 1054 quia

2166 1073 2343 1127 veniet
2363 1060 2476 1129 dies
2503 1073 2720 1131 ultimus
2761 1075 2882 1130 vita:
2910 1074 3094 1145 hujus,
3121 1084 3174 1132 et
3205 1075 3476 1130 solventur
3504 1074 3568 1129 ad
3596 1083 3736 1137 tem-

2165 1179 2263 1234 pus
2287 1179 2318 1218 a
2345 1179 2568 1234 corpore
2611 1167 2796 1221 mortis
2832 1165 3008 1233 hujus.
3057 1165 3247 1221 Veniet
3287 1174 3341 1221 et
3365 1165 3499 1230 dies,
3530 1161 3737 1234 quando

2167 1271 2338 1309 omnes
2365 1255 2456 1326 qui
2479 1265 2594 1310 sunt
2619 1257 2672 1310 in
2719 1255 3048 1311 monumentis
3075 1256 3279 1310 audient
3323 1271 3487 1310 vocem
3514 1254 3661 1324 ejus;
3693 1263 3742 1308 et

2165 1347 2433 1416 procedent
2477 1348 2562 1416 qui
2588 1347 2720 1402 bona
2756 1348 2979 1419 fecerunt
2999 1388 3014 1415 ,
3043 1347 3097 1401 in
3139 1347 3549 1402 resurrectionem
3578 1347 3692 1400 vita:
3719 1361 3739 1399 :

2163 1453 2288 1496 ecce
2321 1440 2529 1495 liberati
2559 1456 2586 1494 a
2625 1455 2848 1512 corpore
2886 1441 3071 1495 mortis
3101 1439 3274 1510 hujus.
3307 1438 3407 1507 Qui
3433 1439 3566 1494 mala
3603 1439 3739 1508 fece-
3803 1475 3805 1477 ι

2163 1545 2297 1598 t‘tml,
2319 1537 2371 1589 in
2393 1536 2797 1590 resurrectionem
2824 1535 3008 1606 judicii
3031 1533 3207 1603 (Joan.
3240 1549 3271 1584 ν
3290 1574 3304 1600 ,
3331 1532 3421 1600 28,
3443 1533 3536 1604 ‘29)
3567 1549 3579 1584 :
3612 1522 3741 1586 cecc

2162 1625 2437 1680 redierunt
2459 1625 2524 1679 ad
2553 1639 2744 1694 corpus
2770 1624 2953 1679 mortis
2983 1623 3157 1694 hujus.
3190 1622 3394 1691 Corpus
3420 1621 3605 1676 mortis
3631 1620 3736 1674 hu-

2157 1715 2245 1785 jus
2289 1715 2427 1770 redit
2467 1715 2531 1769 ad
2577 1715 2826 1785 impium,
2854 1730 2954 1770 nec
2985 1714 3110 1770 inde
3146 1714 3428 1785 aliquando
3478 1713 3736 1767 solvetur.

2161 1805 2310 1862 Tunc
2351 1820 2455 1860 non
2499 1807 2601 1861 erit
2628 1807 2733 1862 vita
2767 1817 2963 1862 {eterna
2984 1849 2998 1874 ,
3029 1806 3122 1862 sed
3167 1821 3312 1862 mors
3349 1815 3543 1861 aeterna
3571 1847 3586 1873 ,
3614 1802 3735 1874 quia

2159 1912 2316 1969 paena
2345 1907 2562 1954 aeterna.

2231 1991 2455 2048 CAPUT
2491 1991 2606 2046 Xll.
2637 2021 2708 2033 -—
2730 1993 2815 2048 17.
2844 1990 3040 2064 Corpus
3067 2000 3353 2048 sanctorum
3376 2000 3484 2062 post
3510 2006 3739 2046 resurre-

2161 2083 2372 2137 ctionem
2390 2083 2687 2138 immortale.
2706 2082 2787 2138 Tu
2806 2093 3003 2151 autem,
3024 2097 3058 2139 ο
3076 2083 3395 2151 Christiane,
3419 2097 3543 2153 roga
3563 2096 3736 2153 quan-

2159 2183 2269 2230 tum
2299 2182 2480 2245 poles,
2515 2175 2751 2230 exclama
2781 2184 2833 2230 et
2861 2174 2944 2230 dic
2975 2192 2989 2229 :
3019 2173 3176 2229 Miser
3201 2191 3291 2246 ego
3325 2175 3492 2241 homo,
3521 2173 3633 2242 quis
3658 2188 3737 2226 me

2162 2265 2391 2320 liberabit
2420 2266 2482 2319 de
2507 2281 2717 2336 corpore
2749 2265 2923 2321 mortis
2963 2265 3151 2336 hujus?
3186 2264 3554 2334 Respondetur
3594 2263 3686 2318 tibi
3719 2279 3732 2314 :

2160 2375 2379 2416 securus
2408 2358 2660 2424 afﬁceris,
2690 2374 2794 2413 non
2833 2358 2900 2414 de
2929 2369 2998 2426 te,
3031 2359 3123 2415 sed
3150 2358 3218 2414 de
3247 2358 3467 2413 Domino
3493 2366 3618 2421 tuo;
3647 2370 3736 2410 se-

2159 2466 2318 2508 curus
2342 2450 2569 2506 elliceris
2593 2451 2660 2506 de
2685 2452 2903 2522 pignore
2932 2459 3041 2505 tuo.
3085 2448 3251 2520 Spera
3277 2465 3397 2505 cum
3423 2450 3633 2504 Christo
3655 2463 3742 2504 re-

2160 2562 2319 2618 gnum
2349 2545 2565 2612 Christi,
2611 2547 2720 2616 jam
2755 2545 2945 2616 pignus
2980 2554 3130 2603 tenes
3167 2543 3476 2616 sanguinem
3518 2541 3734 2597 Christi.

2163 2640 2278 2707 Dic,
2310 2639 2415 2701 dic,
2449 2639 2575 2703 Quis
2598 2654 2677 2691 me
2703 2637 2926 2691 liberabit
2953 2635 3015 2690 de
3039 2651 3248 2706 corpore
3271 2635 3444 2688 mortis
3467 2632 3660 2705 hujus?
3680 2642 3738 2686 ut

2160 2730 2547 2802 reSpondeatur
2569 2729 2685 2796 tibi,
2711 2727 2888 2784 Gratia
2917 2727 3010 2782 Dei
3032 2744 3120 2799 per
3143 2726 3319 2782 Iesum
3343 2725 3596 2782 Christum
3627 2724 3738 2778 Do-

2163 2823 2352 2876 minum
2379 2829 2624 2876 nostrum.
2654 2820 2770 2877 Non
2801 2821 2941 2876 enim
2969 2821 3045 2874 sic
3086 2819 3393 2873 liheraberis
3421 2817 3487 2872 de
3513 2831 3738 2886 corpore

2160 2913 2347 2969 mortis
2372 2913 2548 2983 hujus,
2574 2921 2631 2968 ut
2651 2913 2750 2968 hoc
2770 2927 2963 2982 corpus
2986 2926 3095 2967 non
3121 2910 3333 2967 habeas.
3365 2909 3616 2976 Habebis,
3644 2907 3737 2963 sed

2157 3005 2267 3076 jam
2292 3019 2396 3060 non
2420 3005 2606 3060 mortis
2630 3003 2804 3074 hujus.
2829 3004 3003 3074 ipsum
3023 3003 3145 3070 erit,
3174 3002 3267 3059 sed
3293 3018 3398 3058 non
3421 3002 3591 3072 ipsum
3613 3000 3738 3055 erit.

2160 3097 2338 3168 Ipsum
2371 3097 2490 3162 erit,
2525 3097 2644 3167 quia
2671 3097 2782 3166 ipsa
2808 3111 2932 3150 caro
2959 3097 3060 3150 erit
3090 3113 3104 3150 :
3134 3111 3235 3148 non
3265 3095 3437 3164 ipsum
3467 3096 3585 3158 erit,
3614 3093 3759 3163 quia~

2161 3188 2387 3245 mortale
2413 3203 2518 3244 non
2539 3189 2656 3244 erit.
2685 3186 2792 3253 Sic,
2821 3189 2896 3242 sic
2917 3187 3224 3243 liherahcris
3248 3202 3278 3242 a
3305 3202 3527 3256 corpore
3551 3186 3740 3241 mortis

2164 3281 2340 3352 hujus,
2371 3290 2428 3336 ut
2455 3281 2675 3336 mortale
2704 3280 2804 3335 hoc
2825 3280 3006 3334 induat
3037 3280 3507 3341 in‘ttnortalitatem,
3536 3289 3587 3334 ct
3610 3295 3737 3333 cor-

2162 3373 2408 3443 ruptibile
2427 3372 2525 3427 hoc
2549 3372 2727 3427 induat
2750 3372 3215 3441 incorruptionem.
3237 3371 3277 3425 A
3297 3371 3425 3439 (luo?
3446 3386 3536 3440 per
3555 3369 3738 3440 quem?

2163 3467 2339 3523 Gratia
2383 3465 2498 3532 Dei,
2542 3483 2630 3535 per
2664 3463 2841 3519 Jesum
2884 3465 3138 3520 Christum
3177 3463 3450 3518 Dominum
3489 3471 3736 3518 nostrum.

2164 3559 2297 3626 Quia
2331 3573 2420 3628 per
2443 3573 2600 3611 unum
2631 3555 2881 3610 hominem
2913 3571 3079 3623 mors,
3109 3563 3157 3610 et
3180 3572 3271 3626 per
3299 3570 3454 3609 unum
3489 3554 3740 3609 hominem

2162 3650 2458 3705 resurrectio
2478 3658 2807 3703 mortuorum.
2831 3645 2976 3702 Sicut
2990 3648 3044 3700 in
3062 3647 3224 3701 Adam
3239 3663 3408 3701 omnes
3428 3646 3743 3700 moriuntur:

2163 3742 2288 3796 inde
2314 3751 2395 3796 est
2414 3741 2554 3811 quod
2578 3741 2767 3810 gemis.
2796 3739 2864 3794 In
2889 3738 3054 3794 Adam
3076 3755 3247 3794 onmes
3275 3740 3555 3793 moriuntur
3575 3756 3595 3793 :
3618 3738 3740 3793 inde

2163 3845 2245 3891 est
2279 3834 2418 3906 quod
2447 3835 2644 3905 gemis,
2672 3833 2796 3890 inde
2827 3843 2908 3888 est
2934 3832 3075 3904 quod
3101 3847 3221 3888 cum
3255 3842 3427 3888 morte
3469 3831 3738 3902 conﬂigis,

2165 3928 2288 3983 inde
2310 3937 2392 3982 est
2416 3941 2611 3996 corpus
2631 3926 2818 3982 mortis
2833 3924 3016 3995 hujus.
3038 3923 3145 3981 Sed
3166 3919 3294 3979 sicut
3311 3925 3363 3978 in
3390 3923 3552 3977 Adam
3572 3938 3742 3977 omnes

2165 4019 2467 4085 moriuntur,
2497 4019 2567 4072 sic
2591 4027 2638 4072 et
2659 4018 2711 4072 in
2731 4015 2930 4073 Christo
2952 4033 3122 4071 omnes
3142 4016 3522 4083 viviﬁcabuntur
3549 4015 3588 4086 (l
3619 4013 3737 4070 Cor.

2165 4125 2250 4176 xv,
2276 4111 2365 4178 21,
2396 4109 2512 4183 22).
2545 4108 2886 4165 V'iviiicatus‘
2924 4117 3142 4178 accepto
3169 4123 3391 4179 corpore
3419 4108 3739 4175 immortali,

2163 4205 2251 4260 ubi
2279 4205 2444 4267 dicas,
2481 4201 2577 4260 Ubi
2614 4212 2706 4270 est,
2729 4219 2896 4270 mors,
2919 4202 3168 4257 contentio
3204 4203 3331 4257 tua?
3355 4201 3606 4257 liberatus
3632 4202 3743 4257 eris

2162 4313 2191 4354 a
2223 4312 2448 4367 corpore
2485 4296 2674 4352 mortis
2701 4297 2855 4367 hujus
2882 4314 2895 4351 :
2925 4312 3030 4351 non
3060 4305 3236 4352 tamen
3271 4296 3458 4352 virtute
3493 4304 3609 4361 tua,
3647 4296 3739 4350 sed

2161 4390 2327 4462 gratia
2347 4389 2441 4442 Dei
2465 4406 2550 4456 per
2568 4389 2742 4443 Jesum
2767 4387 3019 4444 Christum
3041 4387 3317 4444 Dominum
3339 4399 3579 4444 nostrum.
3603 4388 3737 4443 Con-

2160 4482 2304 4540 versi
2328 4480 2395 4538 ad
2421 4481 2723 4548 Dominum,
2754 4489 2857 4538 etc.

2668 4572 2898 4632 saeuo
2930 4575 3098 4633 CLV‘
3129 4577 3227 4650 (a).

2163 4667 2240 4724 De
2265 4669 2425 4725 verbis
2453 4668 2704 4739 Apostoli,
2731 4668 2880 4724 Rom.
2910 4684 3020 4736 Vill,
3047 4670 3191 4734 1-11,
3216 4667 3368 4723 Nulla
3394 4682 3521 4739 ergo
3541 4666 3734 4723 conde.

2233 4760 2432 4816 mnatio
2473 4767 2555 4815 est
2579 4773 2721 4816 nunc
2743 4759 2826 4816 his
2842 4761 2930 4831 qui
2963 4771 3086 4815 sunt
3117 4761 3170 4815 in
3189 4757 3405 4817 Christo
3431 4759 3578 4826 Jesu,
3615 4769 3730 4825 etc.,

2231 4852 2416 4910 Contra
2443 4851 2748 4924 Pelagianos
2776 4852 2849 4924 (b)
2862 4892 2874 4906 .

2335 4945 2530 4995 Habitus
2551 4945 2600 4994 in
2617 4942 2808 4994 basilica
2829 4950 2900 4994 ss.
2923 4948 3172 5008 Martyrum
3193 4927 3551 4996 summotum;

2230 5029 2454 5088 CAPUT
2491 5028 2776 5088 PRIMUM.
2819 5057 2872 5068 -
2901 5030 2952 5087 1.
2982 5029 3394 5100 Concupiscentia
3421 5045 3514 5084 cur
3536 5036 3738 5083 vocetur

2226 5220 2244 5252 ι
2268 5216 2491 5280 Plerique
2509 5222 2636 5274 uss.,
2661 5212 2999 5280 Vnuﬁcaberis.

2225 5282 2240 5299 ‘
2257 5275 2464 5330 Collatus
2485 5292 2594 5329 cum
2615 5280 2696 5330 ba.
2733 5275 2795 5328 cl.
2819 5277 2898 5327 ob.
2920 5276 2954 5327 f.
2982 5277 3038 5326 rs.
3061 5289 3110 5340 g.
3149 5275 3208 5326 ir.
3232 5289 3297 5328 ω.
3323 5287 3398 5340 pr.
3418 5288 3510 5328 rm.
3535 5277 3615 5329 vd.
3637 5289 3736 5329 Am.

2158 5347 2231 5393 Er.
2265 5350 2365 5391 Par.
2402 5348 2510 5391 nov.

2221 5378 2231 5391 .
2265 5350 2365 5391 Par.
2402 5348 2510 5391 ων.

2223 5405 2294 5529 Ea)
2318 5403 2458 5464 Alias,
2481 5404 2545 5454 de
2566 5403 2734 5452 verbis
2755 5399 2960 5464 Apostoli
2981 5401 3029 5450 6.

2245 5465 2294 5529 b)
2317 5465 2452 5537 Plura
2477 5478 2540 5515 ex
2550 5464 2653 5537 _hoc
2670 5477 2900 5537 sermone
2937 5463 3136 5537 cellegit
3171 5462 3552 5537 Bedauadjtom.‘
3569 5478 3650 5537 vn,
3688 5473 3740 5537 et

2159 5525 2324 5580 Florus
2346 5527 2404 5576 ad
2429 5526 2647 5575 eamdem
2670 5528 2814 5587 Epist.
2841 5533 2892 5576 et
2927 5526 2985 5575 ad
3016 5525 3160 5574 Hebr.
3187 5538 3270 5587 xu.
3296 5526 3517 5575 [lubitum
3538 5528 3588 5576 in
3612 5527 3739 5577 basi-

2161 5591 2251 5641 lica
2272 5597 2521 5652 Martyrum
2542 5586 2886 5652 Scillitauorum
2909 5588 3053 5637 docet
3089 5586 3315 5652 prtcﬁxus
3337 5587 3499 5637 eidem
3529 5590 3740 5639 sermoni

2161 5652 2329 5704 titulus
2351 5649 2401 5699 iri
2422 5651 2576 5700 veteri
2594 5649 2759 5699 codice
2782 5656 2985 5699 Romano
3006 5656 3084 5698 PP.
3109 5650 3498 5699 Cisterciensium
3517 5657 3561 5700 ε.
3577 5653 3743 5703 Cruci;

2162 5716 2211 5764 in
2233 5712 2495 5775 Jerusalem
2519 5713 2588 5775 de
2605 5713 2744 5775 Urbe.
2764 5719 2874 5761 Hzec
2893 5723 3028 5775 vero,
3041 5723 3151 5775 quae
3169 5711 3294 5775 apud
3308 5711 3640 5775 Carthaginem
3656 5725 3740 5762 cx.

2161 5779 2336 5835 stabat,
2361 5774 2563 5839 basilica
2575 5772 2794 5826 laudatur
2815 5786 2845 5826 a
2871 5773 3078 5837 victore,
3100 5773 3151 5825 in
3169 5772 3294 5826 libro
3314 5774 3468 5839 primo
3478 5772 3549 5828 de
3570 5782 3740 5829 Perso-

2163 5840 2355 5898 cuuwe
2377 5835 2640 5919 Vindan“
2992 5835 3151 5929 ..χλ-ρ.
3289 5835 3382 5914 »ξω
3501 5861 3526 5928 ’⁸
3551 5879 3617 5911 .r..
3650 5875 3710 5910 .za
3733 5877 3761 5929 χ
