4098 6310
365 307 467 365 841

363 430 646 495 peccatum.
668 416 940 473 Peccatum
956 414 1203 485 quomodo
1225 427 1433 483 regnum
1456 408 1657 464 amittit.
1684 406 1942 462 Hesterna

364 512 524 569 lectio
558 511 727 567 sancti
756 508 998 578 Apostoli
1030 519 1095 561 eo
1118 518 1285 574 usque
1308 502 1588 558 terminata
1613 509 1714 564 est,
1747 497 1834 552 ubi
1859 495 1942 550 di-

365 614 511 661 ctum
536 611 619 659 est
642 620 654 657 :
682 601 850 673 Igitur
880 601 989 670 ipse
1017 614 1105 670 ego
1137 606 1299 651 mente
1325 595 1484 650 seruio
1523 593 1621 665 legi
1640 592 1765 660 Dei,
1797 607 1947 646 carne

366 703 535 749 autem
576 692 673 762 legi
710 690 921 761 peccati.
957 688 1015 743 In
1048 701 1147 757 qua
1188 686 1529 742 conclusione
1566 680 1945 740 demonstravit

366 784 676 855 Apostolus,
702 782 770 837 ad
798 781 899 836 hoc
926 795 986 835 se
1013 779 1211 834 dixisse
1236 793 1354 848 qua:
1377 790 1537 846 supra
1575 774 1800 840 dixerat,
1826 772 1946 826 Iam

366 892 469 930 non
488 891 579 946 ego
594 889 775 944 operor
795 871 946 938 illud,
971 869 1059 925 sed
1076 870 1131 923 id
1152 868 1287 939 quod
1306 869 1358 922 in
1380 883 1458 921 me
1477 867 1669 921 habitat
1688 873 1949 936 peccatum

366 965 546 1037 (Rom.
586 980 680 1032 vu,
709 962 800 1032 25,
829 962 964 1032 20);
992 961 1115 1031 quia
1143 975 1253 1019 non
1279 967 1455 1013 mente
1480 954 1796 1027 operabatur
1821 969 1948 1009 con-

366 1056 649 1115 sentiendo
667 1098 684 1123 ,
722 1054 817 1110 sed
841 1069 1005 1109 carne
1045 1050 1486 1121 concupiscendo.
1520 1049 1633 1103 Hoc
1655 1048 1797 1104 enim
1826 1061 1949 1117 pec-

366 1150 472 1205 cati
496 1147 714 1203 nomine
748 1145 998 1215 appellat,
1030 1144 1169 1199 unde
1192 1142 1435 1197 oriuntur
1470 1148 1658 1195 cuncta
1692 1147 1906 1208 peccata
1927 1178 1944 1205 ,

366 1240 421 1296 id
448 1247 561 1307 est,
588 1254 655 1295 ex
680 1237 882 1294 carnali
907 1232 1359 1305 concupiscentia.
1390 1230 1657 1301 Quidquid
1695 1229 1835 1284 enim
1866 1235 1949 1284 est

365 1340 709 1403 peccatorum
735 1330 787 1384 in
815 1328 993 1395 dictis,
1022 1328 1077 1382 in
1102 1326 1278 1392 factis,
1302 1325 1356 1380 in
1377 1322 1809 1395 cogitationibus,
1837 1336 1946 1376 non

366 1422 677 1479 exoriuntur
705 1420 806 1476 nisi
848 1435 911 1475 ex
948 1418 1087 1474 mala
1130 1416 1454 1488 cupiditate,
1493 1429 1603 1469 non
1634 1413 1948 1470 exoriuntur

365 1511 469 1566 nisi
496 1526 564 1565 ex
592 1510 771 1565 illicita
789 1508 1160 1565 delectatione.
1188 1506 1320 1562 Huic
1347 1519 1475 1582 ergo
1498 1503 1693 1560 illicitae
1717 1503 1948 1582 delecta-

365 1600 498 1655 tioni
527 1601 572 1656 si
602 1600 942 1667 resistamus,
970 1599 1016 1654 si
1041 1613 1147 1653 non
1172 1581 1599 1661 consentiamus,
1628 1594 1674 1649 si
1706 1581 1947 1649 membra

366 1693 516 1747 velut
539 1707 687 1747 arma
708 1708 815 1747 non
840 1692 1235 1757 ministremus;
1260 1706 1366 1745 non
1387 1696 1573 1760 regnat
1596 1698 1870 1758 peccatum
1892 1688 1947 1744 in

365 1794 554 1841 nostro
582 1785 793 1840 mortali
821 1797 1066 1854 corpore.
1095 1783 1378 1839 Peccatum
1404 1780 1548 1837 enim
1580 1787 1705 1835 ante
1723 1792 1946 1849 regnum

365 1875 560 1947 perdit,
587 1886 643 1931 et
666 1876 745 1931 sic
764 1876 919 1945 perit.
942 1874 1001 1929 ln
1030 1874 1131 1929 hac
1148 1887 1278 1945 ergo
1302 1873 1428 1937 vita,
1459 1878 1714 1942 quantum
1735 1869 1801 1924 ad
1823 1884 1948 1925 san-

364 1977 481 2024 ctos
508 1966 729 2033 attinet,
762 1982 985 2037 regnum
1016 1964 1220 2036 perdit,
1249 1964 1301 2019 in
1333 1963 1436 2017 alia
1478 1962 1633 2033 perit.
1662 1960 1761 2015 Hic
1800 1961 1944 2015 enim

362 2076 587 2131 regnum
614 2059 819 2131 perdit,
855 2057 1068 2130 quando
1094 2067 1218 2128 post
1252 2054 1707 2124 concupiscentias
1734 2060 1945 2107 nostras

364 2168 472 2209 non
498 2154 636 2208 imus
667 2169 680 2206 :
712 2152 785 2207 ibi
815 2160 993 2207 autem
1035 2149 1193 2220 perit,
1223 2146 1435 2219 quando
1460 2146 1683 2208 dicetur,
1730 2142 1830 2201 Ubi
1848 2153 1941 2213 est,

363 2263 499 2300 mors
512 2286 527 2311 ,
555 2244 803 2300 contentio
828 2253 915 2298 tua
933 2244 960 2298 7

432 2334 660 2392 CAPUT
698 2333 762 2389 ll.
784 2364 854 2375 —
876 2332 932 2388 2.
977 2330 1241 2400 Quomodo
1268 2329 1323 2383 in
1361 2329 1546 2382 sanctis
1572 2326 1716 2382 nulla
1738 2325 1821 2379 hic
1846 2324 1942 2378 da-

262 2470 265 2471 ν
363 2428 573 2482 mnatio.
603 2426 765 2496 ,I-Jrgo
803 2440 925 2479 cum
963 2423 1183 2479 dixisset
1217 2419 1536 2490 Apostolus,
1577 2415 1749 2471 Mente
1783 2415 1944 2469 servio

363 2520 464 2591 legi
482 2519 601 2586 Dei,
632 2533 781 2572 carne
804 2526 971 2570 autem
998 2514 1096 2586 legi
1123 2511 1347 2583 peccati;
1375 2525 1478 2565 non
1508 2506 1683 2563 dando
1704 2505 1945 2561 membra

362 2608 759 2666 committendis
781 2606 1166 2677 iniquitatibus,
1201 2603 1297 2658 sed
1325 2610 1530 2657 tantum
1562 2597 1945 2668 concupiscen-

363 2703 455 2771 do,
480 2717 579 2758 nec
608 2710 784 2756 tamen
815 2698 1012 2753 illicitae
1038 2693 1482 2764 concupiscentiae
1509 2704 1699 2746 manus
1726 2686 1941 2745 dando:

362 2810 490 2866 ergo
509 2809 630 2850 cum
656 2793 906 2857 dixisset,
938 2788 1108 2844 Mente
1132 2789 1290 2844 servio
1316 2787 1414 2857 legi
1442 2784 1567 2850 Dei,
1600 2799 1751 2837 carne
1776 2790 1945 2836 autem

363 2886 460 2957 legi
482 2885 701 2954 peccati;
734 2881 959 2952 subjecit
986 2891 1040 2937 et
1066 2881 1160 2947 ait,
1181 2878 1349 2932 Nulla
1367 2893 1484 2947 ergo
1506 2874 1851 2929 condemnatio
1872 2880 1944 2928 est

363 2994 496 3033 nunc
529 2978 609 3032 his
633 2977 719 3047 qui
744 2983 860 3030 sunt
884 2976 939 3029 in
976 2973 1173 3029 Christo
1201 2971 1326 3025 Iesu
1361 2969 1553 3039 (liam.
1580 2982 1694 3033 vni,
1726 2968 1752 3022 Ι
1774 2965 1815 3039 ).
1848 2966 1945 3023 His

362 3069 454 3138 qui
479 3076 604 3123 sunt
644 3067 699 3121 in
730 3080 892 3122 carne
934 3062 1307 3120 condemnatio
1329 3067 1411 3115 est
1452 3077 1465 3113 :
1499 3058 1583 3112 his
1607 3058 1697 3127 qui
1723 3065 1847 3113 sunt
1888 3057 1943 3112 in

361 3160 572 3216 Christo
606 3157 732 3213 Iesu
770 3156 916 3211 nulla
960 3151 1332 3209 condemnatio
1359 3158 1461 3205 est.
1488 3148 1566 3204 Ne
1602 3156 1817 3217 putares
1840 3146 1944 3201 hoc

360 3259 544 3319 postea
576 3248 809 3303 futurum
828 3285 843 3313 ,
877 3245 997 3301 ideo
1032 3243 1262 3309 addidit,
1293 3257 1445 3294 nunc.
1476 3238 1668 3294 Postea
1697 3235 1826 3291 illud
1850 3251 1945 3291 ex-

360 3352 565 3413 specta,
595 3350 653 3395 ut
688 3354 789 3395 nec
813 3335 1239 3407 concupiscentia
1278 3333 1348 3387 sit
1375 3332 1429 3386 in
1458 3339 1542 3397 te,
1568 3339 1753 3386 contra
1780 3342 1942 3398 quam

359 3434 670 3501 contendas,
700 3448 821 3488 eum
860 3446 964 3501 qua
1007 3429 1262 3498 conﬂigas
1282 3468 1297 3492 ,
1335 3426 1421 3482 cui
1457 3441 1568 3481 non
1614 3423 1939 3487 consentias,

358 3540 518 3596 quam
543 3523 718 3579 frenes
745 3531 801 3577 et
838 3521 1024 3575 domes
1051 3536 1065 3573 :
1095 3526 1215 3588 post
1234 3523 1512 3585 exspecta,
1543 3515 1666 3583 quia
1694 3527 1795 3568 nec
1825 3514 1940 3583 ipsa

356 3616 480 3671 erit.
503 3613 561 3669 Si
584 3613 725 3667 enim
750 3610 892 3680 quod
917 3608 1192 3663 nobiscum
1212 3604 1484 3661 contendit
1502 3619 1565 3659 ex
1591 3603 1802 3658 mortali
1821 3617 1942 3657 cor-

354 3718 490 3775 pore
519 3702 678 3756 etiam
707 3708 888 3771 postea
918 3699 1052 3765 erit;
1083 3696 1180 3751 Ubi
1223 3704 1314 3760 est,
1336 3710 1470 3749 mors
1489 3734 1504 3760 ,
1547 3694 1793 3747 contentio
1820 3693 1942 3746 tua?

353 3796 550 3850 falsum
574 3793 697 3847 erit.
734 3790 870 3859 Quid
899 3804 1026 3860 ergo
1049 3796 1232 3858 postea
1263 3787 1494 3842 futurum
1524 3786 1613 3852 sit,
1645 3785 1874 3840 sciamus
1896 3785 1938 3839 ί.

355 3886 502 3941 Tunc
522 3885 664 3941 enim
691 3885 777 3954 ﬁet
802 3899 967 3937 sermo
991 3882 1077 3953 qui
1092 3882 1309 3950 scriptus
1329 3889 1423 3947 est,
1446 3877 1696 3948 Absorpta
1715 3886 1785 3932 est
1804 3894 1941 3933 mors

354 3978 411 4031 in
426 3976 702 4031 victoriam.
725 3973 824 4029 Ubi
844 3984 936 4040 εει,
962 3989 1117 4039 mors,
1139 3972 1387 4025 contentio
1413 3979 1500 4024 tua
1515 3970 1541 4023 Σ)
1562 3969 1646 4023 ubi
1671 3976 1763 4036 est,
1780 3984 1935 4037 mors,

356 4070 561 4125 aculeus
591 4069 746 4123 tuus?
776 4067 991 4121 Aculeus
1019 4066 1150 4119 enim
1176 4064 1352 4119 mortis
1375 4072 1447 4117 est
1474 4072 1763 4133 peccatum,-
1784 4062 1939 4117 virtus

356 4170 523 4214 autem
555 4160 763 4229 peccati,
787 4158 871 4212 lea:
894 4156 940 4228 (Ι
966 4156 1082 4211 Cor.
1114 4171 1203 4223 xv,
1231 4154 1431 4225 5+56).
1459 4153 1591 4221 Quia
1613 4169 1678 4208 ex
1704 4153 1940 4224 prohibi-

355 4250 555 4305 bitione
580 4258 794 4305 auctum
830 4257 912 4304 est
937 4247 1279 4313 desiderium,
1324 4260 1432 4301 non
1459 4246 1797 4301 exstinctum.
1826 4245 1939 4303 Lex

354 4352 573 4414 peccato
593 4342 740 4397 dedit
763 4343 1045 4406 virtutem,
1088 4338 1452 4394 tantummodo
1478 4353 1575 4408 per
1598 4337 1827 4393 litteram
1850 4338 1939 4409 ju-

354 4434 545 4499 bendo,
580 4449 686 4488 non
711 4448 811 4502 per
834 4432 1077 4501 spiritum
1097 4428 1476 4485 subveniendo.
1508 4428 1647 4499 Ergo
1676 4437 1802 4484 tunc
1830 4443 1939 4485 non

354 4528 453 4583 erit
488 4528 608 4591 hoc,
637 4526 731 4581 sed
748 4524 873 4596 quid
898 4524 1077 4579 nunc?
1096 4523 1233 4591 Quid
1260 4524 1329 4578 sit
1353 4538 1515 4590 nunc,
1533 4522 1766 4594 quaeris?
1786 4522 1939 4590 Quod

356 4627 411 4672 et
436 4618 593 4686 paulo
620 4624 745 4671 ante
777 4615 911 4670 dixit
943 4633 956 4669 :
990 4614 1142 4669 Nunc
1176 4622 1342 4669 autem
1361 4616 1476 4684 jam
1503 4631 1605 4669 non
1643 4630 1734 4685 ego
1759 4630 1940 4686 operor

354 4707 486 4761 illud
512 4724 531 4762 :
558 4718 611 4762 et
650 4706 723 4761 ibi
766 4722 919 4760 nunc.
961 4704 1098 4773 Quid
1127 4713 1246 4772 εει,
1280 4721 1380 4759 non
1420 4721 1515 4776 ego
1553 4721 1733 4776 operor
1768 4703 1939 4759 illud?

354 4799 470 4854 Non
492 4798 790 4866 consentio,
813 4812 919 4852 non
941 4812 1137 4861 annuo,
1162 4812 1269 4853 non
1294 4798 1547 4864 decerno,
1571 4813 1783 4870 semper
1806 4799 1937 4855 mihi

354 4890 598 4959 displicet
628 4907 641 4943 :
673 4889 912 4944 membra
939 4903 1057 4944 mea
1097 4897 1270 4944 teneo.
1310 4889 1379 4943 Et
1407 4904 1651 4959 magnum
1682 4898 1765 4946 est
1795 4890 1935 4948 hoc:

352 4995 475 5036 cum
497 4981 567 5035 sit
590 4996 657 5035 ex
695 4995 857 5036 carne
880 4979 1329 5049 concupiscentia,
1357 4987 1412 5035 et
1432 4980 1497 5034 ad
1527 4995 1745 5036 carnem
1776 4978 1939 5051 perti-

354 5083 516 5129 neant
553 5072 793 5142 corporis
832 5073 1071 5127 membra
1092 5113 1107 5138 ,
1139 5071 1351 5140 quando
1390 5086 1495 5126 non
1540 5082 1725 5142 regnat
1752 5088 1938 5141 pecca-

356 5173 487 5231 tum,
519 5164 573 5218 id
613 5171 717 5230 est,
748 5163 923 5217 carnis
963 5160 1418 5231 concupiscentia;
1464 5161 1581 5231 plus
1620 5161 1781 5217 habet
1803 5161 1937 5232 juris

353 5269 507 5308 mens
537 5254 600 5309 ad
636 5253 861 5309 tenenda
885 5253 1123 5308 membra
1148 5253 1343 5318 carnis,
1375 5267 1443 5308 ne
1468 5252 1660 5308 dentur
1698 5253 1751 5307 in
1789 5269 1937 5310 arma

356 5345 649 5415 iniquitatis
668 5383 684 5412 ,
712 5358 874 5414 quam
916 5343 1031 5413 ipsa
1068 5343 1493 5413 concupiscentia
1527 5345 1701 5400 carnis
1726 5345 1792 5399 ad
1822 5361 1937 5400 mo-

356 5434 530 5489 venda
559 5433 798 5489 membra
823 5434 1019 5489 carnis.
1053 5433 1231 5504 Itaque
1258 5434 1685 5504 concupiscentia
1713 5446 1795 5492 est
1822 5454 1937 5493 car-

357 5526 464 5592 nis,
492 5534 547 5581 et
574 5525 812 5580 membra
841 5525 1018 5580 carnis
1045 5545 1057 5579 :
1090 5540 1240 5580 mens
1266 5536 1438 5581 tamen
1461 5527 1582 5597 quia
1608 5528 1935 5584 dominatum

360 5616 547 5673 habet:
571 5617 614 5673 si
640 5627 815 5672 tamen
841 5616 1070 5688 desuper
1090 5617 1385 5688 adjuvetur,
1411 5636 1478 5678 ne
1497 5636 1617 5678 cum
1637 5622 1687 5678 ei
1711 5623 1935 5680 multum

419 5732 441 5766 ⁸
464 5728 683 5782 Nonnulli
708 5736 836 5792 Mss,
861 5731 1054 5781 scimus.

598 5814 825 5880 Sacr.
859 5816 1136 5877 Aneosr.
1178 5816 1255 5878 ν.

1783 290 2014 348 SERMO
2051 292 2202 350 CLV.

3527 313 3633 368 842

2049 415 2237 462 contar
2262 409 2357 466 Dei
2384 415 2607 483 gratiam
2634 417 2840 486 damus,
2864 434 2972 475 non
3001 434 3200 490 regem,
3228 420 3324 476 sed
3346 430 3631 491 tyrannum

2049 495 2303 556 faciamus
2331 519 2346 555 :
2379 511 2583 561 tantum
2609 524 2736 579 ergo
2758 510 2900 565 valet
2927 525 3101 578 mens,
3130 512 3208 566 sic
3239 512 3377 581 regit
3399 526 3518 565 cum
3545 525 3632 566 re-

2048 586 2220 658 gitur,
2257 599 2315 645 ut
2347 591 2416 647 de
2443 596 2699 651 membris
2733 599 2899 667 ipsius
2930 601 3135 665 carnis,
3166 611 3350 655 contra
3374 600 3631 671 concupi-

2049 683 2307 738 scentiam
2327 687 2504 743 carnis
2532 688 2716 758 ipsius,
2740 692 2909 761 possit
2932 707 3093 763 agere
3129 692 3271 763 quod
3298 693 3372 746 ait
3395 693 3629 763 Aposto-

2049 772 2151 839 lus,
2178 772 2300 829 Non
2327 793 2444 848 ergo
2468 790 2639 850 regnet
2657 794 2913 852 peccatum
2933 784 2987 839 in
3001 794 3160 839 uestro
3179 785 3382 839 mortali
3399 801 3630 856 corpore,

2051 867 2118 921 ad
2140 868 2464 925 obediendum
2490 872 2752 931 desideriis
2780 878 2922 947 ejus;
2958 896 3047 934 nec
3091 879 3361 936 exhibeatis
3403 882 3633 935 membra

2048 968 2212 1014 uestra
2239 978 2385 1016 arma
2400 963 2679 1034 iniquitatis
2703 979 2905 1039 peccato
2933 970 3107 1041 (Rom.
3135 988 3209 1039 VI,
3234 973 3321 1038 l2,
3353 973 3467 1044 l3).

2119 1050 2345 1110 CAPUT
2384 1055 2468 1111 Ill.
2498 1087 2571 1099 —
2592 1059 2648 1115 ὃ.
2679 1060 2724 1114 Α
2743 1062 2851 1132 lege
2878 1065 3068 1133 peccati
3091 1081 3234 1120 nemo
3272 1066 3395 1120 liber
3418 1066 3515 1120 nisi
3545 1083 3634 1136 per

2049 1145 2416 1214 gratiam—1V
2418 1150 2525 1204 ulla
2550 1167 2671 1223 ergo
2685 1154 3032 1209 condemnatio
3061 1165 3132 1211 cst
3158 1173 3288 1211 nunc
3303 1157 3381 1210 his
3407 1159 3493 1228 qui
3516 1167 3633 1211 sunt

2048 1234 2104 1288 in
2150 1236 2349 1294 Christo
2394 1240 2538 1296 Iesu.
2587 1242 2703 1299 Non
2742 1244 2850 1299 sint
2892 1247 3139 1313 solliciti,
3177 1248 3221 1302 si
3255 1248 3634 1319 concupiscen-

2051 1327 2137 1382 tiis
2159 1328 2357 1386 illicitis
2383 1332 2664 1390 titillantur
2691 1353 2705 1390 :
2731 1350 2840 1392 non
2869 1337 2976 1392 sint
3000 1338 3227 1406 solliciti,
3255 1340 3399 1410 quod
3426 1340 3632 1396 videtur

2050 1417 2224 1475 adhuc
2251 1435 2372 1477 esse
2417 1422 2503 1479 lex
2547 1424 2602 1480 in
2639 1427 2894 1484 membris
2936 1445 3239 1501 repugnans
3276 1432 3377 1502 legi
3415 1433 3627 1489 mentis.

2052 1506 2217 1563 Nulla
2253 1511 2393 1567 enim
2418 1515 2769 1572 condemnatio
2798 1530 2891 1574 est.
2918 1519 3021 1576 Sed
3055 1522 3283 1592 quibus?
3309 1524 3468 1578 etiam
3498 1541 3632 1578 nunc

2049 1602 2278 1670 quibus?
2306 1603 2406 1672 Qui
2432 1618 2549 1663 sunt
2572 1609 2627 1664 in
2658 1609 2858 1666 Christo
2884 1611 3029 1667 Iesu.
3065 1613 3133 1669 Et
3158 1615 3244 1669 ubi
3284 1625 3364 1670 est
3395 1615 3483 1669 illa
3512 1630 3632 1671 scn-

2051 1693 2243 1762 tentia,
2272 1695 2338 1750 de
2372 1714 2477 1768 qua
2506 1698 2717 1756 dicebat
2744 1704 2901 1772 paulo
2926 1714 3069 1759 ante.
3109 1704 3261 1760 Video
3289 1707 3443 1760 aliam
3474 1707 3631 1777 legem

2047 1778 2103 1836 in
2124 1784 2355 1840 membris
2378 1790 2499 1844 meis
2520 1803 2878 1862 repugnantem
2905 1794 3004 1866 legi
3023 1797 3199 1851 mentis
3224 1813 3365 1864 mete,
3393 1808 3441 1851 et
3466 1798 3630 1868 capti-

2026 1885 2245 1931 .vantem
2271 1894 2352 1932 me
2364 1880 2417 1932 in
2448 1879 2555 1951 lege
2580 1885 2770 1951 peccati
2794 1902 2905 1955 qute
2933 1897 3003 1941 est
3033 1889 3085 1942 in
3112 1889 3344 1943 membris
3372 1891 3495 1944 meis
3520 1889 3630 1962 (Id.

2047 1979 2139 2029 vn,
2161 1964 2293 2036 25)?
2316 1966 2421 2024 Sed
2447 1986 2527 2025 me
2547 1971 2756 2028 dicebat
2777 1991 2841 2029 ex
2868 1990 3051 2042 carne,
3082 1994 3187 2033 non
3216 1994 3281 2033 ex
3310 1988 3508 2035 mente.
3532 1979 3631 2035 Ubi

2047 2071 2176 2128 ergo
2205 2058 2293 2113 illa
2320 2060 2425 2126 lex,
2456 2065 2500 2117 si
2547 2065 2691 2119 nulla
2718 2066 3065 2123 condemnatio
3106 2080 3178 2123 est
3207 2072 3285 2125 his
3315 2072 3401 2142 qui
3440 2082 3555 2127 sunt
3579 2073 3633 2126 in

2048 2148 2246 2205 Christo
2271 2150 2438 2208 Iesu?
2473 2153 2581 2209 Lex
2608 2158 2741 2211 enim
2780 2159 2988 2229 spiritus
3026 2160 3141 2216 uiue
3173 2162 3226 2215 in
3254 2161 3452 2217 Christo
3488 2162 3629 2218 Iesu.

2046 2240 2156 2298 Lex
2184 2244 2337 2313 enim,
2371 2260 2477 2301 non
2505 2247 2594 2302 illa
2628 2248 2682 2304 in
2706 2260 2889 2306 monte
2925 2252 3051 2308 Sina
3089 2268 3186 2323 per
3224 2253 3454 2308 litteram
3484 2271 3497 2308 :
3527 2253 3635 2309 Lex

2047 2334 2214 2402 enim,
2256 2351 2364 2390 non
2402 2337 2489 2393 illa
2521 2338 2573 2392 in
2602 2350 2865 2397 vetustate
2891 2342 3114 2408 litterze;
3156 2343 3252 2399 sed
3280 2344 3389 2399 Lex
3426 2345 3635 2416 spiritus

2046 2423 2162 2478 vitae
2179 2425 2232 2478 in
2262 2424 2462 2481 Christo
2482 2426 2634 2494 Iesu,
2658 2430 2885 2485 liberavit
2910 2441 2956 2485 te
2978 2449 3011 2487 a
3034 2433 3141 2504 lege
3154 2435 3345 2504 peccati
3369 2444 3415 2488 et
3438 2435 3632 2491 mortis.

2047 2514 2117 2571 Ut
2142 2517 2285 2572 enim
2312 2519 2700 2577 condelecteris
2726 2524 2827 2595 legi
2867 2525 2961 2580 Dei
2995 2527 3287 2582 secundum
3326 2528 3632 2583 interiorem

2047 2607 2341 2679 hominem,
2369 2611 2509 2667 unde
2529 2612 2774 2680 haberes,
2795 2617 2897 2671 nisi
2913 2616 2997 2672 lex
3025 2619 3241 2687 spiritus
3266 2620 3389 2673 vita:
3409 2620 3462 2673 in
3483 2619 3636 2675 Chri-

2046 2706 2132 2754 sto
2159 2699 2286 2756 Iesu
2314 2702 2566 2759 liberaret
2608 2713 2661 2761 te
2689 2720 2719 2759 a
2752 2707 2870 2775 lege
2899 2709 3101 2776 peccati
3138 2717 3193 2764 et
3218 2708 3442 2777 mortis?
3473 2711 3631 2778 Ideo,

2047 2806 2201 2847 mens
2226 2793 2476 2862 humana,
2505 2812 2573 2852 ne
2598 2797 2693 2852 tibi
2729 2799 2950 2866 tribuas,
2976 2816 3043 2855 ne
3071 2801 3297 2856 multum
3322 2802 3632 2874 superbias;

2047 2882 2157 2939 imo
2185 2900 2252 2939 ne
2278 2887 2495 2941 omnino
2519 2889 2813 2957 superbius,
2849 2905 2882 2945 o
2902 2906 3054 2947 mens
3080 2894 3333 2961 humana,
3358 2895 3500 2964 quod
3527 2910 3634 2951 non

2047 2977 2319 3030 consentis
2340 2977 2619 3033 desideriis
2645 2982 2840 3047 carnis,
2864 2983 3006 3051 quod
3028 2984 3116 3039 lex
3141 2988 3341 3054 peccati
3364 3002 3471 3042 non
3493 2998 3545 3043 te
3567 2988 3635 3043 de

2047 3078 2173 3121 arce
2201 3064 2420 3136 deponit
2444 3085 2457 3122 :
2488 3067 2598 3123 Lea:
2620 3071 2832 3140 spiritus
2856 3073 2969 3127 vitta
2995 3074 3049 3127 in
3077 3072 3276 3129 Christo
3299 3075 3423 3132 Iesu
3449 3078 3633 3132 libera-

2046 3155 2114 3208 sit
2140 3166 2187 3209 te
2212 3172 2243 3207 a
2273 3154 2380 3227 lege
2400 3160 2590 3228 peccati
2618 3168 2667 3214 et
2687 3163 2884 3216 mortis.
2916 3162 3033 3218 Non
3065 3172 3116 3219 te
3141 3164 3228 3219 illa
3254 3166 3339 3221 lex
3367 3166 3631 3233 liberavit,

2047 3244 2114 3301 de
2138 3260 2239 3317 qua
2269 3262 2429 3318 supra
2462 3249 2662 3305 dictum
2685 3260 2787 3319 est,
2822 3252 2890 3307 Ut
2912 3256 3185 3311 serviamus
3208 3258 3262 3311 in
3288 3252 3505 3313 novitate
3522 3260 3633 3330 spi-

2045 3338 2203 3405 ritus,
2233 3348 2279 3392 et
2318 3356 2419 3394 non
2443 3341 2498 3395 in
2526 3352 2768 3398 vetustate
2797 3345 2977 3402 litterte
3001 3347 3176 3417 (Ibid.
3209 3349 3303 3423 6).
3331 3351 3506 3418 Quare
3545 3353 3633 3409 illa

2046 3441 2153 3482 non
2193 3427 2476 3486 liberavit?
2499 3432 2689 3489 Nonne
2723 3444 2779 3490 et
2805 3436 2919 3506 ipsa
2946 3438 3109 3508 digito
3136 3440 3232 3496 Dei
3280 3444 3475 3513 scripta
3517 3447 3634 3502 est?

2044 3518 2233 3576 Nonne
2260 3521 2458 3592 digitus
2482 3523 2580 3580 Dei
2614 3525 2843 3595 Spiritus
2878 3540 3093 3585 sanctus
3117 3532 3462 3606 intelligitur?
3491 3537 3634 3609 Lege

2046 3612 2421 3683 Evangelium,
2451 3625 2507 3672 et
2542 3618 2663 3673 vide
2696 3619 2818 3688 quia
2854 3621 2939 3676 ubi
2966 3622 3093 3679 dicit
3123 3640 3261 3681 unus
3283 3630 3626 3699 evangelista,

2046 3702 2273 3758 Domino
2299 3704 2529 3773 dicente,
2564 3708 2625 3761 Si
2652 3725 2743 3779 ego
2773 3710 2825 3763 in
2856 3710 3055 3783 Spiritu
3082 3713 3179 3768 Dei
3206 3717 3352 3786 ejicio
3380 3719 3634 3774 damonia

2050 3793 2263 3864 (Matth.
2294 3811 2389 3861 χιι,
2420 3796 2549 3867 28);
2582 3798 2718 3854 alius
2742 3799 2890 3869 dicit,
2922 3802 2983 3856 Si
3005 3819 3095 3874 ego
3118 3805 3171 3858 in
3191 3806 3349 3877 digito
3369 3806 3469 3863 Dei
3484 3810 3632 3880 ejicio

2045 3884 2295 3940 damonia
2324 3892 2343 3957 (
2374 3885 2501 3941 Luc.
2542 3904 2617 3956 xi,
2644 3888 2715 3946 20
2734 3889 2780 3961 ).
2808 3890 2865 3947 Si
2891 3908 3019 3963 ergo
3044 3903 3098 3949 et
3121 3894 3208 3950 lex
3231 3896 3320 3951 illa
3345 3897 3509 3969 digito
3534 3899 3630 3956 Dei

2043 3975 2239 4046 scripta
2266 3984 2367 4044 est,
2394 3976 2497 4033 hoc
2515 3987 2615 4046 est,
2639 3979 2841 4050 Spiritu
2864 3982 2990 4050 Dei;
3017 4000 3124 4055 quo
3149 3984 3350 4055 Spiritu
3372 3988 3496 4045 victi
3515 4004 3632 4045 ma-

2042 4066 2097 4136 gi
2116 4066 2407 4124 Pharaonis
2431 4071 2698 4139 dixerunt,
2720 4072 2924 4144 Digitus
2949 4074 3045 4130 Dei
3070 4087 3143 4133 est
3170 4079 3252 4132 hic
3286 4079 3486 4152 (Exod.
3516 4098 3628 4151 Vill,

2045 4157 2134 4229 19)
2160 4177 2173 4211 :
2202 4158 2247 4211 si
2268 4174 2396 4230 ergo
2415 4170 2471 4216 et
2489 4161 2624 4232 ipsa,
2651 4162 2758 4218 imo
2777 4179 2901 4220 cum
2930 4174 2986 4222 et
3011 4167 3125 4238 ipsa
3152 4168 3350 4239 Spiritu
3379 4171 3495 4239 Dei,
3526 4172 3629 4230 hoc

2042 4256 2145 4313 est,
2168 4248 2332 4320 digito
2359 4250 2452 4305 Dei
2474 4254 2774 4323 conscripta
2794 4255 2881 4321 sit,
2906 4272 3071 4327 quare
3088 4273 3197 4315 non
3218 4261 3285 4316 de
3303 4260 3391 4317 illa
3410 4263 3624 4335 dicitur,

2041 4339 2151 4396 Lex
2172 4344 2303 4396 enim
2330 4343 2535 4414 spiritus
2560 4346 2672 4400 vita:
2700 4347 2753 4401 in
2784 4347 2982 4404 Christo
3004 4350 3129 4406 Iesu
3144 4352 3172 4406 ?

2113 4431 2337 4487 CAPUT
2378 4432 2467 4488 ιν.
2495 4436 2635 4490 -4.
2678 4435 2788 4492 Lex
2840 4440 3029 4509 peccati
3065 4449 3113 4496 et
3157 4424 3330 4500 mortis
3370 4462 3625 4517 quamam.

2042 4520 2153 4577 Lex
2173 4521 2342 4594 Moysi
2360 4540 2452 4578 cur
2472 4524 2610 4578 data.
2641 4527 2751 4582 Lex
2790 4529 2931 4584 enim
2960 4533 3145 4587 mortis
3185 4549 3290 4589 non
3331 4536 3443 4607 ipsa
3486 4537 3623 4592 dici-

2043 4620 2149 4682 tur,
2178 4614 2261 4669 lex
2276 4616 2477 4684 peccati
2511 4625 2565 4671 et
2588 4620 2777 4674 mortis
2798 4636 2905 4675 non
2923 4621 3014 4676 illa
3035 4623 3122 4678 lex
3139 4624 3333 4680 dicitur
3359 4643 3477 4696 quae
3500 4627 3624 4684 data

2042 4718 2125 4765 est
2152 4708 2206 4763 in
2233 4718 2415 4765 monte
2438 4709 2583 4765 Sina.
2608 4711 2715 4766 Lex
2758 4715 2960 4783 peccati
2989 4724 3043 4770 et
3066 4719 3254 4773 mortis
3292 4718 3381 4773 illa
3429 4719 3623 4776 dicitur

2044 4797 2110 4854 de
2132 4815 2232 4869 qua
2254 4815 2472 4869 gemens
2493 4800 2585 4869 ait,
2618 4801 2774 4856 Video
2794 4805 2947 4858 aliam
2973 4806 3131 4875 legem
3154 4809 3208 4861 in
3224 4809 3456 4864 membris
3475 4814 3619 4878 meis,

2042 4902 2403 4961 repugnantem
2444 4893 2541 4963 legi
2581 4895 2757 4947 mentis
2795 4911 2934 4949 metu.
2959 4895 3063 4950 Sed
3110 4898 3194 4951 illa
3243 4900 3349 4965 lex,
3383 4900 3494 4970 ipsa
3539 4913 3622 4957 est

2041 4998 2161 5054 qua:
2189 4984 2325 5038 dicta
2364 4993 2465 5049 est,
2495 4985 2677 5056 Itaque
2696 4988 2779 5040 lex
2796 4988 2996 5058 quidem
3023 5000 3216 5057 sancta,
3254 5001 3298 5046 et
3328 4994 3621 5048 mandatum

2041 5084 2285 5141 sanctum,
2316 5085 2361 5129 et
2379 5078 2595 5145 justum,
2639 5088 2684 5130 et
2734 5079 2935 5132 bonum.
2966 5080 3030 5133 Et
3050 5081 3294 5149 subjecit,
3330 5084 3476 5150 Quod
3500 5102 3619 5156 ergo

2043 5166 2226 5221 bonum
2243 5178 2331 5231 εει,
2354 5168 2477 5221 mihi
2493 5173 2682 5239 factum
2699 5181 2773 5224 est
2795 5188 2927 5224 mors
2940 5177 2964 5225 Υ
2980 5172 3143 5226 Absit.
3169 5173 3276 5227 Sed
3289 5189 3544 5244 peccatum
3568 5192 3620 5233 ut

2040 5272 2284 5332 appareat
2314 5272 2592 5331 peccatum,
2626 5280 2714 5333 per
2743 5263 2925 5316 bonum
2948 5263 3069 5318 mihi
3095 5276 3355 5334 operatum
3380 5280 3451 5322 est
3489 5287 3624 5325 nter-

2043 5362 2164 5417 tem;
2187 5365 2243 5407 ut
2274 5354 2364 5422 ﬁat
2388 5370 2540 5423 supra
2578 5355 2782 5408 modunt
2826 5366 3056 5426 peccator
3097 5368 3187 5412 aut
3227 5372 3485 5429 peccatum
3533 5381 3623 5432 per

2042 5446 2357 5500 mandatum.
2423 5446 2556 5513 Quid
2614 5454 2715 5512 est,
2771 5464 2927 5517 supra
2977 5450 3219 5505 modum?
3289 5451 3359 5507 Ut
3400 5454 3624 5512 addatur

2042 5538 2429 5608 pnnvaricatio.
2458 5538 2586 5591 Data
2618 5547 2699 5593 est
2737 5554 2862 5610 ergo
2906 5540 2989 5596 lex
3029 5542 3138 5608 illa,
3199 5554 3254 5598 ut
3296 5545 3621 5605 inveniretur

2042 5628 2550 5685 inlirmitas.Parum
2581 5630 2809 5700 esthoc,
2842 5647 2948 5687 non
2969 5633 3141 5689 solum
3186 5645 3245 5691 ut
3272 5636 3616 5708 inveniretur,

2044 5726 2139 5785 sed
2180 5728 2342 5783 etiam
2373 5732 2430 5783 ut
2454 5733 2757 5798 augeretur,
2788 5734 2845 5785 et
2873 5728 2957 5783 vel
2977 5728 3055 5784 sic
3083 5729 3323 5787 medicus
3345 5747 3612 5803 quaerere-

2876 5817 3342 5923 {Vingt-sept.
