4108 6336
341 329 445 390 8415

341 444 502 517 aperi,
534 449 725 516 tnqmt,
755 456 812 496 os
849 437 980 515 ejus,
1017 445 1065 496 et
1090 438 1312 495 invenies
1354 435 1425 492 ibi
1443 441 1697 501 stateram,
1724 429 1779 486 id
1826 435 1929 493 est,

343 537 474 595 duas
520 535 896 603 didrachmas,
942 543 1168 607 quatuor
1238 531 1520 588 drachmas
1553 527 1711 600 :quia
1753 524 1931 581 didra—

345 631 518 697 chma,
555 629 606 685 id
630 639 730 696 est,
754 629 870 684 dum
893 627 1185 696 drachmze,
1215 627 1268 682 in
1289 635 1448 698 caput
1473 623 1803 697 exigebatur.
1835 619 1933 675 ln-

345 723 509 779 renics
532 721 602 777 ibi
627 730 882 789 staterem,
910 721 1014 786 hoc
1040 731 1141 788 est,
1174 729 1400 794 quatuor
1419 720 1722 784 drachmas,
1771 717 1838 772 da
1865 715 1936 771 eis

350 835 442 890 pro
469 834 548 870 me
578 822 622 870 et
669 824 714 870 te
744 814 954 885 (Matth.
986 831 1115 884 xvu,
1161 811 1378 887 23-25).
1426 811 1562 881 Quid
1606 821 1706 877 est,
1733 808 1840 864 Pro
1856 825 1935 863 me

347 919 394 963 et
424 907 507 962 te?
530 905 649 978 Ipse
673 903 935 971 Christus,
968 907 1177 974 Petrus,
1208 905 1445 963 Ecclesia
1483 903 1700 971 Christi,
1745 901 1934 956 Eccle-

347 998 440 1054 sia:
471 1007 698 1070 quatuor
729 995 1032 1071 Evangelia.
1077 996 1385 1070 Mysterium
1427 996 1624 1052 latebat
1655 1014 1668 1050 :
1695 993 1937 1050 Christus

351 1097 527 1146 tamen
555 1089 806 1145 tributum
830 1106 934 1145 non
979 1087 1214 1145 debitum
1238 1088 1593 1162 persolvebat.
1612 1087 1701 1142 Sic
1728 1085 1936 1158 persol-

349 1182 502 1238 vitet
531 1191 758 1240 mortem
787 1201 801 1238 :
836 1199 942 1238 non
972 1179 1217 1248 debebat,
1256 1190 1310 1239 et
1332 1180 1687 1253 persolvebat.
1724 1177 1816 1234 llle
1837 1175 1937 1232 nisi

351 1275 642 1334 indebitum
712 1278 967 1347 solveret,
1017 1293 1287 1350 nunquam
1340 1291 1438 1336 nos
1506 1291 1538 1332 a
1575 1272 1752 1332 debito
1801 1273 1937 1338 libe-_

351 1380 514 1426 raret.

423 1457 649 1520 CAPUT
687 1459 897 1520 Vlli.—
922 1458 977 1518 8.
1002 1457 1230 1518 Christus
1247 1470 1502 1533 peccatum
1515 1461 1774 1532 factus.—
1791 1459 1940 1528 Quod

352 1567 480 1624 ergo
503 1551 814 1625 impossibile
854 1563 960 1609 erat
990 1554 1160 1626 Legis,
1190 1569 1310 1624 quae
1360 1553 1585 1608 faciebat
1619 1553 1938 1624 praevarica-

353 1652 547 1711 torem,
577 1647 699 1716 quia
731 1644 964 1701 nondum
997 1661 1150 1702 mens
1173 1647 1414 1702 convicta
1442 1646 1727 1716 quaesierat
1751 1643 1939 1702 Salva-

355 1745 556 1805 torem;
587 1742 640 1792 in
688 1740 1168 1808 quoinﬁrntabatur
1216 1757 1304 1812 per
1341 1757 1563 1807 carnem,
1619 1741 1755 1795 misit
1803 1739 1942 1796 Deus

355 1830 550 1886 Filium
567 1848 715 1887 suum
741 1832 795 1886 in
819 1832 1200 1890 similitudinem
1228 1835 1396 1888 carnis
1428 1835 1636 1904 peccati,
1666 1835 1796 1887 etde
1818 1849 1940 1903 pec-

354 1933 468 1984 cato
492 1925 751 1980 damnauit
772 1934 1032 1998 peccatum
1052 1927 1106 1982 in
1137 1943 1308 1982 carne.
1341 1926 1621 1996 Quomodo
1657 1942 1785 1997 ergo
1833 1942 1942 1982 non

355 2013 586 2072 habebat
612 2027 907 2086 peccatum,
938 2018 983 2072 si
1003 2017 1069 2074 de
1089 2027 1309 2088 peccato
1337 2017 1608 2074 damnavit
1633 2018 1944 2088 peccatum?

353 2104 472 2165 iam
495 2105 782 2177 aliquando
832 2110 1180 2180 exposuimus
1222 2108 1374 2164 vobis
1420 2110 1522 2165 hoc
1551 2106 1626 2182 (a)
1662 2128 1675 2164 :
1710 2109 1805 2166 sed
1852 2109 1941 2180 qui

358 2201 736 2270 meminerunt,
787 2211 1206 2272 recognoscant;
1255 2203 1345 2274 qui
1376 2218 1483 2258 non
1508 2203 1812 2267 audierunt,
1844 2217 1942 2258 au-

356 2290 537 2358 diant;
577 2293 668 2364 qui
689 2292 838 2349 obliti
859 2301 1005 2360 sunt,
1029 2293 1288 2350 recolant.
1331 2293 1615 2352 Peccatum
1656 2293 1947 2350 vocabatur

357 2383 413 2458 in
440 2381 582 2456 Lege
610 2384 928 2440 sacrificium
982 2400 1080 2454 pro
1126 2391 1366 2456 peccato.
1407 2385 1637 2442 Assidue
1683 2385 1792 2440 Lex
1843 2385 1948 2442 hoc

356 2486 742 2534 commemorat
770 2494 786 2531 :
816 2491 926 2534 non
941 2477 1130 2543 semel,
1154 2493 1259 2532 non
1287 2478 1500 2544 iterum,
1527 2479 1624 2534 sed
1652 2478 1948 2547 saepissime

358 2583 574 2640 peccata
601 2569 916 2626 dicebautur
941 2569 1204 2626 sacriﬁcia
1232 2584 1330 2640 pro
1361 2571 1613 2628 peccatis.
1641 2571 1769 2626 Tale
1819 2584 1946 2640 pec-

357 2669 534 2717 catum
563 2670 679 2716 erat
707 2660 974 2717 Christus.
1004 2661 1140 2727 Quid
1168 2662 1310 2717 enim
1351 2662 1631 2718 dicamus?
1664 2662 1947 2718 Peccatum

358 2751 626 2810 habebat?
653 2753 826 2808 Absit.
857 2753 1142 2812 Peccatum
1162 2769 1268 2810 non
1307 2753 1556 2818 habebat,
1578 2762 1632 2809 et
1668 2763 1948 2824 peccatum

359 2856 494 2904 erat.
516 2845 802 2902 Peccatum
829 2854 966 2913 erat,
988 2845 1122 2912 disi,
1160 2845 1453 2902 sectutdum
1474 2846 1620 2901 illam
1641 2845 1948 2917 intelligen-

359 2937 510 3004 tiam,
537 2937 663 3007 quia
701 2937 1023 2994 sacriﬁcium
1063 2951 1163 3008 pro
1203 2945 1443 3008 peccato.
1489 2938 1630 2995 Audi
1672 2939 1800 3010 quia
1843 2937 1952 2996 hoc

359 3028 524 3088 modo
542 3036 818 3100 peccatum
843 3037 984 3097 erat,
1007 3029 1183 3100 ipsum
1213 3030 1528 3100 Apostolum
1571 3031 1720 3108 audi.
1749 3032 1826 3087 De
1851 3031 1950 3088 illo

361 3117 590 3190 hamus
631 3119 902 3178 littEum
926 3123 1014 3191 qui
1037 3137 1142 3178 non
1180 3132 1389 3177 noverat
1438 3133 1718 3194 peceatum.
1775 3125 1950 3196 Ipsam

310 3250 316 3256 -
361 3212 684 3270 nitentium
709 3213 862 3270 vobis
885 3214 1240 3284 exponebam,
1267 3215 1485 3286 quando
1517 3216 1619 3272 ista
1664 3217 1947 3274 dicebam:

362 3303 522 3370 Ritus.
552 3305 744 3375 inquit,
772 3305 859 3376 qui
883 3322 988 3361 non
1011 3316 1219 3361 nouant
1241 3318 1524 3373 peccatum,
1547 3309 1599 3363 id
1626 3317 1739 3378 est,
1769 3309 1953 3365 Domi-

362 3406 757 3453 num“er
791 3396 973 3454 Jesum
1020 3394 1312 3463 Christum,
1345 3398 1488 3455 Deus
1529 3399 1689 3455 Pater
1724 3416 1839 3454 suus
1861 3402 1953 3471 qui

364 3503 469 3544 non
493 3498 699 3543 nm
719 3498 998 3560 peceatum,
1033 3505 1125 3558 pro
1151 3491 1296 3544 nobis
1323 3500 1586 3560 peceatum
1607 3494 1723 3563 fecit
1739 3493 1808 3562 (ll
1830 3491 1947 3547 Cor.

360 3591 421 3649 ν,
448 3579 545 3653 Si)
564 3597 582 3634 :
598 3595 718 3634 cum
742 3581 917 3649 ipsum
931 3580 1206 3635 (Ib-istum
1221 3582 1310 3652 qui
1326 3597 1428 3637 nou
1444 3593 1651 3637 noveras
1671 3594 1949 3654 peccatum,

363 3673 513 3728 Deus
536 3681 692 3741 pater
715 3687 808 3742 pro
835 3673 980 3728 nobis
1013 3683 1273 3743 peccatum
1298 3675 1437 3743 fecit,
1471 3683 1528 3728 stt
1554 3692 1648 3730 nos
1675 3677 1832 3732 sin-sas
1872 3677 1954 3746 ju-

358 3755 508 3813 «ἰδία
529 3754 706 3811 Deiiss
729 3757 864 3828 ipso.
894 3756 1080 3812 Videte
1107 3758 1234 3826 duo,
1256 3758 1459 3829 iustitia
1482 3759 1581 3814 Dei
1605 3775 1714 3814 non
1737 3769 1950 3825 nostra;

362 3850 795 3921 bipth
826 3851 1000 3906 nobis.
1038 3850 1170 3907 Inde
1207 3851 1491 3924 illinagni
1533 3853 1955 3923 sanctLdequi-

365 3943 468 3998 δε
495 3943 624 3998 dicit
665 3943 928 4012 Psaillus,
955 3943 1168 4000 Iustitia
1195 3955 1281 3999 tua
1302 3947 1432 4001 sicut
1481 3957 1674 4002 montes
1729 3947 1842 4002 Dei.
1890 3949 1956 4004 Et

363 4035 522 4106 quasi
549 4035 815 4090 diceretur
833 4036 888 4090 in
914 4037 1032 4108 ipso
1053 4037 1286 4103 Pssimo,
1319 4038 1413 4092 ubi
1446 4038 1646 4093 dictum
1679 4048 1782 4104 est,
1827 4039 1956 4094 Jus-

369 4126 484 4184 titi.
509 4136 596 4180 tua
619 4143 640 4181 :
662 4142 769 4182 non
799 4128 943 4182 enim
977 4127 1182 4198 iustitia
1230 4144 1439 4196 eorum,
1468 4130 1586 4192 sed,
1619 4131 1830 4186 Iustitia
1867 4143 1955 4187 suta

368 4219 502 4272 saltu
529 4228 726 4274 nentes
751 4220 847 4276 Dei
877 4236 897 4275 :
924 4220 1110 4275 Levavi
1130 4222 1274 4276 enim
1301 4223 1484 4278 oculos
1499 4240 1635 4278 meos
1659 4225 1712 4278 in
1739 4233 1952 4294 montes,

365 4310 506 4364 unde
561 4311 722 4365 vniat
765 4313 1018 4366 auxilium
1066 4313 1232 4379 mihi;
1267 4314 1365 4368 sed
1409 4330 1515 4369 non
1563 4331 1594 4368 tt
1631 4317 1952 4372 montibus:

369 4402 635 4457 Μίνωι
653 4405 794 4459 enim
817 4420 984 4459 meum
1003 4423 1036 4459 α
1060 4406 1280 4461 Domino
1302 4424 1322 4474 ς
1344 4408 1428 4478 qui
1446 4408 1565 4478 feci
1589 4409 1772 4463 ctutum
1791 4419 1836 4464 et
1853 4419 1956 4464 ter-

365 4509 484 4549 m
505 4494 822 4569 (Ps-ten,
851 4499 905 4558 i,
931 4497 988 4569 2)
1025 4513 1199 4570 :ergo
1223 4514 1345 4554 cum
1363 4500 1840 4568 maiusculqu
1868 4512 1959 4557 sua

371 4589 499 4644 sicut
525 4601 715 4644 montes
742 4589 872 4656 Dei;
897 4592 1046 4662 quasi
1096 4602 1445 4662 quaereretur,
1487 4594 1682 4665 thuid
1707 4611 1836 4668 ergo
1862 4597 1952 4652 alii

372 4693 664 4738 unum
683 4685 702 4716 ⁸
723 4689 816 4754 qui
841 4701 945 4739 non
969 4687 1233 4755 pertinent
1249 4685 1316 4741 ad
1336 4688 1594 4757 justitiam
1623 4687 1757 4744 Dei?
1781 4691 1959 4760 subje-

363 4774 463 4838 cit,
493 4774 704 4830 Iudici.
741 4785 833 4829 tua
857 4778 987 4830 sicut
1031 4777 1196 4831 multa
1231 4778 1644 4852 abyssusﬂ’ui.
1686 4797 1851 4848 xxxv,
1877 4784 1954 4853 7).

363 4865 509 4934 Quid
537 4879 639 4931 est,
669 4870 799 4923 sicut
819 4854 980 4923 multa
1005 4870 1216 4943 abyssus
1233 4875 1259 4926 1
1283 4873 1461 4927 Altum
1492 4884 1598 4941 est,
1635 4876 1956 4947 iumentum-

371 4958 605 5026 δίκαι,
633 4962 965 5017 intimus-um
1007 4974 1089 5018 est
1121 4963 1372 5019 humana
1403 4966 1706 5022 intentioni.
1751 4969 1959 5026 Divitiae

367 5053 516 5108 enim
537 5054 630 5109 Dei
649 5054 1025 5112 inmutabiles
1051 5074 1066 5111 :
1099 5058 1459 5115 inmutabilia
1484 5060 1681 5131 judicia
1709 5061 1845 5132 ejus,
1875 5064 1960 5119 in-

372 5146 712 5216 vestigasz
727 5147 824 5202 viae
849 5149 968 5219 ejus
998 5148 1174 5219 (Rom.
1200 5165 1276 5217 χι,
1298 5151 1411 5225 55).
1436 5153 1582 5225 Ergo
1605 5163 1659 5209 et
1677 5154 1794 5222 hic,
1817 5154 1959 5211 Misit

367 5233 514 5292 Deus
539 5237 734 5292 Filium
757 5253 922 5305 suum,
957 5250 1174 5310 propter
1195 5245 1491 5312 praecisos,
1521 5255 1577 5300 et
1603 5248 1962 5316 pmdestintt-

367 5337 480 5400 tos,
510 5333 802 5402 vocandus,
841 5333 1232 5404 iustiﬁcandos,
1275 5338 1654 5408 glorificaudos
1686 5357 1698 5406 ;
1725 5349 1781 5396 ut
1805 5355 1961 5398 mon-

435 5442 678 5513 fslcquss.
699 5445 820 5513 sunt
837 5457 977 5506 vero,
1002 5444 1177 5513 tftqtgttt
1199 5459 1321 5513 ergo,
1333 5447 1499 5513 aliqui,
1525 5459 1618 5502 etc.

423 5503 508 5568 (at)
690 5503 1178 5579 summa
1205 5503 1276 5579 ιζ
1289 5503 1498 5579 sane
1515 5515 1681 5563 verbis
1715 5516 1963 5579 Es'migeiii

369 5573 510 5642 toan;
542 5570 604 5631 8;
630 5571 891 5642 velpotiius
912 5572 970 5620 ad
1007 5572 1224 5642 152,_uu.
1257 5575 1596 5642 10,_ll._ltun_c
1621 5579 1767 5634 enim,
1795 5570 1962 5642 iuvquo

370 5632 596 5680 eamdem
613 5634 913 5683 contentius
945 5637 1154 5697 Aposwli
1177 5649 1244 5685 ex
1274 5637 1480 5697 thisloia
1520 5638 1578 5685 ad
1617 5632 1845 5690 Romanos
1883 5632 1965 5691 'su-

369 5701 598 5753 scepesat
619 5697 976 5758 eum.
1019 5698 1096 5747 bis
1125 5712 1243 5748 tuo:
1268 5699 1436 5748 verbis
1453 5706 1628 5747 notare
1660 5701 1852 5753 videtur
1875 5713 1965 5754 au-

367 5757 596 5829 gustinus
613 5771 638 5829 εΔ
653 5775 675 5803 α
694 5757 861 5829 ipsum,
883 5775 906 5802 ν
938 5757 1108 5822 inquit,
1134 5779 1155 5807 tt
1172 5759 1466 5811 sententiam
1486 5761 1621 5812 vobis
1636 5766 1961 5829 exponebam,

367 5817 562 5876 quando
583 5819 676 5869 ista
697 5817 937 5871 dicebam.
955 5838 977 5866 ι

1764 305 1998 371 SERMO
2031 304 2168 366 CLV

3514 318 3623 380 διδ

2037 432 2119 481 tes
2153 424 2247 482 Dei
2291 424 2488 494 dicant,
2547 426 2610 484 Si
2648 424 2784 484 Deus
2825 445 2920 500 pro
2961 429 3126 499 nobis,
3164 432 3275 503 quis
3318 439 3495 488 contra
3521 451 3614 492 nos

2036 516 2211 590 (Rom.
2226 533 2335 586 vm,
2352 519 2573 592 29-51)?
2587 520 2726 576 Misit
2741 521 2878 577 Deus
2901 521 3093 578 Filium
3104 541 3251 579 suum
3261 525 3314 580 in
3329 526 3626 583 similitudi-

2036 627 2151 666 nem
2179 615 2347 668 carnis
2374 616 2586 685 peccati,
2613 626 2658 669 et
2678 617 2740 670 de
2762 627 2970 690 peccato
2991 619 3249 674 damnavit
3284 630 3542 692 peccatum
3569 623 3624 678 in

2036 701 2277 773 earne,ut
2294 709 2494 781 justitia
2513 708 2936 782 legisimpleretur
2958 715 3010 765 in
3033 713 3194 767 nobis.
3220 713 3336 769 Non
3368 714 3628 784 impleba-

2039 809 2124 855 tur
2148 817 2243 871 per
2265 815 2343 868 se,
2377 800 2589 872 impleta
2621 813 2703 859 est
2728 821 2820 874 per
2853 803 3142 860 Christum.
3172 806 3286 862 Non
3319 808 3463 863 enim
3482 809 3630 882 venit

2037 889 2208 965 legem
2233 894 2459 961 solvere,
2488 895 2581 951 sed
2608 896 2830 966 implere
2852 897 3062 970 (Matth.
3087 916 3140 964 v,
3167 899 3277 974 l7).
3651 921 3677 1011 ί

2110 986 2336 1011 ωιπνιι
2375 987 2441 1011 ιν
2621 991 2655 1011 η
3187 993 3202 1011 ,
3345 1010 3348 1011 ν
3468 1009 3474 1011 Α
3594 999 3627 1011 κ.

2109 986 2336 1046 CAPUT
2375 987 2467 1046 1X.
2507 1020 2580 1030 —
2621 991 2675 1046 9.
2699 991 2970 1046 Ambulare
3015 993 3291 1047 secundum
3328 1009 3532 1048 carnem
3578 999 3628 1048 et

2039 1042 2326 1138 minus"
2354 1042 2875 1154 assumitigu-g
2887 1042 3057 1155 "tegi;
3072 1042 3687 1154 ξιὶὶέᾖὲᾎᾶοὶῖέιίὶῖἓνιίξῖ

2041 1174 2229 1247 pietur.
2264 1175 2369 1231 Sed
2399 1173 2668 1247 quomodo
2685 1174 2888 1246 justitia
2933 1175 3055 1247 legis
3106 1177 3397 1247 impleretur
3447 1179 3500 1232 in
3530 1194 3631 1232 no-
3691 1159 3697 1168 ’

2041 1265 2147 1334 bis,
2197 1267 2279 1322 vel
2329 1266 2596 1339 quomodo
2641 1266 2892 1338 impletur
2939 1269 3132 1333 nobis,
3164 1270 3247 1324 vel
3293 1269 3487 1342 quibus
3527 1250 3693 1344 no-‘(

2041 1357 2166 1413 bis?
2198 1358 2286 1413 Vis
2317 1357 2501 1415 audire
2544 1359 2598 1414 in
2637 1359 2830 1431 quibus
2871 1360 3060 1414 nobis?
3091 1359 3192 1427 Qui
3223 1379 3323 1417 non
3355 1364 3632 1418 secundum
3692 1363 3702 1404 ‘-

2041 1469 2244 1506 carnem
2297 1450 2648 1522 ambulamus,
2701 1451 2792 1508 sed
2857 1455 3135 1508 secundum
3182 1455 3439 1524 spiritum.
3491 1454 3631 1526 Quid

2042 1553 2144 1610 est,
2203 1543 2500 1599 secundum
2546 1560 2760 1599 carnem
2804 1545 3120 1601 ambulare?
3158 1545 3472 1602 Carnalibus
3496 1563 3631 1604 con-

2042 1634 2386 1705 cupiscentiis
2440 1636 2764 1690 consentire.
2823 1635 2960 1704 Quid
3017 1643 3140 1704 est,
3182 1630 3476 1693 secundum
3523 1639 3635 1709 spi-

2042 1723 2201 1783 ritum
2265 1727 2581 1784 ambulare?
2623 1729 2878 1797 Adjuvari
2936 1730 3124 1799 spiritu
3183 1731 3238 1784 in
3295 1739 3522 1798 tuente,
3579 1741 3636 1788 et

2043 1819 2489 1892 Concupiscentiis
2533 1823 2709 1877 carnis
2755 1838 2861 1877 non
2911 1821 3152 1879 obedire.
3199 1823 3291 1878 Sic
3345 1839 3472 1895 ergo
3529 1826 3634 1881 im-

2045 1915 2220 1985 pletur
2264 1915 2315 1969 in
2357 1915 2512 1970 nobis
2557 1915 2641 1971 lex
2667 1958 2682 1982 ,
2725 1916 2976 1986 impletur
3004 1918 3055 1974 in
3087 1917 3241 1972 nobis
3284 1917 3488 1988 justitia
3512 1919 3634 1975 Dei.

2047 2005 2204 2061 Modo
2234 2006 2447 2062 interim
2478 2007 2749 2078 impletur,
2782 1993 2908 2062 Ροὲ
2931 2009 3365 2078 concupiscentias
3392 2019 3502 2067 tuas
3532 2028 3636 2066 non

2045 2117 2130 2154 eas
2161 2099 2346 2171 (Eccli.
2382 2117 2530 2166 xvut,
2563 2099 2678 2167 30).
2716 2098 2844 2156 Post
2873 2103 3305 2173 concupiscentias
3332 2112 3444 2158 tuas
3469 2145 3485 2171 ,
3513 2118 3638 2163 cum
3705 2123 3718 2136 '

2045 2190 2196 2246 audis
2221 2233 2235 2257 ,
2278 2189 2488 2249 illicitas
2526 2193 2728 2263 accipe.
2777 2191 2902 2247 Post
2937 2196 3365 2264 concupiscentias
3395 2204 3506 2249 tuas
3535 2211 3641 2250 non

2047 2298 2131 2335 eas
2151 2323 2164 2346 ,
2194 2281 2355 2338 debet
2395 2282 2604 2354 impleri
2650 2299 2716 2338 ex
2745 2284 3020 2340 voluntate
3056 2293 3236 2340 nostra
3263 2286 3444 2356 adjuta
3469 2288 3640 2359 gratia

2046 2372 2171 2438 Dei;
2199 2371 2356 2429 debet
2382 2373 2626 2444 impleri,
2655 2373 2785 2429 Post
2813 2377 3243 2448 concupiscentias
3268 2388 3382 2433 tuas
3411 2397 3511 2434 non
3532 2397 3638 2438 eas.

2049 2465 2315 2536 Quidquid
2347 2467 2490 2520 enim
2521 2467 2608 2521 illa
2627 2469 3058 2546 concupiscentia
3080 2471 3256 2526 carnis
3271 2471 3378 2542 egit
3401 2472 3452 2526 in
3485 2471 3641 2531 nobis

2047 2559 2447 2630 praeteritorum
2473 2569 2812 2630 peccatorum
2833 2603 2852 2629 ,
2881 2561 2996 2616 sive
3027 2563 3080 2617 in
3107 2561 3262 2618 factis
3287 2607 3303 2633 ,
3333 2565 3445 2620 sive
3479 2567 3535 2621 in
3555 2564 3641 2621 di-

2050 2653 2152 2708 ctis
2176 2695 2191 2722 ,
2225 2653 2337 2709 sive
2365 2654 2417 2708 in
2444 2653 2892 2722 cogitationibus;
2921 2664 3089 2711 totum
3113 2656 3348 2712 deletum
3375 2666 3458 2714 est
3485 2673 3643 2716 sacro

2051 2743 2378 2814 Baptismate
2420 2764 2433 2800 :
2479 2747 2655 2800 omnia
2696 2745 2874 2801 debita
2915 2745 3118 2802 delevit
3155 2765 3257 2803 una
3287 2736 3641 2820 indulgentia.

2050 2833 2238 2889 Restat
2266 2850 2394 2906 ergo
2442 2851 2563 2890 cum
2608 2852 2770 2890 carne
2813 2835 3276 2909 conﬂictuszquia
3327 2838 3505 2895 deleta
3553 2849 3641 2897 est

2054 2925 2325 2998 iniquitas,
2347 2926 2439 2982 sed
2463 2935 2643 2982 manet
2675 2926 2974 2982 infirmitas.
3001 2928 3166 2995 Inest,
3199 2929 3375 2984 titillat
3402 2929 3642 2989 delecta-

2054 3015 2128 3072 tio
2159 3015 2359 3072 illicitae
2388 3017 2844 3088 concupiscentiae
2871 3036 2883 3071 :
2921 3035 3113 3088 pugna,
3145 3021 3353 3089 resiste,
3377 3022 3484 3076 noli
3514 3035 3646 3080 con-

2051 3109 2286 3175 sentire;
2336 3116 2391 3164 et
2431 3108 2684 3180 impletur
2731 3109 2854 3176 hic,
2888 3108 3015 3164 Post
3056 3111 3486 3180 concupiscentias
3529 3121 3644 3169 tuas

2053 3217 2154 3254 non
2209 3216 2338 3254 eas:
2384 3199 2504 3270 quia
2555 3209 2609 3255 et
2657 3200 2702 3254 si
2740 3199 2954 3272 quando
3000 3200 3330 3271 subrepunt,
3374 3211 3428 3258 et
3477 3219 3634 3258 usur-

2055 3300 2183 3361 pant
2231 3291 2332 3348 sibi
2385 3291 2598 3348 oculum
2624 3335 2639 3361 ,
2669 3308 2856 3347 aurum
2879 3335 2893 3359 ,
2925 3293 3189 3365 linguam,
3227 3294 3509 3350 volaticam
3541 3309 3635 3350 co-

2055 3384 2366 3456 gitationem
2392 3426 2406 3450 ,
2452 3400 2552 3440 nec
2603 3385 2680 3440 sic
2736 3385 3084 3454 desperemus
3119 3386 3186 3440 de
3225 3385 3397 3440 salute
3439 3394 3644 3442 nostra.

2057 3473 2182 3531 Ideo
2231 3475 2468 3547 quotidie
2515 3475 2742 3530 dicimus
2769 3517 2782 3539 ,
2830 3475 3039 3530 Dimitte
3079 3477 3220 3530 nobis
3258 3477 3423 3530 debita
3475 3486 3650 3532 nostra

2057 3567 2350 3640 (Matt/tm,
2372 3565 2482 3639 12).
2499 3566 2731 3634 Iustitia,
2753 3567 2942 3638 inquit,
2963 3568 3086 3638 legis
3100 3568 3392 3638 impleretur
3413 3569 3466 3622 in
3479 3569 3646 3622 nobis.

2125 3658 2353 3714 CAPUT
2390 3658 2460 3714 X.
2489 3689 2560 3698 —-
2591 3659 2676 3714 10.
2707 3657 2987 3712 Prudentia
3011 3660 3180 3712 carnis
3210 3668 3257 3712 et
3278 3660 3508 3728 spiritus.
3536 3658 3649 3714 Sed

2056 3749 2109 3806 itt
2141 3752 2334 3823 quibus
2365 3750 2556 3807 nobis?
2602 3753 2701 3818 Qui
2729 3768 2827 3806 non
2867 3753 3142 3806 secundum
3182 3769 3386 3806 carnem
3415 3752 3650 3806 ambulan-

2058 3862 2206 3912 mus,
2247 3845 2335 3899 sed
2361 3843 2634 3915 secundum
2663 3844 2916 3914 spiritum.
2949 3843 3047 3910 Qui
3069 3843 3200 3895 enim
3232 3842 3506 3896 secundum
3533 3858 3650 3894 car-

2059 3955 2173 3992 nem
2201 3947 2318 3991 sunt
2344 3979 2358 4005 ,
2390 3952 2504 4007 qua:
2531 3936 2696 3989 carnis
2727 3944 2843 3988 sunt
2869 3934 3073 4005 sapiunt
3096 3951 3114 3999 ;
3142 3935 3227 4004 qui
3265 3943 3432 3986 autem
3460 3949 3642 3986 secun-

2063 4033 2185 4086 dum
2231 4030 2464 4102 spiritum
2496 4072 2512 4097 ,
2552 4044 2665 4100 qua:
2708 4039 2826 4082 sunt
2891 4027 3120 4098 spiritus.
3178 4023 3464 4079 Prudentia
3514 4024 3650 4078 enim

2058 4125 2227 4180 carnis
2257 4141 2390 4178 mors
2419 4133 2491 4178 est
2521 4140 2538 4178 :
2563 4123 2834 4194 prudentia
2859 4131 3029 4175 autem
3055 4121 3264 4191 spiritus
3293 4121 3391 4173 vita
3431 4127 3478 4174 et
3520 4136 3647 4190 pax.

2059 4216 2347 4272 Prudentia
2393 4217 2530 4269 enim
2576 4216 2745 4271 carnis
2791 4215 2996 4269 inimica
3041 4215 3094 4268 in
3134 4212 3317 4268 Deum.
3363 4211 3488 4284 Legi
3516 4214 3652 4268 enim

2059 4309 2154 4365 Dei
2183 4327 2284 4364 non
2315 4319 2386 4364 est
2416 4311 2639 4380 subjecta
2680 4327 2698 4365 :
2737 4325 2894 4379 neque
2932 4309 3068 4363 enim
3111 4317 3292 4380 potest.
3346 4307 3485 4378 Quid
3522 4315 3648 4378 est,

2060 4419 2220 4476 neque
2241 4403 2374 4458 enim
2400 4411 2560 4474 potest
2583 4402 2608 4456 .9
2635 4401 2751 4455 Non
2774 4401 2935 4456 homo
2961 4417 3067 4455 non
3098 4409 3291 4471 potest,
3335 4416 3440 4455 non
3470 4400 3651 4455 anima

2065 4514 2170 4553 non
2214 4506 2390 4568 potest
2417 4536 2433 4562 ,
2476 4512 2581 4550 non
2613 4495 2841 4566 denique
2865 4495 2977 4565 ipsa
3007 4509 3132 4549 caro
3159 4534 3174 4562 ,
3207 4495 3329 4566 quia
3361 4493 3456 4548 Dei
3491 4507 3650 4548 crea-

2065 4597 2179 4646 tura
2206 4631 2221 4658 ,
2271 4604 2373 4643 non
2408 4595 2586 4658 potest
2630 4607 2642 4642 :
2675 4587 2766 4642 sed
2794 4586 3070 4656 prudentia
3101 4585 3277 4641 carnis
3302 4599 3408 4639 non
3435 4590 3649 4654 potest,

2060 4682 2251 4738 vitium
2284 4696 2387 4735 non
2419 4686 2612 4750 potest,
2651 4695 2756 4733 non
2783 4688 2991 4734 natura.
3023 4675 3304 4747 Quomodo
3332 4677 3376 4730 si
3405 4675 3648 4742 diceres,

2061 4771 2389 4830 Claudicatio
2418 4780 2578 4826 recta:
2604 4770 2947 4826 ambulationi
2968 4785 3074 4823 non
3092 4778 3173 4824 eSt
3189 4768 3425 4838 subjecta
3445 4781 3650 4839 :neque

2062 4866 2204 4921 enim
2241 4872 2433 4934 potest.
2466 4862 2570 4919 Pes
2608 4872 2803 4936 potest,
2837 4863 2932 4918 sed
2960 4861 3277 4917 claudicatio
3307 4873 3413 4915 non
3446 4869 3648 4931 potest.

2061 4956 2216 5020 Tolle
2235 4957 2699 5024 claudicationem,
2712 4965 2766 5012 et
2778 4955 2980 5012 videbis
2995 4965 3196 5009 rectam
3211 4954 3650 5009 ambulationem.

2063 5050 2166 5106 Sed
2179 5049 2430 5122 quamdiu
2459 5049 2776 5105 claudicatio
2799 5060 2900 5113 est,
2922 5063 3026 5102 non
3046 5055 3222 5117 potest
3250 5062 3265 5100 :
3295 5047 3373 5102 sic
3397 5045 3652 5119 quamdiu

2067 5144 2348 5217 prudentia
2377 5144 2553 5199 carnis
2582 5152 2703 5209 est,
2740 5160 2845 5198 non
2876 5149 3068 5212 potest.
3100 5140 3216 5196 Non
3260 5143 3329 5196 sit
3374 5142 3653 5212 prudentia

2063 5240 2261 5302 carnis,
2293 5247 2348 5294 et
2377 5238 2540 5292 homo
2561 5246 2758 5310 potest.
2786 5234 3068 5290 Prudentia
3087 5235 3294 5307 spiritus
3323 5236 3426 5290 vita
3451 5246 3502 5292 ct
3521 5253 3652 5309 pax.

2063 5331 2218 5401 Quod
2247 5347 2375 5402 ergo
2416 5333 2534 5400 ait,
2583 5328 2862 5385 Prudentia
2890 5329 3058 5382 carnis
3099 5327 3306 5383 inimica
3345 5328 3397 5382 in
3444 5328 3610 5384 Deum
3633 5370 3654 5399 ,

2071 5427 2179 5482 noli
2205 5427 2283 5482 sic
2307 5427 2553 5497 accipere
2579 5468 2596 5494 ,
2653 5425 2803 5496 quasi
2850 5424 3064 5479 inimica
3108 5425 3208 5479 ista
3243 5427 3413 5497 possit
3457 5426 3656 5484 laedere

2071 5520 2258 5576 Deum.
2305 5517 2628 5574 Resistendo
2659 5517 2868 5571 inimica
2901 5525 2984 5572 est
3009 5559 3024 5586 ,
3076 5534 3181 5574 non
3231 5518 3543 5574 occidendo.
3572 5519 3652 5576 Illi

2069 5599 2246 5668 autem
2275 5620 2433 5667 nocet
2459 5654 2474 5679 ,
2513 5611 2563 5665 in
2593 5627 2698 5682 quo
2728 5621 2810 5666 est
2838 5607 3117 5684 prudentia
3147 5615 3324 5668 carnis
3365 5633 3377 5668 :
3421 5613 3544 5686 quia
3571 5614 3654 5668 vi-

2067 5706 2199 5762 tium
2230 5717 2436 5762 naturae
2466 5712 2624 5760 nocet
2655 5744 2668 5770 ,
2719 5705 2774 5759 in
2827 5721 2930 5776 qua
2958 5717 3146 5775 natura
3189 5707 3348 5763 inest.
3385 5706 3652 5763 Medicina

2069 5811 2245 5857 autem
2272 5799 2392 5856 ideo
2419 5799 2634 5855 inventa
2658 5807 2764 5871 est,
2793 5807 2852 5855 ttt
2878 5799 3105 5874 pellatur
3129 5799 3318 5857 vitium
3339 5839 3357 5868 ,
3386 5808 3441 5856 et
3479 5814 3665 5886 sanes.
