4108 6336
376 335 533 411 849~

377 464 457 510 tas
479 494 498 519 ,
525 451 615 524 qui
645 451 749 508 tale
773 447 963 522 pignus
989 444 1183 508 tenes?
1217 449 1296 507 sic
1317 464 1471 523 ergo,
1500 450 1681 515 homo,
1709 464 1818 505 non
1858 454 1963 506 erit

376 548 566 604 mortis
587 556 676 601 nia
699 544 992 609 contentio,
1019 544 1096 600 sic
1121 543 1429 616 implebitur
1452 544 1594 616 quod
1620 544 1820 600 dictum
1849 552 1962 608 est,

377 639 537 694 Miser
573 654 664 709 ego
696 637 846 692 homo
872 679 885 702 ,
913 638 1024 707 quis
1060 643 1148 691 ’me
1176 636 1405 691 liberabit
1442 638 1504 691 de
1539 653 1751 707 corpore
1786 637 1965 692 mortis

384 733 530 805 'iujus
548 730 724 804 (Rom.
757 731 854 799 vri,
881 731 1013 801 24)?
1035 730 1168 799 Quia
1199 730 1442 787 Christus
1469 732 1643 796 lesus,
1671 733 1715 786 si
1738 731 1965 802 Spiritus

374 824 483 894 ejus
530 822 723 878 habitat
762 823 817 876 in
857 822 1030 888 vobis,
1058 822 1328 891 viviﬁcabit
1369 832 1416 877 et
1470 823 1706 877 mortalia
1750 839 1965 893 corpora

373 924 556 970 vestra.
591 913 681 971 Sic
708 914 1022 970 liberaberis
1049 913 1115 970 de
1144 930 1370 984 corpore
1397 916 1587 971 mortis
1631 915 1789 986 hujus
1812 957 1828 982 ,
1855 931 1964 972 non

373 1023 569 1079 corpus
592 1024 699 1065 non
731 1006 998 1075 habendo,
1030 1009 1116 1063 vel
1139 1009 1364 1063 alterum
1398 1008 1684 1073 habendo;
1728 1007 1823 1065 sed
1855 1023 1963 1064 non

373 1100 598 1157 ulterius
619 1100 920 1156 moriendo.
946 1100 1003 1156 Si
1020 1101 1164 1156 enim
1190 1117 1295 1156 non
1316 1102 1559 1167 adderet,
1588 1102 1764 1158 mortis
1783 1102 1958 1174 hujus,

372 1203 427 1250 et
443 1194 664 1259 diceret,
688 1192 814 1260 Quis
840 1210 919 1247 me
948 1192 1175 1248 liberabit
1195 1194 1257 1248 de
1280 1196 1528 1264 corpore?
1552 1192 1691 1250 forte
1715 1209 1964 1265 suggere-

372 1294 524 1341 retnr
552 1299 706 1341 error
734 1284 1043 1354 cogitationi
1070 1284 1315 1351 humanae
1340 1326 1355 1351 ,
1382 1293 1436 1340 et
1461 1284 1726 1340 diceretur
1759 1303 1773 1339 :
1800 1284 1963 1340 Vides

373 1376 494 1446 quia
540 1390 645 1429 non
682 1376 797 1429 vult
836 1375 975 1430 Dens
1005 1390 1103 1429 nos
1128 1390 1246 1431 esse
1284 1390 1403 1430 cum
1435 1377 1703 1446 corpore?
1737 1376 1814 1431 De
1850 1393 1963 1431 cor—

373 1484 515 1537 pore,
544 1467 736 1538 inquit,
760 1467 935 1520 mortis
961 1467 1135 1537 hujus.
1161 1467 1380 1522 Mortem
1408 1468 1557 1531 tolle,
1581 1476 1635 1523 et
1657 1467 1853 1523 bonum
1881 1476 1965 1523 est

372 1576 588 1631 corpus.
605 1561 923 1616 Detrahatur
947 1574 1093 1615 mors
1113 1559 1650 1626 novissimainimica,
1677 1568 1731 1615 et
1750 1561 1852 1615 erit
1872 1560 1965 1616 mi-

373 1655 428 1710 hi
453 1656 507 1710 in
536 1663 796 1710 aeternum
817 1668 944 1708 caro
966 1668 1082 1706 mea
1122 1652 1315 1708 amica.
1358 1652 1527 1707 Nemo
1558 1653 1699 1707 enim
1730 1668 1961 1724 unquam

373 1761 589 1802 carnem
635 1761 786 1801 suam
826 1744 953 1799 odio
980 1743 1184 1798 habuit.
1216 1744 1329 1799 Etsi
1371 1745 1590 1813 spiritus
1635 1745 1965 1815 concupiscit

374 1848 558 1895 contra
602 1853 818 1893 carnem
840 1879 856 1903 ,
889 1847 943 1891 et
971 1852 1098 1892 caro
1154 1836 1487 1906 concupiscit
1524 1836 1781 1892 adversus
1810 1836 1966 1906 spiri-

375 1942 485 1989 tum
516 1932 712 2004 (Galat.
739 1948 793 1999 v,
829 1931 916 2002 17)
941 1947 955 1993 ;
985 1930 1087 1985 etsi
1112 1930 1272 1985 modo
1294 1932 1409 1984 rixa
1438 1939 1519 1984 est
1552 1930 1604 1985 in
1632 1931 1731 1985 ista
1760 1931 1922 1985 domo
1944 1971 1960 1997 ,

375 2026 598 2079 maritus
639 2023 851 2093 litigans
881 2064 896 2087 ,
952 2037 1059 2076 non
1099 2022 1386 2092 perniciem
1414 2063 1429 2088 ,
1481 2020 1574 2075 sed
1622 2021 1964 2077 concordiam

375 2120 569 2191 qnmrit
597 2118 799 2172 uxoris.
842 2117 1035 2183 Absit,
1078 2115 1270 2171 fratres
1295 2115 1435 2181 mei,
1462 2114 1601 2169 absit
1641 2125 1699 2169 ut
1748 2115 1996 2185 spiritus,

376 2211 807 2282 concupiscendo
854 2218 1038 2265 contra
1089 2224 1308 2265 carnem
1355 2208 1529 2263 oderit
1556 2223 1791 2262 carnem.
1827 2208 1964 2263 Vitia

377 2304 553 2361 carnis
602 2303 755 2368 odit,
798 2302 1136 2373 prudentiam
1181 2301 1359 2356 carnis
1378 2300 1526 2365 odit,
1567 2300 1963 2356 contentionem

378 2400 566 2457 mortis
586 2399 718 2455 odit.
748 2396 1109 2464 Corruptibile
1133 2396 1235 2451 hoc
1260 2395 1445 2450 induat
1466 2395 1920 2465 incorruptionem
1945 2434 1963 2463 ,

378 2504 435 2553 et
480 2494 707 2551 mortale
758 2494 857 2549 hoc
899 2493 1082 2548 induat
1134 2491 1627 2556 immortalitatem;
1669 2490 1967 2546 seminetur

378 2604 574 2660 corpus
598 2588 850 2655 animale,
874 2594 1119 2657 resurgat
1141 2600 1337 2655 corpus
1357 2584 1632 2653 spirituale
1659 2583 1703 2656 (l
1724 2583 1843 2638 Cor.
1871 2599 1961 2653 xv,

379 2682 469 2745 55,
511 2681 641 2751 44);
684 2688 739 2735 et
782 2678 987 2734 videbis
1037 2678 1248 2747 plenam
1296 2675 1694 2745 perfectamque
1739 2690 1960 2731 concor-

379 2771 543 2837 diam,
574 2770 779 2826 videbis
803 2779 1105 2826 creaturam
1137 2767 1355 2823 laudare
1387 2765 1715 2822 Creatorem.
1746 2766 1807 2822 Si
1837 2781 1967 2838 ergo

380 2866 609 2938 Spiritus
652 2868 762 2938 ejus
799 2866 887 2935 qui
926 2864 1184 2919 suscitavit
1211 2862 1393 2917 Iesum
1428 2879 1463 2916 a
1505 2862 1737 2926 mortuis,
1777 2861 1968 2914 habitat

379 2957 435 3012 in
478 2957 651 3023 vobis;
701 2957 787 3027 qui
835 2957 1093 3011 suscitauit
1137 2953 1393 3010 Christum
1439 2970 1472 3006 a
1509 2953 1757 3018 mortuis,
1800 2952 1965 3021 vivi/i-

380 3050 512 3105 cobit
565 3058 612 3103 et
660 3049 897 3102 mortalia
934 3063 1151 3117 corpora
1190 3056 1387 3112 vestra,
1426 3053 1630 3116 prapler
1676 3042 1965 3098 inhabitan-

382 3151 479 3196 tem
506 3141 759 3210 Spiritum
788 3141 897 3211 ejus
943 3140 1031 3211 qui
1074 3138 1265 3193 habitat
1304 3138 1359 3191 in
1406 3137 1543 3191 vobis
1574 3152 1593 3190 :
1617 3151 1723 3191 non
1752 3143 1969 3206 prOpter

382 3232 574 3287 merita
604 3240 802 3296 vestra,
833 3230 930 3287 sed
959 3240 1177 3302 propter
1202 3244 1424 3285 munera
1472 3243 1586 3285 sua.
1615 3228 1873 3285 Conversi
1900 3226 1967 3283 ad

382 3324 663 3381 Dominum
678 3366 695 3391 ,
724 3333 828 3380 etc.
1338 3308 1361 3327 θ

878 3414 1108 3471 SERMO
1144 3414 1299 3470 CLVI
1323 3418 1342 3439 ⁶
1366 3414 1464 3487 (a).

380 3500 462 3558 De
485 3502 645 3557 verbis
673 3501 931 3572 Apostoli,
962 3500 1113 3553 Rom.
1143 3514 1233 3554 Vill
1257 3540 1273 3566 ,
1304 3499 1466 3554 12-17
1485 3538 1505 3566 ,
1536 3498 1709 3568 Ergo,
1738 3498 1966 3560 fratres,

452 3595 721 3649 debitores
750 3607 937 3646 sumus
966 3607 1072 3646 non
1103 3591 1249 3645 carni
1269 3632 1283 3655 ,
1328 3600 1386 3645 ut
1430 3589 1722 3645 secundum
1752 3604 1967 3645 carnem

454 3684 713 3749 vivamus,
745 3693 841 3737 etc.
871 3682 1056 3738 Contra
1089 3680 1393 3752 Pelagianos
1422 3680 1514 3753 (b).

378 3795 579 3846 Habitus
630 3797 679 3844 in
722 3794 915 3845 basilica
960 3792 1318 3906 wggggugie
1360 3792 1506 3844 natali
1546 3798 1805 3856 martyrum
1849 3792 1970 3843 noli-

452 3965 680 4021 CAPUT
732 3963 1013 4021 PRIMUM.
1057 3993 1129 4004 —
1180 3964 1230 4018 1.
1290 3961 1358 4017 In
1415 3960 1694 4033 Scripturis
1741 3962 1972 4032 quaedam

383 4058 575 4123 clausa,
605 4056 834 4127 qutedam
856 4065 1051 4127 aperta.
1075 4055 1237 4132 Verbi
1264 4054 1362 4110 Dei
1381 4054 1602 4110 altitudo
1627 4064 1843 4110 exercet
1860 4063 1973 4109 stu-

384 4148 549 4213 dium,
583 4163 687 4203 non
712 4147 936 4217 denegat
967 4147 1311 4202 intellectum.
1340 4147 1396 4202 Si
1423 4147 1564 4201 enim
1587 4148 1765 4202 omnia
1790 4148 1970 4202 clausa

384 4248 582 4303 essent,
614 4238 746 4292 nihil
775 4246 918 4293 esset
940 4237 1079 4292 unde
1104 4238 1469 4293 revelarcntur
1493 4237 1738 4292 obscura.
1766 4238 1971 4293 Rursus

385 4330 429 4383 si
459 4331 638 4384 omnia
668 4338 804 4384 tecta
833 4338 1032 4392 essent,
1057 4344 1163 4383 non
1190 4339 1334 4384 esset
1354 4329 1496 4385 unde
1516 4330 1824 4384 alimentum
1854 4346 1973 4400 per—

385 4423 585 4493 ciperet
604 4423 802 4489 anima,
825 4431 879 4478 et
900 4422 1121 4478 haberet
1139 4422 1279 4477 vires
1295 4423 1488 4492 quibus
1510 4432 1688 4492 posset
1709 4422 1774 4477 ad
1792 4422 1972 4479 clausa

388 4514 617 4586 pulsare.
652 4514 708 4569 ln
738 4514 1056 4569 lectionibus
1081 4514 1390 4583 apostolicis
1416 4513 1808 4583 superioribus,
1841 4528 1973 4584 quas

385 4603 643 4661 Charitati
665 4614 878 4669 vestrm,
906 4613 1159 4675 quantum
1185 4605 1439 4659 Dominus
1457 4604 1711 4675 adjuvare
1727 4604 1973 4675 dignatus

385 4704 501 4763 est,
528 4696 901 4767 exposuimus,
935 4696 1159 4750 multum
1190 4695 1423 4751 laborem
1467 4706 1521 4751 et
1559 4696 1972 4752 sollicitudinem

448 4800 465 4817 '
488 4801 755 4864 Castigatus
774 4799 832 4864 ad
870 4812 1041 4848 omnes
1062 4806 1168 4849 Mss.
1207 4804 1262 4849 et
1291 4798 1404 4848 Edd.
1442 4800 1494 4850 in
1525 4812 1753 4851 sermone
1792 4814 1975 4864 praece-

382 4861 516 4911 denti
540 4862 681 4923 modo
712 4862 1005 4923 designatos.

451 4924 523 4984 (ll)
550 4922 690 4982 Alias,
714 4923 778 4972 de
800 4922 972 4971 Verbis
994 4922 1199 4984 Apostoli
1225 4922 1299 4971 15.

447 4984 518 5046 (b)
542 4987 718 5034 nitatur
740 4997 767 5032 a
790 4984 917 5046 Beda
940 4992 992 5033 et
1030 4984 1165 5032 Floro
1186 4984 1247 5033 ad
1284 4991 1413 5033 ltom.
1436 4998 1533 5034 vm.
1562 4991 1614 5035 et
1639 4985 1699 5035 ad
1719 4985 1867 5038 Galat.
1904 5004 1970 5039 ru.

384 5054 558 5096 Locum
579 5046 808 5108 diemque
830 5045 982 5094 habiti
1015 5046 1272 5105 sermonis,
1296 5060 1445 5108 quem
1470 5046 1548 5095 hic
1571 5055 1809 5107 notamus,
1835 5051 1975 5101 exhi-

385 5110 489 5158 buit
514 5115 655 5157 vetus
677 5107 831 5156 codex
858 5114 937 5155 PP.
958 5107 1347 5156 Cisterciensium
1370 5108 1419 5156 in
1438 5107 1708 5157 Jerusalem
1739 5111 1804 5159 de
1827 5113 1971 5163 l‘rbe.

386 5178 528 5233 μοιτο
546 5168 877 5219 calendarium
898 5169 1276 5233 Carthaginense
1311 5171 1591 5233 nuperrime
1614 5180 1869 5233 repertum
1890 5188 1975 5225 na-

385 5232 536 5297 taI-itia
556 5238 833 5280 Sanctorum
857 5230 1177 5297 volitanorum
1200 5244 1291 5280 seu
1310 5230 1627 5297 {solitauorum
1657 5230 1871 5297 assignat
1894 5251 1975 5289 xv:

386 5293 475 5343 cal.
501 5307 612 5343 nov.
637 5299 701 5340 Ex
726 5306 825 5356 quo
840 5293 969 5342 diem
993 5292 1164 5356 babes,
1188 5306 1284 5356 non
1321 5293 1466 5356 hujus
1500 5292 1845 5356 tantummodo,
1884 5300 1974 5350 sed

388 5357 537 5427 etiam
556 5355 1208 5427 superiOris_serinonis,_qui
1228 5355 1513 5427 tertio_ante
1535 5357 1663 5406 hunc
1696 5358 1778 5427 die
1817 5355 1974 5427 dictus

386 5415 675 5479 intelligitur
711 5430 773 5465 ex
811 5415 907 5479 illis
927 5416 1091 5479 verbis
1113 5415 1190 5465 hic
1210 5430 1315 5479 cap.
1345 5418 1420 5476 15,
1453 5436 1475 5464 ιι
1493 5425 1594 5468 iam
1626 5420 1973 5473 nudiustertius

393 5496 417 5543 σι
436 5480 520 5543 qui
545 5478 779 5535 adfuistis,
802 5478 1017 5543 audistis,
1033 5492 1056 5521 an
1081 5486 1170 5543 etc.
1184 5478 1386 5543 necnon
1407 5482 1650 5543 sermonis
1669 5481 1730 5530 ΞΒ
1745 5484 1974 5543 (pronun-

388 5539 505 5599 tiati,
516 5543 831 5605 utrecentins
849 5540 1172 5605 didicimus,in
1182 5539 1380 5605 basilica
1394 5539 1824 5603 Theodosiana),"in
1838 5548 1973 5605 cujus

385 5606 545 5664 capite
568 5603 598 5651 8
614 5604 709 5651 iste
731 5610 896 5651 sermo
914 5601 1002 5650 156
1023 5603 1094 5650 sic
1115 5602 1369 5662 indicatur,
1391 5606 1557 5661 «Quod
1582 5601 1727 5653 etiam
1741 5601 1972 5657 hesterno

394 5681 427 5729 si
445 5665 528 5729 die
564 5664 1098 5729 commemoravimus.)
1144 5664 1423 5729 Adannum
1460 5679 1579 5729 vero
1600 5666 1687 5714 417
1723 5669 1973 5729 pertinere

391 5727 613 5794 videntur
640 5728 1020 5794 isti___serm_oaes,
1045 5725 1232 5794 sive_ad
1264 5725 1395 5794 idem
1430 5727 1621 5778 circiter
1650 5725 1845 5792 tempus
1874 5745 1972 5794 quo

386 5789 597 5854 Gaiptus
618 5795 694 5838 est
714 5788 841 5837 liber
862 5788 927 5837 de
948 5788 1101 5837 Gratia
1123 5787 1310 5837 Christi.

1793 330 2027 391 SERMO
2059 332 2239 391 CLVI.

2075 451 2217 520 passi
2246 464 2451 506 sumus.
2480 449 2952 523 Compatiebamur
2983 453 3134 510 vobis
3153 496 3169 523 ,
3200 463 3257 511 et
3297 457 3514 514 solliciti
3537 474 3659 516 era-

2072 558 2194 600 mus
2231 551 2287 600 et
2316 559 2414 615 pro
2441 545 2594 601 nobis
2622 554 2677 602 et
2702 561 2801 617 pro
2828 546 2999 605 vobis.
3044 547 3312 616 Quantum
3337 558 3516 607 autem
3544 551 3660 608 exi-

2073 638 2254 705 stimo,
2283 638 2485 708 adjuvit
2505 640 2761 696 Dominus
2785 648 2838 697 et
2860 656 2959 696 nos
2978 650 3033 697 et
3054 656 3179 707 vos;
3209 651 3262 698 et
3279 658 3343 698 ea
3362 659 3482 714 qua:
3510 659 3660 715 pror-

2070 746 2164 787 sus
2192 731 2500 786 diilicillima
2527 732 2871 799 videbantur,
2921 735 2999 790 sic
3042 750 3138 805 per
3176 749 3275 790 nos
3301 735 3535 792 enodare
3574 737 3660 793 di-

2069 830 2261 893 gnatus
2282 831 2385 889 est,
2409 831 2465 876 ut
2482 823 2625 877 nulla
2647 825 2871 893 quaestio
2892 836 3214 893 remaneret,
3237 842 3355 896 quae
3377 828 3662 885 conturbet

2070 922 2308 970 mentem
2334 916 2495 985 piam.
2527 914 2691 986 Impia
2719 917 2862 972 enim
2882 933 3037 973 mens
3058 918 3169 973 odit
3188 919 3347 975 etiam
3374 920 3547 990 ipsum
3573 921 3659 977 in-

2071 1004 2336 1062 tellectum
2359 1023 2372 1072 ;
2405 1014 2460 1061 et
2483 1006 2643 1061 homo
2662 1006 2947 1078 aliquando
2967 1010 3185 1064 nimium
3209 1020 3388 1066 mente
3406 1026 3659 1082 perversa
3736 1050 3739 1055 ν

2069 1098 2223 1154 timet
2248 1100 2563 1170 intelligere,
2596 1115 2663 1154 ne
2690 1107 2910 1171 cogatur
2934 1102 3076 1172 quod
3116 1104 3436 1159 intellexerit
3460 1104 3657 1162 facere.

2070 1188 2149 1244 De
2178 1190 2370 1272 talibus
2395 1191 2468 1245 ait
2495 1191 2738 1246 Psalmus
2762 1209 2775 1247 :
2810 1190 3098 1250 Noluerunt
3124 1194 3425 1266 intelligere,
3456 1204 3509 1249 ut
3536 1195 3662 1253 bene
3730 1238 3733 1241 -

2067 1291 2270 1353 agerent
2302 1283 2473 1355 (Psal.
2507 1300 2667 1350 xxxv,
2695 1283 2774 1355 4).
2806 1283 2914 1340 Vos
2939 1294 3139 1353 autem,
3169 1286 3466 1343 charissimi
3487 1330 3503 1355 ,
3535 1288 3659 1359 quia

2068 1373 2268 1429 bonum
2293 1386 2373 1430 est
2399 1376 2535 1432 bene
2555 1378 2755 1432 sentire
2776 1376 2842 1431 de
2868 1376 3040 1443 vobis,
3065 1378 3279 1448 exigitis
3305 1380 3656 1444 intellectum,

2067 1466 2229 1537 exigit
2264 1467 2404 1523 Deus
2430 1466 2680 1523 fructum.
2710 1466 3004 1522 Intellectus
3034 1468 3205 1532 enim,
3238 1466 3383 1524 sicut
3400 1471 3657 1541 scriptum

2068 1567 2170 1623 est,
2200 1560 2357 1613 bonus
2386 1561 2615 1615 omnibus
2637 1561 2935 1631 facientibus
2957 1576 3071 1613 eum
3095 1558 3263 1631 (Psal.
3289 1576 3383 1625 cx,
3408 1561 3521 1631 10).
3548 1563 3662 1619 lloo

2068 1658 2245 1706 tamen
2276 1651 2417 1721 quod
2447 1661 2613 1707 restat
2642 1662 2695 1707 et
2739 1652 2898 1707 hodie
2939 1653 3217 1706 recitatum
3259 1658 3370 1714 est,
3416 1653 3659 1721 quamvis

2068 1758 2175 1798 non
2207 1744 2397 1800 habeat
2425 1753 2623 1800 tantam
2654 1744 3047 1809 difﬁcultatem,
3077 1753 3327 1815 quantam
3360 1745 3662 1801 habuerunt

2070 1836 2366 1905 superiora,
2398 1852 2516 1908 quae
2539 1837 2672 1907 jam,
2698 1844 2755 1891 ut
2781 1837 3071 1907 potuimus,
3101 1832 3387 1905 adjuVante
3410 1837 3657 1903 Domino,

2069 1928 2356 1984 transvecti
2385 1944 2601 1995 sumus,
2645 1928 2917 1985 desiderat
2956 1938 3135 1983 tamen
3176 1930 3520 1984 intentionem
3564 1945 3659 1985 ve-

2068 2028 2233 2076 stram
2258 2039 2272 2074 :
2300 2022 2445 2077 velut
2472 2023 2613 2077 enim
2636 2024 2909 2079 conclusio
2931 2023 3006 2086 iit,
3034 2031 3250 2092 pr0pter
3270 2023 3357 2076 illa
3381 2038 3500 2093 qua:
3519 2022 3660 2080 dicta

2068 2123 2192 2167 sunt
2220 2112 2272 2167 in
2299 2115 2662 2183 superioribus
2693 2114 3011 2171 lectionibus
3031 2154 3047 2180 ,
3080 2114 3170 2169 ubi
3200 2114 3560 2182 laborabatur,
3593 2132 3661 2172 ne

2069 2204 2207 2262 forte
2236 2222 2359 2263 reus
2387 2209 2803 2264 constitueretur
2840 2208 3129 2280 Apostolus
3157 2209 3397 2264 omnium
3429 2209 3661 2279 quodam

2068 2297 2228 2352 modo
2258 2308 2597 2369 peccatorum
2639 2299 2896 2367 dicendo,
2951 2300 3073 2355 Non
3102 2301 3235 2354 enim
3258 2302 3393 2370 quod
3425 2302 3537 2355 υοιο
3562 2318 3661 2372 ago

2070 2386 2246 2457 (Rom.
2276 2403 2381 2456 vn,
2415 2390 2524 2459 15).
2552 2388 2754 2445 Deinde
2781 2405 2847 2446 ne
2874 2390 2961 2445 lex
2994 2389 3268 2445 videretur
3293 2399 3385 2446 aut
3413 2389 3661 2448 sufﬁcere

2068 2494 2228 2550 posse
2252 2480 2452 2536 homini
2478 2482 2694 2538 habenti
2721 2482 2946 2538 liberum
2973 2482 3274 2549 arbitrium,
3305 2484 3513 2539 etiamsi
3536 2484 3660 2539 nul-

2069 2570 2176 2626 lum
2217 2572 2353 2626 ultra
2392 2572 2645 2627 auxilium
2678 2573 2919 2629 divinum
2966 2575 3347 2644 porrigeretur,
3397 2584 3489 2631 aut
3515 2583 3663 2632 certe

2069 2660 2265 2716 frustra
2286 2661 2410 2717 data
2432 2661 2597 2719 fuisse
2625 2664 2955 2730 crederetur,
2979 2666 3118 2720 dicta
3139 2676 3221 2721 est
3241 2675 3296 2722 et
3318 2681 3476 2722 causa
3496 2682 3664 2738 quare

2070 2752 2139 2806 sit
2168 2752 2252 2807 lex
2281 2753 2402 2808 data
2423 2796 2439 2821 ,
2469 2756 2591 2825 quia
2618 2763 2673 2811 et
2701 2755 2813 2825 ipsa
2842 2756 2894 2811 in
2920 2756 3242 2827 adjutorium
3270 2757 3393 2812 data
3418 2766 3533 2825 est,
3565 2757 3663 2816 sed

2071 2860 2177 2902 non
2206 2846 2343 2902 sicut
2365 2848 2557 2917 gratia.

2142 2938 2365 3019 CAPUT
2405 2940 2468 2993 ll.
2504 2971 2575 2980 —
2599 2940 2653 2995 Ξ.
2683 2941 2791 2996 Lex
2819 2960 2908 2996 cur
2941 2944 3082 2997 data.
3127 2943 3319 2999 Gratia:
3343 2944 3659 3000 medicinalis

2070 3030 2358 3084 necessitas.
2418 3031 2546 3086 Data
2591 3041 2672 3088 est
2727 3034 2900 3099 enim,
2962 3036 3098 3090 sicut
3135 3036 3244 3106 jam
3285 3037 3659 3106 exposuimus,

2071 3128 2126 3175 et
2154 3128 2339 3176 tenere
2368 3120 2596 3188 debetis,
2624 3130 2680 3178 et
2706 3124 2855 3179 vobis
2882 3125 3251 3181 vehementius
3278 3136 3333 3181 et
3357 3126 3664 3197 diligentius

2071 3227 2172 3269 nos
2195 3213 2571 3271 commendare
2607 3215 2900 3283 debemus;
2934 3217 3054 3272 data
3098 3226 3184 3273 est-
3219 3227 3274 3272 ut
3316 3218 3577 3274 inveniret
3604 3233 3665 3275 se

2072 3302 2259 3371 homo,
2300 3321 2405 3361 non
2437 3314 2496 3360 ut
2520 3306 2740 3363 morbus
2769 3316 3069 3372 sanaretnr,
3110 3310 3203 3364 sed
3250 3318 3308 3364 ut
3345 3309 3665 3378 pmvaricao

2073 3396 2216 3451 tione
2244 3396 2434 3452 morbo
2455 3406 2729 3452 crescente
2754 3398 2991 3453 medicus
3013 3410 3345 3469 quaereretur
3368 3399 3588 3471 (Supra,
3609 3402 3665 3456 in

2074 3489 2243 3543 Serm.
2276 3490 2398 3553 155,
2436 3507 2490 3543 n.
2520 3490 2598 3561 4).
2627 3491 2692 3545 Et
2718 3491 2838 3561 quis
2867 3500 2949 3546 est
2978 3493 3076 3545 iste
3120 3492 3393 3558 medicus,
3441 3493 3542 3547 nisi
3572 3494 3664 3563 qui

2071 3580 2241 3635 dixit:
2279 3579 2400 3635 Non
2438 3590 2510 3635 est
2537 3597 2662 3651 Opus
2699 3583 2837 3636 sanis
2865 3584 3119 3648 medicus,
3153 3584 3240 3636 sed
3281 3585 3413 3637 male
3438 3584 3666 3639 habenti-

2074 3671 2164 3724 bus
2191 3668 2400 3741 (Matth.
2431 3686 2505 3724 ix.
2536 3669 2649 3741 12).
2680 3671 2779 3738 Qui
2808 3686 2936 3741 ergo
2973 3688 3081 3727 non
3120 3670 3403 3727 confitetur
3440 3673 3664 3728 Creato-

2073 3775 2224 3824 rem,
2270 3769 2426 3831 negat
2480 3760 3087 3832 superbusauctorem.
3134 3762 3233 3828 Qui
3280 3771 3458 3819 autem
3509 3773 3666 3833 negat

2073 3853 2442 3924 aegritudinem
2471 3868 2657 3919 suam,
2698 3853 3022 3925 superﬂuum
3062 3854 3264 3923 judicat
3307 3854 3661 3929 Salvatoreni.

2075 3944 2219 4016 Ergo
2264 3953 2319 4000 et
2356 3945 2407 3999 in
2436 3954 2631 4000 natura
2672 3954 2852 3999 nostra
2896 3944 3205 4000 Creatorem
3250 3945 3561 4011 laudemus;
3610 3958 3665 4005 et

2075 4046 2295 4108 propter
2337 4039 2525 4092 vitium
2570 4036 2711 4106 quod
2759 4037 2913 4092 nobis
2962 4036 3282 4103 indiximus,
3332 4038 3664 4095 Salvatorem

2076 4143 2395 4198 quaeramus.
2424 4130 2487 4182 Et
2508 4129 2774 4199 quomodo
2790 4129 3075 4199 qttzcrimns
3096 4130 3459 4185 Salvatorem?
3488 4131 3555 4186 Ut
3573 4133 3667 4188 det

2076 4220 2288 4290 legem?
2316 4222 2506 4275 Parnm
2545 4230 2663 4275 est:
2699 4222 2759 4276 Si
2784 4223 2915 4276 enim
2946 4206 3066 4277 data
3092 4233 3213 4279 esset
3249 4224 3332 4278 lea:
3362 4241 3473 4295 qua:
3499 4220 3666 4294 posset

2076 4314 2346 4382 viviﬁcare,
2371 4314 2573 4367 omnino
2598 4323 2722 4368 esset
2752 4331 2813 4368 ea:
2840 4314 2946 4385 lege
2964 4316 3184 4385 justitia.
3218 4314 3273 4370 Si
3301 4332 3425 4386 ergo
3452 4320 3557 4370 non
3580 4328 3665 4374 est

2076 4406 2195 4460 data
2224 4407 2307 4461 lex
2330 4422 2446 4476 qua:
2472 4417 2651 4477 posset
2676 4408 2963 4474 vivificare,
2994 4424 3155 4475 quare
3179 4408 3299 4463 data
3321 4409 3441 4465 est?
3469 4410 3665 4479 Sequi-

2078 4508 2187 4565 tur,
2218 4508 2271 4553 ct
2296 4500 2527 4554 ostendit
2546 4516 2710 4570 quare
2729 4501 2797 4555 sit
2823 4500 2942 4554 data
2969 4518 2981 4554 :
3012 4504 3133 4570 quia
3156 4501 3313 4555 etiam
3336 4502 3413 4555 sic
3434 4502 3486 4555 in
3512 4501 3665 4571 adju-

2080 4591 2272 4646 toriuui
2303 4591 2423 4645 data
2452 4600 2565 4655 est,
2609 4607 2675 4645 ne
2716 4599 2766 4646 te
2806 4607 2993 4645 sanum
3026 4601 3256 4661 putares.
3291 4591 3353 4646 Si
3387 4607 3514 4660 ergo
3542 4592 3665 4647 data

2078 4699 2200 4741 esset
2239 4689 2350 4753 lex,
2383 4703 2496 4757 qua:
2533 4696 2697 4759 posset
2739 4687 3024 4754 vivi/icore,
3055 4688 3258 4741 omnino
3294 4702 3357 4740 ex
3393 4687 3500 4756 lege
3538 4695 3666 4741 esset

2068 4778 2291 4848 justitia.
2322 4778 2390 4833 Et
2415 4780 2565 4849 quasi
2592 4794 2954 4849 quaereremus
2974 4820 2988 4844 ,
3017 4778 3191 4847 Quare
3223 4793 3350 4845 ergo
3388 4778 3508 4832 data
3544 4778 3666 4834 est?

2081 4868 2187 4924 Sed
2216 4870 2482 4933 conclusit,
2515 4869 2704 4938 inquit,
2734 4868 3004 4939 Scriptura
3030 4869 3198 4921 omnia
3220 4869 3312 4922 sub
3339 4877 3577 4939 peccato,
3608 4879 3667 4923 ut

2079 4962 2344 5032 promissio
2371 4977 2434 5015 ea:
2462 4961 2564 5030 ﬁde
2588 4961 2712 5015 Jesu
2748 4960 2932 5015 Christi
2959 4961 3164 5014 daretur
3191 4959 3506 5015 credentibus
3531 4959 3665 5031 (Ga-

2080 5054 2173 5109 lat.
2202 5069 2279 5120 ιιι,
2301 5053 2391 5115 21.
2420 5053 2538 5123 2‘2).
2564 5051 2787 5120 Quando
2812 5052 2963 5106 audis
2983 5050 3386 5121 promissorem,
3412 5058 3673 5120 exspecta

2082 5143 2352 5200 factorem.
2389 5144 2579 5200 Idonea
2610 5142 2710 5199 fuit
2735 5144 2961 5199 humana
2988 5150 3176 5197 natura
3206 5157 3300 5212 per
3326 5141 3550 5197 liberum
3578 5156 3682 5215 ιιι-ο,

2078 5236 2294 5292 bitrium
2328 5237 2612 5292 vulnerare
2641 5251 2699 5292 se
2729 5254 2743 5291 :
2774 5234 2867 5290 sed
2905 5236 3014 5304 jam
3049 5233 3322 5289 vulnerata
3352 5241 3408 5288 et
3450 5233 3665 5302 saucia,

2079 5345 2186 5385 non
2223 5338 2307 5385 est
2335 5329 2523 5384 idonea
2563 5343 2657 5397 per
2695 5327 2921 5382 liberum
2958 5325 3234 5381 arbitrium
3262 5340 3453 5383 sanare
3490 5340 3569 5381 se.
3609 5326 3681 5397 Si.

2079 5421 2221 5476 enim
2258 5420 2493 5475 volneris
2531 5420 2950 5487 intemperanter
2988 5417 3165 5472 vivere
3205 5424 3264 5472 ut
3305 5425 3567 5488 agrotes,
3598 5418 3668 5473 ad

2082 5515 2181 5567 hoc
2224 5513 2489 5567 medicum
2536 5524 2640 5565 non
2680 5507 2950 5579 requiris:
2991 5508 3057 5562 ad
3099 5508 3270 5564 labem
3314 5506 3515 5563 sufﬁcis
3548 5507 3665 5563 tibi.

2079 5604 2209 5658 Cum
2250 5612 2430 5658 autem
2454 5604 2871 5671 intemperanter
2895 5614 3058 5670 agens
3082 5599 3310 5670 cmperis
3343 5613 3463 5655 esse
3490 5614 3666 5670 aegro-

2082 5703 2184 5758 tus,
2215 5710 2321 5749 non
2348 5694 2425 5749 sic
2456 5702 2605 5764 potes
2629 5692 2697 5747 ab
2719 5690 3030 5764 {egritudine
3055 5690 3282 5747 liberare
3300 5699 3369 5757 te,
3398 5689 3669 5762 quomodo

2082 5784 2299 5861 potuisti
2329 5800 2423 5859 per
2454 5784 2917 5857 intemperantiam
2948 5792 3000 5841 te
3026 5783 3080 5839 in
3123 5782 3493 5855 aegritudinem
3523 5795 3668 5857 prte-
