3978 6450
443 287 545 345 85!

444 386 688 473 cipitare.
714 396 784 454 Et
810 404 991 455 tamen
1019 393 1259 451 medicus
1284 392 1602 468 etiamlsano
1624 393 1868 465 praecipit
1893 402 2031 450 tem-

803 492 985 545 ,σου
1006 484 1259 543 meum
1280 476 1391 541 to:
1422 484 1585 552 aut,
1632 498 1741 541 non
1767 485 1882 540 vult
1912 496 2035 543 esse

442 584 785 644 mariue
799 580 1105 653 egrotanti.
1124 576 1216 636 Sic
1232 579 1393 635 etiam
1417 578 1669 634 Dominus
1688 578 1835 635 Deus
1852 584 2034 634 creato

442 678 648 737 homini
687 677 805 732 sine
824 676 960 732 vitio
998 672 1408 745 temperantiam
1450 671 1745 744 Μάρθα
1782 672 2033 744 dignatus

439 779 561 827 est:
582 782 743 840 quam
771 767 827 823 si
872 767 961 823 ille
984 772 1292 832 servasset,
1321 764 1588 821 medicum
1619 773 1802 836 postea
1843 763 2033 822 morbo

440 872 545 916 suo
568 873 673 915 non
694 857 1045 915 desideraret.
1070 856 1176 913 Sed
1200 856 1322 927 quia
1344 868 1454 913 non
1472 855 1725 921 servavit,
1751 855 2033 926 languidus

439 949 614 1007 factas
635 960 748 1018 est,
780 951 1005 1015 cecidit;
1038 949 1280 1005 inﬁmus
1307 949 1508 1004 creavit
1534 949 1797 1016 intimas,
1827 948 1885 1004 id
1904 956 1991 1004 est
2012 991 2028 1017 ,

438 1042 688 1100 inﬁrmus
727 1044 913 1114 genuit
941 1041 1201 1096 infirmos.
1231 1041 1299 1096 Et
1327 1050 1505 1097 tamen
1557 1041 1611 1096 in
1648 1041 1898 1097 omnibus
1937 1040 2030 1112 qui

440 1145 736 1191 nascuntur
800 1136 1026 1190 infirmis
1062 1134 1203 1189 Deus
1229 1134 1367 1204 quod
1395 1134 1591 1189 bonum
1629 1143 1713 1189 est
1739 1140 2027 1204 operatur,

432 1228 720 1283 territando
746 1242 940 1298 corpus
958 1268 974 1295 ,
1004 1226 1323 1282 viviﬁcando
1346 1240 1577 1295 corpus,
1610 1211 1858 1280 alimenta
1888 1238 2030 1295 prat-

439 1319 648 1386 beudn,
681 1320 911 1389 pluviam
941 1333 1092 1373 suam
1122 1328 1177 1373 et
1200 1319 1372 1374 solem
1406 1332 1560 1373 suum
1599 1332 1760 1388 super
1783 1318 1953 1374 honos
1975 1328 2025 1374 et

439 1411 610 1466 malos
647 1410 863 1465 dando:
908 1426 1013 1466 non
1052 1420 1136 1464 est
1171 1408 1313 1464 unde
1360 1417 1612 1465 accusent
1650 1408 1882 1474 bonum,
1928 1423 2031 1465 nec

436 1505 584 1559 mali.
619 1503 839 1573 Insuper
862 1503 1022 1559 etiam
1043 1518 1214 1573 genus
1238 1502 1527 1557 humanum
1543 1502 1691 1572 justo
1714 1516 1813 1558 suo
1828 1501 2029 1572 judicio

434 1596 851 1652 condemnatum
878 1596 1047 1651 noluit
1071 1596 1123 1648 in
1152 1595 1424 1651 interitum
1446 1594 1831 1664 sempiternum
1862 1592 2027 1647 relin-

428 1701 636 1758 quere:
666 1687 760 1742 sed
786 1687 931 1742 misit
954 1696 1009 1742 et
1028 1686 1314 1753 medicum,
1337 1686 1485 1742 misit
1502 1686 1855 1749 Salvatorem,
1883 1684 2030 1739 misit

432 1796 563 1838 eum
590 1782 681 1851 qui
703 1782 871 1852 gratis
898 1788 1140 1847 sanaret;
1169 1795 1358 1851 parum
1388 1788 1471 1836 est
1493 1780 1580 1851 qui
1605 1780 1770 1850 gratis
1792 1770 2024 1845 Sanaret,

430 1876 527 1946 qui
548 1875 750 1930 sanatis
771 1875 931 1930 etiam
954 1873 1260 1930 mercedem
1282 1874 1453 1929 daret.
1475 1873 1617 1928 Nihil
1638 1872 1761 1928 addi
1783 1871 1848 1926 ad
1869 1871 2028 1927 istam

434 1965 861 2023 benevolentiam
891 1973 1086 2036 potest.
1129 1965 1259 2034 Quis
1284 1972 1367 2021 est
1391 1965 1482 2036 qui
1507 1964 1648 2020 dicat
1669 1963 1907 2021 aSanem
1937 1972 2024 2032 te,

432 2066 499 2114 et
527 2058 598 2113 do
635 2059 729 2114 tibi
767 2058 1067 2114 mercedem
1085 2058 1111 2112 ‘I
1136 2058 1349 2128 Optime
1386 2056 1529 2112 fecit.
1558 2056 1771 2111 Sciebat
1797 2054 1937 2110 enim
1967 2066 2028 2110 se

430 2151 654 2207 divitem
675 2153 885 2207 venisse
904 2149 970 2206 ad
994 2165 1279 2221 pauperem
1304 2166 1319 2204 :
1345 2156 1400 2205 et
1418 2156 1572 2205 sanat
1595 2157 1841 2219 :cgrotos,
1864 2154 1918 2203 et
1941 2161 2029 2202 sa-

432 2243 577 2299 natis
600 2242 793 2304 donat,
822 2250 880 2296 et
911 2256 1021 2296 non
1049 2240 1191 2297 aliud
1217 2255 1379 2312 quam
1408 2255 1466 2296 se
1489 2240 1662 2309 ipsum
1690 2239 1874 2294 donat.
1910 2237 2030 2294 Sal-

430 2345 693 2399 uatorest
715 2334 1038 2405 adiutorium
1069 2334 1337 2407 languidi,
1365 2333 1483 2405 ipse
1507 2332 1752 2391 Salvator
1777 2342 1861 2389 est
1884 2346 2026 2403 prte-

429 2428 602 2483 mium
627 2428 819 2483 sanati.

434 2550 441 2553 ι
511 2516 742 2575 CAPUT
780 2517 869 2573 ιιι.
892 2545 965 2560 -—-
991 2515 1538 2588 5.Legeutilegitime.
1560 2513 1671 2570 Lea:
1697 2514 2024 2587 paedagogus.

432 2636 514 2657 υ-
539 2609 700 2683 Ergo,
727 2611 931 2686 fratres,
963 2609 1115 2681 quod
1137 2608 1298 2665 hodie
1320 2607 1577 2664 admoniti
1602 2608 1751 2671 estis,
1784 2606 2030 2662 debitores

428 2718 611 2763 mus
630 2720 733 2759 non
759 2705 922 2769 carni,
949 2713 1006 2759 ut
1030 2703 1306 2759 secundum
1332 2714 1534 2756 carnem
1553 2701 1799 2755 vivamus.
1820 2697 1901 2754 Ad
1922 2698 2029 2756 hoc

381 2833 386 2837 -
432 2810 581 2853 enim
613 2797 779 2868 adiuti
806 2810 1022 2863 sumus,
1052 2795 1117 2851 ad
1145 2795 1248 2851 hoc
1280 2794 1537 2865 Spiritum
1567 2794 1658 2849 Dei
1688 2791 1990 2864 accepimus
2009 2837 2025 2863 ,

435 2888 503 2943 ad
535 2890 636 2945 hoc
665 2890 824 2945 etiam
863 2890 915 2943 in
946 2888 1220 2944 laboribus
1249 2887 1446 2942 nostris
1475 2885 1840 2956 quotidianum
1872 2884 2019 2955 adin-

434 2982 632 3036 torium
673 2981 1024 3050 postulamus.
1066 2979 1182 3034 Lex
1218 2979 1307 3034 cui
1343 2978 1579 3033 minatur
1610 2991 1713 3031 non
1758 2976 2028 3046 implendo

433 3071 579 3144 quod
605 3072 774 3142 jubet,
804 3087 925 3127 eum
963 3070 1087 3125 facit
1120 3084 1240 3126 esse
1265 3069 1364 3123 sub
1390 3083 1482 3123 se:
1515 3068 1570 3122 hi
1599 3067 1844 3121 suntsub
1868 3068 1984 3138 lege
2007 3109 2023 3134 ,

433 3175 546 3219 nos
568 3163 672 3218 sub
693 3164 882 3235 gratia.
913 3162 1061 3233 Bona
1082 3170 1157 3215 est
1185 3161 1286 3227 lex,
1318 3161 1362 3213 si
1386 3160 1499 3228 quis
1528 3175 1585 3214 ea
1615 3159 1832 3225 legitime
1855 3168 2029 3213 utatur

432 3254 482 3325 (ἰ
506 3253 641 3309 Tim.
674 3270 712 3321 ι,
738 3254 817 3323 8).
846 3253 984 3321 Quid
1009 3262 1091 3307 est
1113 3264 1242 3320 ergo
1266 3249 1501 3320 legitime
1530 3250 1605 3303 uti
1630 3249 1792 3320 lege?
1817 3250 1922 3303 Per
1938 3249 2027 3304 ie-

432 3361 553 3419 gum
577 3352 867 3417 agnoscere
895 3344 1139 3399 morbum
1166 3356 1323 3398 suum
1343 3382 1357 3406 ,
1389 3349 1446 3396 ct
1469 3356 1709 3412 quwrere
1734 3340 1801 3395 ad
1829 3341 2029 3395 sanita-

429 3446 541 3495 tum
567 3438 802 3495 divinum
827 3437 1168 3507 adiutorium.
1189 3436 1346 3503 Quia,
1369 3435 1506 3490 sicut
1529 3435 1655 3500 dixi,
1689 3441 1745 3490 et
1767 3449 1912 3504 stcpe
1939 3433 2025 3490 di-

431 3529 660 3587 cendum
689 3539 805 3597 est,
852 3529 912 3585 Si
955 3528 1038 3583 lex
1070 3537 1234 3599 posset
1259 3527 1544 3595 uiuiﬁcare,
1587 3526 1789 3580 omnino
1816 3543 1881 3581 ea:
1919 3526 2029 3598 lege

431 3629 561 3676 esset
594 3619 834 3690 iustitio:
859 3634 959 3675 nec
999 3627 1332 3690 quaereretur
1364 3617 1630 3683 salvator,
1678 3632 1778 3672 nec
1818 3617 2027 3673 veniret

431 3712 700 3780 Christus,
729 3728 828 3768 nec
854 3711 1112 3783 sanguine
1137 3724 1235 3767 suo
1268 3722 1422 3765 ovem
1452 3708 1708 3779 perditam
1737 3717 2021 3779 quareret.

430 3802 523 3861 lie
557 3805 702 3861 enim
738 3804 871 3861 dicit
902 3803 1007 3858 alio
1042 3803 1161 3858 loco
1194 3801 1337 3857 idem
1361 3801 1671 3872 apostolus:
1704 3800 1842 3856 Nam
1866 3802 1910 3857 si
1934 3814 2026 3873 per

431 3898 593 3971 legem
618 3897 835 3965 iustitia,
863 3910 981 3968 ergo
1004 3893 1237 3951 Christus
1264 3894 1420 3966 gratis
1458 3903 1687 3949 mortuus
1714 3903 1787 3949 est
1826 3888 2020 3967 (Calai.

431 4000 492 4054 tt,
520 3989 636 4061 91).
671 3990 801 4055 Qua-1
828 3987 988 4059 igitur
1010 3988 1215 4044 utilitas
1244 3987 1395 4058 legis,
1424 3995 1482 4042 et
1501 3984 2024 4058 quod-adiutorium?

430 4079 569 4148 Quia
585 4078 830 4134 conclusit
869 4079 1140 4150 Scriptura
1167 4079 1336 4133 omnia
1360 4077 1451 4133 sub
1476 4086 1697 4150 peccato,
1726 4086 1783 4132 ut
1804 4078 2022 4148 promis-

430 4175 509 4229 sio
533 4189 597 4228 ea:
623 4173 725 4242 ﬁde
752 4172 878 4228 Iesu
897 4172 1087 4228 Christi
1112 4173 1320 4228 daretur
1345 4172 1677 4227 credentibus.
1706 4169 1890 4243 Itaque
1916 4171 2018 4239 lex,

428 4264 631 4336 liquit,
660 4266 966 4338 pwdagogus
986 4273 1157 4320 noster
1181 4273 1287 4319 erat
1319 4265 1374 4318 in
1411 4262 1611 4320 Christo
1636 4262 1763 4317 Iesu
1792 4260 1900 4334 (Id.
1928 4278 2018 4330 In,

428 4356 548 4428 24).
572 4352 667 4413 Ἐκ
707 4359 806 4413 ista
835 4358 1181 4414 similitudine
1225 4372 1339 4412 rem
1381 4352 1449 4413 de
1476 4370 1578 4427 qua
1603 4355 1811 4426 loquor,
1843 4363 2020 4411 atten-

428 4448 560 4505 dite.
590 4448 914 4520 Ptcdagogus
945 4464 1164 4518 puerum
1194 4466 1298 4503 non
1324 4447 1469 4504 ducit
1492 4447 1558 4502 ad
1584 4461 1645 4501 se
1679 4447 1885 4518 ipsum,
1925 4444 2047 4524 sed-

429 4542 499 4598 ad
521 4543 830 4615 magistrum
856 4560 870 4597 :
898 4542 994 4598 sed
1019 4559 1139 4599 cum
1161 4557 1295 4612 puer
1313 4540 1451 4598 bene
1478 4541 1752 4597 institutus
1767 4540 1878 4612 iam
1898 4556 2019 4597 cre-

428 4635 589 4700 verit,
620 4637 720 4692 sub
746 4637 1031 4708 pmdagogo
1058 4651 1165 4691 non
1186 4636 1307 4692 erit.

493 4726 724 4787 CAPUT
761 4727 850 4786 IV.
886 4757 961 4770 —
990 4730 1043 4784 4.
1085 4728 1235 4799 Legis
1282 4728 1495 4783 utilitas.
1534 4726 1795 4782 'l'raCtans
1833 4724 1903 4783 de
1930 4726 2018 4782 his

429 4819 721 4889 Apostolus
748 4820 910 4876 etiam
955 4821 1063 4876 alio
1102 4821 1220 4875 loco
1249 4838 1264 4875 :
1292 4820 1448 4875 valde
1483 4819 1626 4875 enim
1657 4818 1870 4874 assidue
1916 4818 2019 4875 hoc

426 4912 800 4977 eelttmendat;
830 4912 924 4968 sed
952 4914 1154 4967 utinam
1185 4925 1293 4966 non
1321 4909 1517 4966 surdis.
1543 4908 1895 4965 Commendat
1918 4922 2019 4964 au-

426 5010 537 5057 tem
565 5001 669 5057 hoc
694 5002 928 5066 assidue,
959 5001 1343 5058 commendans
1369 5001 1527 5058 tidem
1570 5000 1862 5068 Gentibus;
1894 5000 2018 5072 quia

425 5091 533 5148 ﬁde
570 5091 858 5163 isnpetrant
898 5093 1241 5164 adiutorium,
1288 5100 1349 5147 ut
1387 5090 1643 5162 impleant
1678 5091 1875 5163 legem,
1902 5102 2018 5147 non

421 5196 522 5254 pa
538 5182 730 5254 legem,
751 5183 847 5239 sed
872 5185 1018 5240 vires
1038 5183 1292 5254 implendi
1320 5183 1669 5252 impetrantes
1696 5196 1797 5254 per
1819 5182 2007 5238 tidem:

424 5272 496 5328 ad
536 5271 645 5329 hoc
666 5274 882 5331 assidue
905 5274 1035 5330 dicit
1071 5282 1126 5330 et
1154 5273 1494 5330 commendat
1538 5274 1639 5329 ista
1683 5273 1972 5345 Apostolus
1996 5315 2014 5344 ,

423 5373 647 5437 promer
669 5365 905 5431 lodices,
940 5366 1036 5437 qui
1074 5366 1144 5422 de
1184 5367 1301 5438 lege
1343 5366 1727 5437 gloriabantur,
1764 5374 1820 5422 et
1844 5366 2017 5423 libero

423 5466 526 5515 ηο
544 5456 767 5514 arbitrio
791 5459 963 5530 legem
987 5458 1236 5515 sufﬁcere
1250 5459 1646 5515 arbitrabantur
1674 5476 1689 5514 :
1714 5472 1775 5515 ac
1796 5472 1894 5529 per
1914 5459 2016 5515 hoc

423 5553 549 5624 quia
572 5551 743 5608 libero
770 5566 870 5608 suo
886 5553 1113 5611 arbitrio
1134 5556 1303 5627 legem
1327 5554 1571 5613 sullicere
1598 5553 2012 5623 arbitrabantur,

422 5642 730 5716 Ignorantia
754 5642 852 5700 Dei
872 5645 1145 5717 justitiam,
1180 5647 1233 5703 id
1257 5657 1360 5715 est,
1388 5645 1461 5703 es
1486 5647 1593 5703 ﬁde
1632 5646 1890 5717 justitiam
1916 5646 2013 5702 da-

421 5744 533 5797 tam
556 5751 589 5797 a
611 5738 743 5809 Deo,
770 5745 822 5799 et
847 5752 992 5798 suam
1016 5740 1237 5800 volentes
1276 5750 1516 5815 statuae,
1556 5738 1711 5816 quasi
1736 5737 1848 5800 suis
1879 5739 2014 5798 viri-

1686 279 1745 338 S.
1785 275 2153 369 AUGUSTINI
2189 280 2492 343 EPISCOPI

2145 392 2249 454 bus
2275 398 2571 473 impletum,
2595 414 2704 457 non
2728 400 2991 459 clamante
3011 401 3116 459 fide
3141 402 3499 481 impetratam,
3513 405 3734 485 iustitia

2140 487 2259 558 Dei,
2304 490 2442 548 sicut
2481 491 2630 562 dicit,
2678 509 2780 550 non
2821 502 2939 551 sunt
2975 494 3204 567 subjecti.
3255 493 3404 552 Finis
3432 498 3567 553 enim
3608 498 3733 577 legis

2139 579 2391 650 Christus,
2420 583 2515 651 ait,
2543 583 2615 639 ad
2643 584 2900 657 justitiam
2926 589 3066 642 omni
3092 586 3317 642 credenti
3351 586 3529 663 (Rom.
3561 605 3623 655 ι,
3658 588 3727 659 3,

2140 673 2218 745 4).
2249 674 2390 747 Ergo
2420 690 2539 732 cum
2568 676 2636 735 de
2660 677 2744 734 his
2770 687 2980 746 tractat,
3012 680 3258 753 opposuit
3287 681 3411 747 sibi,
3442 680 3583 748 Quid
3610 699 3727 757 ergo

2139 767 2264 823 lex!
2288 766 2471 837 Quasi,
2499 770 2629 841 Quae
2674 772 2870 829 utilitas
2892 774 3025 847 legis
3044 774 3073 829 τ
3098 774 3391 846 Respondit
3421 795 3437 836 :
3472 773 3751 859 Prasiae.

2137 860 2349 917 elationis
2376 864 2542 934 gratia
2568 864 2730 933 posita
2759 874 2849 921 est.
2884 866 2995 923 Hoc
3018 873 3099 927 cst
3124 868 3265 941 quod
3291 869 3419 929 dicit
3443 867 3593 939 alibi,
3616 866 3727 927 Le:

2134 952 2450 1019 subintraoit,
2479 964 2534 1010 ut
2552 958 2830 1012 abundaret
2849 957 3107 1015 delictum.
3140 957 3209 1017 Et
3237 959 3306 1015 ibi
3326 959 3454 1032 quid
3479 959 3728 1017 addidit?

2138 1040 2238 1098 Ubi
2265 1054 2432 1100 autem
2474 1048 2747 1103 abundavit
2790 1048 3046 1115 delictum,
3087 1049 3513 1120 superabundavit
3554 1050 3730 1127 gratia

2136 1133 2248 1205 (Id.
2269 1152 2325 1199 γ,
2355 1136 2472 1208 ευ).
2518 1138 2652 1206 Quia
2681 1141 2733 1196 in
2765 1142 2963 1198 leviore
2998 1140 3311 1214 aegritudine
3337 1144 3726 1203 contemneba-

2132 1232 2225 1280 tur
2244 1227 2563 1298 adiutorium
2612 1230 2891 1287 medicina:
2922 1250 2937 1288 :
2970 1232 3137 1288 crevit
3166 1233 3405 1301 morbus,
3449 1242 3502 1290 et
3531 1234 3728 1309 quaesi-

2128 1324 2221 1374 tus
2245 1328 2328 1376 est
2352 1322 2607 1379 medicus.
2639 1321 2777 1390 Quid
2802 1340 2919 1397 ergo
2941 1326 3062 1382 lex?
3088 1325 3531 1385 Prwvaricationis
3560 1329 3728 1399 gratia

2134 1412 2299 1481 posita
2359 1421 2434 1467 est
2464 1414 2651 1471 :unde
2708 1414 3077 1473 humiliarctur
3135 1421 3310 1475 cervix
3367 1421 3725 1494 superborum

2130 1503 2357 1558 multum
2405 1505 2503 1561 sibi
2553 1508 2915 1575 tribuentium,
2957 1518 3012 1567 et
3058 1512 3315 1569 voluntati
3362 1529 3473 1571 sure
3518 1523 3727 1572 tantum

2133 1599 2514 1667 arrogantium,
2543 1610 2603 1656 ut
2641 1601 2740 1658 sibi
2778 1602 3005 1658 liberum
3046 1604 3324 1661 arbitrium
3368 1622 3525 1679 posse
3566 1614 3731 1683 puta-

2131 1701 2253 1745 rent
2293 1691 2359 1747 ad
2397 1692 2655 1762 justitiam
2706 1692 2952 1752 sumcere
2984 1712 3000 1752 :
3030 1712 3149 1769 qua:
3197 1706 3322 1754 tunc
3366 1696 3581 1771 quando
3610 1707 3730 1756 erat

2130 1780 2335 1854 integra
2376 1783 2638 1853 libertate,
2681 1787 2734 1842 id
2764 1795 2865 1855 est,
2901 1788 2954 1842 in
3001 1787 3265 1859 paradiso,
3309 1789 3544 1846 ostendit
3581 1792 3730 1848 vires

2130 1885 2275 1941 suas,
2299 1875 2532 1931 ostendit
2559 1885 2810 1948 quantum
2838 1888 3073 1948 possent,
3101 1876 3195 1935 sed
3224 1878 3291 1934 ad
3313 1879 3597 1949 mendum,
3616 1896 3730 1938 non

2128 1964 2198 2019 ad
2221 1966 2566 2036 surgendum.
2597 1967 2706 2024 Lex
2741 1984 2870 2040 ergo
2897 1971 3324 2039 prtvvaricatiom‘s
3350 1972 3516 2044 gratia
3556 1980 3731 2049 posita

2128 2064 2223 2124 est,
2257 2056 2414 2112 donec
2441 2059 2626 2113 veniret
2655 2076 2822 2115 semen
2861 2061 2946 2115 cui
2972 2063 3276 2133 promissum
3301 2071 3393 2130 est,
3424 2063 3731 2136 dispositum

2128 2164 2221 2220 per
2250 2148 2467 2219 Angelos
2499 2151 2554 2205 in
2585 2168 2737 2206 manu
2766 2147 3079 2208 Mediatoris.

2199 2239 2429 2298 CAPUT
2468 2241 2533 2298 Ὺ.
2565 2273 2637 2283 —
2671 2243 2725 2300 5.
2774 2243 3073 2299 Mediatoris
3105 2244 3393 2301 necessitas.
3423 2241 3581 2300 Fides
3606 2243 3734 2302 latt-

2130 2332 2315 2387 debilis
2350 2350 2465 2406 qua
2499 2336 2585 2389 sit.
2625 2365 2698 2375 ——
2723 2333 2979 2391 Mediator
3011 2344 3180 2391 auum
3237 2338 3388 2391 unius
3438 2350 3543 2395 non
3601 2345 3678 2394 est
3706 2354 3736 2395 :

2130 2422 2272 2480 Deus
2296 2435 2461 2481 auum
2479 2442 2613 2482 unus
2628 2436 2704 2481 est
2732 2425 2929 2498 (Colat.
2954 2444 3034 2494 ιιι,
3065 2427 3152 2495 19,
3174 2428 3292 2500 20).
3317 2428 3456 2497 Quid
3480 2438 3584 2497 est,
3612 2428 3735 2487 le-

2133 2516 2301 2571 diator
2323 2518 2472 2572 unius
2491 2532 2591 2572 non
2618 2519 2733 2573 est!
2756 2518 2889 2585 Quia
2909 2520 3050 2575 inter
3069 2519 3204 2575 duos
3232 2520 3423 2590 utique
3456 2520 3735 2577 mediator

2130 2616 2234 2664 est.
2265 2608 2322 2665 Si
2370 2623 2508 2663 unus
2548 2617 2635 2664 est
2658 2609 2820 2675 Deus,
2866 2618 2922 2665 et
2950 2609 3215 2665 mediator
3254 2625 3361 2665 non
3401 2618 3485 2666 est
3520 2611 3730 2680 unius;

2133 2699 2276 2754 inter
2295 2699 2422 2770 quid
2450 2708 2506 2754 et
2530 2700 2698 2756 Deum
2728 2701 3016 2772 quaerimus
3041 2699 3391 2757 mediatorem
3411 2701 3437 2757 τ
3460 2702 3583 2772 quia
3612 2717 3732 2757 stae-

2130 2792 2302 2847 diator
2328 2795 2481 2847 unius
2516 2808 2621 2849 non
2656 2803 2749 2863 est,
2779 2793 2921 2851 Deus
2941 2803 3109 2850 autem
3138 2811 3270 2851 unus
3302 2803 3395 2851 est.
3424 2793 3574 2850 Inter
3594 2794 3734 2866 quid

2129 2892 2186 2939 et
2204 2883 2332 2954 quid
2358 2884 2429 2939 sit
2444 2885 2726 2953 mediator,
2749 2886 3048 2942 invenimus
3067 2887 3186 2956 ipso
3212 2886 3469 2956 Apostoio
3484 2885 3729 2954 dicente;

2135 2973 2301 3031 Unius
2327 2974 2461 3031 enim
2493 2975 2650 3040 Deus,
2698 2985 2744 3031 et
2786 2993 2918 3032 unus
2940 2977 3188 3032 mediator
3223 2976 3331 3038 Dei
3356 2986 3403 3032 et
3423 2976 3729 3046 haustuum,

2134 3065 2286 3120 homo
2321 3063 2551 3122 Christus
2575 3065 2727 3121 Iesus
2759 3066 2804 3141 (Ι
2833 3066 2965 3121 Tim.
3006 3082 3067 3135 ιι,
3112 3065 3190 3140 5).
3234 3067 3294 3123 Si
3323 3082 3431 3122 non
3470 3066 3689 3137 iaceres
3711 3109 3729 3134 ,

2128 3158 2481 3214 mediatorum
2508 3158 2870 3214 necessarium
2899 3172 3009 3213 non
3035 3158 3259 3214 haberes
3287 3174 3303 3214 :
3332 3159 3455 3230 quia
3478 3172 3608 3215 vero
3632 3158 3729 3227 ia-

2130 3266 2243 3316 ces,
2268 3261 2324 3308 et
2360 3267 2578 3323 surgere
2596 3268 2705 3308 non
2734 3261 2907 3324 potes,
2930 3252 3279 3308 mediatorum
3304 3251 3534 3323 quodam
3558 3250 3730 3308 modo

2132 3344 2272 3400 Deus
2304 3345 2397 3399 tibi
2429 3347 2669 3415 porrexit
2695 3345 2972 3401 brachium
3004 3360 3181 3400 suum.
3216 3344 3281 3399 Et
3322 3344 3583 3399 brachium
3607 3343 3732 3400 Do-

2131 3437 2258 3491 mini
2276 3437 2359 3490 cui
2386 3437 2654 3491 revellimus
2676 3446 2751 3492 est
2780 3434 2933 3507 (Issi.
2957 3448 3066 3502 Lm,
3090 3435 3171 3506 1)?
3197 3433 3369 3492 Nemo
3391 3450 3519 3507 ergo
3541 3434 3691 3491 dicat
3709 3452 3728 3491 :

2129 3527 2394 3597 Quoniam
2422 3542 2533 3584 non
2574 3543 2759 3585 sunmus
2786 3528 2889 3584 sub
2914 3526 3054 3601 lege,
3098 3528 3196 3585 sed
3236 3528 3337 3585 sub
3363 3527 3565 3600 gratia;
3594 3540 3732 3600 ergo

2131 3632 2435 3693 peccemus,
2463 3634 2592 3691 ergo
2613 3620 2756 3692 quod
2798 3620 3045 3676 volumus
3072 3620 3346 3676 faciamus.
3388 3618 3493 3690 Qui
3512 3618 3620 3676 hoc
3643 3620 3732 3676 di-

2130 3712 2226 3778 cit,
2249 3710 2617 3783 tcgritudinem
2642 3716 2807 3779 amat,
2829 3724 2938 3767 non
2958 3711 3262 3768 sanitatem.
3291 3708 3479 3767 Gratia
3502 3708 3733 3768 medci~

2128 3814 2327 3865 uasat.
2346 3806 2455 3874 Qui
2493 3807 2608 3862 vult
2629 3820 2843 3877 semper
2862 3813 3146 3878 mgvotat'e,
3184 3805 3429 3877 ingratus
3446 3804 3732 3861 ests-ud-

2129 3903 2288 3960 cinae.
2326 3900 2487 3974 Ergo,
2509 3905 2712 3974 fratres,
2740 3907 2958 3970 acCepto
2983 3892 3262 3969 adiutorio,
3298 3908 3546 3969 porrecto
3566 3897 3733 3953 nobis

2126 3993 2360 4064 desuper
2381 3991 2564 4048 divino
2602 3991 2827 4060 auxilio,
2862 3989 3080 4045 brachio
3107 3987 3337 4053 Domini,
3369 3998 3426 4043 et
3452 3987 3569 4058 ipso
3589 3985 3728 4043 bra-

2127 4085 2252 4143 chio
2272 4084 2488 4140 Domini
2526 4089 2775 4155 porrecto
2798 4081 2958 4139 nobis
2998 4080 3198 4136 auxilio
3216 4078 3424 4151 Spiritu
3449 4083 3640 4135 saneto
3660 4079 3688 4113 ⁸
3706 4121 3724 4149 ,

2128 4178 2376 4232 debitores
2401 4191 2575 4232 sumus
2612 4175 2897 4242 obiacenti,
2925 4181 2982 4227 ut
3001 4172 3277 4229 «cundum
3309 4186 3513 4227 carnem
3536 4171 3727 4227 αὐ.-

2129 4267 2309 4323 leuuts.
2360 4267 2494 4335 Quia
2522 4266 2657 4324 ﬁdes
2680 4266 2819 4322 bene
2850 4265 3059 4336 operari
3098 4278 3211 4321 non
3254 4271 3450 4335 potest,
3479 4262 3580 4318 nisi
3621 4274 3729 4333 per

2126 4359 2490 4417 dilectionem.
2516 4357 2632 4429 ipsa
2658 4366 2743 4414 est
2782 4357 2927 4413 enim
2956 4356 3190 4412 ﬁdelium
3229 4354 3391 4424 “des,
3418 4368 3491 4410 ne
3510 4353 3581 4408 sit
3606 4353 3729 4410 dac-

2126 4466 2346 4508 lnonum
2372 4450 2505 4507 ﬁdes
2534 4467 2551 4505 :
2582 4451 2710 4523 quia
2735 4458 2790 4505 et
2828 4449 3101 4504 daemones
3128 4446 3374 4514 credunt,
3398 4453 3458 4501 et
3494 4449 3726 4501 contre-

2127 4546 2359 4602 miscunt
2382 4543 2585 4618 (Jacobi
2609 4558 2666 4607 ιι,
2697 4542 2808 4613 19).
2836 4542 2934 4597 Ilia
2958 4549 3045 4598 est
3070 4554 3203 4612 ergo
3227 4538 3513 4596 laudabilis
3538 4536 3680 4593 ﬁdes
3702 4577 3722 4609 ,

2126 4637 2239 4708 ipsa
2266 4644 2350 4692 est
2374 4648 2499 4691 vera
2527 4636 2709 4706 gratiae
2735 4633 2889 4702 fides,
2937 4648 3056 4705 qua
3100 4647 3199 4705 per
3221 4632 3563 4689 dilectionem
3588 4642 3728 4701 ope-

2125 4738 2275 4786 ratur
2298 4727 2493 4802 (Gatat.
2515 4742 2574 4795 ν,
2605 4725 2687 4801 6).
2715 4726 2787 4783 Ut
2808 4733 2987 4783 autem
3017 4726 3309 4782 habeamus
3342 4724 3723 4793 dilectionem,

2123 4830 2182 4877 et
2204 4836 2272 4877 es
2298 4835 2360 4877 ea
2387 4819 2659 4891 possimus
2694 4818 2890 4875 habere
2914 4819 3107 4874 bonam
3130 4818 3521 4888 operationem,
3555 4830 3725 4871 num-

2124 4911 2253 4983 quid
2282 4927 2399 4968 eam
2449 4911 2602 4967 nobis
2635 4910 2765 4966 dare
2809 4924 2917 4966 non
2966 4924 3270 4979 possunt“,
3301 4925 3423 4965 cum
3454 4907 3724 4977 scriptum

2124 5004 2230 5069 sit,
2270 5002 2507 5058 (Iba-itas
2547 5002 2645 5058 Dei
2683 5000 2875 5070 difusa
2911 5002 3079 5057 estin
3120 5000 3358 5056 cordibus
3395 4999 3584 5055 nostris
3622 5016 3752 5079 per‘

2126 5094 2622 5167 Spirituntsanctum
2644 5095 2732 5170 qui
2755 5093 2906 5150 datus
2928 5103 3004 5151 est
3022 5093 3164 5150 nobis
3186 5091 3364 5168 (Rom.
3387 5108 3441 5160 ν,
3467 5092 3549 5164 5).
3575 5089 3727 5147 Claa-

2123 5189 2256 5246 ritas
2294 5188 2624 5260 usqueadeo
2660 5195 2747 5244 est
2783 5190 2987 5244 donare
3022 5188 3149 5257 Dei,
3192 5188 3416 5243 utUt-sas
3450 5194 3721 5257 vocetur,

2125 5276 2367 5355 apostolo
2380 5276 2588 5339 Joanne
2601 5278 2836 5348 dicente,
2850 5278 2993 5337 Deus
3016 5278 3241 5343 charitas
3252 5291 3349 5349 est,
3372 5276 3524 5350 etqui
3536 5284 3724 5334 mut

2188 5501 2528 5564 imm!!!
2545 5498 2790 5564 οοάεέῐια
2807 5510 2917 5551 σε*
2938 5497 3044 5564 φκο
3060 5494 3260 5564 Μαάθ
3283 5495 3724 5564 ΜΡοηρευ

2121 5559 2330 5627 me
2349 5556 2788 5627 summa»
3014 5563 3352 5627 ,ροιδα-ιεηςιε,
3386 5566 3432 5610 ει
3461 5556 3571 5622 tuo
3599 5556 3724 5627 ιφ

2122 5620 2231 5675 cb'o
2465 5620 2735 5690 porrigenti:
2752 5622 2886 5690 udis
2904 5622 3145 5675 cnsilium
3164 5620 3367 5690 anilitas
3381 5620 3552 5690 serica.

2121 5692 2328 5752 vero,“
2354 5679 2688 5749 ἀι»εοίηὸΜο
2722 5684 3162 5752 millepoan
3193 5679 3328 5737 nabis
3363 5684 3429 5735 ad
3465 5679 3724 5737 «diu
