4108 6336
364 223 470 279 853

356 335 408 390 in
422 332 689 400 amaritate,
711 333 765 388 in
791 331 893 388 Deo
907 339 1092 400 manet,
1118 338 1166 385 et
1190 329 1327 384 Deus
1345 328 1400 383 in
1416 343 1473 383 eo
1492 325 1544 399 (Ι
1558 324 1793 392 Joaruv,
1821 323 1935 394 16).

426 426 653 487 CAPUT
675 425 890 483 Vl.——~6.
920 424 1215 485 Secundum
1228 438 1432 479 carnem
1446 422 1607 483 viuere
1628 419 1820 481 malum
1845 426 1936 477 σοι.

357 519 539 581 Anima
553 517 829 577 secundum
851 515 1037 583 Deum,
1050 531 1169 575 caro
1188 513 1462 571 secundum
1479 512 1699 575 animum
1715 511 1942 569 vivata-

357 611 517 683 Ergo,
531 611 737 680 frum,
752 609 995 664 debitores
1010 625 1183 663 sumus
1194 624 1296 663 non
1306 606 1466 672 carni,
1485 614 1538 661 ut
1548 603 1943 667 recitationum

356 719 471 758 nan
494 702 736 759 vivamus.
764 700 828 758 Si
848 702 981 757 enim
999 700 1271 757 secundum
1284 716 1488 757 carnem
1501 699 1742 765 virentis,
1758 697 1941 753 morie-

356 796 499 851 mini.
530 796 645 852 Non
659 796 783 866 quia
804 810 930 857 caro
945 797 961 826 ¹
980 796 1176 850 malum
1202 803 1283 850 est
1298 811 1310 847 :
1324 808 1449 851 nam
1472 800 1529 848 et
1548 792 1659 862 ipsa
1676 790 1768 847 Dei
1791 805 1941 847 creat.

358 897 475 944 tura
490 897 592 955 est,
616 888 751 949 etab
776 903 845 943 eo
863 887 1071 943 condita
1090 902 1119 941 a
1144 902 1250 957 quo
1267 895 1323 941 et
1347 886 1561 949 anima;
1585 898 1685 943 nec
1706 882 1818 946 illa,
1842 896 1943 939 nea

355 979 444 1036 illa
472 995 595 1050 pars
617 980 729 1045 Dei,
760 980 851 1034 sed
873 988 926 1034 et
953 981 1040 1033 illa
1060 988 1113 1032 et
1139 980 1223 1032 illa
1245 986 1487 1033 creatura
1510 976 1625 1031 Dei.
1659 975 1797 1043 Ergo
1816 986 1943 1029 caro

356 1086 462 1125 non
489 1079 570 1125 est
596 1071 795 1126 malum
829 1089 843 1124 :
870 1071 963 1127 sed
985 1070 1274 1125 secundum
1303 1084 1519 1136 carnem
1544 1068 1719 1123 vivere
1744 1065 1941 1123 malum

356 1171 458 1216 est.
488 1161 627 1216 Deus
659 1176 867 1217 summe
898 1163 1065 1217 bonus
1092 1170 1193 1229 est,
1223 1162 1344 1231 quia
1388 1174 1595 1215 summe
1620 1168 1701 1214 est
1726 1157 1815 1228 qui
1842 1158 1938 1224 ait,

354 1251 470 1323 Ego
496 1270 605 1307 sunt
633 1255 720 1323 qui
745 1271 857 1308 sum
898 1252 1089 1326 (Exod.
1123 1260 1197 1317 ιιι,
1234 1253 1344 1323 id).
1389 1254 1528 1307 Deus
1570 1266 1697 1321 ergo
1726 1263 1935 1307 summe

355 1342 527 1401 bonus
554 1357 633 1400 est
663 1364 677 1401 :
706 1347 877 1407 anima
902 1362 1153 1416 magnum
1179 1348 1397 1412 bonum,
1420 1345 1515 1401 sed
1543 1360 1647 1399 non
1675 1358 1943 1402 summum

357 1435 575 1491 bonum.
608 1436 740 1491 Cum
786 1449 960 1495 autem
991 1438 1161 1503 audis,
1200 1439 1339 1495 Deus
1377 1452 1587 1497 summe
1630 1437 1800 1491 bonus
1826 1444 1940 1501 est,

357 1529 467 1584 noli
502 1539 685 1597 putare
714 1530 782 1585 de
813 1532 923 1587 Deo
963 1541 1163 1586 tantum
1196 1532 1353 1587 Patre
1378 1532 1597 1596 dictum,
1631 1530 1725 1586 sed
1756 1530 1820 1583 de
1846 1530 1945 1585 Pa-

357 1627 439 1677 tre
457 1632 508 1675 ct
536 1621 670 1677 Filio
691 1634 743 1677 ct
768 1624 965 1691 Spiritu
992 1636 1197 1680 sancto.
1223 1624 1348 1679 Πίος
1369 1625 1509 1678 enim
1530 1625 1762 1677 Trinitas
1784 1637 1943 1679 unum

358 1720 500 1775 sunt,
525 1722 577 1765 et
608 1729 741 1768 unus
758 1722 840 1769 est
870 1715 1028 1775 Deus.
1056 1726 1110 1769 et
1130 1730 1336 1769 summe
1366 1716 1533 1769 lienus
1555 1723 1651 1769 est.
1688 1714 1760 1769 lla
1789 1713 1947 1781 plane

357 1819 495 1863 unus
526 1815 607 1859 est
642 1808 799 1871 Deus,
824 1819 875 1861 ut
906 1809 1115 1877 quando
1144 1810 1209 1865 de
1232 1810 1340 1878 ipsa
1368 1810 1625 1864 Trinitate
1655 1810 1946 1877 interrog»

358 1898 455 1964 l‘ls,
490 1898 591 1953 hoc
616 1900 940 1969 respondeas
970 1918 983 1954 :
1019 1918 1086 1956 ne
1122 1901 1253 1957 forte
1275 1917 1393 1955 cum
1416 1901 1669 1967 audieris,
1697 1901 1843 1956 Unus
1866 1909 1948 1957 est

360 1987 498 2045 Deus
519 2032 533 2056 ,
566 2000 716 2059 putes
747 1993 915 2061 ipsum
952 2008 1070 2047 esse
1096 1994 1303 2047 Patrem
1322 2035 1337 2059 ,
1359 1994 1532 2061 ipsum
1562 2008 1679 2047 esse
1713 1991 1941 2056 Filium,

360 2082 529 2156 ipsum
545 2100 661 2139 esse
677 2086 926 2154 Spiritum
940 2096 1179 2143 sanctum
1191 2129 1203 2139 .
1217 2087 1331 2141 Non
1351 2088 1419 2141 ita
1443 2098 1520 2141 est
1543 2104 1555 2141 :
1575 2086 1666 2142 sed
1679 2087 1768 2156 qui
1790 2087 1947 2139 Pater

359 2176 508 2237 estin
526 2177 616 2230 illa
629 2177 1017 2243 Trinitate,non
1036 2189 1115 2233 est
1130 2178 1293 2233 Filius
1312 2198 1321 2231 :
1337 2182 1423 2248 qui
1442 2179 1607 2233 Filius
1622 2188 1705 2232 est
1721 2179 1771 2231 in
1787 2178 1839 2230 in
1858 2176 1945 2233 illa

360 2266 636 2335 Trinitate,
655 2286 758 2323 non
786 2280 862 2324 est
893 2271 1049 2325 Pater
1069 2272 1186 2340 :qui
1204 2272 1431 2339 Spiritus
1457 2282 1671 2324 sanctus
1688 2279 1769 2323 est
1787 2271 1837 2322 in
1860 2268 1945 2321 illa

360 2358 617 2415 Trinitate
639 2380 651 2415 :
672 2377 773 2417 nec
795 2362 963 2416 Filius
993 2372 1098 2429 est,
1128 2379 1226 2417 nec
1254 2364 1443 2426 Pater;
1472 2362 1564 2421 sed
1592 2362 1817 2431 Spiritus
1846 2360 1947 2415 Pa-

360 2453 472 2517 tt'is,
506 2453 749 2523 idemque
776 2454 1002 2523 Spiritus
1033 2454 1171 2508 Filii.
1217 2456 1335 2523 Ipse
1362 2463 1443 2508 est
1486 2456 1625 2513 enim
1658 2469 1793 2507 unus
1822 2454 1944 2521 Spi-

367 2545 501 2598 ritus
529 2555 746 2603 sanctus
766 2556 819 2601 et
849 2549 1022 2604 Patris
1042 2558 1092 2604 et
1122 2548 1263 2615 Filii,
1288 2557 1585 2603 comternus
1611 2548 1752 2602 Patri
1780 2557 1829 2602 rt
1856 2547 1947 2603 Fi-

362 2637 455 2703 lio,
512 2640 995 2705 consubstantialis,
1049 2642 1285 2711 aequalis.
1332 2640 1461 2695 Husc
1508 2649 1615 2695 tota
1664 2641 1894 2695 Trinitas
1928 2656 1967 2707 ,‘

359 2745 499 2784 unus
527 2732 669 2787 Deus
695 2750 900 2788 summe
926 2734 1118 2797 boans.
1152 2734 1339 2787 Anima
1367 2747 1514 2797 vero,
1547 2732 1722 2786 utdixi
1750 2744 1948 2796 ,creata

358 2838 625 2880 asummo
673 2827 834 2893 bono,
892 2842 999 2889 non
1051 2836 1228 2881 tamen
1273 2842 1538 2883 summum
1580 2827 1805 2891 bonum,
1853 2824 1947 2881 sed

360 2931 606 2986 magnum
631 2917 850 2973 bonum.
884 2916 1012 2973 Item
1046 2934 1169 2983 caro
1192 2933 1291 2973 nec
1319 2934 1581 2979 armatum
1602 2917 1824 2979 bonum,
1848 2931 1949 2973 nec

359 3022 605 3077 magnum
637 3008 867 3074 bonum;
896 3009 990 3064 Sed
1030 3018 1204 3064 tamen
1238 3026 1454 3078 parvum
1482 3010 1703 3071 bonum.
1752 3010 1945 3062 Anima

360 3114 487 3169 ergo
511 3116 756 3171 magnum
790 3100 1007 3166 bonum,
1039 3101 1131 3155 sed
1165 3116 1268 3154 non
1300 3115 1567 3155 summum
1590 3101 1792 3155 bonum
1825 3117 1837 3152 :
1868 3100 1950 3152 vi-

360 3206 487 3244 vens
514 3192 651 3249 inter
675 3207 940 3251 summum
965 3194 1160 3247 bonum
1185 3202 1238 3247 et
1268 3208 1485 3261 parvum
1512 3193 1729 3256 bonum,
1756 3190 1809 3244 id
1836 3199 1943 3257 est,

361 3281 497 3337 inter
527 3284 689 3338 Deum
715 3294 770 3338 et
798 3300 1037 3349 carnem,
1065 3283 1285 3338 inferior
1313 3285 1440 3349 Deo,
1472 3298 1632 3338 carne
1661 3283 1905 3352 superior
1928 3298 1943 3347 ;

358 3388 520 3443 quare
542 3392 646 3429 non
676 3376 804 3430 vivit
825 3375 1120 3437 secundum
1146 3392 1415 3430 summum
1441 3376 1660 3441 bonum,
1688 3375 1785 3431 sed
1814 3374 1945 3435 vivit

360 3464 653 3520 secundum
684 3482 903 3533 parvum
932 3468 1170 3523 bonum?
1198 3467 1308 3520 Hoc
1331 3467 1535 3536 planius
1556 3466 1751 3521 dicitur
1772 3484 1788 3519 :
1806 3467 1953 3529 Quae

362 3568 421 3607 re
450 3570 556 3606 non
608 3554 736 3607 vivit
782 3555 1075 3610 secundum
1108 3556 1294 3621 Deum,
1343 3556 1440 3611 sed
1488 3556 1614 3611 vivit
1655 3556 1955 3619 secundum

359 3648 619 3703 Carnem?
653 3647 887 3705 Debitrix
928 3650 1073 3711 etaim
1103 3658 1185 3703 est
1210 3664 1318 3705 non
1361 3649 1530 3712 carni,
1576 3658 1635 3704 ut
1660 3649 1954 3709 secundum

361 3754 579 3799 carnem
610 3740 768 3793 vivat.
810 3739 948 3797 Caro
984 3741 1151 3803 indehet
1177 3742 1472 3799 secundum
1514 3741 1683 3809 ipsum
1728 3741 1906 3801 vivere
1931 3780 1950 3809 ,

363 3845 470 3885 non
519 3831 633 3901 ipsa
677 3831 968 3886 secundum
1016 3848 1254 3887 carnem.
1308 3832 1427 3901 ipsa
1475 3832 1615 3887 vivat
1656 3831 1953 3887 secundum

366 3921 553 3989 ipsam,
584 3938 702 3990 qua:
727 3922 853 3979 vivit
878 3923 944 3983 de
966 3924 1096 3992 ipsa.
1128 3925 1283 3979 Certe
1302 3940 1633 3994 annuumque
1658 3925 1954 3981 secundum

368 4011 466 4066 hoc
496 4013 650 4077 vivat,
683 4014 822 4069 unde
852 4015 998 4077 vivit.
1032 4014 1183 4079 Unde
1210 4016 1344 4071 vivit
1364 4031 1488 4070 caro
1520 4016 1648 4070 tua?
1677 4018 1751 4071 De
1776 4016 1953 4075 anima

369 4111 475 4156 tua.
513 4104 658 4161 Unde
686 4106 813 4159 vivit
841 4106 1018 4169 anima
1042 4106 1173 4169 tua?
1215 4107 1294 4161 De
1327 4107 1442 4171 Deo
1472 4116 1579 4161 tuo.
1610 4107 1954 4178 Unaququ

370 4194 556 4253 harum
586 4198 876 4257 secundum
905 4199 1067 4259 vitam
1106 4212 1261 4265 suam
1303 4200 1463 4261 vivat.
1509 4199 1646 4255 Caro
1672 4201 1818 4259 enim
1850 4201 1954 4258 sibi

369 4302 472 4345 non
502 4298 585 4345 est
622 4290 725 4347 vita
756 4306 776 4356 ε
804 4290 901 4345 sed
926 4292 1419 4357 animaearnisest
1459 4294 1587 4349 vita.
1636 4295 1827 4353 Anima
1851 4296 1955 4351 sibi

369 4395 477 4443 non
508 4391 594 4436 cst
621 4383 726 4437 vita
751 4401 763 4436 :
786 4383 883 4441 sed
912 4384 1055 4443 Dens
1084 4397 1166 4443 est
1202 4386 1394 4443 atumat
1424 4386 1550 4440 vita.
1608 4386 1797 4441 Anima
1827 4401 1957 4456 ergo

369 4490 487 4549 qua:
512 4474 668 4530 debet
689 4476 979 4535 secundum
1004 4478 1167 4533 Detun
1188 4478 1406 4545 vivere;
1428 4494 1539 4559 non
1559 4478 1704 4535 enim
1724 4473 1957 4536 debl'trix

369 4576 453 4626 est
481 4569 649 4635 carni,
678 4578 741 4623 ut
779 4570 1068 4629 secundum
1086 4587 1312 4631 carnem
1342 4574 1485 4633 vivat
1518 4591 1533 4626 :
1565 4590 1692 4643 ergo
1721 4590 1839 4644 quae
1866 4590 1954 4629 se-

369 4659 601 4723 cundum
646 4662 814 4721 Deum
862 4662 1020 4717 debet
1057 4664 1257 4732 .vivere,
1285 4665 1332 4720 si
1376 4664 1675 4721 secundum
1702 4681 1760 4720 se
1784 4666 1955 4734 ipsam

369 4750 533 4817 vivat,
582 4751 798 4819 deﬁcit;
844 4754 1135 4815 secundum
1176 4770 1401 4811 carnem
1452 4756 1581 4811 vivit
1613 4766 1667 4811 et
1708 4757 1957 4825 prolicit!

369 4842 521 4911 Tunc
545 4854 722 4907 autem
769 4856 913 4905 recte
949 4849 1076 4905 vivit
1121 4864 1250 4909 caro
1284 4850 1580 4905 secundum
1611 4851 1864 4916 animam,
1908 4852 1960 4906 si

371 4937 546 4992 anima
573 4939 713 4994 vivat
726 4940 1021 4997 secundum
1055 4942 1238 4997 Deum.
1264 4942 1398 4999 Nam
1426 4945 1472 4998 si
1500 4945 1697 5010 annua,
1714 4960 1822 4999 non
1838 4944 1961 5000 dico

371 5029 663 5085 secundum
704 5046 938 5098 earnm,
964 5032 1059 5086 sed
1086 5034 1376 5088 set-.undum
1403 5050 1463 5091 se
1490 5036 1695 5109 ipsam,
1726 5042 1785 5090 ut
1827 5037 1958 5105 dixi,

374 5121 596 5176 voluerit
624 5123 802 5178 vivere
825 5140 839 5189 ;
866 5123 1103 5181 dicturus
1121 5126 1270 5183 vobis
1296 5142 1413 5181 sum
1426 5128 1552 5197 quid
1581 5129 1651 5183 sit
1668 5129 1962 5187 secundum

372 5225 434 5269 se
460 5214 631 5283 ipsam
670 5214 851 5270 vivere
881 5234 894 5271 ς
920 5216 1124 5275 bonum
1150 5226 1234 5279 est
1261 5218 1427 5287 enim,
1455 5227 1515 5279 ut
1534 5219 1644 5279 hoc
1668 5221 1959 5291 noveritis,

375 5314 435 5365 οι
458 5308 613 5363 valde
637 5309 870 5364 salubre.

447 5399 677 5456 CAPUT
716 5400 827 5456 Vll.
845 5431 916 5441 —
936 5402 989 5456 7.
1023 5402 1258 5473 Epicurei
1276 5404 1551 5458 secundum
1572 5422 1773 5461 carnem
1793 5408 1963 5463 viven-

373 5500 480 5562 tes,
536 5503 583 5547 et
648 5492 810 5550 Stoici
859 5495 1135 5557 secundum
1182 5497 1425 5555 manant.
1493 5497 1735 5555 Fuerunt
1788 5500 1962 5570 philo-

443 5628 459 5658 ι
480 5635 529 5699 tu
558 5626 697 5699 Beda;
719 5634 769 5675 et
786 5623 908 5676 Flori
944 5625 1255 5699 collectione,
1288 5636 1399 5681 Jam
1419 5644 1570 5696 supra
1591 5632 1805 5699 dixerat,
1838 5642 1965 5687 Pru-

369 5688 538 5741 dettlm
562 5689 721 5742 carnis
740 5701 868 5743 mors
880 5694 975 5744 est.
992 5698 1096 5743 Ma
1114 5691 1377 5752 Maturo.
1398 5688 1495 5747 etc;

1775 204 2007 265 SERMO
2042 204 2221 263 CLVI.

3529 209 3635 266 854

2042 320 2201 391 sopiti
2242 321 2423 378 muli
2473 323 2651 395 lmjus,
2697 324 2785 379 alii
2819 332 3134 394 putaverunt
3185 339 3293 380 non
3348 339 3469 380 esse
3498 325 3627 380 bea-

2048 413 2348 482 titudinem.
2386 415 2492 481 nisi
2516 414 2813 481 secundum
2852 431 3074 481 carnem
3094 416 3309 489 «timet
3334 426 3397 483 ει
3430 417 3635 487 bonum

2046 505 2280 569 hominis
2306 508 2360 571 in
2387 509 2658 579 voluptate
2698 510 2943 581 corporis
2982 521 3294 583 posuerunt.
3330 509 3427 583 isti
3450 512 3628 584 labiles»

2047 602 2203 671 sophi
2224 602 2474 673 Epicurei
2502 604 2632 667 dicti
2670 614 2812 674 sunt,
2841 606 2909 663 ab
2935 607 3168 677 Epicuro
3188 605 3422 678 ηςμοδιυιι
3447 616 3604 673 M0

2046 709 2128 762 re,
2159 695 2412 765 magistro
2440 711 2563 763 suo,
2594 707 2650 755 et
2668 698 2764 768 qui
2793 698 2882 761 alii
2928 699 3128 761 similes
3154 714 3362 767 eorum.
3392 698 3625 765 Exstite:

2047 796 2172 842 runt
2195 795 2373 849 autem
2395 787 2484 845 alii
2506 789 2741 859 superbi,
2771 790 2921 860 quasi
2942 806 2973 847 a
2996 806 3157 855 carne
3184 804 3245 846 se
3268 798 3627 861 removentes.

2047 888 2102 935 et
2122 888 2291 939 whom
2322 896 2469 951 spem
2498 882 2835 945 beatitudinis
2862 898 2970 946 suae
2999 885 3055 949 in
3086 886 3265 949 anima
3299 900 3396 949 sua
3425 887 3628 951 constt.

2048 979 2281 1039 tuentes.
2311 981 2603 1042 posuerunt
2644 989 2909 1033 summum
2951 975 3149 1039 bonum
3179 976 3230 1033 in
3276 976 3471 1035 virtute
3512 992 3629 1041 sna.

2050 1063 2244 1127 Vacein
2276 1066 2470 1125 Psaltni
2494 1068 2548 1131 in
2583 1068 2731 1129 vobis
2756 1067 2978 1130 affectus
2997 1070 3211 1139 pietatis
3235 1071 3448 1140 agnovit
3479 1088 3492 1124 :
3525 1071 3632 1129 sci-

2049 1158 2136 1222 tis,
2182 1160 2367 1225 nostis,
2400 1160 2687 1230 agnovistis
2714 1161 2980 1230 quomodo
3008 1161 3150 1218 irrisi
3194 1171 3320 1223 sunt
3359 1164 3412 1223 in
3443 1172 3632 1231 sancto

2049 1248 2280 1315 Psalmu,
2313 1250 2399 1319 qui
2438 1251 2698 1319 conﬁdunt
2728 1253 2778 1305 in
2802 1253 2981 1305 virtute
3002 1269 3095 1311 suo
3126 1252 3294 1326 (Prol.
3336 1270 3520 1321 xnvtn,
3551 1254 3628 1325 7),

2050 1341 2205 1401 Tales
2235 1343 2445 1405 fueram
2478 1344 2803 1415 philosophi,
2844 1346 2933 1415 qui
2964 1345 3129 1401 Stoici
3156 1347 3449 1418 ntmcupati
3482 1357 3629 1409 sunt.

2050 1433 2130 1493 Illi
2173 1438 2466 1493 secundum
2505 1452 2723 1493 carnem
2764 1438 3025 1505 viventes,
3071 1438 3159 1493 isti
3200 1440 3491 1499 secundum
3518 1441 3633 1503 ani-

2050 1542 2190 1583 mam
2220 1529 2478 1595 viventes,
2526 1545 2625 1587 nec
2654 1529 2728 1584 illi
2773 1544 2870 1584 nec
2900 1530 2987 1584 isti
3030 1530 3320 1589 secundum
3351 1531 3519 1593 Deum
3548 1532 3632 1589 vir

2051 1628 2256 1673 ventes.
2290 1620 2411 1675 Ideo
2436 1637 2558 1676 cum
2595 1621 2662 1676 ad
2704 1621 2890 1679 urbem
2932 1621 3354 1688 Atheniensium,
3386 1621 3473 1677 ubi
3518 1622 3635 1685 ista:

2050 1709 2487 1783 philosophorum
2531 1712 2822 1781 disciplina:
2866 1712 3040 1771 studio
3069 1721 3122 1767 et
3159 1712 3495 1768 contentione
3530 1712 3636 1775 fer-

2050 1804 2263 1866 vebant,
2300 1805 2529 1859 venisset
2559 1807 2828 1875 apostolus
2880 1805 3092 1871 Paulus,
3142 1807 3280 1861 sicut
3324 1808 3375 1865 in
3414 1806 3636 1875 Actibus

2052 1893 2426 1965 Apostolorum
2467 1897 2687 1966 legitur;
2718 1897 2804 1951 ubi
2832 1913 2927 1951 vos
2964 1897 3169 1968 gaudeo
3198 1907 3436 1954 nostrum
3467 1914 3632 1969 agno-

2052 1986 2250 2049 scendo
2280 1996 2332 2043 et
2363 1988 2645 2043 recolendo
2690 1988 2985 2060 praevenire
3031 2004 3354 2056 sermonem,
3401 1990 3536 2051 sicut
3566 1989 3637 2051 ibi

2052 2079 2306 2147 scriptum
2342 2090 2441 2144 est,
2468 2080 2799 2135 Contulerunt
2828 2098 2939 2135 cum
2968 2081 3057 2137 illo
3084 2082 3288 2151 quidam
3312 2082 3639 2152 philosopho-

2051 2185 2164 2221 rum
2194 2168 2556 2239 Epicureorum
2576 2181 2621 2224 et
2650 2170 2935 2225 Stoicorum
2959 2172 3095 2242 (Act.
3126 2188 3257 2238 xvu,
3288 2172 3379 2242 18)
3411 2190 3422 2223 :
3453 2182 3639 2228 contu-

2053 2260 2227 2327 lerunt
2242 2278 2361 2315 cum
2382 2262 2472 2315 illo
2488 2263 2774 2318 secundum
2789 2279 3003 2319 carnem
3023 2264 3282 2331 viventes,
3302 2265 3640 2323 contulerunt

2052 2366 2171 2413 cum
2214 2352 2305 2406 illo
2350 2354 2639 2408 secundum
2684 2355 2914 2409 animam
2962 2354 3220 2423 viventes,
3252 2356 3475 2410 contulit
3515 2372 3637 2412 cum

2053 2444 2156 2507 illis
2208 2446 2497 2503 secundum
2562 2448 2725 2501 Deum
2775 2449 2976 2504 vivens.
3030 2449 3248 2504 Dicebat
3296 2450 3634 2519 Epicureus:

2052 2535 2173 2591 Mihi
2218 2536 2321 2595 frui
2363 2553 2543 2601 carne,
2593 2538 2789 2593 bonum
2830 2548 2931 2594 est.
2976 2540 3195 2594 Dicebat
3234 2540 3482 2594 Stoicus:
3512 2541 3638 2596 Mihi

2053 2626 2152 2689 frui
2182 2645 2297 2683 mea
2329 2640 2527 2695 mente,
2555 2630 2751 2685 bonum
2778 2640 2879 2684 est.
2915 2632 3131 2686 Dicebat
3157 2632 3482 2703 Apostolus:
3507 2632 3642 2697 Mihi

2052 2733 2217 2776 autem
2246 2722 2502 2777 adltwrere
2526 2723 2653 2789 Deo,
2679 2725 2863 2779 bonum
2890 2735 2959 2779 est
2998 2725 3171 2793 (Psal.
3207 2743 3373 2792 LXXII,
3406 2726 3522 2799 28).
3552 2728 3643 2783 Di-

2053 2814 2207 2868 cebat
2237 2814 2533 2883 Epicureus
2562 2834 2573 2868 :
2607 2818 2801 2871 Beatus
2831 2819 2981 2887 cujus
3007 2827 3087 2871 est
3115 2819 3164 2871 in
3198 2819 3369 2879 fructu
3398 2819 3642 2888 voluptas

2053 2906 2228 2959 carnis
2253 2905 2385 2976 ejus.
2416 2906 2633 2973 Dicebat
2661 2908 2867 2971 Stoicus
2899 2927 2911 2961 :
2947 2907 3058 2961 Imo
3086 2910 3271 2964 beatus
3296 2910 3445 2981 cujus
3476 2920 3557 2971 est
3583 2910 3637 2967 in

2054 2997 2224 3059 fructu
2256 2999 2422 3053 virtus
2452 3000 2642 3057 anima:
2682 3000 2816 3068 ejus.
2847 3000 3063 3055 Dicebat
3093 3001 3378 3069 Apostolus
3407 3019 3419 3053 :
3449 3000 3642 3063 Beatus

2055 3093 2199 3161 cuius
2229 3102 2297 3145 est
2326 3108 2505 3153 nomen
2551 3092 2760 3147 Domini
2797 3110 2912 3163 spes
2942 3094 3071 3163 ejus.
3120 3095 3273 3148 Errat
3305 3094 3596 3163 Epicureus
3626 3113 3642 3151 :

2054 3184 2242 3241 falsum
2270 3194 2352 3241 est
2376 3186 2539 3254 enim,
2574 3200 2692 3247 esse
2730 3185 3001 3243 hominem
3029 3187 3266 3251 beatum,
3296 3187 3446 3257 cujus
3485 3196 3564 3245 est
3589 3187 3643 3243 in

2055 3276 2227 3331 fructu
2260 3280 2499 3347 voluptas
2540 3279 2716 3335 carnis
2744 3280 2878 3349 ejus.
2925 3280 3146 3334 Fallitur
3188 3290 3239 3335 et
3269 3280 3478 3336 Stoicus
3503 3298 3515 3332 :
3542 3279 3639 3345 fal-

2056 3377 2174 3417 sum
2197 3372 2280 3417 est
2300 3367 2463 3429 enim,
2491 3372 2544 3418 et
2569 3360 2788 3417 omnino
2809 3362 3273 3418 mendosissimum
3298 3362 3398 3434 (α),
3431 3364 3641 3419 beatum

2056 3469 2175 3513 esse
2205 3457 2496 3521 hominem,
2526 3456 2677 3526 cujus
2706 3464 2787 3511 est
2811 3456 2865 3510 in
2893 3456 3064 3510 fructu
3090 3456 3258 3510 virtus
3285 3457 3475 3509 animae
3501 3456 3639 3525 ejus.

2056 3543 2245 3611 Beatus
2274 3562 2399 3617 ergo
2422 3548 2568 3616 cujus
2597 3556 2668 3600 est
2694 3562 2875 3601 nomen
2903 3545 3105 3600 Domini
3132 3563 3244 3617 spes
3270 3548 3398 3617 ejus.
3428 3545 3496 3602 Et
3521 3546 3644 3619 quia

2058 3639 2132 3694 illi
2161 3641 2282 3694 vani
2313 3649 2435 3694 sunt
2460 3648 2513 3694 et
2540 3643 2869 3694 mentiuntur
2896 3656 2910 3693 ε
2944 3636 3012 3692 Et
3048 3655 3149 3692 non
3179 3640 3417 3709 respexit,
3448 3639 3640 3708 inquit,

2056 3733 2111 3788 in
2131 3734 2373 3787 vanitates
2396 3742 2441 3786 et
2465 3733 2689 3786 insanias
2716 3732 2977 3787 mendaces
3007 3731 3176 3803 (Psal.
3210 3746 3391 3797 χχχιχ,
3419 3730 3499 3807 5).

2129 3823 2354 3881 CAPUT
2396 3823 2526 3877 Vlll.
2559 3854 2633 3865 —
2664 3824 2717 3879 8.
2757 3824 2939 3878 Anima
2984 3823 3260 3889 secundum
3292 3838 3345 3878 se
3374 3825 3535 3889 vivens
3574 3832 3648 3877 est

2058 3915 2384 3971 carnalis.——
2411 3914 2785 3989 Ergo,fratres,
2808 3916 3051 3972 debitores
3064 3934 3234 3971 sumus
3252 3934 3351 3970 non
3389 3916 3553 3982 carni,
3586 3927 3642 3970 ut

2061 4010 2335 4064 secundum
2363 4027 2561 4065 carnem
2591 4011 2835 4078 vivamus,
2880 4011 3017 4065 sicut
3042 4008 3309 4079 Epicurei.
3344 4008 3448 4063 Sed
3486 4008 3646 4074 etiam

2059 4100 2105 4155 si
2132 4099 2422 4155 secundum
2453 4114 2510 4155 se
2536 4100 2703 4170 ipsam
2732 4102 2908 4155 vivere
2939 4100 3167 4154 voluerit
3187 4099 3360 4153 anima
3389 4100 3432 4173 ‘,
3461 4112 3647 4154 carna-

2059 4192 2125 4251 lis
2152 4193 2285 4258 erit;
2318 4208 2535 4247 carnem
2576 4193 2732 4262 sapit,
2765 4192 2831 4247 de
2860 4207 3019 4247 carne
3054 4208 3160 4245 non
3204 4192 3390 4261 surgit.
3424 4190 3541 4253 Non
3568 4199 3650 4246 est

2059 4283 2203 4340 enim
2272 4282 2718 4355 quemadmodum
2772 4283 2910 4339 inde.
2945 4289 3160 4365 surgat,
3221 4282 3311 4352 qui
3372 4280 3648 4337 brachium

2059 4387 2363 4449 porrectum
2418 4376 2615 4448 jacenti
2680 4392 2787 4430 non
2841 4385 3000 4432 tenet.
3066 4375 3127 4431 Si
3177 4376 3310 4429 enim
3378 4374 3651 4429 secundum

2060 4488 2261 4531 carnem
2303 4470 2542 4524 vixeritis.
2593 4468 2693 4529 Ubi
2736 4468 2879 4523 enim
2921 4467 3120 4522 dictum
3169 4475 3271 4543 est,
3319 4466 3457 4547 Quid
3490 4465 3651 4551 faciat

2061 4564 2187 4618 mihi
2233 4562 2424 4617 homo?
2472 4561 2542 4616 ibi
2581 4560 2780 4616 dictum
2833 4568 2934 4628 est,
2983 4560 3119 4625 Quid
3160 4560 3317 4637 faciat
3360 4558 3485 4629 mihi
3531 4573 3650 4611 caro

2062 4653 2233 4727 (Paul.
2268 4672 2353 4721 ιν,
2395 4654 2447 4720 5,
2480 4654 2590 4727 ii).
2625 4652 2685 4709 Si
2710 4654 2843 4708 enim
2872 4652 3145 4707 secundum
3179 4667 3379 4704 carnem
3408 4649 3646 4717 vixeritis,

2062 4747 2363 4801 moriemini.
2405 4744 2519 4801 Non
2564 4745 2664 4800 ista
2695 4754 2885 4812 morte,
2918 4760 3038 4801 cum
3081 4742 3150 4798 de
3186 4756 3409 4811 corpore
3438 4740 3649 4811 exitur;

2063 4838 2164 4895 ista
2185 4855 2325 4893 enim
2349 4838 2667 4903 moriemini,
2688 4838 2785 4893 etsi
2808 4836 3097 4891 secundum
3111 4820 3352 4904 spiritum
3375 4832 3612 4901 vixeritis
3634 4849 3648 4886 :

2064 4930 2161 4986 sed
2185 4929 2273 4983 illa
2312 4939 2504 4996 morte,
2531 4928 2598 4984 de
2627 4944 2727 4999 qua
2759 4928 3015 4982 Dominus
3046 4927 3096 4979 in
3123 4926 3409 4996 Evangelio
3439 4924 3651 4989 terribi-

2065 5024 2188 5080 liter
2216 5023 2362 5088 dicit,
2393 5022 2527 5077 Eum
2550 5023 2736 5089 timete,
2760 5023 2845 5094 qui
2866 5022 3013 5074 habet
3039 5028 3329 5092 potestatem
3350 5029 3396 5073 et
3431 5020 3653 5081 animam

2066 5127 2114 5173 et
2138 5134 2321 5187 corpus
2344 5116 2553 5188 perdere
2576 5116 2628 5169 in
2655 5115 2932 5188 gehennam
2960 5113 3089 5184 ignis
3116 5111 3329 5181 (Matth.
3358 5126 3415 5180 χ,
3444 5110 3560 5184 28).
3592 5108 3654 5167 Si

2070 5227 2200 5286 ergo
2237 5209 2511 5265 secundum
2536 5225 2739 5263 carnem
2765 5206 3008 5273 vixeritis,
3034 5204 3333 5259 moriemini.

2139 5303 2365 5361 CAPUT
2388 5302 2554 5359 lX.—
2566 5302 2619 5358 9.
2640 5300 2780 5373 Opus
2795 5308 3022 5354 nostrum
3042 5299 3093 5352 in
3121 5299 3215 5352 hac
3234 5297 3355 5371 vita,
3381 5295 3655 5367 mortiﬁca-

2072 5401 2141 5455 tio
2166 5399 2426 5453 carnis.—
2441 5396 2501 5453 Si
2523 5408 2689 5450 autem
2704 5393 2888 5466 spiritu
2913 5392 3134 5447 actiones
3156 5390 3326 5446 carnis
3368 5389 3651 5473 morti/ica-

2071 5496 2261 5563 veritis,
2292 5494 2480 5549 vinetis.
2508 5492 2620 5548 Hoc
2646 5498 2728 5548 est
2755 5502 2889 5559 opus
2918 5495 3160 5543 nostrum
3187 5487 3240 5542 in
3260 5484 3361 5541 hac
3389 5485 3493 5541 vita
3517 5527 3529 5552 ,
3557 5498 3645 5538 ac-

2134 5636 2156 5704 |_
2180 5625 2305 5704 n‘ssq
2331 5631 2376 5684 si
2394 5631 2658 5704 sectandum
2674 5643 2725 5704 se
2743 5628 2901 5692 ipsam
2915 5626 3009 5685 sibi
3024 5627 3179 5684 vivere
3193 5624 3411 5691 uolneri.

2125 5692 2858 5753 ίωβοηθωιεηάαάεδὶηηωι.
2924 5772 2949 5787 π
3222 5776 3345 5789 ,ρ
