4108 6336
390 283 495 342 857

393 401 663 472 operibus,
695 397 748 455 id
767 406 868 466 est,
898 396 966 455 de
994 402 1381 455 sarmentorum
1403 402 1457 451 et
1480 380 1753 468 palmitum
1780 394 1964 448 fructi-

387 497 486 551 bus
510 496 837 565 loqueretur,
868 508 973 548 non
994 494 1088 560 ait,
1110 493 1234 549 Sine
1263 508 1348 547 me
1368 492 1581 564 quidem
1618 492 1838 563 potestis
1887 491 1964 545 l'a-

383 606 505 648 cere
524 590 744 659 aliquid,
772 590 865 646 sed
888 590 1092 646 facilius
1112 582 1214 660 per
1239 605 1325 645 me
1358 608 1370 643 :
1402 606 1509 644 non
1550 591 1654 654 ait,
1708 591 1959 645 Fructum

375 696 616 743 vestrum
646 685 763 741 sine
791 700 877 739 me
906 685 1128 753 potestis
1148 682 1322 739 facere
1341 724 1355 749 ,
1402 684 1496 739 sed
1526 683 1824 740 uberiorem
1864 699 1959 754 per

376 794 485 833 me.
515 778 630 833 Non
685 777 785 832 hoc
832 777 982 831 dixit.
1014 777 1197 847 Legite
1240 778 1365 847 quid
1412 776 1656 831 dixerit:
1716 777 1959 847 Evange-

378 868 504 924 lium
528 878 771 925 sanctum
793 877 875 923 est
892 910 905 929 ,
930 869 1165 923 omnium
1194 869 1419 937 superba
1448 869 1585 923 colla
1637 869 1956 924 subduntur.

377 961 493 1017 Non
526 962 640 1017 haec
669 962 797 1016 dicit
822 961 1167 1031 Augustinus,
1196 960 1309 1015 haec
1347 961 1474 1015 dicit
1501 962 1773 1016 Dominus.
1821 960 1959 1030 Quid

376 1054 505 1109 dicit
533 1055 819 1109 Don‘inus?
849 1054 975 1109 Sine
994 1071 1071 1108 me
1100 1054 1225 1107 nihil
1254 1054 1455 1123 potestis
1470 1058 1634 1123 facere
1663 1053 1841 1122 (Joan.
1864 1068 1954 1117 xv,

378 1145 458 1216 5).
499 1144 615 1200 Jam
658 1160 797 1200 nunc
831 1161 951 1201 cum
989 1145 1180 1200 auditis
1223 1146 1272 1211 ί,
1315 1145 1565 1215 Quotquot
1609 1144 1809 1214 Spiritu
1859 1142 1958 1198 Dei

374 1248 616 1309 aguntur,
651 1240 705 1292 hi
732 1240 825 1308 ﬁlii
850 1248 965 1294 sunt
992 1238 1109 1307 Dei,
1142 1242 1305 1295 nolite
1326 1253 1419 1292 vos
1454 1237 1752 1294 demittere.
1776 1237 1957 1309 Neque

374 1331 518 1385 enim
548 1330 800 1401 templum
823 1347 976 1386 suum
1002 1333 1079 1387 sic
1104 1332 1171 1387 de
1194 1332 1346 1387 vobis
1366 1330 1593 1386 :ediﬁcat
1616 1332 1776 1394 Deus,
1804 1331 1955 1401 quasi

373 1424 443 1480 de
470 1410 739 1493 lapidibus.
760 1425 851 1495 qui
876 1440 980 1479 non
1009 1425 1205 1479 habent
1226 1432 1427 1479 motum
1456 1439 1608 1478 suum
1641 1443 1652 1478 :
1685 1424 1951 1487 levantur,

371 1516 441 1572 ab
462 1524 725 1572 structore
748 1525 1039 1587 ponuntur.
1064 1517 1180 1572 Non
1204 1518 1281 1572 sic
1308 1526 1431 1571 sunt
1465 1517 1670 1586 lapides
1704 1517 1804 1571 vivi
1840 1532 1851 1569 :
1888 1515 1956 1570 Et

371 1624 457 1662 vos
501 1617 739 1674 tanquam
782 1608 974 1679 lapides
1036 1610 1131 1663 vivi
1171 1609 1555 1678 cowdiﬁcamini
1607 1608 1658 1662 in
1713 1609 1955 1677 templum

370 1699 469 1752 Dei
502 1698 713 1769 (Ephes.
745 1716 802 1764 ιι,
831 1699 921 1762 ‘22,
947 1710 991 1754 et
1040 1700 1057 1753 Ι
1102 1699 1240 1755 Petr.
1286 1717 1359 1766 ιι,
1410 1701 1485 1766 5).
1534 1701 1829 1765 Ducimiui,
1859 1700 1952 1755 sed

370 1791 567 1844 currite
597 1800 650 1845 et
679 1807 773 1846 vos
812 1809 822 1843 :
853 1791 1138 1857 ducimini,
1170 1791 1263 1845 sed
1306 1792 1584 1861 sequimini
1624 1810 1637 1845 :
1674 1792 1795 1860 quia
1831 1807 1950 1845 cum

370 1883 535 1936 secuti
576 1881 810 1949 fueritis,
860 1898 1042 1937 verum
1082 1886 1183 1937 erit
1216 1882 1363 1946 illud,
1400 1882 1522 1951 quia
1553 1882 1668 1935 sine
1698 1881 1785 1935 illo
1821 1879 1952 1934 nihil

370 1976 544 2030 facere
594 1976 831 2045 potestis.
872 1975 992 2029 Non
1030 1976 1171 2029 enim
1222 1975 1452 2040 volentis,
1501 1990 1655 2044 neque
1683 1974 1947 2042 currentis,

367 2067 456 2122 sed
480 2068 756 2121 miserentis
775 2076 846 2122 est
874 2067 969 2121 Dei
990 2066 1162 2139 (Rom.
1189 2084 1262 2134 ιχ,
1296 2066 1404 2137 16).

440 2160 664 2217 CAPUT
702 2160 917 2216 Xlll.——
946 2162 1029 2217 14.
1067 2161 1172 2215 Lea:
1186 2170 1323 2215 vetus
1352 2170 1397 2214 et
1426 2178 1572 2215 nova.
1600 2160 1822 2229 Spiritus
1845 2177 1950 2214 ser-

367 2255 535 2309 vitulis
561 2262 607 2308 et
634 2254 897 2308 libertatis.
924 2253 1082 2308 Forte
1100 2253 1291 2307 dicturi
1313 2253 1473 2308 eratis
1504 2272 1517 2307 :
1561 2253 1625 2305 Et
1652 2252 1757 2307 Lex
1804 2252 1951 2307 sufﬁ-

367 2348 630 2403 citnobis.
661 2348 768 2403 Lex
812 2348 1056 2403 timorem
1098 2346 1244 2401 dedit
1277 2364 1289 2399 :
1333 2355 1385 2400 et
1426 2346 1601 2401 videte
1639 2346 1765 2415 quid
1826 2346 1950 2401 hinc

366 2440 639 2510 subiunxit
688 2441 1011 2510 Apostolus,
1060 2454 1179 2495 cum
1225 2440 1467 2505 diceret,
1517 2438 1769 2507 Quotquot
1817 2438 1949 2492 enim

368 2533 566 2603 Spiritu
594 2534 691 2587 Dei
715 2542 953 2605 aguntur,
984 2534 1035 2587 hi
1065 2534 1160 2602 ﬁlii
1184 2542 1300 2588 sunt
1328 2532 1422 2588 Dei
1450 2549 1469 2587 :
1501 2533 1623 2603 quia
1653 2547 1773 2587 cum
1822 2531 1945 2601 Spi-

365 2627 467 2681 ritu
496 2626 590 2680 Dei
611 2635 857 2696 aguntur,
876 2626 1135 2680 cbaritate
1163 2633 1390 2695 aguntur
1417 2622 1680 2679 :Charitas
1695 2624 1834 2677 enim
1854 2622 1950 2678 Dei

364 2717 551 2785 diffusa
569 2726 640 2772 est
666 2718 719 2772 in
738 2719 971 2771 cordibus
1000 2718 1183 2771 nostris
1214 2733 1303 2788 per
1334 2716 1585 2787 Spiritum
1608 2725 1839 2771 sanctum
1858 2716 1946 2784 qui

364 2812 513 2865 datus
541 2818 613 2865 est
632 2811 773 2865 nobis
816 2808 949 2881 (Id.
987 2827 1039 2875 v,
1070 2810 1138 2881 5)
1184 2826 1196 2862 :
1230 2817 1444 2864 secutus
1487 2808 1727 2877 adiunxit
1751 2851 1764 2872 ,
1823 2807 1945 2861 Non

362 2903 496 2956 enim
541 2903 801 2973 accepistis
849 2902 1081 2973 spiritum
1130 2902 1375 2956 servitutis
1413 2901 1592 2954 iterum
1643 2902 1696 2953 in
1747 2900 1942 2954 timore.

362 2993 498 3062 Quid
524 3003 624 3061 est,
649 2991 1160 3061 iterum?Quomodo
1178 3001 1408 3047 terrente
1430 2992 1804 3046 molestissimo
1830 3006 1942 3060 pre-

361 3086 583 3156 dagogo.
612 3085 747 3152 Quid
770 3092 870 3151 est,
890 3086 1067 3139 iterum
1084 3085 1108 3138 ε)
1125 3084 1273 3140 Sicut
1295 3084 1345 3137 in
1366 3092 1544 3138 monte
1562 3081 1687 3138 Sina
1704 3083 1943 3152 accepis-

362 3179 429 3233 tis
453 3178 695 3248 spiritum
724 3178 1013 3233 servitutis.
1048 3177 1184 3232 Dicit
1209 3177 1399 3247 aliquis
1435 3196 1448 3231 :
1496 3176 1644 3231 Alius
1673 3185 1755 3231 est
1788 3176 1945 3245 spiri-

360 3278 447 3325 tus
470 3269 759 3334 servitutis,
782 3270 917 3324 alius
942 3269 1156 3338 spiritus
1178 3267 1456 3322 libertatis.
1500 3267 1555 3321 Si
1593 3267 1727 3321 alius
1774 3275 1939 3333 esset,

360 3376 467 3417 non
496 3361 700 3417 diceret
725 3363 1042 3431 Apostolus,
1089 3361 1289 3413 iterum.
1338 3355 1482 3414 Idem
1534 3374 1661 3428 ergo
1700 3358 1938 3427 spiritus,

358 3454 452 3509 sed
479 3455 533 3509 in
559 3453 754 3508 tabulis
780 3452 1002 3522 lapideis
1024 3452 1077 3505 in
1106 3451 1316 3517 timore,
1346 3451 1399 3505 in
1440 3449 1629 3505 tabulis
1668 3450 1845 3505 cordis
1887 3450 1942 3503 in

355 3545 663 3600 dilectione.
696 3544 813 3598 Jam
843 3543 1229 3598 nudiustertius
1258 3543 1348 3612 qui
1392 3542 1634 3597 adfuistis
1675 3541 1752 3614 (a)
1783 3542 1941 3596 audi-

353 3636 476 3701 stis,
496 3634 760 3705 quomodo
788 3634 941 3703 longe
962 3634 1187 3702 positam
1216 3632 1447 3703 plebem,
1472 3648 1654 3699 voces,
1676 3634 1835 3704 ignis,
1861 3635 1941 3689 fu-

353 3740 474 3780 mus
498 3726 550 3778 in
577 3732 757 3779 monte
783 3724 1014 3779 terrebat
1044 3722 1235 3796 (Exod.
1265 3740 1379 3787 xix,
1408 3739 1509 3791 xx,
1555 3733 1601 3777 et
1632 3740 1789 3791 xxxi,
1820 3726 1936 3797 18);

354 3815 623 3888 quomodo
651 3824 827 3870 autem
855 3817 1074 3871 veniens
1100 3815 1327 3885 Spiritus
1352 3826 1568 3871 sanctus
1592 3858 1606 3881 ,
1650 3816 1789 3871 idem
1826 3816 1939 3887 ipse

354 3908 547 3980 digitus
568 3908 685 3973 Dei,
712 3908 1151 3978 quinquagesimo
1172 3907 1259 3962 die
1283 3916 1404 3978 post
1424 3908 1665 3963 umbram
1720 3906 1938 3963 Paschze

355 3999 623 4072 quomodo
648 4000 873 4063 venerit,
901 4008 956 4054 et
982 4000 1148 4070 igneis
1168 4000 1363 4070 linguis
1396 4015 1557 4069 super
1581 4016 1931 4071 unumquemo

354 4108 457 4163 que
482 4107 663 4147 eorum
696 4091 948 4147 insederit
975 4090 1110 4163 (Act.
1142 4107 1202 4158 ιι,
1249 4090 1385 4164 1-4).
1432 4092 1549 4147 Jam
1568 4107 1696 4163 ergo
1724 4108 1831 4147 non
1882 4094 1934 4147 in

356 4183 563 4246 timore,
590 4182 684 4238 sed
712 4182 767 4236 in
793 4182 1115 4248 dilectione;
1144 4190 1201 4237 ut
1230 4199 1335 4237 nou
1367 4183 1541 4248 servi,
1585 4184 1679 4239 sed
1719 4183 1810 4238 ﬁlii
1862 4186 1936 4239 si-

352 4290 493 4330 mus.
518 4274 617 4342 Qui
639 4276 781 4330 enim
801 4274 975 4330 adhuc
996 4276 1115 4331 ideo
1144 4276 1279 4331 bene
1308 4277 1449 4347 agit,
1476 4277 1597 4347 quia
1628 4292 1839 4347 pcenam
1863 4278 1933 4332 ti-

353 4376 483 4433 met,
516 4368 683 4423 Deum
717 4384 819 4423 non
843 4377 1012 4432 amat,
1042 4370 1279 4425 nondum
1319 4378 1401 4425 est
1426 4371 1565 4425 inter
1596 4371 1732 4426 ﬁlios
1773 4388 1785 4423 :
1832 4373 1933 4427 uti-

351 4474 475 4514 nam
515 4467 693 4515 tamen
721 4462 803 4515 vel
855 4476 1066 4531 poenam
1119 4462 1317 4516 timeat.
1363 4461 1547 4517 Timor
1585 4477 1771 4517 servus
1828 4473 1929 4529 est,

352 4552 584 4607 charitas
613 4553 779 4608 libera
800 4562 881 4608 est
906 4570 921 4617 ;
949 4562 1077 4608 etut
1102 4554 1179 4608 sic
1207 4554 1468 4621 dicamus,
1496 4555 1655 4609 timor
1694 4564 1778 4609 est
1814 4571 1931 4610 ser-

344 4662 444 4701 vus
473 4646 768 4703 charitatis.
801 4648 878 4703 Ne
899 4648 1169 4718 possideat
1194 4648 1439 4704 diabolus
1469 4665 1565 4704 cor
1596 4659 1764 4717 tuum,
1795 4666 1932 4721 prm-

344 4740 705 4796 cedatservus
725 4742 776 4795 in
800 4740 961 4795 corde
981 4751 1091 4805 tuo,
1123 4749 1177 4795 et
1205 4750 1382 4796 servet
1416 4741 1645 4797 domina:
1694 4750 1931 4799 ventura!

346 4830 543 4885 locum.
572 4831 700 4896 Fac,
734 4830 816 4886 fac
836 4831 921 4885 vel
950 4832 1141 4886 timore
1171 4846 1365 4901 paenae,
1394 4832 1439 4887 si
1486 4833 1720 4887 nondum
1760 4834 1931 4903 {potes

343 4937 525 4977 amore
547 4921 787 4991 justitim.
818 4920 1011 4977 Veniet
1036 4922 1250 4978 domina
1270 4965 1286 4989 ,
1308 4931 1363 4979 et
1412 4938 1599 4979 servus
1624 4925 1878 4981 abscedet
1908 4943 1922 4980 :

344 5016 464 5084 quia
487 5025 836 5070 consummata
860 5016 1080 5070 charitas
1107 5022 1246 5087 [oras
1273 5019 1420 5071 mittit
1438 5019 1663 5073 timorem
1696 5019 1738 5091 (Ι
1767 5020 1924 5075 Joan.

345 5121 419 5171 Ὗ,
452 5106 562 5177 18),
598 5106 719 5161 Νοη
758 5108 889 5163 enim
919 5110 1178 5179 accepistis
1206 5112 1440 5179 spiritum
1477 5113 1720 5167 servitutis
1750 5114 1928 5169 iterum

341 5202 394 5252 in
418 5199 615 5253 timore.
642 5198 849 5255 Novum
880 5200 1278 5257 Testamentum
1308 5212 1423 5269 est,
1466 5220 1571 5259 non
1598 5214 1770 5261 vetus.
1826 5206 1926 5262 Ve-

343 5300 449 5344 tera
478 5292 809 5358 transierunt,
837 5301 883 5346 et
907 5310 1017 5348 ecce
1040 5308 1168 5348 nova
1195 5299 1330 5367 facta
1358 5304 1474 5349 sunt
1499 5298 1670 5351 omnia
1702 5313 1720 5351 :
1756 5300 1926 5353 omnia

345 5392 510 5438 autem
539 5400 601 5438 ea:
625 5382 734 5438 Deo
758 5383 822 5456 (ll
850 5383 968 5441 Cor.
1000 5401 1053 5454 v,
1084 5386 1302 5458 17,18).

338 5572 419 5683 dii
445 5577 577 5682 ,
601 5577 711 5619 Jam
731 5583 856 5621 nunc
879 5571 1005 5634 quod
1028 5572 1250 5624 audistis.
1278 5578 1329 5622 Et
1352 5571 1494 5634 paulo
1517 5580 1638 5635 post,
1670 5574 1813 5626 nolite
1846 5590 1924 5629 ros

394 5646 460 5682 mi
554 5646 597 5681 e.

341 5639 719 5810 ἒὲξὲιξγοξᾱοηὶ
741 5699 996 5759 superiori,
1030 5710 1169 5763 cupis
1189 5700 1346 5762 capite
1369 5698 1402 5749 6
1432 5698 1496 5749 de
1519 5700 1608 5753 hac
1644 5701 1743 5764 ipsa
1766 5714 1823 5753 re
1843 5704 1918 5755 di.

518 5774 563 5810 ιιι
591 5798 602 5810 .

518 5774 602 5813 ull.

1778 265 2007 329 SERMO
2045 267 2221 327 CLVI.

3550 287 3656 348 858

2143 394 2369 479 CAPUT
2407 396 2545 453 XIV.
2577 430 2646 441 —
2678 400 2764 457 15.
2792 401 2931 457 Abba
2951 407 2999 458 et
3028 400 3206 473 Pater,
3242 392 3371 476 quia
3413 406 3515 462 duo
3563 426 3657 479 po-

2074 486 2183 555 puli
2204 488 2256 541 in
2284 474 2503 545 Christo.
2538 490 2778 563 Denique
2807 494 2932 565 quid
2965 496 3235 567 sequitur?
3254 474 3389 565 Quid
3418 514 3544 567 ergo
3563 474 3655 555 ac-

2072 579 2331 648 cepimus,
2361 583 2509 651 quasi
2540 583 2746 640 diceres
2772 606 2784 641 :
2810 586 2916 641 Sed
2935 589 3193 657 accepistis
3216 588 3465 659 Spiritum
3488 590 3652 662 adop-

2072 670 2219 725 tionis
2249 673 2492 739 ﬁliorum,
2521 676 2571 728 in
2599 693 2697 745 quo
2724 678 3000 733 clamamus
3025 721 3041 746 ,
3073 679 3232 744 Abba,
3273 680 3443 734 Pater.
3468 682 3652 737 Domi-

2073 776 2173 816 nus
2197 763 2427 830 timetur,
2459 776 2612 836 pater
2633 778 2857 823 amatur.
2890 772 3163 841 Acrepistis
3204 772 3456 841 Spiritum
3494 774 3657 843 adop-

2072 857 2221 909 tionis
2249 858 2492 925 ﬁliorum,
2520 860 2573 912 in
2602 877 2699 929 quo
2728 862 3021 929 clamamus,
3058 864 3216 928 Abba,
3247 863 3419 919 Pater.
3443 866 3655 921 Clamor

2072 950 2169 1005 iste
2198 951 2374 1005 cordis
2397 960 2498 1016 est,
2526 969 2630 1007 non
2660 954 2905 1020 faucium,
2937 972 3040 1011 non
3067 957 3325 1012 labiorum
3362 976 3374 1011 :
3406 959 3545 1014 intus
3566 976 3654 1015 so-

2070 1052 2181 1107 nat,
2212 1043 2433 1099 auribus
2479 1046 2571 1099 Dei
2615 1056 2787 1101 sonat.
2825 1048 3015 1103 Clauso
3038 1064 3151 1115 ore,
3180 1049 3437 1121 labiisque
3473 1052 3655 1108 immo-

2069 1134 2157 1197 tis,
2184 1134 2422 1190 Susanna
2458 1136 2556 1191 ista
2583 1152 2715 1191 voce
2745 1138 3007 1193 clamabat
3033 1138 3192 1208 (Dan.
3229 1141 3369 1211 xm).
3419 1141 3524 1196 Sed
3563 1159 3652 1196 ac-

2071 1226 2273 1293 cepistis
2302 1227 2532 1297 spiritum
2558 1228 2846 1298 adoptionis
2876 1230 3119 1298 ﬁliorum,
3151 1231 3203 1284 in
3232 1249 3329 1301 quo
3352 1233 3649 1298 clamamus,

2070 1314 2229 1381 Abba,
2264 1314 2437 1370 Pater.
2470 1317 2575 1372 Cor
2594 1318 2845 1383 clamet‘,
2874 1319 3028 1373 Pater
3056 1330 3223 1374 noster
3248 1324 3331 1391 qui
3362 1340 3411 1376 es
3454 1324 3505 1377 in
3552 1340 3650 1378 ctr-

2068 1404 2129 1458 lis
2164 1406 2373 1476 (Matth.
2405 1425 2479 1475 vr,
2516 1408 2595 1481 9),
2635 1409 2776 1479 Ergo
2818 1425 2980 1481 quare
3036 1427 3144 1465 non
3191 1421 3394 1467 tantum
3449 1414 3648 1469 Pater?

2050 1496 2201 1564 Quid
2231 1500 2328 1554 sibi
2359 1502 2485 1566 vult,
2514 1502 2671 1567 Abba,
2702 1502 2900 1557 Pater?
2923 1503 2978 1558 Si
3005 1504 3145 1557 enim
3177 1520 3384 1575 quzeras
3427 1508 3550 1577 quid
3581 1508 3651 1563 sit

2065 1592 2223 1659 Abba,
2257 1595 2610 1663 respondetur
2637 1597 2764 1661 tibi,
2807 1596 2979 1650 Pater.
3028 1597 3175 1652 Abba
3216 1600 3359 1652 enim
3395 1598 3646 1656 hebraice

2066 1694 2214 1753 pater
2238 1686 2448 1740 dicitur.
2476 1687 2651 1754 Quare
2687 1688 2851 1741 voluit
2890 1699 3170 1758 utrumque
3212 1690 3499 1759 Apostolus
3547 1706 3645 1761 po-

2064 1778 2232 1831 nere?
2259 1779 2388 1844 Quia
2419 1780 2631 1834 videbat
2656 1779 2880 1848 lapidem
2902 1782 3242 1849 angularem,
3273 1797 3428 1851 quem
3457 1798 3646 1853 repro-

2062 1868 2685 1937 baveruntzediﬁcantes,
2719 1880 2772 1925 et
2814 1871 2983 1926 factus
3026 1880 3107 1927 est
3162 1872 3214 1926 in
3258 1881 3415 1943 caput
3469 1875 3647 1945 anguli

2065 1956 2234 2029 (Psal.
2265 1976 2425 2023 cxvn,
2450 1960 2562 2030 22),
2597 1976 2700 2015 non
2732 1962 2845 2016 sine
2872 1977 3028 2017 causa
3072 1964 3376 2033 angularem
3421 1966 3641 2029 dictum,

2061 2050 2165 2105 nisi
2193 2051 2313 2119 quia
2340 2052 2391 2105 in
2434 2053 2677 2107 osculum
2723 2053 2911 2123 recipit
2951 2064 3234 2125 utrumque
3280 2056 3535 2126 parietem
3578 2058 3646 2116 de

2059 2142 2273 2199 diverso
2299 2145 2621 2200 venientem.
2670 2146 2803 2201 llinc
2848 2146 3215 2214 circumcisio,
3267 2147 3388 2204 inde
3428 2164 3643 2219 praepu-

2060 2236 2212 2296 tium.
2249 2246 2447 2292 tantum
2475 2254 2503 2293 a
2530 2254 2588 2293 se
2613 2246 2666 2293 et
2687 2239 2823 2293 inter
2860 2254 2918 2293 se
2943 2240 3119 2309 longe,
3164 2248 3419 2310 quantum
3449 2241 3516 2296 ab
3544 2256 3644 2296 an-

2058 2330 2181 2400 gulo
2209 2330 2362 2399 longe
2392 2350 2405 2381 :
2435 2340 2690 2401 quantum
2711 2339 2885 2385 autem
2908 2330 2974 2385 ad
3004 2331 3249 2401 angulum
3278 2346 3465 2402 prope,
3491 2339 3546 2387 et
3564 2334 3645 2387 in-

2060 2430 2140 2475 ter
2165 2436 2222 2477 se
2244 2424 2423 2492 utique
2450 2438 2639 2493 prone;
2664 2422 2726 2477 in
2751 2423 2941 2494 angulo
2968 2432 3145 2479 autem
3173 2423 3310 2479 inter
3354 2439 3412 2481 se
3451 2425 3638 2495 juncti.

2058 2512 2181 2585 Ipse
2227 2523 2299 2567 est
2349 2516 2481 2568 enim
2524 2532 2626 2585 pax.
2674 2525 2881 2580 nostra,
2933 2518 3019 2588 qui
3061 2518 3176 2587 fecit
3228 2526 3437 2586 utraque
3486 2536 3641 2574 unum

2058 2606 2273 2679 (Ep/tes.
2294 2624 2350 2671 ιι,
2378 2607 2586 2677 11-22).
2609 2609 2745 2678 Ergo
2771 2608 2893 2664 inde
2912 2609 3264 2672 circumcisio,
3284 2611 3406 2665 inde
3426 2626 3640 2682 prmpu-

2060 2699 2209 2763 tium,
2236 2701 2493 2768 parietum
2543 2701 2860 2768 concordia,
2912 2703 3090 2773 anguli
3133 2703 3321 2774 gloria.
3370 2704 3641 2774 Accepistis

2058 2791 2308 2861 Spiritum
2340 2793 2625 2863 adoptionis
2647 2793 2889 2861 ﬁliorum,
2920 2795 2971 2848 in
2999 2811 3096 2864 quo
3116 2796 3427 2863 clamamus,
3478 2797 3638 2866 Abba,

2055 2884 2231 2938 Pater.

2126 2978 2350 3034 CAPUT
2389 2978 2505 3032 XV.
2536 3010 2607 3018 —
2654 2980 2740 3033 16.
2802 2980 3025 3049 Spiritus
3067 2983 3221 3035 arrha
3274 2985 3438 3052 potius
3487 3001 3640 3049 quam

2056 3070 2257 3139 pignus.
2283 3069 2466 3137 Qualis
2491 3086 2578 3124 res
2607 3080 2708 3138 est,
2738 3072 2781 3124 si
2808 3072 2999 3142 pignus
3021 3073 3124 3127 tale
3150 3074 3273 3128 est?
3294 3074 3403 3131 Nec
3427 3076 3636 3147 pignus,

2053 3160 2145 3214 sed
2177 3160 2333 3214 arrha
2358 3160 2578 3215 dicenda
2610 3171 2709 3215 est.
2756 3160 2952 3231 Pignus
2990 3163 3131 3218 enim
3159 3165 3368 3233 quando
3398 3167 3632 3235 ponitur,

2052 3266 2172 3305 cum
2202 3250 2359 3306 fuerit
2388 3268 2474 3307 res
2524 3253 2633 3322 ipsa
2677 3253 2881 3308 reddita
2931 3254 3117 3326 pignus
3168 3256 3426 3311 aufertur.
3468 3258 3637 3313 Arrha

2051 3354 2227 3400 autem
2255 3346 2320 3400 de
2346 3348 2455 3415 ipsa
2483 3362 2542 3400 re
2560 3346 2731 3409 datur,
2759 3363 2875 3417 qum
2900 3348 3072 3402 danda
3092 3351 3448 3418 promittitur;
3474 3361 3530 3407 ut
3553 3367 3638 3407 res

2051 3436 2263 3507 quando
2290 3438 2548 3505 redditur,
2578 3438 2859 3507 impleatur
2887 3439 3029 3507 quod
3055 3440 3234 3495 datum
3264 3451 3365 3508 est,
3396 3458 3500 3497 non
3530 3460 3637 3499 mu-

2051 3536 2211 3583 tetur.
2240 3528 2615 3599 Unusquisque
2635 3544 2762 3599 ergo
2791 3529 3027 3584 attendat
3052 3545 3145 3585 cor
3164 3546 3338 3597 suum,
3368 3544 3542 3588 utrum
3569 3550 3633 3590 ex

2049 3619 2250 3674 intimis
2276 3620 2451 3675 cordis
2472 3621 2718 3675 medullis
2742 3629 2795 3675 et
2820 3621 3027 3676 sincera
3050 3622 3309 3679 cbaritate
3336 3624 3498 3692 dicat,
3529 3625 3635 3679 Pa-

2049 3720 2139 3765 ter.
2197 3710 2312 3766 Non
2366 3712 2527 3766 modo
2579 3713 2837 3783 quaeritur
2886 3720 3079 3782 quanta
3134 3714 3203 3768 sit
3230 3714 3343 3784 ipsa
3374 3715 3628 3781 charitas,

2049 3811 2225 3857 utrum
2276 3817 2465 3872 magna
2490 3845 2505 3869 ,
2548 3818 2613 3858 an
2639 3819 2799 3874 parva
2822 3846 2835 3869 ,
2864 3818 2930 3858 an
2967 3804 3251 3861 mediocris
3281 3825 3293 3860 :
3323 3818 3498 3862 utrum
3549 3810 3633 3865 vel

2046 3895 2136 3960 sit,
2168 3909 2369 3964 quaero.
2410 3894 2465 3949 Si
2512 3903 2635 3949 nata
2688 3905 2792 3959 est,
2842 3895 3054 3950 latendo
3087 3898 3299 3962 crescit,
3342 3899 3634 3954 crescendo

2044 3986 2381 4056 perﬁcietur,
2420 3986 2649 4055 perlecta
2691 3987 3041 4057 permanebit.
3074 3986 3189 4041 Non
3227 3989 3367 4042 enim
3399 3991 3631 4058 perfecta

2044 4080 2215 4149 vergit
2253 4079 2306 4132 in
2354 4079 2581 4144 senium,
2625 4087 2729 4133 eta
2771 4088 3045 4133 senecmte
3068 4081 3245 4134 veniet
3267 4080 3331 4135 ad
3364 4092 3627 4136 mortem:

2042 4170 2107 4224 ad
2140 4170 2241 4224 hoc
2277 4170 2600 4239 perﬁcietur,
2644 4178 2702 4224 ut
2730 4178 2926 4224 mterna
2957 4180 3285 4240 permaneat.
3329 4171 3460 4227 Vide
3487 4176 3629 4227 enim

2042 4261 2167 4331 quid
2196 4262 2452 4332 sequitur.
2496 4259 2805 4327 Clamamus,
2842 4262 3003 4328 Abba,
3052 4260 3230 4317 Pater.
3258 4261 3377 4334 Ipse
3406 4257 3632 4333 Spiritus

2045 4355 2382 4408 testimonium
2408 4354 2575 4407 reddit
2600 4354 2801 4424 spiritui
2828 4362 3018 4419 nostro,
3050 4356 3167 4425 quia
3196 4372 3368 4409 sumus
3391 4357 3485 4425 ﬁlii
3513 4356 3625 4411 Dei.
3690 4378 3691 4381 η

2040 4445 2156 4501 Non
2184 4447 2401 4515 spiritus
2419 4455 2601 4500 noster
2621 4445 2797 4500 reddit
2815 4446 3177 4501 testimonium
3192 4447 3397 4516 spiritui
3421 4455 3624 4512 nostro,

2040 4537 2160 4607 quia
2205 4552 2388 4590 sumus
2435 4535 2525 4590 ﬁlii
2566 4535 2811 4590 Dei:scd
2858 4536 3086 4605 Spiritus
3126 4537 3240 4602 Dei,
3270 4536 3424 4591 arrha
3453 4538 3629 4591 reddit

2040 4627 2405 4681 testimonium
2434 4641 2531 4696 pro
2562 4641 2621 4681 ea
2654 4642 2712 4680 re
2757 4642 2875 4696 qua:
2904 4627 3057 4681 nobis
3084 4627 3342 4696 promissa
3372 4636 3473 4681 est.
3506 4626 3629 4696 Ipse

2040 4720 2265 4790 Spiritus
2293 4720 2626 4774 testimonium
2650 4720 2813 4773 reddit
2846 4719 3049 4789 spiritui
3068 4727 3257 4785 nostro,
3297 4718 3415 4787 quia
3453 4734 3626 4772 sumus

2039 4813 2136 4883 ﬁlii
2166 4813 2277 4867 Dei.

2111 4908 2199 4961 17.
2230 4905 2512 4960 ereditas
2534 4905 2756 4974 ﬁliorum
2777 4903 2967 4958 Dei.—
2984 4902 3046 4958 Si
3070 4911 3237 4966 autem
3258 4901 3372 4972 ﬁlii,
3396 4912 3443 4955 et
3464 4902 3624 4956 ha're-

2038 4998 2145 5053 des.
2169 4995 2284 5051 Non
2319 4998 2461 5052 enim
2490 4997 2719 5050 inaniter
2747 4995 2858 5059 ﬁlii.
2884 4995 3009 5049 limo
3034 5002 3118 5049 est
3144 5008 3350 5049 merces
3376 5012 3389 5048 :
3423 4992 3489 5045 Et
3515 4996 3623 5047 ha:-

2034 5091 2197 5146 redes.
2231 5089 2342 5145 [loc
2369 5097 2449 5145 est
2473 5088 2611 5160 quod
2633 5088 2791 5159 paulo
2812 5096 2936 5142 ante
2960 5086 3219 5151 dicebam,
3242 5086 3361 5156 quia
3384 5085 3622 5141 medicus

2036 5191 2221 5237 noster
2269 5190 2323 5237 et
2349 5183 2629 5237 sanitatem
2678 5181 2835 5235 nobis
2857 5179 3041 5245 donat,
3067 5186 3122 5233 et
3146 5178 3445 5233 mercedem
3475 5178 3620 5233 insu-

2036 5291 2133 5347 per
2152 5274 2326 5346 largiri
2350 5275 2614 5344 dignatur.
2642 5272 2772 5340 Quae
2805 5280 2887 5326 est
2912 5270 2997 5325 illa
3024 5270 3273 5326 merces?
3302 5269 3617 5324 llaercditas.

2034 5371 2137 5425 Sed
2171 5386 2276 5424 non
2319 5368 2586 5439 quomodo
2608 5378 2690 5421 est
2732 5363 2963 5421 hominis
2984 5365 3148 5435 patris
3177 5363 3479 5421 haereditas.
3512 5365 3618 5420 Rc-

2035 5460 2223 5531 liuquit
2261 5460 2399 5515 enim
2432 5459 2553 5513 liliis
2578 5458 2719 5523 suis,
2754 5472 2859 5510 non
2890 5454 3126 5524 possidet
3153 5454 3422 5509 cum'ﬁliis
3456 5455 3566 5510 suis
3598 5470 3613 5508 :

2034 5561 2088 5607 et
2110 5562 2285 5606 tamen
2314 5566 2563 5619 magnum
2594 5564 2652 5604 se
2684 5549 2824 5613 facit,
2855 5558 2909 5603 et
2947 5548 3143 5619 gratias
3167 5547 3267 5603 sibi
3293 5548 3375 5618 agi
3404 5546 3617 5601 deside-

2034 5653 2133 5708 rat,
2166 5645 2285 5714 quia
2313 5641 2626 5695 voluitdarc
2645 5641 2784 5712 quod
2810 5658 2913 5696 non
2934 5641 3101 5713 possit
3119 5638 3349 5697 auferre.
3370 5638 3599 5698 Moriens

2054 5772 2070 5800 ι
2098 5766 2284 5816 Aliquot
2307 5770 2432 5814 διες..
2457 5773 2548 5814 Cor
2573 5759 2750 5815 clamat
2771 5800 2784 5814 .
