4108 6336
457 280 564 346 859

459 393 603 447 enim
628 389 840 457 tolleret
865 387 1087 450 secumlt
1125 387 1259 450 Puto
1279 386 1400 466 quia
1416 385 1459 440 si
1485 392 1686 456 posset.
1710 383 1842 448 nihil
1864 385 1950 442 hic
1974 384 2041 438 ti-

458 485 544 540 liis
592 483 703 540 suis
731 483 1039 557 dimisisset.
1091 479 1341 538 Hacredes
1384 479 1480 536 Dei
1531 480 1610 540 sic
1657 490 1802 548 sunt,
1833 488 1891 534 ut
1928 479 2042 550 ipse

461 579 604 634 Deus
633 578 701 632 sit
727 576 1012 635 haereditas
1059 575 1301 642 nostra‘,
1343 574 1427 628 cui
1457 572 1587 630 dicit
1613 573 1854 634 Psalmus
1888 569 2040 626 :Do-

459 669 626 722 minus
651 684 770 738 pars
817 667 1123 724 Itwreditatis
1162 682 1286 722 meat
1328 665 1498 738 (Psal.
1529 681 1618 731 xv,
1672 666 1748 736 5).
1803 662 2042 722 Heredes

456 760 655 829 quidem
682 758 778 813 Dei
801 776 820 813 :
839 760 884 814 si
909 775 1096 830 parum
1138 759 1290 814 vobis
1319 767 1421 823 est,
1449 758 1647 828 audite,
1680 774 1784 829 quo
1813 756 2041 828 amplius

455 852 773 922 gaudeatis:
820 851 1063 908 eredes
1106 853 1307 926 quidem
1349 852 1482 920 Dei,
1529 851 1814 910 colueredes
1874 859 2040 906 autem

459 941 665 1001 Christi.
695 946 952 1005 Conversi
981 947 1046 1001 ad
1071 947 1372 1011 Dominum,
1393 953 1497 1006 etc.

944 1037 1176 1093 διεξιΜο
1213 1037 1392 1094 CLvu
1423 1041 1442 1060 ο
1472 1035 1567 1110 (a).

457 1131 536 1187 De
560 1131 716 1188 verbis
747 1131 995 1200 Apostoli,
1029 1129 1131 1198 Spe
1159 1129 1287 1186 salvi
1312 1128 1432 1184 facti
1456 1143 1636 1182 sumus
1669 1145 1683 1181 :
1716 1142 1837 1198 spes
1863 1134 2040 1183 autem

528 1241 644 1296 quce
683 1224 913 1290 videtur,
954 1240 1061 1278 non
1103 1232 1185 1279 est
1226 1239 1366 1291 spes.
1417 1222 1568 1278 Rom.
1592 1239 1707 1294 cap.
1738 1237 1851 1286 vni,
1894 1221 1928 1294 ᾗ
1963 1221 2037 1294 ᾗ.

527 1319 616 1384 at,
647 1319 717 1374 25
744 1319 841 1390 (υ).

526 1409 751 1470 CAPUT
810 1409 1098 1471 PRIMUM.
1143 1439 1215 1448 —
1259 1409 1312 1462 1.
1363 1408 1493 1478 Spes
1533 1406 1933 1466 Christianorum
1981 1407 2042 1461 de

457 1503 678 1564 quernis.
741 1500 934 1555 Mundo
1001 1499 1176 1574 fallaci
1233 1500 1494 1568 creditur,
1551 1517 1649 1556 non
1715 1499 1841 1558 Deo.
1895 1499 2044 1553 Sicut

457 1594 770 1666 Apostolum
820 1593 1018 1648 dixisse
1047 1593 1286 1648 meminit
1318 1592 1582 1647 Sanctitas
1612 1601 1807 1655 vestra,
1852 1590 2042 1648 fratres

456 1685 780 1753 charissimi,
811 1683 917 1753 Spe
944 1684 1071 1738 salvi
1092 1684 1213 1755 [acti
1235 1700 1406 1738 sumus
1428 1700 1446 1737 :
1477 1683 1607 1752 Spes
1632 1696 1818 1748 autent,
1851 1683 2038 1753 inquit,

455 1791 568 1846 qua:
588 1776 800 1842 videtur,
835 1792 934 1829 non
967 1784 1044 1828 est
1088 1792 1202 1844 spes
1225 1791 1242 1827 :
1262 1775 1397 1846 quod
1425 1776 1556 1832 enim
1586 1775 1716 1830 videt
1761 1776 1892 1847 quis,
1923 1775 2044 1850 quid

454 1877 624 1938 sperat
650 1866 675 1920 Ρ
706 1865 764 1922 Si
789 1866 1107 1936 autemquod
1129 1884 1228 1920 non
1255 1867 1496 1934 videmus,
1521 1883 1799 1936 speramus,
1829 1883 1917 1936 per
1945 1884 2041 1937 pa-

456 1959 682 2016 tientiam
733 1969 1097 2027 exspectamus.
1149 1957 1283 2012 Hinc
1336 1959 1486 2014 vobis
1527 1957 1946 2012 exhortatorium
1989 1969 2045 2014 et

455 2049 866 2104 consolatorium
901 2049 1136 2120 praebere
1163 2063 1464 2103 sermonem
1506 2048 1756 2106 admonet
1808 2065 1904 2103 nos
1932 2049 2043 2118 ipse

457 2141 714 2195 Dominus
764 2140 905 2196 Deus
949 2151 1152 2206 noster,
1195 2141 1277 2194 cui
1324 2139 1517 2196 dicitur
1566 2141 1616 2193 in
1644 2139 2044 2211 Psalmo:Spes

454 2250 567 2286 mea
591 2250 640 2288 es
667 2241 737 2298 tu,
768 2233 931 2304 portio
955 2249 1062 2286 mea
1091 2235 1142 2286 in
1163 2243 1296 2290 terra
1321 2233 1583 2286 viventium
1606 2233 1775 2306 (Psal.
1798 2251 1936 2302 cxu,
1962 2235 2040 2308 (ἱ).

453 2322 592 2394 Ipse,
624 2323 859 2394 inquam,
887 2325 975 2394 qui
1014 2340 1136 2396 spes
1168 2333 1347 2378 nostra
1381 2335 1461 2379 est
1491 2325 1541 2379 in
1570 2335 1708 2380 terra
1732 2326 2038 2394 viventium,

449 2417 600 2487 jubet
624 2424 683 2470 ut
708 2433 803 2471 vos
832 2416 1167 2488 alloquamur
1192 2418 1244 2478 in
1277 2418 1375 2473 hac
1405 2428 1544 2473 terra
1577 2419 1951 2487 morientium;
1986 2428 2044 2475 ut

455 2525 562 2564 non
585 2509 879 2584 respiciatis
900 2527 1017 2578 qua:
1043 2509 1309 2576 videntur,
1358 2509 1452 2565 sed
1483 2528 1600 2582 qua:
1642 2528 1746 2566 non
1774 2512 2040 2568 videntur.

454 2602 582 2670 Qua:
612 2605 754 2660 enim
784 2605 1050 2670 videntur,
1081 2607 1389 2678 temporalia
1416 2617 1566 2675 sunt;
1597 2624 1714 2677 qua:
1742 2616 1916 2661 autem
1935 2623 2041 2662 non

457 2696 724 2768 videntur,
753 2707 952 2755 aeterna
987 2697 1053 2772 (ll
1078 2697 1194 2754 Cor.
1221 2715 1289 2763 tv,
1324 2698 1431 2769 l8).
1453 2700 1586 2768 Quia
1617 2717 1745 2772 ergo
1771 2695 2040 2772 quodnon

458 2791 700 2850 videmus
727 2808 1034 2865 Speremus,
1068 2804 1120 2850 et
1150 2813 1244 2866 per
1284 2798 1589 2866 patientiam
1627 2809 2041 2868 exspectamus;

457 2884 650 2940 merito
679 2882 832 2941 nobis
882 2887 934 2941 in
982 2887 1192 2942 Psalmo
1241 2888 1453 2952 dicitur,
1493 2890 1700 2944 Sustine
1741 2890 2040 2957 Dominum,

456 2976 663 3029 viriliter
690 2994 800 3048 age,
835 2987 879 3030 et
906 2978 1214 3048 confortetur
1241 2996 1327 3034 cor
1371 2988 1531 3043 tuum,
1564 2991 1609 3033 et
1635 2982 1826 3036 sustine
1865 2981 2045 3036 Domi-

460 3084 582 3120 num
609 3067 777 3137 (I’sal.
826 3084 969 3136 xxvi,
1001 3069 1112 3137 14).
1141 3069 1314 3122 Mundi
1359 3071 1498 3125 enim
1530 3072 1789 3141 promissa
1835 3065 2050 3146 semper

457 3159 674 3226 fallunt;
698 3161 786 3215 Dei
814 3171 989 3216 autem
1010 3163 1265 3231 promissa
1289 3180 1555 3234 nunquam
1579 3165 1786 3222 fallunt.
1804 3167 1906 3226 Sed
1923 3170 2045 3239 quia

456 3255 685 3311 mundus
707 3253 847 3328 quod
864 3255 1162 3325 pollicetur,
1183 3255 1269 3310 hic
1291 3256 1497 3311 videtur
1521 3258 1759 3326 daturus,
1795 3261 1843 3316 id
1866 3271 1967 3327 est,
1992 3263 2046 3322 in

457 3345 557 3401 hac
577 3357 713 3402 terra
741 3347 1096 3414 morientium,
1125 3348 1175 3404 in
1206 3366 1304 3418 qua
1326 3366 1467 3406 nunc
1482 3367 1693 3417 sumus;
1718 3354 1854 3412 Deus
1869 3364 2044 3416 autem

457 3437 596 3509 quod
621 3439 914 3507 pollicetur,
938 3440 988 3496 in
1017 3450 1154 3495 terra
1187 3440 1472 3498 viventium
1493 3443 1644 3503 nobis
1672 3444 1892 3506 daturus
1916 3455 1999 3504 est
2027 3465 2043 3508 ;

457 3528 609 3584 multi
626 3528 908 3602 fatigantur
921 3540 1230 3604 exspectare
1248 3548 1512 3602 veracem,
1532 3544 1584 3594 et
1603 3553 1707 3596 non
1726 3539 2050 3602 eruimscunt

457 3635 638 3676 amare
668 3619 926 3678 fallacem.
978 3621 1052 3696 De
1082 3623 1273 3678 talibus
1310 3625 1438 3680 dicit
1476 3626 1786 3697 Scriptura:
1831 3627 1918 3688 Va:
1965 3632 2044 3692 his

457 3713 544 3781 qui
573 3712 894 3781 perdiderunt
917 3713 1287 3781 sustinentium,
1318 3725 1362 3774 et
1383 3715 1691 3774 diverterunt
1719 3720 1770 3774 in
1802 3723 1906 3778 vias
1929 3740 2047 3790 pra-

457 3817 545 3857 vas
575 3801 760 3873 (Eccli.
815 3819 872 3871 tt,
907 3803 1016 3874 16).
1049 3804 1181 3859 Cum
1227 3805 1388 3860 etiam
1419 3808 1643 3866 viriliter
1670 3813 1951 3881 agentibus
1993 3824 2048 3877 et

458 3894 620 3949 corde
650 3892 947 3949 confortato
976 3894 1143 3950 Deum
1171 3896 1570 3965 sustinentibus,
1596 3899 1687 3954 ﬁlii
1710 3904 2047 3974 sempiternae

462 3987 652 4042 mortis
697 3987 952 4042 insultare
994 4004 1100 4046 non
1131 4001 1342 4045 cessant
1365 3991 1630 4062 jaCtantes
1679 4010 1802 4057 suas
1829 3998 2048 4058 delicias

464 4077 812 4147 temporales,
841 4093 959 4148 qua:
983 4078 1049 4134 ad
1086 4088 1294 4156 tempus
1324 4080 1608 4139 obdulcaut
1633 4083 1813 4143 fauces
1839 4105 2043 4158 eorum,

460 4178 646 4240 postea
703 4186 832 4226 vero
877 4172 1170 4228 amariores
1219 4174 1338 4230 felle
1387 4176 1659 4234 invenient
1704 4195 1816 4241 eas.
1858 4183 2049 4242 Dicunt

462 4263 606 4322 enim
626 4262 787 4325 nobis
819 4281 834 4320 :
864 4263 966 4320 Ubi
987 4274 1069 4320 est
1091 4266 1232 4336 quod
1257 4268 1406 4325 vobis
1420 4271 1747 4341 promittitur
1767 4285 1890 4345 post
1911 4276 2048 4336 hanc

466 4355 673 4410 vitam?
705 4355 832 4424 Quis
861 4355 966 4413 huc
1004 4357 1127 4416 inde
1169 4375 1413 4418 reversus
1431 4370 1535 4429 est,
1573 4365 1901 4424 etindicavit
1923 4385 2046 4426 vera

464 4462 582 4504 esse
609 4463 728 4519 quae
759 4447 1006 4509 creditis?
1029 4450 1166 4514 Ecce
1194 4468 1291 4510 nos
1311 4452 1364 4507 in
1394 4464 1695 4512 nostrarum
1723 4459 2046 4529 voluptatum

463 4539 708 4594 satietate
730 4539 988 4608 laetamur,
1017 4542 1138 4612 quia
1159 4544 1299 4614 quod
1324 4544 1584 4613 videmus,
1602 4564 1880 4618 speramus
1905 4570 1918 4608 :
1953 4569 2049 4610 vos

463 4641 643 4686 autem
672 4631 724 4688 in
749 4632 1019 4690 laboribus
1048 4635 1389 4695 continentia:
1419 4639 1750 4708 cruciamini,
1778 4643 2048 4700 credendo

463 4723 604 4796 quod
630 4740 736 4780 non
761 4725 970 4784 videtis.
997 4724 1199 4784 Deinde
1219 4729 1542 4799 subjungunt
1561 4732 1699 4801 quod
1724 4749 2048 4792 commemo-

463 4819 602 4872 ravit
644 4818 932 4887 Apostolus
962 4836 974 4872 :
1012 4817 1373 4875 Manducemus
1407 4831 1454 4876 et
1497 4823 1720 4879 bibamus
1743 4841 1762 4879 :
1787 4843 1898 4882 cras
1915 4829 2049 4886 enim

465 4909 752 4962 moriemur.
780 4908 884 4968 Sed
927 4909 1098 4966 videte
1122 4911 1247 4982 quid
1279 4913 1393 4981 ipse
1419 4916 1711 4971 cavendum
1737 4921 2005 4976 monuerit
2031 4941 2046 4979 :

465 4999 826 5074 Corrumpunt,
855 4997 1044 5076 inquit,
1091 5021 1253 5060 mores
1299 5005 1454 5060 bonos
1478 5008 1729 5079 colloquia
1759 5012 1915 5066 mala.
1949 5013 2049 5071 Sov

463 5091 555 5146 brii
579 5102 732 5148 estote
746 5094 891 5165 juste
918 5096 962 5164 ',
987 5105 1032 5150 et
1055 5095 1209 5150 nolite
1233 5113 1441 5167 peccare
1467 5099 1512 5171 (Ι
1539 5097 1656 5156 Cor.
1680 5119 1768 5172 xv,
1801 5104 2009 5179 52-54).

525 5229 545 5262 ι
570 5231 866 5280 rossatensts
882 5237 989 5291 κα,
1009 5230 1267 5283 hmdttas
1286 5245 1469 5286 eorum.

516 5291 548 5361 f
572 5300 671 5364 Am.
698 5300 774 5342 Er.
798 5302 848 5364 et
870 5292 1053 5364 aliquot
1076 5303 1175 5364 MS_.,
1189 5295 1336 5356 jrsti,
1357 5305 1410 5348 ut
1433 5300 1798 5364 nunevulgata.
1827 5305 1922 5356 Sed
1955 5319 2052 5358 non

462 5357 623 5424 minus
646 5357 776 5424 [reue
799 5361 926 5424 [ιονΊ
940 5357 1088 5424 juste,
1121 5357 1259 5418 juxta
1288 5373 1458 5424 gemo,
1499 5357 1713 5414 dilt‘aios':
1741 5367 1879 5416 sicuti
1907 5357 2052 5424 etiam

463 5412 676 5525 ἕπὺᾳὲωι
704 5416 819 5469 alias
837 5412 1038 5480 Vulgata
1055 5412 1108 5468 in
1121 5412 1462 5482 innus‘ixipué
1482 5412 2026 5488 quibusdam'iaiduisizi

517 5489 591 5526 IIS.

530 5538 928 5620 “fastigatus
945 5555 997 5620 a._
1017 5543 1100 5595 bu.
1133 5540 1197 5594 cl.
1231 5543 1308 5594 cb.
1333 5545 1367 5593 f.
1396 5546 1452 5596 fs.
1477 5562 1527 5611 g.
1566 5546 1624 5599 ir.
1648 5564 1714 5601 ω.
1740 5566 1815 5620 pr.
1840 5568 1930 5604 rm.
1970 5557 2049 5608 vd.

465 5606 522 5651 et
539 5603 599 5650 ad
627 5613 724 5651 Am.
745 5611 821 5654 Er.
848 5613 948 5654 Par.
981 5613 1092 5655 ιον.

521 5663 603 5792 ta
625 5665 1371 5787 imae.

550 5723 603 5792 tr)
627 5723 898 5785 paci-uim
921 5729 1051 5784 hunc
1070 5723 1240 5786 retulit
1260 5732 1427 5787 Florus
1445 5730 1508 5786 ad
1527 5740 1659 5790 nom.
1682 5751 1783 5792 ππ.

1689 272 1747 329 S.
1787 269 2152 334 AUGUSTINI
2188 269 2495 334 EPISCOPI

3641 337 3664 344 .,.

2221 385 2443 440 CAPUT
2481 383 2543 440 Il.
2561 414 2633 426 —
2655 384 2709 439 2.
2732 384 2985 441 Patientia
3013 393 3061 441 et
3075 383 3406 440 mansuetudo
3431 385 3732 440 necessaria.

2149 471 2344 532 Cavete
2389 492 2548 547 ergo,
2609 477 2832 548 fratres,
2887 495 2957 536 ne
2998 479 3192 535 talibus
3243 480 3523 552 colloquiis
3556 494 3736 536 mores

2147 570 2308 625 vestri
2335 582 2765 640 corrumpantur,
2817 581 3091 628 evertatur
3128 588 3271 644 spes,
3323 580 3610 628 enervetur
3637 587 3730 642 pa-

2148 662 2350 729 tientia,
2403 673 2456 717 ct
2501 664 2774 720 divertatis
2801 666 2855 721 in
2893 667 3006 722 vias
3043 681 3252 738 pravas.
3283 667 3394 722 lmo
3423 682 3550 722 vero
3579 667 3736 722 miles

2146 764 2306 824 atque
2332 752 2594 810 mansueti
2641 765 2820 812 tenete
2860 758 2972 813 vias
3020 767 3212 822 rectas,
3262 773 3396 828 quas
3445 772 3542 812 vos
3579 758 3734 814 docet

2151 849 2404 902 Dominus
2434 867 2446 903 :
2479 849 2546 904 de
2574 851 2768 922 quibus
2799 851 3041 906 Psalmus
3087 851 3236 920 dicit,
3278 851 3475 923 Diriget
3514 852 3661 905 mites
3682 852 3736 907 in

2139 943 2361 1015 judicio,
2416 945 2610 1000 docebit
2647 957 2936 1014 mansuetos
2969 948 3075 1001 vias
3118 964 3236 1001 suas
3286 945 3456 1018 (Psal.
3489 962 3633 1014 ntv,
3651 947 3732 1018 9).

2145 1035 2456 1091 Patientiam
2480 1039 2672 1108 quippe
2715 1039 2767 1093 in
2822 1039 3088 1093 laboribus
3131 1038 3285 1107 hujus
3327 1039 3606 1103 vitae,sine
3631 1053 3736 1114 qua

2148 1143 2250 1181 non
2284 1138 2460 1197 potest
2496 1130 2748 1184 custodiri
2798 1146 2921 1200 spes
2966 1129 3158 1185 futura:
3195 1132 3336 1195 vitaa,
3368 1147 3527 1186 nemo
3562 1139 3736 1202 potest

2147 1228 2407 1288 perpetuo
2447 1222 2701 1289 retinere,
2754 1221 2854 1276 nisi
2885 1222 3028 1277 mitis
3063 1233 3221 1293 atque
3264 1235 3604 1288 mansuetus;
3646 1223 3749 1295 qui,

2146 1327 2251 1365 non
2280 1313 2477 1366 resistit
2521 1315 2777 1368 voluntati
2821 1314 2935 1380 Dei,
2987 1314 3139 1384 cujus
3183 1314 3365 1385 jugum
3420 1315 3542 1371 lene
3579 1325 3661 1371 est
3685 1324 3741 1372 et

2148 1405 2350 1459 sarcina
2394 1406 2543 1469 levis,
2587 1407 2682 1461 sed
2708 1408 3049 1462 credentibus
3091 1410 3220 1474 Deo,
3244 1416 3298 1463 et
3327 1409 3659 1479 sperantibus
3684 1409 3740 1465 in

2146 1511 2289 1562 elllll,
2323 1506 2377 1551 et
2395 1496 2740 1564 diligentibus
2763 1513 2905 1552 eum.
2932 1497 3003 1551 Ita
3031 1498 3224 1570 quippe
3241 1499 3394 1553 mites
3414 1507 3573 1569 atque
3589 1515 3742 1554 man-

2148 1590 2279 1644 sueti
2314 1606 2416 1643 non
2445 1592 2615 1645 solum
2635 1593 3025 1646 consolationes
3043 1592 3160 1661 ejus
3175 1592 3441 1658 amabitis,
3465 1592 3558 1648 sed
3579 1593 3738 1648 etiam

2147 1682 2351 1750 ﬂagella
2395 1683 2510 1752 ejus
2561 1693 2805 1753 tauquam
2839 1685 2962 1738 boni
3007 1684 3099 1738 ﬁlii
3149 1683 3478 1750 tolerabitis;
3529 1692 3586 1738 ut
3604 1701 3738 1754 quo-

2147 1778 2288 1830 niam
2317 1776 2455 1846 quod
2480 1792 2585 1830 non
2608 1777 2798 1831 videtis
2817 1777 3170 1848 speratis,per
3190 1778 3497 1845 patientiam
3519 1791 3740 1848 exspec-

2149 1868 2291 1921 tetis.
2321 1868 2413 1923 Sic
2442 1869 2600 1937 agite,
2631 1869 2707 1923 sic
2737 1869 3024 1924 ambulate.
3060 1868 3115 1923 In
3144 1867 3356 1923 Christo
3386 1868 3526 1922 enim
3548 1868 3738 1922 ambu-

2149 1957 2288 2018 latis,
2313 1957 2402 2027 qui
2431 1958 2564 2012 dixit
2592 1976 2606 2013 :
2637 1956 2749 2030 Ego
2765 1976 2874 2012 sum
2901 1960 2980 2012 via
3009 1959 3183 2030 (Joan.
3216 1974 3328 2024 xw,
3359 1959 3438 2029 6).
3463 1958 3741 2026 Quomodo

2149 2048 2200 2102 in
2225 2049 2316 2102 illo
2337 2049 2712 2104 ambulandum
2741 2051 2832 2117 sit,
2857 2051 3065 2117 discite,
3095 2067 3200 2104 non
3223 2051 3396 2105 solum
3419 2051 3533 2120 ejus
3555 2050 3738 2118 verbo,

2148 2140 2241 2194 sed
2270 2141 2428 2194 etiam
2467 2141 2583 2214 ejus
2609 2142 2874 2212 exemplo.
2905 2143 3038 2198 Huic
3062 2144 3203 2197 enim
3223 2144 3444 2220 proprio
3473 2127 3608 2198 Filio
3633 2159 3740 2198 non

2149 2234 2384 2302 pepercit
2411 2233 2586 2299 Pater,
2620 2233 2713 2288 sed
2757 2249 2854 2304 pro
2897 2234 3050 2288 nobis
3078 2235 3326 2289 omnibus
3350 2234 3564 2290 tradidit
3591 2235 3740 2289 illum

2149 2323 2324 2395 (Rom.
2355 2341 2463 2391 vm,
2497 2326 2585 2395 5'2)
2613 2344 2625 2379 :
2656 2341 2759 2380 non
2783 2327 2966 2397 utique
2988 2327 3280 2394 nolentem,
3300 2341 3472 2398 neque
3491 2343 3742 2383 recusan-

2148 2425 2276 2482 tem,
2306 2417 2399 2472 sed
2429 2419 2625 2486 pariter
2651 2419 2916 2474 volentem
2939 2435 2954 2484 ;
2982 2420 3101 2488 quia
3133 2435 3236 2474 una
3257 2429 3337 2474 est
3363 2420 3609 2474 voluntas
3630 2420 3740 2475 Pa-

2147 2509 2244 2563 tris
2269 2518 2321 2563 et
2349 2509 2466 2563 Filii
2495 2511 2787 2565 secundum
2815 2513 3168 2581 aequalitatem
3191 2513 3375 2567 formas
3407 2511 3523 2580 Dei,
3553 2516 3608 2567 in
3637 2528 3741 2593 qua

2147 2615 2267 2654 cum
2296 2611 2456 2666 esset,
2488 2617 2595 2655 non
2628 2603 2864 2671 rapinam
2895 2603 3180 2657 arbitratus
3206 2612 3308 2669 est,
3353 2618 3475 2658 esse
3524 2604 3743 2674 arquaiis

2149 2691 2290 2745 Deo:
2321 2700 2374 2746 et
2404 2693 2741 2761 singulariter
2766 2693 3122 2759 obedientem,
3169 2694 3465 2750 secundum
3487 2695 3626 2764 quod
3651 2709 3742 2749 se-

2148 2785 2430 2853 metipsum
2467 2785 2740 2840 evacuavlt
2771 2786 2992 2840 formam
3017 2787 3156 2841 servi
3183 2787 3448 2856 accipiens
3478 2785 3738 2858 (Philipp.

2148 2889 2205 2939 tt,
2231 2874 2283 2936 6,
2308 2876 2380 2945 7).
2405 2874 2534 2930 Nam
2560 2877 2672 2946 ipse
2694 2877 2871 2932 dilexit
2887 2895 2996 2940 nos,
3018 2888 3062 2932 et
3079 2878 3288 2933 tradidit
3307 2879 3624 2950 semetipsum
3649 2894 3744 2950 pro

2149 2969 2290 3028 nobis
2317 2968 2618 3023 oblationem
2663 2980 2706 3024 et
2738 2971 2954 3025 hostiam
3000 2972 3106 3026 Deo
3144 2974 3197 3027 in
3241 2975 3461 3026 odorenr
3483 2972 3744 3026 suavitatis

2150 3058 2366 3131 (Ephes.
2389 3077 2440 3127 v,
2469 3059 2547 3135 2).
2578 3061 2668 3116 Sic
2694 3078 2820 3132 ergo
2845 3063 3002 3117 Pater
3023 3064 3243 3135 preprio
3261 3063 3397 3119 Filio
3417 3080 3523 3118 non
3550 3079 3740 3134 peper-

2149 3151 2240 3217 cit,
2289 3152 2381 3206 sed
2446 3168 2541 3222 pro
2587 3153 2741 3207 nobis
2771 3155 3017 3208 omnibus
3049 3154 3262 3209 tradidit
3291 3171 3434 3221 eum,
3465 3164 3523 3210 ut
3546 3166 3601 3211 et
3627 3154 3744 3225 ipse

2149 3241 2314 3297 Filius
2334 3244 2566 3300 traderet
2593 3247 2934 3316 semetipsum
2964 3262 3059 3314 pro
3081 3247 3254 3302 nobis.
3285 3265 3290 3270 '

2221 3335 2443 3390 CAPUT
2491 3335 2576 3393 Ill.
2605 3367 2674 3376 --
2703 3338 2756 3391 5.
2829 3337 3065 3392 Videmus
3105 3340 3155 3392 in
3187 3339 3349 3410 capite
3390 3349 3563 3394 nostro
3607 3339 3744 3410 quod

2149 3443 2431 3498 speramus.
2459 3427 2713 3484 Traditus
2728 3445 2855 3500 ergo
2885 3432 2976 3485 ille
2997 3432 3261 3498 excelsus,
3297 3449 3393 3504 per
3419 3449 3576 3504 quem
3603 3433 3743 3488 facta

2150 3531 2273 3574 sunt
2294 3523 2493 3588 omnia,
2524 3523 2752 3578 traditus
2793 3536 3012 3594 propter
3039 3524 3269 3580 formam
3305 3528 3444 3582 servi
3469 3528 3526 3584 in
3547 3543 3742 3606 oppro-

2150 3611 2324 3667 brium
2354 3613 2633 3668 hominum
2675 3623 2730 3670 et
2766 3617 3119 3686 abjeCtiouem
3151 3618 3340 3687 plebis,
3371 3621 3426 3676 in
3463 3631 3741 3677 contume—

2151 3707 2296 3776 liam,
2323 3709 2374 3763 in
2401 3708 2630 3780 ﬂagella,
2662 3712 2715 3766 in
2746 3723 2972 3768 mortem
3017 3715 3192 3770 crucis
3221 3715 3402 3770 docuit
3439 3729 3537 3770 nos
3559 3731 3741 3771 exem-

2151 3799 2239 3868 plo
2267 3801 2552 3870 passionis,
2605 3817 2727 3857 cum
2779 3813 2974 3874 quanta
3003 3807 3257 3880 patientia
3287 3807 3340 3861 in
3368 3806 3458 3861 illo
3498 3808 3741 3863 ambule-

2150 3907 2271 3947 mus
2300 3911 2312 3946 :
2340 3902 2394 3947 et
2435 3893 2664 3950 firmavit
2713 3910 2812 3950 nos
2853 3899 3100 3969 exemplo
3143 3915 3255 3954 suae
3291 3900 3738 3970 resurrectionis,

2151 3985 2275 4056 quid
2306 3987 2372 4039 ab
2398 3987 2488 4041 illo
2514 3988 2781 4057 patienter
2799 4003 3015 4059 sperare
3036 3990 3341 4046 debeamus.
3367 3991 3428 4046 Si
3454 3993 3586 4047 enim
3608 3993 3742 4062 quod

2151 4092 2252 4130 non
2306 4076 2530 4132 videmus
2573 4095 2854 4148 speramus,
2899 4098 2988 4151 per
3032 4081 3326 4151 patientiam
3376 4092 3739 4152 exspectamus.

2151 4165 2304 4236 Quod
2323 4184 2425 4223 non
2445 4169 2686 4224 videmus
2713 4170 2948 4240 quidem,
2975 4188 3250 4242 speramus
3281 4193 3294 4229 :
3322 4173 3412 4228 sed
3438 4188 3627 4241 corpus
3651 4189 3742 4228 su-

2152 4274 2270 4313 mus
2298 4258 2439 4313 illius
2459 4261 2665 4332 capitis,
2686 4262 2738 4316 in
2767 4277 2872 4334 quo
2897 4263 3005 4333 jam
3037 4265 3323 4334 perfectum
3351 4264 3591 4335 estquod
3615 4280 3742 4336 Spe-

2153 4367 2351 4407 ramus.
2383 4353 2456 4407 De
2499 4354 2589 4408 illo
2619 4355 2762 4408 enim
2813 4356 3011 4410 dictum
3055 4365 3140 4412 est
3181 4359 3320 4428 quod
3360 4361 3472 4428 ipse
3496 4359 3564 4414 sit
3589 4369 3744 4430 caput

2152 4445 2378 4515 corporis
2410 4445 2664 4510 I'Icrlesite,
2711 4447 3094 4520 primogenilus,
3122 4450 3231 4520 ipse
3274 4451 3544 4522 primatum
3571 4460 3743 4507 tenens

2154 4534 2373 4606 (Coloss.
2405 4552 2442 4601 ι,
2478 4538 2589 4608 18).
2620 4537 2688 4591 Et
2728 4538 2795 4592 de
2823 4539 2973 4594 nobis
2999 4542 3254 4610 scriptum
3280 4551 3362 4597 est
3392 4561 3404 4596 :
3439 4541 3538 4598 Vos
3574 4554 3744 4598 autem

2153 4628 2270 4681 estis
2299 4644 2485 4698 corpus
2533 4628 2720 4683 Christi
2763 4641 2808 4684 et
2836 4636 3054 4687 membra
3086 4634 3126 4704 (l
3154 4634 3271 4689 Cor.
3301 4652 3401 4705 xu,
3421 4637 3537 4708 27).
3571 4636 3632 4694 Si
3651 4654 3744 4691 au-

2153 4727 2250 4773 tem
2273 4720 2406 4790 quod
2429 4737 2529 4774 non
2554 4721 2778 4778 videmus
2801 4741 3079 4796 speramus,
3121 4725 3211 4799 per
3251 4730 3542 4795 patientiam
3566 4747 3745 4802 exspe-

2153 4821 2367 4880 ctamus,
2391 4814 2596 4878 securi;
2621 4816 2870 4886 quoniam
2891 4819 2980 4888 qui
3005 4821 3297 4876 resurrexit
3323 4832 3479 4893 caput
3502 4833 3743 4880 nostrum

2153 4913 2255 4967 est,
2286 4913 2461 4958 servat
2499 4920 2649 4974 spem
2680 4917 2937 4962 nostram.
2974 4909 3039 4965 Et
3063 4911 3189 4982 quia
3220 4913 3527 4984 priusquam
3561 4930 3739 4970 resur-

2152 5006 2321 5069 geret,
2355 4997 2675 5068 ﬂagellatam
2699 5009 2782 5055 est
2805 5012 2962 5071 caput
2982 5013 3244 5072 nostrum,
3270 5007 3498 5061 firmavit
3541 5010 3736 5078 patien-

2156 5091 2280 5144 tiam
2311 5100 2568 5146 nostram.
2597 5091 2864 5162 Scriptum
2903 5102 2987 5148 est
3009 5096 3148 5149 enim
3183 5113 3197 5150 :
3231 5095 3392 5161 Quem
3418 5099 3550 5152 enin
3577 5100 3737 5172 aitigit

2155 5179 2425 5248 Dominus,
2455 5183 2664 5254 corripit
2689 5194 2706 5249 ;
2737 5184 2964 5255 ﬂagellat
2982 5196 3149 5242 autem
3175 5204 3369 5242 omnem
3393 5189 3577 5259 ﬁlium,
3601 5207 3747 5261 quem

2156 5276 2334 5346 recipit
2356 5274 2539 5349 (Hebr.
2565 5293 2660 5341 xu,
2707 5275 2784 5348 6).
2821 5277 2935 5334 Non
2967 5279 3143 5350 itaque
3188 5280 3239 5334 in
3269 5280 3481 5353 flagello
3525 5283 3744 5338 deiicia-

2158 5385 2298 5435 mus,
2331 5377 2387 5422 ut
2411 5368 2462 5422 in
2491 5370 2878 5424 resurrectione
2899 5371 3246 5441 gaudeamus.
3273 5374 3350 5430 Ita
3387 5374 3530 5429 enim
3558 5389 3745 5430 verum

2158 5470 2238 5514 est
2265 5460 2404 5529 quod
2429 5459 2659 5528 ﬂagellat
2687 5475 2899 5515 omnem
2932 5462 3097 5517 filium
3133 5478 3292 5534 quem
3317 5465 3526 5536 recipit,
3554 5476 3615 5522 ut
3647 5481 3745 5522 nec

2161 5550 2325 5606 Unico
2349 5566 2446 5606 suo
2471 5553 2785 5620 pepercerit,
2817 5553 2913 5609 sed
2939 5570 3037 5625 pro
3063 5556 3217 5612 nobis
3243 5559 3490 5615 omnibus
3517 5560 3739 5616 tradide

2159 5645 2222 5700 rit
2253 5660 2395 5698 eum.
2423 5644 2690 5701 lntueutes
2721 5662 2849 5717 ergo
2892 5664 3036 5718 eum,
3067 5651 3156 5722 qui
3193 5653 3308 5709 sine
3327 5655 3530 5724 peccati
3551 5655 3751 5713 merito

2161 5736 2458 5807 tlagellatus
2476 5747 2580 5809 est,
2609 5739 2700 5809 qui
2723 5749 2970 5798 mortuus
2987 5752 3072 5800 est
3086 5753 3309 5811 propter
3331 5745 3526 5805 delicta
3539 5755 3744 5806 nostra.
