4108 6336
301 407 354 460 et
371 387 657 455 resurrexit
682 392 903 460 propter
929 376 1363 454 insultationem
1404 378 1641 432 nostram
1685 366 1864 460 (Rom.

303 457 503 560 325),
534 499 642 542 non
684 457 969 540 ﬁrmamus
1009 490 1080 532 ne
1113 471 1426 560 obiiciuntur
1446 461 1747 560 Attagellati;
1777 457 1872 519 sed

303 555 468 657 potius
490 574 817 634 contidamus
844 570 970 641 quia
993 565 1309 657 recipiemur
1328 555 1622 657 iustiﬁcati.

367 669 584 732 CAPUT
604 665 691 727 IV.
709 664 843 722 —--£.
858 660 970 720 Nec
989 657 1138 716 modo
1157 656 1264 711 sine
1277 651 1464 725 gaudio
1480 664 1672 706 sumus.
1693 643 1875 702 Fluxa:

305 772 608 836 peccatorum
654 757 864 811 deliciae.
917 749 1170 819 Quamvis
1223 745 1366 801 enim
1423 741 1656 796 nondum
1711 749 1874 795 vene-

301 829 368 923 rit
413 854 580 914 nostri
625 850 802 922 gaudii
849 842 1118 918 plenitudo
1147 859 1161 896 :
1190 853 1290 896 nec
1332 835 1493 892 modo
1537 842 1716 888 tanien
1760 829 1877 884 sine

301 948 483 1024 gaudio
506 919 676 1000 relic—ti
706 953 920 1004 sumus;
951 936 1075 1007 quia
1095 948 1192 1003 Spe
1218 930 1350 986 salvi
1373 927 1495 983 facti
1525 939 1729 981 sumus.
1751 919 1877 975 Ideo

304 1016 353 1100 et
375 1042 484 1111 ipse
509 1033 820 1107 Apostolus,
845 1028 935 1100 qui
980 1027 1071 1091 ait,
1119 1024 1180 1080 Si
1206 1020 1341 1092 quod
1387 1035 1488 1076 non
1518 1016 1738 1071 videmus
1763 1027 1880 1080 ape-

302 1106 483 1198 ram—us,
529 1106 618 1200 per
647 1125 937 1198 patientiam
987 1127 1361 1189 exspectamus;
1405 1111 1536 1168 dicit
1588 1108 1694 1166 alio
1736 1106 1876 1170 loco,

304 1229 402 1298 Spe
423 1197 713 1298 gaudentes,
745 1219 798 1274 iu
822 1213 1143 1272 tribulatione
1168 1210 1410 1280 patientes
1436 1203 1610 1278 (Rom.
1640 1216 1738 1266 xu,
1767 1197 1877 1268 12).

305 1289 549 1376 Habentes
571 1330 687 1385 ergo
712 1311 863 1368 talem
885 1323 1046 1378 spent,
1064 1303 1221 1359 multa
1245 1298 1436 1370 ﬁducia
1455 1305 1655 1352 utamur
1673 1291 1736 1362 (ll
1759 1289 1876 1385 ﬂor.

302 1429 384 1476 ut,
411 1410 498 1478 12)
523 1427 536 1462 :
561 1380 822 1462 etvsermo
854 1411 1036 1454 noster
1089 1397 1140 1449 in
1180 1392 1345 1464 gratia
1383 1387 1627 1444 conditus
1653 1383 1721 1438 sit
1746 1380 1878 1444 sale,

303 1512 357 1559 ut
381 1501 612 1560 Sciamus
635 1488 1084 1566 quemadmodum
1101 1491 1345 1554 oporteat
1360 1478 1642 1547 unicuique
1663 1486 1878 1541 respono

303 1594 424 1651 dere
463 1590 684 1664 (Colon.
714 1602 785 1652 iv,
810 1583 889 1655 6).
916 1577 1215 1636 Dicendum
1237 1583 1320 1629 est
1357 1571 1499 1626 enim
1540 1567 1618 1624 eis
1646 1565 1736 1636 qui
1761 1577 1882 1617 cum

295 1656 685 1758 perdidissent,
741 1677 824 1731 vel
882 1684 1150 1741 nunquam
1204 1663 1566 1733 suscepissent
1613 1656 1883 1712 sustinen-

304 1747 443 1842 tium,
475 1773 633 1829 nobis
679 1765 1067 1825 sustinentibus
1097 1758 1381 1816 Dominum
1407 1755 1425 1827 (
1450 1752 1571 1823 quia
1602 1747 1745 1819 quod
1775 1761 1884 1842 non

302 1870 536 1926 videmus
598 1871 910 1934 sperantes,
967 1871 1062 1927 per
1121 1849 1430 1924 patientiam
1478 1834 1885 1912 exspectamus)

301 1963 452 2020 etiam
505 1926 763 2013 insultare
804 1926 1024 2016 audent,
1075 1960 1196 2001 cum
1228 1938 1421 1996 imitari
1456 1935 1749 1991 deberent:
1782 1926 1885 1985 Ubi

305 2065 422 2116 sunt
447 2053 659 2110 delicim
683 2057 896 2111 vestrm,
927 2051 1144 2116 propter
1172 2053 1303 2110 quas
1342 2031 1622 2089 ambulatis
1655 2044 1747 2097 per
1773 2025 1886 2078 vias

301 2148 523 2222 pravas?
551 2145 666 2201 Non
703 2143 950 2204 dicimus,
984 2137 1073 2194 ubi
1107 2142 1282 2197 erunt,
1315 2145 1434 2186 cum
1461 2127 1576 2181 haec
1604 2123 1708 2176 vita
1739 2130 1886 2174 tran-

301 2211 475 2303 sierit;
504 2239 601 2296 sed
629 2236 790 2294 modo
813 2233 900 2288 ubi
926 2229 1090 2287 sunt?
1115 2227 1247 2283 Cum
1277 2224 1585 2278 hesternum
1616 2216 1755 2269 diem
1786 2211 1886 2266 ho-

303 2335 516 2390 diernus
544 2326 843 2390 abstulerit,
887 2333 941 2378 et
983 2320 1296 2375 hodiernum
1327 2312 1590 2388 crastinus
1617 2305 1888 2360 ablaturus

299 2427 388 2492 sit,
406 2424 530 2495 quid
551 2435 738 2477 eorum
752 2432 870 2488 quae
898 2413 1142 2482 diligitis,
1176 2424 1282 2464 non
1309 2401 1625 2461 transcurrit
1643 2407 1697 2452 et
1719 2406 1890 2450 trans-

306 2493 484 2574 volat?
539 2513 676 2581 Quid
727 2525 835 2566 non
862 2507 992 2578 fugit
1022 2519 1159 2575 pene
1185 2510 1470 2568 antequam
1505 2493 1731 2564 capitur,
1768 2502 1889 2542 cum

301 2625 367 2674 ex
396 2610 510 2678 ipso
543 2578 804 2662 hodierno
832 2600 921 2655 die
968 2597 1110 2653 nulla
1142 2593 1310 2665 possit
1358 2589 1443 2645 vel
1473 2587 1599 2640 hora
1631 2578 1892 2638 retineri?

306 2698 376 2758 Ita
401 2674 545 2755 enim
573 2693 808 2751 secunda
836 2689 1132 2746 excluditur
1157 2701 1188 2740 a
1229 2682 1402 2744 tertia,
1429 2680 1566 2734 sicut
1595 2674 1763 2746 prima
1796 2686 1891 2725 ex-

309 2793 452 2849 clusa
477 2798 568 2847 est
593 2804 624 2844 a
653 2786 907 2843 secunda.
935 2782 1104 2852 Ipsius
1131 2779 1276 2834 horae
1307 2774 1462 2829 unius
1480 2813 1495 2838 ,
1519 2785 1634 2838 qua:
1661 2778 1894 2838 praesens

305 2884 532 2950 videtur,
563 2880 694 2936 nihil
721 2886 803 2934 est
851 2888 1086 2946 prtesens
1119 2889 1131 2924 :
1163 2881 1348 2924 omnes
1387 2864 1526 2920 enim
1547 2868 1728 2934 partes
1755 2855 1891 2928 ejus,

305 2984 361 3034 et
384 2975 565 3031 omnia
589 2977 859 3027 momenta
889 2965 1103 3036 fugitiva
1131 2968 1274 3016 sunt.

374 3063 601 3123 CAPUT
622 3062 687 3118 ν.
713 3090 786 3102 -
802 3059 854 3115 5.
897 3035 1106 3111 Vanitas
1132 3048 1505 3121 temporalium.
1531 3042 1754 3111 Propter
1771 3035 1895 3108 quid

310 3164 491 3230 peccat
515 3155 678 3208 homo
701 3191 714 3215 ,
743 3151 786 3205 si
814 3164 918 3204 non
949 3151 1246 3200 exczecatus
1277 3140 1358 3194 est
1396 3151 1516 3192 cum
1549 3138 1730 3205 peccat
1765 3169 1780 3194 ,
1812 3127 1895 3182 vel

306 3223 427 3306 eum
459 3252 707 3318 peccaret
728 3240 985 3297 attendat.
1017 3238 1232 3294 Poterat
1253 3231 1434 3286 videre
1465 3229 1479 3258 ί
1503 3226 1624 3298 quia
1648 3223 1897 3290 voluptas

311 3315 593 3398 transitura
613 3337 726 3396 sine
743 3331 1025 3408 prudentia
1047 3326 1412 3388 desideratur;
1435 3320 1520 3376 vel
1543 3333 1663 3374 cum
1682 3315 1899 3372 transie-

308 3433 394 3502 rit,
426 3446 551 3487 cum
579 3426 886 3498 pmnitentia
909 3423 1192 3492 cogitatur.
1220 3417 1328 3472 Nos
1352 3413 1603 3478 irridetis,
1630 3408 1753 3480 quia
1773 3421 1897 3476 spe-

305 3539 489 3584 ramus
511 3530 734 3586 azterna,
763 3533 880 3587 qua:
904 3531 1008 3574 non
1031 3513 1302 3575 videmus;
1326 3523 1448 3564 cum
1471 3521 1563 3560 vos
1583 3505 1660 3559 eis
1680 3517 1798 3572 qua:
1818 3501 1900 3555 vi-

302 3619 505 3674 dentur
529 3611 906 3682 temporalibus
923 3605 1144 3670 subditi.
1163 3601 1412 3662 nesciatis
1427 3599 1598 3669 qualis
1618 3595 1768 3651 vobis
1787 3592 1902 3648 dios

307 3707 578 3765 crastinus
619 3705 924 3760 illucescat:
973 3711 1129 3769 quem
1174 3708 1317 3762 saepe
1359 3691 1555 3746 bonum
1598 3692 1900 3755 sperantes,

310 3803 513 3858 malum
543 3796 823 3860 invenitis;
857 3809 979 3858 nec,
1006 3793 1051 3850 si
1078 3790 1248 3846 bonus
1281 3787 1460 3851 fuerit,
1484 3799 1605 3840 eum
1643 3798 1712 3839 ne
1742 3780 1906 3851 fugiat

314 3904 498 3952 tenere
517 3889 782 3963 poteritis.
808 3887 916 3944 Nos
941 3883 1192 3947 irridetis,
1221 3881 1341 3952 quia
1369 3891 1646 3948 Speramus
1667 3882 1900 3930 teterna:

314 4003 431 4059 qua:
458 4001 582 4042 cum
613 3982 878 4046 venerint,
910 3994 1015 4036 non
1042 3975 1375 4038 transibunt;
1404 3970 1525 4041 quia
1551 3983 1650 4024 nec
1676 3968 1786 4036 ipsa
1812 3979 1906 4022 ve-

313 4058 487 4144 niunt,
518 4075 615 4132 sed
641 4089 852 4144 semper
875 4076 1096 4126 manent
1123 4085 1136 4121 :
1170 4081 1268 4121 nos
1289 4073 1468 4120 autem
1498 4061 1564 4117 ad
1597 4062 1685 4116 illa
1722 4058 1905 4114 venie-

315 4186 454 4236 mus,
494 4183 620 4224 cum
667 4181 761 4236 per
790 4163 932 4218 viam
973 4157 1296 4215 dominicam
1333 4155 1433 4209 ista
1475 4167 1593 4225 qua:
1633 4157 1908 4206 transeunt

320 4259 702 4316 transierimus.
753 4257 794 4312 A
841 4253 991 4309 vobis
1029 4265 1156 4306 vero
1203 4246 1515 4318 temporalia
1558 4259 1659 4299 nec
1703 4243 1908 4314 sperari

321 4348 601 4422 aliquando
629 4346 911 4409 desinunt,
945 4352 999 4398 et
1029 4352 1204 4396 tamen
1233 4338 1422 4393 crebro
1448 4344 1656 4404 sperata
1682 4347 1778 4387 vos
1809 4331 1908 4386 Ial—

323 4444 475 4500 lunt:
510 4455 611 4496 nec
649 4445 861 4496 cessant
895 4450 990 4490 vos
1028 4432 1357 4490 inﬂammare
1391 4437 1634 4496 ventura,
1673 4441 1911 4481 corrum-

329 4551 451 4607 pere
477 4532 770 4597 vcnientia,
799 4540 1047 4598 torquere
1073 4523 1417 4580 transeuntia.
1445 4521 1630 4575 Nonne
1653 4519 1767 4589 ipsa
1789 4526 1914 4572 sunt

325 4639 440 4696 quae
469 4623 752 4692 concupita
776 4619 1116 4696 inardescunt
1137 4618 1178 4682 ’,
1203 4615 1391 4684 adepta
1413 4613 1691 4675 vilescunt,
1716 4611 1912 4666 amissa

329 4715 652 4772 vanescunt?
689 4713 900 4770 Utimur
922 4692 1012 4765 'eis
1051 4717 1107 4764 et
1135 4722 1234 4763 nos
1265 4703 1560 4760 secundum
1601 4703 1913 4773 peregrina-

328 4808 486 4862 tionis
529 4813 728 4861 nostra:
771 4801 1145 4858 necessitatem
1187 4796 1327 4853 :sed
1368 4811 1471 4850 non
1515 4793 1569 4848 in
1607 4794 1684 4848 eis
1727 4792 1915 4860 gaudia

327 4907 507 4954 nostra
531 4897 762 4968 ﬁgimus,
790 4910 860 4952 ne
887 4893 991 4952 illis
1013 4889 1313 4946 labentibus
1340 4887 1678 4942 subruamur.
1707 4885 1918 4942 Utimur

329 4991 466 5046 enim
487 4991 594 5046 hoc
619 4987 818 5046 mundo
840 4996 1088 5055 tanquam
1110 4998 1215 5040 non
1241 4990 1448 5038 utentes
1471 4978 1515 5048 (I
1541 4978 1656 5032 Cor.
1685 4994 1778 5042 νυ,
1802 4975 1915 5044 ⁸51).

329 5094 387 5149 ut
413 5084 691 5142 veniamus
719 5080 787 5136 ad
810 5095 932 5136 eum
960 5076 1054 5149 qui
1079 5075 1205 5132 fecit
1228 5073 1374 5130 hunc
1405 5071 1680 5137 mundum.
1709 5069 1834 5125 etin
1856 5083 1922 5126 eo

329 5191 678 5243 maneamus,
707 5174 826 5243 eius
849 5170 1150 5230 aetertiitate
1178 5164 1533 5238 perfruentes.
1587 5173 1589 5176 ‘

403 5267 631 5328 CAPUT
667 5265 758 5322 VI.
783 5262 928 5322 —6.
973 5261 1094 5333 Spei
1133 5268 1321 5314 nasute
1357 5253 1621 5311 certitudo.
1667 5251 1804 5319 Quid
1843 5261 1925 5308 est

337 5371 510 5419 autem
540 5359 683 5434 quod
708 5358 903 5424 dicitis,
926 5354 1055 5422 Quis
1083 5353 1186 5407 huc
1216 5348 1339 5404 inde
1368 5347 1532 5413 venit,
1556 5355 1608 5400 et
1633 5344 1758 5416 quid
1784 5343 1924 5412 apud

335 5441 537 5512 inferos
571 5461 827 5525 geratur.
855 5447 974 5520 quis
1010 5441 1314 5501 hominibus
1363 5435 1654 5496 indicavit?
1698 5436 1765 5491 Et
1802 5435 1929 5492 hinc

337 5601 346 5606 ’
406 5609 422 5640 ι
449 5607 750 5658 Oo'IbertInus
771 5611 871 5660 δίδη
899 5613 1008 5655 cum
1027 5593 1238 5663 peccat?
1272 5595 1358 5647 Vel
1375 5602 1430 5659 ,ει
1462 5601 1575 5644 eum
1594 5595 1818 5656 peccaret
1856 5596 1929 5645 at-

336 5671 570 5734 nam,
591 5674 775 5734 poterat
789 5666 976 5727 ridere,
993 5671 1092 5715 etc.

371 5731 950 5818 _'rlnruS.mademt.

1653 244 1884 310 8εῆΜο
1907 245 2116 308 CLVII.

1988 359 2135 419 vobis
2160 373 2221 418 os
2247 359 2458 427 clausit,
2483 361 2576 436 qui
2598 370 2868 423 mortuum
2899 367 3088 434 quarta
3115 359 3204 421 die
3235 361 3572 422 resuscitavit

1981 452 2163 526 (Joan.
2193 470 2281 521 ιι,
2313 453 2507 530 59-44)
2528 497 2544 524 ,
2571 464 2626 512 et
2654 455 2791 516 ultra
2822 470 2928 514 non
2965 451 3257 516 moriturus
3284 453 3374 512 die
3411 453 3572 514 tertio

1983 547 2312 612 resurrexit,
2342 555 2398 604 et
2425 557 2707 618 antequam
2735 556 3070 620 moreretur,
3091 546 3266 618 qualis
3305 546 3412 606 vita
3445 561 3569 607 mo-

1981 638 2182 697 rientes
2211 638 2473 708 excipiat,
2504 649 2751 710 tanquam
2778 640 2868 698 ille
2901 655 3058 710 quem
3095 639 3230 700 nihil
3261 639 3486 708 lateret.
3512 647 3574 698 et

1983 728 2036 786 in
2081 744 2312 799 paupere
2351 730 2656 799 quiescente
2685 739 2740 788 et
2767 731 2819 788 in
2861 730 3026 790 divite
3067 730 3290 791 ardente
3331 731 3569 790 narravit

1985 819 2134 894 (Luc.
2168 837 2293 886 xvr,
2330 819 2534 890 19-51).
2566 821 2670 877 Sed
2706 821 2778 878 illi
2802 822 2900 880 ista
2927 836 3031 878 non
3059 820 3320 889 credunt.
3359 821 3450 892 qui
3481 820 3572 881 di-

1984 925 2109 970 cunt
2129 955 2143 980 ,
2175 913 2303 984 Quis
2333 912 2437 971 huc
2466 913 2590 971 inde
2617 928 2862 972 reversus
2891 913 3010 984 est}?
3037 913 3345 972 Credituros
3369 927 3431 974 se
3471 926 3570 970 vo-

1986 1005 2103 1064 lunt
2133 1005 2330 1072 videri,
2378 1005 2422 1062 si
2469 1006 2584 1074 quis
2627 1014 2903 1074 parentum
2945 982 3161 1064 ﬁmum
3205 1003 3571 1062 revivisceret.

1984 1097 2088 1158 Sed
2115 1098 2427 1156 maledictus
2453 1098 2627 1154 omnis
2653 1098 2742 1169 qui
2768 1112 2916 1167 spem
2936 1111 3088 1154 suam
3109 1096 3260 1170 ponit
3279 1097 3333 1152 in
3355 1095 3572 1154 homine

1990 1190 2199 1262 (Jerem.
2230 1207 2359 1254 xvu,
2383 1192 2460 1259 5).
2493 1190 2620 1245 Ideo
2645 1205 2774 1259 ergo
2802 1191 2940 1245 Deus
2960 1190 3122 1244 homo
3150 1190 3334 1258 Iactus,
3365 1190 3498 1250 mori
3520 1197 3576 1247 et

1986 1298 2266 1353 resurgere
2290 1283 2493 1349 voluit;
2525 1292 2581 1338 ut
2606 1292 2658 1337 et
2683 1285 2824 1354 quod
2850 1281 3083 1338 futurum
3108 1290 3250 1338 esset
3268 1281 3491 1343 homini.
3522 1281 3576 1335 in
3664 1258 3671 1262 ’

1987 1372 2218 1430 hominis
2246 1389 2405 1430 carne
2432 1374 2830 1440 ostenderetur,
2870 1383 2925 1428 et
2955 1373 3063 1428 Deo
3093 1380 3269 1432 tamen
3291 1414 3308 1442 ,
3333 1387 3442 1428 non
3473 1370 3574 1432 b0-

1987 1465 2114 1520 mini
2146 1465 2471 1522 crederetur.
2501 1466 2567 1522 Et
2599 1475 2742 1522 certe
2770 1464 3007 1520 Ecclesia
3037 1463 3273 1522 ﬁdelium
3307 1473 3416 1522 toto
3444 1463 3578 1524 orbe

1988 1554 2176 1610 diﬂ'usa
2199 1597 2212 1620 ,
2239 1555 2351 1626 jam
2382 1566 2504 1612 ante
2529 1556 2711 1611 oculos
2739 1571 2924 1612 eorum
2952 1564 3052 1614 est.
3080 1554 3287 1626 Legam
3307 1569 3426 1612 eam
3454 1562 3579 1614 ante

1987 1656 2063 1702 tot
2089 1647 2280 1702 saccum
2307 1648 2396 1702 uni
2424 1647 2626 1704 homini
2654 1647 2990 1720 promissam,
3017 1646 3108 1718 qui
3138 1655 3323 1704 contra
3348 1660 3498 1716 spem
3521 1645 3579 1700 in

1989 1753 2138 1808 spem
2161 1738 2408 1803 credidit,
2429 1747 2484 1793 ut
2505 1737 2658 1794 ﬁeret
2675 1748 2825 1809 pater
2847 1738 3129 1794 multarum
3142 1737 3380 1807 gentium
3402 1734 3578 1807 (Rom.

1989 1846 2071 1895 ιν,
2091 1832 2217 1902 18).
2251 1830 2404 1896 Quod
2432 1847 2561 1902 ergo
2592 1831 2679 1886 uni
2726 1831 2953 1886 Abrahae
2982 1829 3219 1886 credenti
3257 1829 3580 1900 promissum

1991 1932 2105 1987 est,
2146 1922 2255 1991 jam
2289 1921 2530 1979 videmus
2569 1922 2876 1995 impletum;
2911 1930 2962 1977 et
2999 1921 3140 1994 quod
3187 1920 3437 1978 universo
3464 1920 3582 1980 Orbi

1991 2015 2316 2084 promittitur
2363 2015 2636 2082 credenti,
2681 2013 3027 2083 desperemus
3081 2027 3202 2068 esse
3253 2012 3583 2072 venturum?

1991 2107 2130 2162 Eant
2159 2123 2299 2164 nunc
2333 2115 2387 2162 et
2425 2107 2637 2162 dicunt:
2682 2104 3049 2163 Manducemus
3089 2114 3135 2158 et
3164 2105 3426 2168 bibamus;
3467 2119 3583 2162 erat

1991 2201 2124 2254 enim
2153 2201 2441 2253 moriemur.
2473 2199 2549 2256 Illi
2577 2213 2635 2256 se
2674 2198 2847 2256 adhuc
2887 2212 3008 2252 cras
3033 2197 3217 2256 dicunt
3254 2196 3541 2252 morituros
3564 2235 3581 2262 ,

1992 2291 2189 2346 veritas
2217 2300 2394 2346 autem
2426 2290 2544 2346 illos
2565 2291 2673 2360 jam
2696 2305 2816 2344 cum
2845 2289 2943 2346 ista
2975 2288 3184 2356 dicunt,
3215 2286 3416 2344 invenit
3440 2301 3584 2344 tuor-

1993 2391 2131 2440 tuos.
2181 2382 2286 2438 Vos
2324 2393 2499 2436 autem
2519 2422 2533 2446 ,
2565 2382 2755 2438 fratres
2777 2422 2793 2450 ,
2840 2380 2930 2436 lilii
2957 2379 3368 2436 resurrectionis
3390 2417 3408 2445 ,
3438 2377 3584 2435 cives

1993 2487 2295 2532 sanctorum
2329 2475 2672 2545 Angelorum,
2703 2474 2799 2530 Dei
2821 2471 3082 2538 bmredes,
3109 2480 3162 2528 et
3187 2471 3384 2526 Christi
3410 2468 3586 2526 cohat-

1994 2567 2182 2631 redcs,
2222 2576 2404 2622 cavete
2438 2566 2631 2620 imitari
2661 2581 2788 2632 eos,
2827 2565 2915 2633 qui
2943 2579 3063 2620 cras
3111 2563 3428 2632 exspirando
3471 2576 3590 2621 mo-

1995 2658 2205 2713 riuntur
2250 2658 2299 2723 ‘,
2333 2668 2387 2712 et
2433 2655 2593 2710 hodie
2636 2655 2866 2712 bibendo
2912 2654 3257 2726 sepeliuntur.
3298 2654 3404 2712 Sed
3448 2654 3588 2714 sicut

1997 2750 2123 2805 dicit
2168 2749 2308 2806 idem
2339 2749 2636 2819 apostolus,
2672 2764 2738 2804 ne
2776 2758 3119 2818 corrumpant
3163 2759 3372 2804 vestros
3410 2762 3588 2808 mores

1997 2841 2166 2899 bonos
2195 2841 2456 2911 colloquia
2487 2841 2654 2903 mala;
2689 2839 2844 2897 sobrii
2869 2850 3020 2896 estote
3036 2840 3193 2908 iuste,
3223 2849 3269 2895 et
3294 2839 3450 2895 nolite
3471 2856 3590 2909 pee-

1998 2948 2114 2988 care
2140 2931 2181 3003 (l
2213 2931 2329 2988 Cor.
2363 2947 2450 2997 xv,
2481 2928 2704 3002 32-54):
2751 2930 3085 2986 ambulantes
3130 2940 3443 3000 angustam,
3495 2929 3590 2986 sed

1998 3034 2199 3082 certam
2225 3025 2364 3078 viam
2395 3023 2674 3082 ducentem
2704 3022 2770 3076 ad
2798 3022 3128 3078 latitudinem
3152 3023 3450 3078 Jerusalem
3475 3037 3590 3078 ca:-

1999 3117 2166 3182 lcstis,
2201 3132 2319 3188 quae
2351 3126 2524 3170 mater
2550 3122 2731 3170 nostra
2757 3123 2952 3168 aeterna
2984 3123 3104 3178 cst;
3140 3114 3442 3171 ﬁrmissime
3468 3129 3592 3184 spe-

1999 3219 2113 3265 rate
2156 3208 2298 3279 quod
2346 3223 2452 3265 non
2504 3207 2731 3275 videtis,
2781 3207 3044 3277 patienter
3096 3215 3402 3277 exspectate
3450 3206 3594 3277 quod

2000 3302 2237 3361 nondum
2259 3301 2492 3366 habetis;
2517 3300 2636 3372 quia
2661 3313 2904 3356 vcracem
2928 3298 3310 3370 promissorem
3326 3297 3596 3356 Christum

2001 3394 2312 3452 ﬁdelissime
2340 3392 2600 3452 retinetis.

2494 3497 2726 3558 sentio
2763 3496 2963 3558 CLVIII
2994 3502 3011 3522 ·
3038 3497 3140 3571 (a).

2005 3617 2084 3673 De
2120 3617 2279 3672 verbis
2321 3618 2579 3689 Apodoti,
2615 3615 2762 3670 Rom.
2789 3629 2885 3670 vm
2906 3654 2920 3679 ,
2951 3615 3051 3682 50,
3082 3613 3143 3670 3|
3170 3657 3186 3683 ,
3229 3612 3377 3683 Quos
3411 3624 3592 3672 autem

2083 3708 2480 3780 praedestinavit
2509 3747 2523 3774 ,
2555 3708 2676 3762 mos
2701 3713 2756 3760 et
2777 3707 3019 3772 vocavit;
3051 3720 3188 3776 quos
3221 3717 3401 3762 autem
3437 3719 3601 3763 voca-

2077 3802 2181 3867 vit,
2210 3800 2326 3854 illos
2353 3809 2408 3854 et
2427 3799 2752 3869 justiticavit,
2785 3808 2878 3852 etc.
2907 3797 2964 3853 Si
2983 3798 3128 3853 Deus
3153 3813 3250 3870 pro
3275 3799 3451 3868 nobis,
3479 3799 3598 3872 quis

2081 3902 2267 3947 contra
2300 3892 2439 3948 nos?
2464 3890 2650 3946 Contra
2675 3889 2981 3960 Pelagianos
3009 3890 3106 3962 (b).

2079 4003 2308 4061 CAPUT
2347 4003 2630 4060 PRIMUM.
2679 4035 2749 4045 —
2783 4005 2834 4060 1.
2877 4001 3261 4066 Prwdestinatis
3303 4022 3449 4062 nemo
3504 4023 3600 4062 uo-

2010 4111 2118 4152 care
2158 4097 2306 4151 valet.
2350 4097 2662 4168 Apostolum
2711 4098 2922 4158 beatum
2969 4098 3268 4156 audivimus
3306 4099 3602 4158 exhortan-

2005 4197 2117 4246 ‘tem
2145 4199 2197 4244 ct
2217 4189 2619 4246 confirmantem
2645 4206 2760 4257 nos,
2784 4207 2903 4246 cum
2931 4190 3129 4246 diceret
3155 4191 3308 4248 nobis
3333 4211 3346 4246 ε
3375 4191 3437 4248 Si
3463 4192 3604 4250 Deus

2014 4298 2105 4350 pro
2126 4281 2288 4349 nobis,
2316 4281 2427 4353 quis
2453 4293 2629 4336 contra
2657 4300 2744 4337 nos
2767 4283 2792 4338 ?
2814 4285 2917 4338 Pro
2941 4285 3130 4357 quibus
3153 4297 3327 4340 autem
3354 4287 3422 4341 sit
3441 4286 3600 4352 Deus,

2014 4374 2260 4444 Superius
2285 4373 2546 4439 ostendit,
2581 4374 2669 4428 ubi
2700 4375 2806 4428 ait:
2839 4392 2964 4447 quos
2994 4386 3160 4430 autem
3187 4375 3562 4446 prtedestinavit
3585 4417 3600 4442 ,

2014 4466 2129 4520 illos
2155 4478 2199 4520 et
2228 4468 2418 4520 vocavit
2441 4485 2458 4530 ;
2487 4484 2610 4537 quos
2635 4479 2800 4522 autem
2829 4468 3038 4531 vacavit,
3067 4469 3184 4525 illos
3211 4480 3255 4528 et
3265 4471 3569 4544 justiﬁcauit
3586 4489 3605 4536 ;

2010 4574 2138 4628 quos
2177 4567 2339 4611 autem
2359 4559 2654 4629 justiﬁcavit
2679 4602 2693 4626 ,
2731 4560 2848 4614 illos
2888 4569 2932 4614 et
2964 4558 3282 4632 gloriﬁcavit.
3318 4561 3456 4627 Quid
3490 4580 3606 4634 ergo

2019 4650 2237 4703 dicemus
2267 4649 2332 4701 ad
2361 4649 2510 4702 Iure?
2541 4649 2602 4704 Si
2627 4647 2759 4704 Deus
2791 4668 2880 4719 pro
2920 4651 3078 4717 nobis,
3117 4653 3229 4724 quis
3255 4662 3430 4705 contra
3475 4656 3611 4708 nos?

2020 4744 2158 4799 Deus
2181 4759 2276 4814 pro
2296 4743 2469 4809 nobis,
2496 4751 2552 4798 ut
2571 4743 2976 4815 prtrdestinat‘et
2997 4762 3093 4800 nos
3112 4764 3126 4812 ;
3155 4746 3295 4799 Deus
3315 4761 3412 4818 pro
3433 4747 3608 4814 nobis,

2022 4845 2078 4890 ut
2103 4844 2317 4890 vocaret
2358 4849 2493 4901 nos;
2527 4836 2667 4898 Deus
2693 4851 2787 4906 pro
2828 4837 3000 4903 nobis,
3039 4846 3096 4890 ut
3128 4835 3443 4907 justiﬁcaret
3474 4853 3610 4904 nos;

2024 4927 2164 4982 Deus
2192 4942 2287 4995 pro
2315 4928 2487 4991 nobis,
2512 4938 2567 4982 ut
2589 4929 2914 4998 gloriﬁcaret
2937 4944 3052 4983 nos.
3082 4926 3143 4984 Si
3167 4926 3305 4982 Deus
3326 4947 3420 5002 pro
3447 4930 3610 4999 nobis,

2026 5017 2137 5090 quis
2167 5027 2342 5072 contra
2382 5019 2515 5073 nos?
2540 5020 2940 5076 Praedestinavit
2964 5062 2977 5086 ,
3007 5029 3290 5091 antequam
3332 5037 3573 5078 essemus
3598 5040 3611 5089 ;

2024 5110 2250 5170 vocavit.
2282 5123 2400 5163 cum
2433 5111 2605 5165 aversi
2632 5126 2897 5178 essemus;
2927 5111 3253 5182 justiﬁcavit,
3279 5128 3398 5166 cum
3425 5128 3618 5184 pecca-

2027 5209 2170 5255 tores
2209 5215 2486 5267 essemus;
2519 5201 2856 5273 gloriﬁcavit,
2899 5215 3020 5257 cum
3060 5204 3312 5260 mortales
3351 5219 3605 5270 essemus.

2031 5291 2094 5349 Si
2122 5292 2261 5348 Deus
2292 5309 2383 5364 pro
2413 5293 2580 5362 nobis,
2609 5287 2935 5365 quis-contra
2981 5295 3120 5354 nos?
3155 5295 3549 5356 Praedestinatis
3590 5315 3619 5354 a

2093 5402 2814 5488 tenuitas-gemmeo-
2841 5414 3130 5488 Αεημξεειιο-
3161 5409 3420 5474 eam

2136 5468 2403 5541 gastigatus
2425 5468 2486 5541 ad
2507 5468 2678 5541 omnes
2709 5477 2819 5519 Mss.
2845 5477 2897 5520 et
2931 5469 3044 5519 Edd.
3086 5472 3139 5523 in
3174 5468 3413 5524 Sermone
3439 5483 3624 5538 praece-

2033 5529 2170 5594 denti
2195 5529 2335 5594 modo
2355 5531 2651 5594 designatos.

2120 5592 2169 5716 tl
2193 5591 2430 5708 sitiat:
2443 5591 2954 5714 vetamur;

2365 5593 2430 5644 de
2457 5591 2624 5642 verbis
2644 5591 2850 5658 Apostoli
2877 5592 2954 5646 I6.

2027 5591 2182 5768 “LL
2205 5661 2420 5768 Ytritura
2443 5653 2809 5712 Floroadnotn.
2834 5674 2915 5714 vtu
2937 5665 2991 5714 et
3021 5672 3092 5724 ιι,
3113 5659 3338 5718 odim.
3363 5675 3464 5727 IIII,
3489 5662 3625 5717 atad
