4108 6336
514 322 618 387 865

513 446 626 501 Deo
647 485 664 511 ,
694 442 913 508 vocatis,
942 435 1263 511 iustiﬁcatis,
1292 427 1620 505 gloriﬁcatis,
1646 428 1734 500 qui
1762 427 1874 483 vult
1911 425 2099 481 adver-

512 538 641 600 sari,
672 543 822 608 paret
845 549 902 590 se
923 575 939 600 ,
981 531 1025 587 si
1052 537 1228 603 potest
1252 527 1455 585 bellare
1497 525 1754 580 adversus
1783 523 1971 578 Deum.
1998 517 2098 575 Ubi

513 630 654 684 enim
680 627 1006 690 audivimus,
1037 623 1099 680 Si
1121 623 1260 677 Deus
1285 637 1376 692 pro
1414 620 1557 675 nobis
1577 660 1593 686 ,
1623 618 1734 688 quis
1763 624 1937 670 contra
1963 611 2100 666 nos?

513 719 614 775 nisi
640 719 729 790 qui
755 719 922 774 Deum
949 716 1145 783 vincit,
1178 730 1282 770 non
1312 713 1456 769 lzedit
1496 726 1614 768 nos.
1646 710 1714 765 Et
1757 708 1876 780 quis
1904 713 1987 762 est
2010 704 2099 776 qui

511 811 677 866 vincit
703 807 1172 880 Omnipotentem?
1195 806 1526 875 Quicumque
1550 801 1802 858 reiuctari
1828 796 2096 863 voluerit,

511 900 614 957 sibi
638 907 813 956 nocet.
861 899 973 955 Hoc
999 905 1110 965 est,
1151 896 1292 968 quod
1335 905 1389 951 et
1425 894 1590 950 Paulo
1615 891 1788 948 adhuc
1829 889 1990 944 Saulo
2032 886 2101 941 de

511 998 651 1052 etelo
674 995 912 1051 Christus
934 994 1178 1060 clamavit
1201 1011 1215 1050 :
1251 991 1371 1047 Non
1398 991 1484 1044 tibi
1509 988 1709 1060 expedit
1728 994 1904 1040 contra
1923 983 2102 1038 stimu-

515 1089 621 1144 lum
665 1077 1202 1159 calcitrare(Aci.'1x,
1236 1082 1314 1154 5).
1359 1081 1575 1146 δεενὴιι,
1619 1077 1801 1134 smviat
1845 1081 2100 1145 quantum

517 1188 732 1250 potest;
757 1180 847 1251 qui
867 1179 1038 1234 calces
1065 1177 1322 1233 adversus
1345 1172 1616 1230 stimulum
1639 1169 1822 1236 mittit,
1851 1180 2028 1222 nonne
2048 1164 2102 1220 in

515 1287 574 1327 se
603 1273 779 1342 ipsum
805 1269 995 1327 saevit?

586 1361 811 1419 CAPUT
839 1361 903 1416 ll.
921 1361 1060 1415 —2.
1089 1359 1229 1423 Deus
1251 1358 1392 1413 nobis
1414 1355 1605 1410 debitor
1625 1353 1787 1424 {actus
1803 1367 1865 1406 ea:
1885 1348 2102 1420 promis-

516 1454 607 1510 sis.
633 1453 693 1509 In
720 1454 806 1509 his
833 1462 1009 1508 autem
1049 1461 1276 1524 quatuor
1307 1450 1466 1506 rebus
1487 1491 1502 1516 ,
1547 1462 1679 1519 quas
1717 1441 2106 1501 commendavit

519 1545 806 1614 Apostolus
831 1543 1095 1614 insignes,
1125 1558 1240 1613 quae
1281 1541 1548 1612 pertinent
1583 1537 1647 1591 ad
1677 1551 1769 1591 eos
1797 1536 1814 1566 ί
1843 1547 1940 1604 pro
1985 1531 2102 1601 qui-

517 1635 620 1690 bus
664 1644 745 1691 est
786 1635 928 1691 Deus
951 1677 966 1702 ,
1003 1633 1057 1689 id
1095 1642 1177 1689 est
1200 1675 1217 1703 ,
1249 1631 1741 1703 praedestinatione,
1788 1624 2064 1680 vocatione
2087 1663 2103 1687 ,

515 1726 912 1797 justiﬁeatione,
939 1725 1318 1798 gloriﬁcatione
1343 1741 1357 1789 ;
1383 1723 1435 1778 in
1457 1722 1540 1776 his
1559 1735 1685 1790 ergo
1706 1726 1928 1789 quatuor
1947 1713 2107 1770 rebus

519 1818 859 1875 considerare
905 1819 1158 1874 debemus
1201 1817 1327 1888 quid
1363 1816 1473 1886 jam
1512 1814 1834 1875 habeamus,
1883 1819 1938 1865 et
1981 1806 2106 1878 quid

521 1912 696 1968 adhuc
723 1921 1110 1983 exspectemus.
1143 1910 1197 1964 In
1236 1911 1316 1964 his
1345 1909 1486 1965 enim
1517 1923 1632 1977 quae
1665 1905 1774 1976 jam
1814 1901 2101 1965 habemus,

524 2006 800 2062 laudemus
826 2007 986 2060 Deum
1028 2005 1328 2075 largitorem
1356 2021 1368 2056 :
1400 2002 1451 2056 in
1479 2001 1562 2054 his
1591 2013 1709 2069 quae
1741 1995 1972 2050 nondum
2009 1992 2106 2046 ha-

525 2098 732 2161 bemus,
767 2106 1043 2152 teneamus
1071 2095 1387 2150 debitorem.
1413 2091 1626 2146 Debitor
1647 2088 1788 2144 enim
1813 2087 1978 2140 iactus
2005 2091 2105 2146 est,

525 2204 633 2245 non
657 2188 855 2260 aliquid
895 2203 926 2243 a
966 2187 1119 2242 nobis
1152 2183 1493 2254 accipiendo,
1531 2180 1626 2237 sed
1653 2179 1792 2252 quod
1822 2179 1870 2233 ei
1913 2175 2110 2247 placuit

525 2279 900 2350 promittendo.
929 2279 1099 2332 Aliter
1117 2277 1260 2332 enim
1285 2275 1513 2331 dicimus
1539 2270 1763 2337 homini,
1790 2269 1961 2324 Debes
1982 2266 2109 2321 mihi

525 2369 645 2440 quia
675 2369 795 2426 dedi
826 2370 956 2424 tibi:
1005 2377 1058 2423 et
1099 2368 1252 2422 aliter
1286 2367 1545 2429 dicimus,
1583 2363 1755 2417 Debes
1791 2359 1922 2414 mihi
1945 2399 1960 2423 ,
1988 2357 2110 2428 quia

525 2463 816 2532 promisisti
844 2461 995 2517 mihi.
1027 2460 1250 2529 Quando
1275 2459 1428 2524 dicis,
1460 2457 1631 2512 Debes
1658 2454 1810 2519 mihi,
1839 2453 1958 2523 quia
1988 2449 2111 2506 dedi

527 2553 659 2608 tibi:
691 2568 719 2607 a
751 2561 801 2607 te
839 2552 1096 2622 processit
1129 2549 1476 2617 beneficium,
1506 2546 1599 2602 sed
1641 2553 1966 2608 mutuatum,
2004 2555 2111 2596 non

526 2643 798 2699 donatum.
826 2643 1049 2711 Quando
1078 2651 1254 2698 autem
1282 2641 1434 2705 dicis,
1462 2639 1632 2694 Debes
1658 2635 1809 2701 mihi,
1841 2633 1963 2706 quia
1991 2647 2114 2703 pro-

529 2736 717 2791 misisti
746 2735 874 2789 mihi
898 2753 911 2789 :
941 2743 997 2788 tu
1023 2733 1150 2788 nihil
1172 2731 1387 2798 dedisti,
1411 2740 1463 2786 et
1487 2740 1665 2784 tamen
1688 2726 1873 2797 exigis.
1897 2723 2113 2779 Bonitas

527 2827 668 2882 enim
707 2826 822 2896 ejus
862 2825 950 2896 qui
979 2826 1252 2896 promisit,
1283 2824 1461 2887 dabit,
1500 2838 1568 2877 ne
1597 2822 1648 2875 in
1677 2819 1931 2874 malitiam
1981 2816 2113 2872 ﬁdes

530 2926 888 2972 convertatur.
930 2917 1031 2985 Qui
1071 2916 1213 2972 enim
1261 2915 1409 2978 fallit,
1453 2913 1624 2967 malus
1664 2921 1764 2975 est,
1792 2911 1898 2964 Deo
1935 2916 2112 2962 autem

531 3009 784 3080 numquid
824 3009 1079 3074 dicimus,
1115 3007 1300 3063 Redde
1327 3005 1479 3072 mihi,
1507 3005 1627 3074 quia
1667 3001 1786 3057 dedi
1821 3000 1949 3055 tibi?
1977 2997 2114 3066 Quid

531 3102 776 3158 dedimus
800 3103 926 3167 Deo,
959 3100 1169 3171 quando
1194 3109 1360 3154 totum
1387 3097 1525 3168 quod
1548 3109 1749 3159 sumus,
1783 3102 1834 3148 et
1858 3091 1998 3164 quod
2021 3091 2116 3145 ita-

532 3196 720 3250 bemus
743 3196 866 3249 boni
884 3237 898 3259 ,
927 3196 993 3249 ab
1015 3195 1106 3249 illo
1133 3191 1431 3248 habemus?
1455 3189 1597 3245 Nihil
1619 3203 1746 3259 ergo
1771 3187 1820 3242 ei
1848 3186 2110 3242 dedimus.

532 3286 647 3342 Non
670 3294 753 3343 est
773 3285 1216 3356 quemadmodum
1243 3286 1342 3339 ista
1371 3297 1502 3338 voce
1527 3281 1800 3350 exigamus
1819 3277 2113 3333 debitorem

534 3378 731 3444 Deum,
771 3377 1000 3431 maxime
1037 3376 1246 3431 dicente
1284 3375 1438 3430 nobis
1479 3372 1767 3442 Apostolo,
1817 3369 1943 3436 Quis
1987 3369 2115 3422 enim

531 3468 764 3540 cognovit
785 3484 983 3522 sensum
1003 3466 1250 3522 Domini?
1277 3473 1363 3519 aut
1389 3465 1498 3534 quis
1516 3464 1835 3518 consiliarius
1856 3462 1964 3531 ejus
1980 3459 2117 3530 fuit?

532 3569 620 3613 aut
665 3560 776 3630 quis
810 3559 950 3630 prior
993 3558 1129 3613 dedit
1168 3558 1278 3624 illi,
1311 3566 1358 3611 et
1398 3556 1696 3610 retribuetur
1742 3555 1786 3608 ei
1823 3553 2113 3624 (Ronan,

531 3653 621 3718 54,
653 3651 790 3724 35)?
819 3651 914 3707 lllo
927 3667 1062 3723 ergo
1091 3650 1251 3706 modo
1277 3664 1562 3721 possumus
1591 3649 1803 3718 exigere
1833 3646 2116 3702 Dominum

530 3752 771 3799 nostrum
793 3784 807 3808 ,
841 3752 897 3798 ut
925 3742 1164 3799 dicamus
1188 3760 1202 3796 :
1254 3741 1438 3797 Redde
1466 3739 1609 3811 quod
1637 3738 1960 3810 promisisti,
1991 3737 2114 3808 quia

531 3834 752 3890 fecimus
777 3833 920 3905 quod
941 3834 1145 3904 jussisti
1169 3851 1183 3889 :
1215 3831 1390 3888 ethoc
1409 3841 1463 3888 tu
1488 3831 1656 3888 fecisti
1681 3872 1698 3896 ,
1725 3831 1846 3902 quia
1867 3830 2116 3888 laboran-

533 3934 614 3980 tes
637 3925 839 3994 juvisti.

602 4014 827 4072 CAPUT
861 4016 947 4070 lll.
970 4047 1041 4056 —
1060 4016 1112 4072 5.
1161 4014 1341 4071 Vocati
1364 4023 1410 4070 et
1439 4013 1782 4086 prwdestinati
1805 4029 1978 4068 sumus
2001 4028 2120 4082 gra-

534 4109 617 4164 tis.
648 4108 814 4163 Nemo
853 4122 979 4179 ergo
1022 4109 1202 4165 dicat:
1250 4107 1373 4164 ideo
1403 4124 1489 4164 me
1530 4109 1736 4163 vocavit
1783 4108 1950 4173 Deus,
1996 4105 2118 4177 quia

533 4198 673 4254 colui
702 4198 886 4253 Deum.
920 4199 1198 4266 Quomodo
1222 4199 1479 4254 coluisses
1497 4241 1510 4264 ,
1544 4198 1588 4251 si
1614 4206 1832 4252 vocatus
1858 4213 1962 4252 non
1989 4198 2118 4252 luis-

534 4291 656 4348 ses?
675 4291 728 4347 Si
752 4300 1030 4362 propterea
1053 4299 1104 4347 te
1127 4292 1334 4347 vocavit
1359 4293 1516 4356 Deus,
1542 4291 1665 4362 quia
1684 4289 1893 4346 coluisti
1915 4290 2115 4345 Deum:

536 4399 664 4455 ergo
686 4383 830 4453 prior
857 4383 1085 4450 dedisti,
1120 4391 1174 4437 et
1197 4383 1442 4438 retribuit
1469 4382 1582 4437 tibi.
1612 4381 1800 4438 Nonne
1825 4381 1977 4436 istam
2029 4380 2120 4436 tibi

534 4491 721 4531 vocem
750 4475 1037 4545 Apostolus
1062 4474 1234 4542 tollit,
1265 4490 1384 4529 cum
1415 4474 1573 4540 dicit,
1604 4475 1705 4528 Aut
1728 4474 1840 4545 quis
1871 4474 2010 4544 prior
2033 4472 2122 4527 de-

536 4568 610 4621 dit
638 4567 734 4634 illi,
763 4575 808 4620 et
833 4567 1129 4621 retribuetur
1154 4567 1198 4620 ei
1219 4567 1245 4620 ?
1279 4566 1382 4622 Sed
1411 4580 1534 4622 ecce
1559 4566 1772 4638 quando
1795 4574 2016 4622 vocatus
2039 4581 2116 4634 es,

536 4664 619 4717 vel
638 4663 751 4732 jam
779 4677 916 4723 eras.
946 4660 1224 4730 Quomodo
1263 4660 1742 4730 praedestinareris,
1770 4659 1872 4715 nisi
1911 4659 2122 4730 quando

536 4769 643 4810 non
691 4769 809 4810 eras
836 4756 856 4785 ’
890 4754 914 4808 ?
957 4754 1092 4821 Quid
1120 4754 1230 4809 Deo
1273 4752 1505 4820 dedisti,
1536 4752 1749 4823 quando
1794 4753 1884 4823 qui
1923 4753 2121 4823 aliquid

537 4846 715 4913 dares,
745 4862 850 4902 non
874 4845 1031 4901 eras?
1055 4844 1192 4914 Quid
1218 4860 1347 4916 ergo
1389 4844 1515 4900 fecit
1542 4845 1712 4912 Deus,
1737 4843 1947 4915 quando
1981 4858 2122 4914 prie-

536 4937 819 4993 destinavit
857 4939 946 5009 qui
993 4953 1098 4992 non
1140 4937 1293 4992 erat?
1337 4936 1490 5004 Quod
1535 4937 1609 4991 ait
1634 4937 1922 5005 Apostolus
1958 4955 1972 4992 :
2023 4936 2124 5002 Qui

535 5041 679 5086 vocat
699 5049 757 5087 ea
775 5049 889 5103 quia
908 5049 1007 5086 non
1026 5042 1162 5098 sunt,
1187 5040 1428 5101 tanquam
1446 5047 1505 5084 ea
1525 5046 1638 5102 quae
1655 5039 1772 5084 sunt
1791 5029 1900 5101 (Id.
1916 5045 1989 5095 tv,
2010 5029 2120 5102 17).

537 5123 592 5178 Si
618 5123 725 5193 jam
748 5140 914 5191 esses,
945 5139 1048 5179 non
1073 5121 1559 5194 prmdestinareris;
1586 5122 1687 5176 nisi
1709 5136 1930 5177 aversus
1953 5136 2120 5186 esses,

536 5229 648 5270 non
673 5216 976 5282 vocareris;
1010 5216 1108 5269 nisi
1137 5215 1331 5286 impius
1357 5229 1505 5269 esses
1524 5255 1540 5281 ,
1577 5229 1684 5268 non
1719 5213 2084 5283 justiﬁcareris
2107 5254 2122 5280 ,

538 5307 641 5363 nisi
667 5307 911 5364 terrenus
929 5317 982 5364 et
1004 5307 1243 5378 abjeetus
1265 5322 1434 5374 esses,
1457 5322 1562 5361 non
1582 5305 1973 5376 gloriﬁcareris.
2001 5305 2126 5372 Quis

540 5415 669 5472 ergo
688 5401 826 5472 prior
849 5401 985 5455 dedit
1008 5401 1104 5469 illi,
1129 5410 1176 5455 et
1198 5400 1496 5456 retribuetur
1518 5399 1605 5453 ei?
1633 5399 1883 5466 Quoniam
1908 5415 1972 5453 ea:
1993 5399 2122 5467 ipso,

540 5500 587 5546 et
615 5509 704 5564 per
726 5493 926 5562 ipsum,
959 5501 1003 5545 et
1042 5494 1092 5546 in
1120 5493 1229 5563 ipso
1255 5502 1372 5547 sttnt
1397 5491 1588 5545 omnia.
1615 5489 1750 5558 Quid
1785 5505 1912 5561 ergo
1951 5489 2128 5546 reddi-

605 5605 624 5671 ξ
645 5603 828 5664 Florus,
848 5607 900 5656 in
918 5603 993 5656 his
1015 5605 1100 5671 qui
1121 5604 1356 5671 pertinent
1378 5603 1443 5671 ad
1467 5613 1635 5671 Deum.

605 5667 827 5740 'riamz'et
844 5674 940 5738 Eia,
965 5665 1161 5740 Quando
1180 5666 1711 5740 prwdestinaregisnon
1731 5665 2052 5740 eras_._Florus,
2072 5673 2130 5718 (ft

975 5734 1167 5794 quando
1181 5727 1276 5781 non
1293 5743 1420 5791 eras,
1436 5727 1554 5791 aadd
1579 5737 1694 5790 Deo,
1713 5737 1808 5779 etc.
1836 5737 1940 5779 Mss.
1958 5742 2130 5781 cautes

767 5828 782 5856 ,
905 5827 918 5840 .

1693 330 1702 346 υ
1750 312 1808 369 S.
1848 303 2215 367 AUGUSTINI
2244 299 2545 363 EPISCOPI

3678 299 3796 359 868

2201 439 2320 480 mus
2341 425 2365 477 ?
2390 423 2504 493 Ipsi
2548 423 2712 495 gloria
2737 415 2912 494 (Rom.
2942 419 3031 489 xi,
3055 419 3172 492 36).
3214 415 3350 487 Quis
3389 431 3494 474 non
3533 429 3792 483 eramus.

2202 515 2416 588 quando
2463 529 2645 571 sumus
2697 513 3098 586 prtedestinati;
3147 513 3271 584 quia
3320 511 3493 569 aversi
3535 521 3788 575 eramus,

2201 609 2415 681 quando
2434 623 2618 664 sumus
2631 608 2802 664 vocati
2818 624 2834 674 ;
2855 608 2977 679 quia
2993 615 3304 679 peccatores
3320 619 3554 672 eramus,
3572 603 3795 675 quando

2203 715 2387 756 sumus
2406 699 2678 770 iustiﬁcati
2707 716 2720 754 :
2770 714 2988 770 agamus
3015 699 3124 755 Deo
3152 698 3348 770 gratias
3369 740 3384 764 ,
3412 712 3483 754 ne
3510 711 3798 752 remanea-

2201 805 2321 846 mus
2345 791 2555 863 ingrati.

2272 883 2500 940 CAPUT
2529 883 2767 940 IV.—-L.
2795 882 3074 954 Justiﬁcati
3097 891 3268 938 utrum
3281 883 3395 956 jam
3425 883 3600 936 simus.
3632 879 3798 934 Lucta

2203 977 2285 1032 hic
2307 979 2359 1032 in
2374 978 2673 1048 justiﬁcatis
2698 994 2926 1032 manens.
2955 977 3410 1047 Proposueramus
3437 984 3613 1029 autem
3658 988 3798 1028 con-

2204 1061 2441 1126 siderare
2465 1071 2532 1127 de
2557 1071 2642 1127 his
2662 1079 2888 1142 quatuor
2907 1070 3068 1126 rebus
3091 1069 3216 1140 quid
3247 1069 3357 1140 jam
3382 1069 3655 1125 consecuti
3675 1067 3801 1124 fue-

2203 1164 2371 1219 rimus
2391 1205 2405 1231 ,
2439 1163 2563 1236 quid
2593 1162 2766 1220 adhuc
2789 1162 3187 1234 adipiscendum
3224 1171 3612 1232 exspectemus.
3641 1161 3801 1216 Prae-

2205 1254 2453 1310 destinati
2485 1255 2628 1310 enim
2654 1255 2762 1324 jam
2793 1269 2979 1310 sumus
2999 1265 3052 1309 et
3089 1261 3375 1324 antequam
3402 1268 3662 1308 essemus.
3689 1252 3804 1307 Vo-

2206 1347 2309 1402 cati
2336 1361 2519 1402 sumus
2540 1389 2554 1414 ,
2581 1347 2793 1418 quando
2813 1347 3086 1404 christiani
3129 1345 3249 1401 lacti
3303 1361 3506 1401 sumus.
3529 1344 3643 1401 Jam
3667 1359 3806 1415 ergo

2208 1437 2384 1492 ethoc
2409 1438 2686 1493 habemus.
2714 1438 2995 1494 Justiﬁcati
3021 1482 3036 1506 ,
3069 1439 3191 1508 quid
3219 1439 3243 1492 ?
3273 1438 3410 1506 Quid
3460 1447 3574 1504 est,
3601 1437 3809 1507 justiﬁ-

2209 1530 2350 1585 cati?
2384 1530 2654 1585 Audemus
2681 1530 2860 1585 dicere
2879 1573 2894 1596 ,
2918 1530 3027 1599 jam
3057 1529 3158 1585 hoc
3187 1530 3400 1584 tertium
3432 1529 3626 1584 habere
3663 1527 3806 1584 nos?

2210 1620 2276 1674 Et
2301 1621 2405 1675 erit
2430 1621 2705 1691 quisquam
2747 1630 2988 1675 nostrum
3020 1621 3108 1691 qui
3148 1619 3340 1675 audeat
3368 1619 3547 1674 dicere
3567 1661 3582 1684 ,
3614 1618 3808 1674 Justus

2211 1726 2326 1766 sum
2353 1711 2377 1766 ’ἒ
2401 1711 2534 1766 Ριιιο
2563 1714 2703 1766 enim
2736 1711 2839 1766 hoc
2867 1727 2987 1767 esse
3010 1753 3025 1780 ,
3074 1711 3257 1766 Justus
3306 1725 3423 1765 sum
3446 1752 3458 1776 ,
3489 1710 3628 1780 quod
3665 1719 3748 1765 est
3781 1750 3806 1778 ,

2211 1811 2458 1874 peccator
2483 1819 2588 1859 non
2635 1819 2775 1862 sum.
2810 1805 2863 1860 Si
2889 1805 3053 1860 audes
3079 1805 3181 1859 hoc
3209 1804 3418 1868 dicere,
3452 1804 3685 1859 occurrit
3707 1803 3807 1859 tibi

2210 1896 2441 1952 Joannes
2472 1916 2484 1951 :
2519 1897 2578 1952 Si
2627 1899 2897 1953 dixerimus
2936 1899 3054 1969 quia
3083 1907 3338 1967 peccatum
3380 1914 3480 1951 non
3513 1896 3752 1950 habemus
3783 1936 3805 1962 ,

2212 2005 2304 2042 nos
2332 1989 2469 2058 ipsos
2507 1989 2783 2059 decipimus
2806 2031 2820 2054 ,
2850 1998 2896 2043 et
2921 1990 3102 2044 veritas
3124 1990 3174 2042 in
3199 1989 3340 2043 nobis
3355 2004 3456 2042 non
3483 1998 3556 2042 est
3583 1985 3804 2059 (lloan.

2213 2099 2262 2147 ι,
2291 2081 2367 2154 8).
2396 2083 2530 2150 Quid
2558 2085 2728 2154 ergo?
2755 2085 2894 2139 Nihil
2923 2084 3179 2139 habemus
3207 2083 3274 2139 de
3295 2083 3497 2153 justitia
3520 2082 3543 2135 ?
3567 2083 3649 2136 An
3703 2080 3808 2135 ha-

2214 2173 2400 2229 bemus
2420 2216 2432 2238 ,
2451 2174 2542 2229 sed
2559 2190 2664 2230 non
2687 2183 2854 2230 totum
2877 2174 3177 2230 habemus?
3202 2174 3313 2229 Hoc
3331 2189 3458 2244 ergo
3477 2187 3804 2244 qumramus.

2216 2266 2272 2321 Si
2301 2267 2440 2321 enim
2471 2267 2669 2338 aliquid
2699 2267 2956 2322 habemus
2979 2309 2994 2332 ,
3027 2275 3083 2322 et
3125 2266 3320 2336 aliquid
3352 2278 3458 2320 non
3502 2265 3803 2330 habemus;

2215 2369 2418 2416 crescat
2438 2360 2578 2430 quod
2617 2359 2895 2428 habemus,
2927 2368 2981 2415 et
3008 2359 3316 2429 implebitur
3333 2357 3473 2428 quod
3499 2373 3603 2412 non
3637 2355 3806 2410 habe-

2216 2466 2353 2506 mus.
2393 2451 2532 2507 Ecce
2559 2451 2701 2506 enim
2729 2451 2981 2522 baptizati
3011 2449 3432 2514 sunthomines,
3478 2447 3654 2503 omnia
3700 2446 3807 2501 illis

2217 2551 2432 2613 peccata
2470 2541 2686 2598 dimissa
2707 2551 2832 2597 sunt
2854 2583 2869 2606 ,
2890 2541 3164 2612 justitlcati
3193 2549 3319 2596 sunt
3341 2554 3372 2594 a
3407 2537 3673 2610 peccatis;
3706 2551 3805 2593 ne-

2217 2649 2342 2704 gare
2366 2649 2471 2690 non
2491 2649 2770 2705 possumus
2801 2652 2814 2688 :
2845 2643 3012 2690 restat
3039 2642 3216 2689 tamen
3246 2633 3384 2688 lucta
3426 2646 3549 2686 cum
3593 2643 3758 2686 carne
3782 2668 3802 2697 ,

2217 2734 2383 2781 restat
2423 2725 2562 2781 lucta
2609 2742 2730 2781 cum
2761 2725 2993 2791 mundo,
3024 2735 3189 2782 restat
3241 2725 3380 2780 lucta
3405 2739 3530 2780 cum
3567 2723 3800 2779 diabolo.

2218 2818 2318 2885 Qui
2345 2826 2525 2874 autem
2554 2819 2786 2875 luctatur
2810 2859 2826 2884 ,
2853 2817 3137 2890 aliquando
3162 2815 3318 2883 ferit,
3368 2814 3655 2887 aliquando
3684 2829 3808 2884 per-

2218 2912 2449 2978 cutitur;
2476 2912 2760 2984 aliquando
2787 2913 2948 2968 vincit
2967 2955 2981 2980 ,
3009 2911 3294 2983 aliquando
3310 2910 3591 2980 perimitur
3623 2928 3638 2964 :
3668 2923 3804 2979 quo-

2220 3002 2379 3057 modo
2408 3002 2476 3058 de
2505 3003 2677 3058 stadio
2720 3011 2875 3059 exeat
2923 3003 3232 3058 attenditur.
3272 3001 3405 3057 Nam
3438 3001 3484 3055 si
3528 2999 3806 3054 dixerimus

2219 3095 2336 3165 quia
2357 3105 2615 3165 peccatum
2658 3112 2758 3150 non
2789 3096 3027 3151 habemus
3049 3139 3065 3162 ,
3105 3112 3197 3150 nos
3221 3096 3358 3165 ipsos
3399 3095 3676 3166 decipimus
3697 3135 3712 3158 ,
3757 3102 3806 3148 et

2220 3188 2403 3243 veritas
2429 3189 2483 3242 in
2502 3189 2642 3243 nobis
2667 3206 2768 3244 non
2787 3199 2879 3244 est.
2912 3189 3039 3245 Item
3056 3232 3072 3257 ,
3103 3189 3148 3244 si
3173 3189 3463 3244 dixerimus
3488 3188 3610 3258 quia
3644 3187 3807 3256 justi-

2222 3280 2306 3335 tize
2327 3281 2458 3337 nihil
2477 3280 2731 3337 habemus
2754 3323 2769 3348 ,
2797 3281 3078 3337 adversum
3103 3281 3196 3336 Dei
3224 3280 3362 3336 dona
3386 3280 3694 3334 mentimur.
3709 3307 3725 3333 κ
3747 3277 3807 3334 Si

2221 3375 2362 3430 enim
2382 3375 2600 3445 iustitiae
2629 3374 2760 3430 nihil
2791 3373 3079 3440 habemus,
3107 3388 3207 3430 nec
3232 3373 3394 3428 ﬁdem
3425 3371 3684 3427 habemus
3716 3389 3730 3426 :
3760 3371 3805 3426 si

2223 3466 2382 3522 ﬁdem
2411 3482 2515 3524 non
2539 3467 2798 3524 habemus
2817 3509 2832 3535 ,
2861 3467 3137 3523 christiani
3165 3481 3271 3521 non
3299 3481 3506 3522 sumus.
3538 3464 3594 3521 Si
3621 3475 3801 3520 autem

2221 3556 2380 3614 ﬁdem
2405 3558 2662 3615 habemus
2682 3602 2697 3625 ,
2724 3561 2835 3630 jam
2863 3558 3058 3630 aliquid
3081 3558 3337 3616 habemus
3360 3559 3598 3629 iustitiae.
3628 3557 3806 3627 ipsum

2221 3649 2450 3722 aliquid,
2479 3650 2560 3707 vis
2604 3666 2761 3707 nosse
2784 3659 3038 3722 quantum
3083 3650 3192 3707 sit?
3216 3650 3397 3706 Justus
3447 3667 3512 3705 ea:
3545 3650 3648 3721 ﬁde
3690 3651 3808 3705 vivit

2223 3744 2448 3817 (Habac.
2479 3760 2555 3812 tt,
2578 3746 2649 3814 4;
2677 3745 2828 3801 Rom.
2856 3761 2908 3813 ι,
2939 3745 3031 3817 i7)
3060 3763 3073 3798 :
3093 3747 3268 3818 justus
3287 3786 3303 3814 ,
3331 3744 3543 3815 inquam
3563 3784 3579 3802 .
3616 3759 3680 3798 ea:
3706 3742 3809 3814 ﬁde

2221 3837 2340 3891 vivit
2357 3853 2377 3902 ;
2405 3837 2527 3907 quia
2549 3837 2721 3892 credit
2745 3835 2885 3907 quod
2917 3851 3020 3890 non
3049 3837 3210 3891 videt.

2293 3927 2519 3984 CAPUT
2543 3927 2609 3983 V.
2633 3959 2705 3969 —
2729 3929 2782 3984 5.
2813 3928 3123 3997 Justiﬁcatio
3153 3927 3324 3998 aliqua
3359 3941 3472 3981 uere
3519 3943 3609 3998 per
3631 3926 3803 3995 ﬁdens.

2222 4019 2406 4074 Patres
2431 4062 2446 4088 ,
2474 4019 2667 4075 arietes
2683 4019 2884 4084 sancti,
2907 4020 3069 4074 duces
3089 4019 3327 4090 Apostoli
3347 4018 3808 4088 ,quandoannun-

2224 4110 2488 4167 tiaverunt
2510 4154 2524 4177 ,
2548 4127 2655 4166 non
2681 4111 2853 4166 solum
2872 4109 3118 4166 viderunt
3149 4111 3345 4175 oculis,
3369 4109 3460 4165 sed
3490 4109 3649 4163 etiam
3696 4122 3810 4162 ma-

2224 4204 2380 4259 nibus
2402 4212 2760 4259 tractaverunt
2791 4221 2803 4258 :
2836 4211 2891 4258 et
2914 4212 3089 4258 tamen
3113 4202 3368 4257 Dominus
3407 4215 3624 4255 servans
3654 4201 3810 4256 nobis

2224 4295 2420 4350 donum
2444 4295 2595 4359 ﬁdei,
2627 4295 2836 4351 cuidam
2868 4295 3250 4366 discipulorum
3277 4309 3492 4350 suorum
3521 4294 3805 4358 tractanti,

2225 4387 2494 4458 palpanti,
2523 4387 2799 4442 veritatem
2846 4385 3023 4457 digitis
3071 4385 3357 4457 inquirenti
3396 4394 3447 4440 et
3483 4383 3806 4449 invenienti,

2225 4482 2543 4538 exclamanti
2563 4524 2578 4547 ,
2609 4481 2859 4536 Dominus
2886 4497 3027 4534 meus
3047 4489 3092 4534 et
3117 4479 3254 4534 Deus
3280 4496 3418 4534 meus
3437 4496 3456 4544 ;
3474 4481 3547 4534 ait
3569 4478 3682 4549 ipse
3710 4479 3811 4533 Do-

2225 4575 2400 4630 minus
2424 4583 2478 4629 et
2503 4574 2642 4628 Deus
2660 4615 2674 4642 ,
2703 4572 2835 4640 Quia
2857 4571 3026 4625 vidisti
3044 4613 3060 4638 ,
3081 4571 3358 4626 credidisti.
3389 4572 3454 4626 Et
3483 4585 3580 4625 nos
3605 4569 3810 4625 futuros

2227 4666 2436 4722 intuens
2459 4681 2478 4720 :
2502 4664 2681 4730 Beati,
2713 4663 2913 4734 inquit,
2944 4663 3032 4733 qui
3056 4678 3158 4716 non
3211 4662 3439 4716 uiderunt
3499 4670 3546 4715 et
3585 4661 3812 4715 credide-

2226 4769 2343 4814 runt
2373 4757 2547 4829 (Joan.
2577 4773 2666 4823 xx,
2689 4755 2760 4812 28
2776 4766 2822 4810 et
2840 4754 2956 4827 29).
2975 4754 3089 4810 Non
3113 4753 3342 4809 vidimus
3360 4795 3376 4820 ,
3401 4752 3702 4808 audivimus
3718 4794 3731 4816 ,
3761 4759 3814 4807 et

2226 4852 2566 4908 credidimus.
2594 4850 2738 4905 Beati
2768 4847 3005 4920 prmdieti
3035 4863 3250 4914 sumus,
3273 4855 3328 4903 et
3364 4845 3432 4902 de
3447 4845 3654 4916 justitia
3684 4843 3812 4899 nihil

2229 4941 2532 4998 habemus?
2561 4939 2717 4996 Venit
2761 4939 3016 4994 Dominus
3041 4937 3330 4994 carnaliter
3371 4935 3438 4992 ad
3467 4935 3680 4991 Iudaeos
3701 4977 3715 5002 ,
3762 4943 3815 4988 et

2229 5037 2436 5092 occisus
2464 5043 2545 5090 est
2577 5052 2590 5089 :
2619 5049 2724 5089 non
2747 5033 2894 5088 venit
2915 5032 2982 5088 a‘d
3011 5046 3109 5088 nos
3136 5073 3152 5099 ,
3181 5039 3236 5087 et
3279 5039 3529 5101 acceptus
3571 5038 3674 5086 est.
3704 5027 3813 5083 Po-

2230 5131 2380 5202 pulus
2405 5145 2549 5201 quem
2572 5145 2673 5182 non
2699 5127 2906 5198 cognovi
2924 5165 2941 5194 ,
2973 5125 3173 5181 servivit
3194 5125 3354 5190 mihi,
3380 5124 3432 5179 in
3461 5123 3698 5178 obustditu
3714 5139 3810 5176 ast-

2228 5225 2298 5279 ris
2332 5222 2545 5278 obcdivit
2574 5221 2699 5275 mihi
2737 5219 2906 5290 (Psal.
2933 5234 3070 5284 xvtt,
3113 5215 3229 5284 ‘5).
3260 5215 3370 5272 Nos
3415 5229 3630 5282 sumus,
3662 5225 3717 5271 et
3748 5213 3817 5270 do

2225 5317 2428 5389 iustitia
2451 5315 2580 5371 nihil
2604 5315 2862 5369 habemus
2884 5311 2910 5366 ἲ
2929 5311 3158 5367 Omnino
3185 5311 3459 5367 habemus.
3479 5309 3625 5366 Grati
3649 5310 3815 5365 simus

2231 5427 2297 5466 ex
2324 5426 2388 5465 eo
2413 5408 2554 5480 quod
2582 5407 2872 5464 habemus:
2894 5415 2952 5460 ut
2979 5403 3204 5459 addatur
3231 5402 3370 5473 quod
3403 5416 3506 5457 non
3534 5401 3814 5468 habemus,

2231 5511 2284 5557 et
2313 5518 2419 5557 non
2450 5498 2733 5570 perdamus
2759 5497 2897 5569 quod
2929 5496 3202 5551 habemus.
3231 5493 3374 5566 Ergo
3393 5501 3446 5549 et
3473 5493 3574 5548 hoc
3603 5492 3816 5547 tertium

2228 5595 2337 5667 jam
2361 5593 2534 5664 agitur
2563 5591 2613 5646 in
2643 5590 2816 5646 nobis.
2844 5588 3120 5645 Justilicati
3151 5602 3337 5644 sumus
3366 5603 3380 5640 :
3408 5585 3504 5640 sed
3527 5585 3640 5654 ipsa
3653 5583 3815 5653 justi-

2239 5688 2308 5741 tia
2330 5729 2344 5752 ,
2377 5700 2497 5739 cum
2527 5682 2831 5754 proﬁcimus
2850 5720 2864 5744 ,
2891 5679 3102 5734 crescit.
3125 5679 3195 5734 Et
3217 5676 3488 5749 quomodo
3525 5675 3720 5732 crescit
3739 5672 3819 5728 di-

2235 5793 2353 5834 cam
2373 5819 2388 5846 ,
2421 5785 2476 5833 et
2503 5775 2774 5833 vobiscum
2801 5770 3030 5845 quodam
3058 5768 3219 5826 modo
3237 5770 3544 5837 conferam;
3575 5780 3631 5825 ut
3658 5780 3819 5825 unus-
