4108 6336
326 273 435 332 865

326 388 553 461 quisque
572 392 808 442 vestrum
825 381 936 454 jam
963 380 1017 435 in
1033 377 1147 450 ipsa
1171 370 1544 447 iustiﬁcatione
1555 365 1893 431 constitutus,

328 488 545 549 accepta
574 477 776 531 scilicet
802 472 1115 529 remissione
1146 474 1481 539 peccatorum
1496 478 1593 533 per
1634 462 1897 516 lavacrum

328 569 747 643 regenerationis
770 609 786 635 ,
814 574 1033 635 accepto
1051 561 1250 633 Spiritu
1274 567 1485 623 sancto,
1511 554 1792 627 proﬁciens
1829 550 1899 606 de

328 666 417 723 die
442 666 495 720 in
524 663 665 719 diem
690 702 706 729 ,
748 659 926 716 videat
977 656 1064 712 ubi
1116 655 1217 721 sit,
1261 650 1511 717 accedat,
1559 646 1796 718 proﬁciat
1847 651 1903 698 et

331 763 572 821 crescat,
602 752 776 808 donec
816 752 1244 811 consummetur,
1274 758 1382 799 non
1427 748 1485 795 ut
1530 738 1775 804 ﬁniatur,
1806 732 1902 790 sed

331 854 393 901 ut
416 843 737 915 perﬁciatur.

404 935 628 991 CAPUT
656 932 743 989 Vl.
765 962 835 972 —-
862 930 915 986 6.
950 929 1102 983 Fides
1128 926 1408 997 iustiﬁcam
1440 939 1471 975 a
1496 920 1597 991 ﬁde
1621 920 1903 974 dtemonunt

335 1027 634 1082 discernitur
652 1042 739 1095 per
761 1039 899 1093 spem
922 1030 968 1076 et
988 1020 1298 1074 charitatem.
1319 1016 1469 1084 Spes.
1494 1011 1743 1065 Charitas.
1771 1007 1907 1063 Inci-

336 1120 414 1188 pit
463 1117 621 1171 homo
646 1132 675 1171 a
722 1114 825 1169 ﬁde
852 1132 863 1165 :
893 1111 1017 1183 quid
1044 1109 1273 1180 pertinet
1313 1105 1380 1159 ad
1427 1102 1626 1158 ﬁdem?
1653 1098 1902 1154 Credere.

337 1208 443 1263 Sed
473 1208 644 1262 adlmc
673 1206 771 1260 ista
801 1203 933 1258 ﬁdes
970 1201 1297 1256 discernatur
1337 1196 1403 1250 ab
1436 1190 1719 1248 immundis
1749 1188 1906 1258 spiri-

338 1297 500 1352 tibus.
530 1295 607 1349 Ad
632 1295 786 1348 ﬁdem
808 1290 932 1362 quid
966 1289 1195 1359 pertinet
1219 1286 1241 1339 ?
1269 1284 1519 1341 Credere.
1548 1281 1651 1338 Sed
1685 1280 1758 1334 ait
1782 1294 1909 1348 apo-

339 1390 508 1445 stolus
533 1386 762 1443 Jacobus
792 1381 892 1437 :Et
917 1384 1166 1437 daemones
1192 1378 1422 1445 credunt,
1447 1384 1494 1429 et
1519 1373 1907 1429 contremiscunt

342 1479 541 1551 (Jacobi
572 1493 643 1543 ιι,
670 1476 782 1547 l9).
811 1474 868 1531 Si
907 1483 1110 1528 tantum
1138 1471 1343 1538 credis,
1374 1478 1427 1524 et
1455 1469 1570 1524 sine
1600 1482 1695 1551 spe
1737 1466 1870 1520 vivis
1892 1506 1907 1533 ,

342 1547 423 1625 vel
445 1569 778 1624 dilectionem
807 1581 911 1621 non
942 1565 1105 1619 habes
1139 1581 1151 1616 :
1184 1560 1253 1615 Et
1289 1563 1537 1616 daemones
1564 1547 1811 1623 credunt,
1866 1565 1911 1611 et

342 1660 746 1716 contremiscunt.
768 1656 903 1725 Quid
938 1669 1184 1724 magnum
1213 1662 1296 1709 est
1317 1694 1333 1720 ,
1371 1652 1416 1707 si
1465 1650 1598 1706 dicis
1647 1647 1912 1703 Christum

344 1752 534 1806 Filium
563 1750 656 1804 Dei
682 1749 706 1801 ?
736 1748 847 1802 Hoc
874 1746 1005 1801 dixit
1032 1745 1220 1800 Petrus
1242 1786 1257 1809 ,
1288 1752 1342 1798 et
1363 1742 1564 1797 audivit
1590 1780 1607 1808 ,
1634 1740 1820 1794 Beatus
1863 1755 1915 1794 es

345 1841 550 1903 Simon.
564 1838 669 1892 Bar
694 1837 829 1893 Jona
855 1853 874 1891 :
900 1837 1002 1890 hoc
1033 1835 1280 1889 dixerunt
1307 1832 1577 1895 daemones
1600 1872 1613 1897 ,
1640 1840 1693 1885 et
1729 1830 1914 1885 audie-

346 1939 498 1994 runt,
528 1928 875 1984 Obmutescite.
908 1925 1000 1981 Ille
1042 1926 1255 1987 beatus,
1282 1923 1472 1979 dicitur
1517 1923 1599 1989 ei,
1653 1921 1783 1987 Quia
1815 1936 1916 1974 non

347 2020 578 2075 reuelauit
604 2020 688 2073 tibi
713 2035 830 2072 caro
850 2027 895 2072 ct
923 2016 1127 2086 sanguis
1150 2056 1165 2081 ,
1191 2014 1280 2068 sed
1306 2013 1459 2067 Pater
1481 2029 1617 2066 meus
1635 2012 1721 2083 qui
1740 2012 1793 2065 in
1820 2026 1916 2065 ca:-

347 2114 409 2167 lis
424 2123 495 2169 est
522 2111 729 2184 (Matth.
757 2126 850 2165 XVI
869 2150 884 2176 ,
917 2109 1028 2179 I7).
1062 2107 1141 2162 Illi
1166 2116 1340 2161 autem
1361 2104 1618 2168 audiunt,
1654 2102 1917 2157 Obmutes-

346 2207 441 2259 cite
468 2203 654 2274 (Marc.
688 2220 739 2269 ι,
766 2202 857 2273 25)
888 2219 900 2255 :
930 2210 983 2256 et
1007 2200 1108 2254 hoc
1132 2200 1304 2269 ipsum
1332 2197 1544 2261 dicunt,
1576 2203 1630 2250 et
1648 2194 1918 2263 repellun-

350 2303 454 2349 tur.
480 2293 594 2349 Una
625 2308 724 2347 vox
750 2300 833 2346 est
863 2310 876 2345 :
907 2290 1003 2345 sed
1035 2288 1286 2343 Dominus
1312 2286 1544 2341 radicem
1586 2285 1874 2354 interrogat
1902 2323 1917 2349 ,

350 2401 454 2440 non
486 2386 692 2439 ﬂorem.
717 2382 868 2438 Unde
912 2381 1104 2436 dicitur
1121 2379 1187 2434 ad
1222 2378 1511 2435 Hebraeos:
1546 2375 1628 2430 Ne
1649 2392 1746 2446 qua
1773 2375 1924 2429 radix

351 2476 700 2531 amaritudinis
728 2490 928 2530 sursum
956 2472 1240 2543 germinans
1277 2470 1529 2536 ntolestet,
1576 2477 1619 2521 et
1662 2483 1749 2537 per
1779 2464 1923 2519 illam

351 2569 745 2624 contaminentur
793 2566 935 2620 multi
960 2563 1144 2635 (Hebr.
1180 2579 1294 2629 xu,
1327 2560 1438 2633 l5).
1466 2561 1616 2615 Prius
1642 2576 1767 2630 ergo
1810 2558 1922 2614 dis-

353 2676 512 2715 cerne
534 2659 692 2714 ﬁdem
716 2665 855 2711 tuam
884 2671 913 2710 a
943 2655 1045 2710 ﬁde
1073 2654 1347 2710 dmmonis.
1375 2650 1526 2708 Unde
1559 2665 1678 2706 eam
1729 2650 1927 2705 discer-

356 2752 526 2806 nis‘?
587 2749 863 2805 Daemones
920 2746 1022 2801 hoc
1081 2745 1326 2800 dixerunt
1388 2742 1621 2798 timendo
1653 2784 1669 2810 ,
1736 2742 1926 2797 Petrus

358 2840 603 2895 amando.
626 2838 778 2894 Adde
806 2852 932 2907 ergo
964 2835 1085 2891 lidei
1114 2850 1282 2904 spem.
1306 2834 1373 2888 Et
1396 2850 1512 2904 quae
1538 2848 1662 2903 spes
1691 2842 1806 2899 est,
1825 2831 1928 2887 nisi

359 2931 426 2986 dc
467 2932 638 3000 aliqua
685 2927 1023 2984 conscientiae
1066 2926 1337 2980 bonitate?
1373 2926 1600 2995 Speique
1645 2925 1745 2994 ipsi
1793 2924 1930 2980 adde

359 3022 688 3077 cbaritatem.
702 3020 935 3088 Desuper
955 3018 1273 3072 eminentem
1292 3018 1426 3071 viam
1441 3014 1932 3085 habemus,'dicente

362 3111 615 3179 Apostolo
638 3150 653 3176 ,
686 3108 1149 3180 Supereminentem
1192 3108 1321 3161 viam
1352 3107 1485 3160 vobis
1513 3106 1797 3161 demonstro
1827 3121 1845 3161 :
1871 3106 1934 3162 Si

364 3204 546 3274 linguis
575 3203 831 3256 hominum
851 3202 1027 3272 loquar
1052 3209 1098 3255 et
1127 3201 1431 3270 Angelorunt
1450 3241 1465 3266 ,
1510 3200 1805 3254 charitotem
1845 3216 1937 3254 att-

365 3305 461 3349 tem
488 3313 587 3349 non
616 3295 824 3348 habeam
846 3335 861 3360 ,
894 3298 1060 3366 factus
1080 3310 1192 3347 sum
1218 3291 1350 3347 velut
1377 3303 1702 3347 atramentum
1731 3310 1933 3361 sonans,

365 3399 453 3442 aut
481 3386 766 3459 cymbalum
806 3387 1021 3440 tinniens
1050 3404 1067 3439 :
1096 3396 1150 3440 et
1188 3394 1378 3440 caetera
1424 3395 1637 3439 enarrat
1688 3385 1825 3440 bona
1845 3426 1860 3451 ,
1886 3396 1941 3442 et

366 3482 482 3536 sine
504 3482 758 3536 charitate
778 3479 906 3532 nihil
947 3478 1198 3548 prodesse
1235 3477 1531 3532 conﬁrmat.
1554 3478 1794 3533 Maneant
1815 3494 1941 3549 ergo

368 3570 523 3634 haec,
577 3569 748 3631 ﬁdes,
798 3582 951 3636 spes,
997 3566 1271 3621 Charitas:
1314 3566 1484 3635 major
1526 3576 1702 3621 autem
1753 3566 1942 3621 borum

368 3659 601 3713 cbaritas
635 3657 674 3730 (l
698 3657 813 3711 Cor.
842 3673 933 3721 xu,
955 3657 1017 3711 51
1049 3666 1098 3711 et
1126 3656 1262 3727 xm).
1295 3656 1582 3712 Sectamini
1610 3657 1942 3712 cbaritatem.

370 3748 666 3804 Discernite
694 3762 822 3817 ergo
850 3748 1006 3802 ﬁdem
1048 3754 1298 3801 vestram.
1326 3746 1442 3801 Jam
1469 3748 1599 3801 estis
1635 3746 1701 3800 de
1739 3746 1945 3815 praede-

375 3841 605 3904 stinatis,
634 3841 863 3906 vocatis,
888 3839 1209 3909 justiﬁcatis.
1232 3840 1423 3894 Paulus
1452 3838 1740 3908 Apostolus
1777 3839 1904 3893 dicit
1930 3856 1945 3894 :

378 3931 554 4002 Neque
582 3930 887 3983 circumcisio
916 3930 1107 3998 aliquid
1128 3930 1254 3983 valet
1280 3971 1294 3995 ,
1324 3945 1479 3999 neque
1501 3929 1838 4000 prwputium,‘
1862 3927 1949 3983 sed

379 4024 521 4091 ﬁdes.
551 4023 644 4077 Dic
687 4020 887 4088 adhuc,
917 4021 1172 4091 Apostole
1194 4061 1208 4085 ,
1250 4020 1385 4074 adde
1410 4060 1425 4086 ,
1465 4019 1746 4085 discerne;
1786 4021 1906 4089 quia
1930 4060 1947 4087 ,

340 4120 345 4123 ’
382 4113 446 4166 Et
472 4114 723 4167 darmones
750 4117 956 4166 credunt
998 4120 1043 4164 et
1096 4111 1479 4164 contremiscunt
1508 4126 1525 4163 :
1552 4125 1678 4180 ergo
1702 4108 1839 4165 adde
1897 4117 1953 4165 et

382 4204 652 4270 discerne,
694 4204 942 4257 datmones
997 4201 1139 4256 enim
1195 4200 1436 4266 credunt,
1481 4210 1525 4254 et
1567 4204 1950 4255 contremiscunt

384 4293 521 4363 quod
566 4293 809 4347 oderunt.
850 4292 1151 4362 Distingue,
1206 4291 1494 4363 Apostole,
1536 4302 1589 4347 et
1635 4292 1954 4347 circumcide

385 4384 541 4439 ﬁdem
582 4399 788 4449 meam,
820 4393 875 4439 et
920 4383 1164 4438 discerne
1206 4398 1417 4438 causam
1464 4399 1636 4438 meam
1691 4383 1760 4439 de
1800 4390 1957 4454 gente

385 4490 491 4527 non
521 4482 701 4528 sancta
732 4471 902 4543 (Psal.
932 4489 1071 4538 χιιι,
1101 4474 1179 4543 1).
1202 4473 1366 4529 Plane
1413 4466 1713 4543 distinguit,
1754 4472 1955 4528 discer-

387 4564 494 4631 nit,
517 4563 863 4619 circumcidit.
896 4564 963 4618 Et
988 4564 1112 4627 ﬁdes
1136 4603 1151 4630 ,
1182 4565 1380 4635 inquit,
1402 4580 1515 4636 qua:
1534 4581 1622 4636 per
1648 4564 1959 4619 dilectionem

389 4667 628 4729 operatur
658 4657 854 4726 (Galat.
881 4673 937 4724 ν,
962 4656 1039 4728 6).

458 4748 683 4805 CAPUT
711 4748 820 4803 VII.
848 4777 921 4788 —-
949 4749 1002 4802 7.
1031 4746 1206 4802 Cultus
1232 4749 1481 4819 gratuitas
1517 4747 1633 4803 Dei.
1680 4748 1780 4815 Qui
1822 4750 1960 4804 solus
2005 4786 2015 4799 .

390 4841 611 4895 animam
636 4840 804 4894 satiat.
828 4838 1202 4909 Unusquisque
1230 4855 1356 4910 ergo
1377 4881 1391 4906 ,
1418 4840 1604 4894 fratres
1628 4840 1761 4905 mei,
1795 4840 1962 4909 inspi-

390 4935 495 4987 ciat
530 4946 589 4987 se
632 4932 808 4997 intus,
852 4930 1116 5001 appendat
1142 4946 1202 4986 se
1225 4934 1277 4998 ³,
1329 4932 1515 5001 probet
1542 4947 1602 4987 se
1641 4932 1693 4986 iu
1720 4933 1965 4988 omnibus

392 5022 545 5078 factis
571 5022 683 5078 suis
701 5062 718 5089 ,
748 5020 903 5077 bonis
928 5020 1178 5090 operibus
1204 5022 1313 5077 suis
1330 5062 1346 5087 ,
1374 5038 1491 5092 qua:
1518 5022 1674 5076 faciat
1698 5038 1817 5077 eum
1839 5022 1965 5077 cha-

392 5112 582 5178 ritate,
611 5126 719 5166 non
761 5118 1078 5180 exspectans
1130 5111 1533 5166 retributionem
1579 5112 1961 5181 temporalem,

393 5202 488 5259 sed
518 5202 836 5272 promissum
882 5202 1010 5266 Dei,
1039 5201 1226 5257 faciem
1257 5201 1373 5257 Dei.
1407 5202 1521 5257 Non
1548 5203 1689 5258 enim
1716 5203 1968 5273 quidquid

390 5292 489 5348 tibi
513 5294 652 5349 Deus
671 5293 949 5363 promittit,
966 5293 1111 5348 valet
1135 5293 1331 5363 aliquid
1348 5305 1541 5365 praeter
1560 5295 1730 5366 ipsum
1745 5295 1908 5350 Deum
1922 5296 1965 5352 ³.

395 5384 625 5441 Omnino
651 5400 740 5441 me
762 5399 869 5441 non
895 5385 1113 5441 satiaret
1144 5385 1287 5442 Deus
1306 5428 1320 5453 ,
1346 5386 1447 5443 nisi
1476 5388 1809 5458 promitteret
1840 5389 1965 5444 mihi

1701 245 1930 309 SERMO
1962 242 2189 304 CLVIII.

3469 237 3575 295 866

2003 373 2063 414 se
2087 358 2258 427 ipsum
2285 354 2472 409 Deum.
2494 352 2632 421 Quid
2660 361 2742 409 est
2770 359 2881 408 tota
2910 350 3095 408 terra?
3118 349 3255 419 Quid
3279 356 3362 407 est
3408 358 3577 408 totum

2002 446 2189 504 mare?
2218 445 2352 512 Quid
2382 454 2462 501 est
2488 454 2655 499 totum
2677 442 2905 500 caelum?
2932 442 3067 510 Quid
3096 450 3221 497 sunt
3236 441 3411 497 omnia
3438 441 3579 497 side-

2004 536 2101 592 ra?
2122 534 2258 603 Quid
2284 534 2397 589 sol?
2422 534 2556 602 Quid
2584 534 2738 588 luna?
2760 532 2896 600 Quid
2921 532 3188 588 exercitus
3214 530 3581 602 Angelorum?

2005 627 2251 683 Omnium
2280 627 2499 681 istorum
2542 625 2851 681 Creatorem
2905 625 3110 680 sitio‘:
3159 624 3330 694 ipsum
3360 624 3539 679 esurio
3563 664 3581 692 ,

2008 718 2178 789 ipsum
2209 717 2361 783 sitio,
2385 716 2481 787 ipsi
2508 716 2627 771 dico
2647 757 2662 782 ,
2692 716 2941 781 Quoniam
2965 717 3105 786 apud
3140 725 3186 770 te
3222 725 3293 770 est
3330 717 3445 785 fons
3472 717 3587 771 vita

2008 807 2183 880 (Psal.
2215 822 2356 862 xxxv
2376 848 2391 873 ,
2420 806 2532 878 10).
2574 806 2672 874 Qui
2701 807 2829 861 mihi
2857 807 2986 861 dicit
3010 824 3022 861 :
3052 806 3162 879 Ego
3189 824 3301 861 sum
3329 808 3475 878 panis
3498 808 3585 878 qui

2008 902 2072 956 de
2099 902 2220 956 ctelo
2246 900 2477 955 descendi
2507 898 2681 973 (Joan.
2706 914 2757 953 γι
2780 940 2793 963 ,
2825 898 2939 969 il).
2972 900 3182 954 Esuriat
3221 907 3277 955 et
3321 900 3464 954 sitiat
3488 914 3583 969 pe-

2008 992 2290 1063 regrinatio
2334 1006 2485 1059 mea,
2516 998 2573 1043 ut
2611 989 2832 1044 satietur
2868 974 3147 1058 prmséntia
3200 1004 3336 1043 mea.
3374 989 3589 1044 Arridet

2008 1082 2238 1138 mundus
2266 1082 2443 1136 multis
2492 1081 2683 1147 rebus,
2740 1079 3011 1149 pulchris,
3064 1079 3326 1146 fortibus,
3380 1081 3585 1135 variis:

2013 1171 2284 1243 pulchrior
2309 1180 2390 1226 est
2430 1171 2516 1225 ille
2546 1170 2633 1239 qui
2678 1168 2803 1224 fecit
2823 1210 2837 1234 ,
2870 1168 3055 1223 fortior
3084 1178 3137 1224 et
3164 1171 3355 1224 clarior
3384 1169 3471 1224 ille
3500 1170 3614 1240 qui‘

2012 1264 2134 1321 fecit
2154 1305 2169 1331 ,
2202 1264 2412 1319 suavior
2442 1262 2527 1317 ille
2555 1270 2638 1317 est
2680 1262 2769 1331 qui
2800 1260 2943 1315 fecit.
2977 1261 3214 1316 Satiabor
3237 1303 3252 1329 ,
3281 1278 3395 1315 cum
3421 1262 3588 1315 mani—

2015 1357 2274 1428 festabitur
2303 1356 2466 1427 gloria
2508 1364 2593 1407 tua
2623 1352 2791 1426 (Psal.
2828 1369 2948 1417 xvr,
2983 1352 3091 1423 15).
3134 1352 3291 1408 Fides
3319 1369 3446 1424 ergo
3470 1369 3589 1423 qua:

2014 1461 2110 1517 per
2138 1446 2474 1501 dilectionem
2503 1453 2752 1516 operatur
2779 1444 2822 1498 si
2855 1452 2935 1498 est
2962 1444 3013 1497 in
3056 1444 3206 1498 vobis
3229 1484 3244 1509 ,
3287 1444 3396 1513 jam
3426 1444 3592 1513 perti-

2015 1537 2151 1591 netis
2192 1536 2258 1591 ad
2300 1536 2701 1606 prmdestinatos
2722 1574 2740 1601 ,
2786 1543 3035 1599 vocatos,
3078 1532 3394 1602 justiﬁeatos
3423 1550 3436 1587 :
3467 1549 3594 1603 ergo

2016 1636 2219 1683 crescat
2239 1628 2292 1681 in
2322 1628 2488 1681 vobis.
2516 1625 2673 1681 Fides
2692 1625 2835 1680 enim
2856 1640 2973 1694 qua:
2995 1640 3089 1694 per
3104 1623 3441 1679 dilectionem
3468 1637 3595 1692 ope—

2015 1726 2195 1785 ratur,
2223 1719 2336 1771 sine
2364 1732 2459 1785 spe
2496 1731 2615 1771 esse
2661 1731 2766 1770 non
2799 1724 2990 1785 potest.
3024 1715 3153 1768 Cum
3183 1722 3359 1767 autem
3390 1712 3596 1766 veneri-

2017 1824 2136 1864 mus
2160 1850 2174 1873 ,
2203 1809 2311 1879 jam
2334 1808 2436 1862 erit
2460 1808 2529 1862 ibi
2572 1796 2742 1861 ﬁdes?
2792 1806 2997 1861 dicetur
3026 1805 3203 1870 nobis,
3237 1804 3453 1859 Crede?
3480 1802 3596 1858 Non

2018 1902 2218 1969 utique.
2250 1898 2559 1953 Videbimus
2589 1913 2708 1952 eum
2739 1901 2790 1963 ',
2822 1898 3301 1967 contemplabimur
3330 1912 3472 1952 eum.
3505 1895 3599 1950 Di-

2019 1990 2305 2055 lectissimi,
2338 1990 2431 2058 ﬁlii
2459 1988 2553 2043 Dei
2605 2005 2809 2055 sumus,
2842 1998 2888 2041 et
2940 1989 3162 2059 nondum
3188 1988 3423 2057 apparuit
3464 1987 3599 2057 quod

2026 2080 2234 2134 erimus.
2257 2078 2389 2145 Quia
2420 2079 2642 2131 nondum
2682 2078 2956 2148 apparuit,
2990 2078 3109 2133 ideo
3146 2078 3296 2131 ﬁdes.
3325 2076 3449 2130 Filii
3502 2077 3600 2131 Dei

2019 2184 2190 2223 sumus
2212 2208 2228 2233 ,
2260 2168 2613 2238 prmdestinati
2635 2209 2649 2232 ,
2691 2168 2895 2234 vocati,
2918 2167 3192 2237 justiﬁcati
3224 2184 3237 2219 :
3268 2166 3365 2237 ﬁlii
3388 2166 3484 2221 Dei
3511 2185 3599 2221 su-

2022 2274 2133 2311 mus
2157 2299 2172 2325 ,
2202 2267 2248 2311 et
2289 2258 2513 2311 nondum
2551 2258 2787 2329 apparuit
2842 2257 2977 2328 quod
3026 2258 3230 2312 erimus.
3280 2257 3433 2312 Modo
3474 2273 3601 2329 ergo

2025 2350 2157 2405 fides
2177 2390 2191 2415 ,
2222 2358 2502 2420 antequam
2532 2359 2785 2420 appareat
2809 2349 2949 2418 quod
2994 2350 3211 2403 erimus.
3242 2347 3443 2404 Scimus
3468 2350 3603 2419 quod

2025 2455 2137 2493 cum
2157 2442 2478 2511 apparuerit,
2505 2440 2691 2494 similes
2717 2440 2762 2492 ei
2786 2440 2986 2495 erimus.
3004 2438 3266 2509 Numquid
3288 2440 3410 2509 quia
3433 2439 3604 2494 credi-

2027 2534 2187 2589 mus?
2215 2533 2351 2588 Nou.
2377 2532 2550 2600 Quare
2567 2533 2730 2603 ergo?
2755 2531 3005 2597 Quoniam
3024 2532 3298 2585 videbimus
3322 2548 3434 2585 eum
3459 2531 3604 2584 sicuti

2028 2632 2100 2678 est
2126 2623 2172 2690 (ι
2196 2621 2352 2676 Joan.
2379 2638 2471 2688 ιιι,
2494 2620 2570 2691 2).

2100 2712 2324 2768 CAPUT
2352 2711 2488 2767 VIII.
2521 2741 2592 2751 —
2618 2711 2671 2766 8.
2705 2710 2855 2781 Spes,
2885 2711 2939 2764 in
2968 2711 3061 2765 hac
3101 2713 3497 2783 peregrinatione
3518 2728 3605 2766 so-

2032 2805 2231 2858 latium.
2259 2802 2395 2870 Quid
2422 2817 2544 2872 spes
2561 2804 2583 2856 ?
2599 2804 2699 2858 erit
2727 2803 2837 2858 ibi?
2863 2801 2996 2873 Spes
3007 2803 3115 2873 jam
3134 2819 3237 2859 non
3261 2805 3382 2872 erit,
3400 2805 3611 2874 quando

2033 2896 2133 2952 erit
2158 2910 2264 2951 res.
2296 2894 2507 2950 Etenim
2556 2895 2669 2965 ipsa
2698 2909 2820 2964 spes
2860 2895 3270 2965 peregrinationi
3312 2896 3613 2951 necessaria

2034 2996 2152 3053 est,
2206 2987 2318 3056 ipsa
2368 2996 2447 3042 est
2493 3000 2611 3056 qua:
2652 2987 2956 3042 consolatur
3001 2987 3053 3040 in
3106 2988 3212 3040 via.
3245 2986 3428 3041 Viator
3471 2987 3614 3042 enim

2034 3076 2246 3147 quando
2262 3075 2466 3130 laborat
2484 3074 2834 3142 ambulando,
2863 3076 2983 3130 ideo
3002 3076 3234 3131 laborem
3256 3076 3464 3143 tolerat,
3495 3076 3616 3146 quia

2037 3168 2314 3237 pervenire
2340 3175 2537 3236 sperat.
2564 3166 2715 3222 Tolle
2743 3166 2817 3222 illi
2853 3181 3002 3237 spem
3041 3168 3415 3237 perveniendi,
3446 3169 3619 3223 conti-

2039 3271 2147 3313 nuo
2172 3258 2479 3327 franguntur
2496 3258 2638 3312 vires
2657 3257 2979 3312 ambulandi.
3003 3259 3143 3328 Ergo
3171 3270 3225 3314 et
3250 3274 3372 3330 Spes
3398 3277 3514 3330 quae
3534 3262 3621 3316 hic

2041 3358 2124 3405 est
2146 3388 2161 3415 ,
2192 3349 2259 3403 ad
2280 3348 2539 3418 justitiam
2567 3349 2792 3417 pertinet
2820 3348 3258 3419 peregrinationis
3287 3360 3502 3405 nostrae.
3535 3352 3620 3422 Ip-

2043 3454 2160 3495 sum
2189 3438 2497 3509 Apostolum
2514 3437 2635 3492 audi
2667 3456 2680 3490 :
2707 3438 3038 3506 Adoptionem
3057 3479 3073 3505 ,
3104 3439 3305 3509 inquit,
3332 3453 3622 3511 exspectan-

2046 3540 2116 3586 tes
2140 3572 2153 3597 ,
2184 3532 2238 3584 in
2262 3530 2624 3601 nobismetipsis
2666 3530 3035 3600 ingemiscimus
3064 3532 3249 3585 adhuc.
3294 3532 3394 3588 Ubi
3419 3542 3500 3589 est
3526 3550 3621 3604 ge-

2045 3623 2246 3690 mitus,
2271 3622 2382 3691 jam
2411 3635 2517 3676 non
2580 3630 2752 3690 potest
2796 3621 2901 3677 dici
2954 3623 3043 3677 illa
3089 3623 3347 3691 felicitas,
3399 3626 3467 3680 de
3523 3642 3625 3697 qua

2046 3714 2322 3783 Scriptura
2346 3713 2506 3780 dicit,
2539 3713 2758 3767 Transiit
2778 3714 2919 3768 labor
2944 3724 2989 3768 et
3009 3716 3220 3784 gemitus
3252 3714 3402 3788 (Isai.
3434 3733 3578 3773 xxxv
3608 3759 3622 3785 ,

2052 3807 2161 3876 10).
2195 3808 2334 3875 Ergo
2356 3806 2521 3859 adhuc
2546 3846 2559 3871 ,
2607 3806 2803 3875 inquit,
2852 3808 2904 3860 in
2951 3807 3316 3877 nobismetipsis
3343 3810 3628 3879 ingemisci-

2053 3914 2192 3964 mus,
2246 3898 2565 3966 adoptionem
2608 3907 2947 3968 exspectantes
2975 3900 3362 3969 redemptionent
3409 3904 3632 3971 corporis

2054 3988 2230 4043 nostri.
2261 3988 2447 4043 Adhuc
2476 3988 2889 4057 ingemiscimus.
2931 3990 3140 4057 Quare?
3186 3991 3292 4062 Spe
3333 3993 3466 4045 enim
3507 3994 3634 4047 salvi

2056 4081 2179 4150 facti
2208 4096 2396 4133 sumus.
2433 4080 2564 4149 Spes
2589 4090 2755 4133 autem
2780 4096 2899 4150 qua:
2922 4080 3144 4149 videtur,
3169 4099 3267 4137 non
3298 4092 3373 4137 est
3396 4100 3527 4153 spes.
3575 4085 3634 4139 Si

2055 4171 2185 4224 enim
2207 4171 2336 4223 videt
2362 4172 2501 4240 quis,
2535 4171 2655 4241 quid
2673 4181 2840 4240 sperat
2866 4171 2891 4224 ?
2913 4171 2975 4226 Si
3017 4182 3183 4225 autem
3211 4174 3345 4242 quod
3371 4190 3471 4228 non
3494 4175 3635 4228 vidc-

2060 4279 2170 4317 mus
2223 4280 2523 4333 speramus,
2575 4280 2663 4332 per
2690 4264 2986 4333 patientiam
3033 4276 3396 4336 exspectamus.
3432 4268 3489 4323 In
3538 4268 3638 4325 hac

2058 4369 2187 4423 ergo
2216 4354 2466 4423 patientia
2510 4364 2770 4427 martyres
2812 4356 3236 4425 coronabantur;
3264 4360 3639 4416 desiderabant

2061 4460 2179 4515 qua:
2205 4460 2311 4499 non
2336 4446 2615 4513 videbant,
2644 4447 3053 4503 contemnebant
3102 4465 3219 4519 qua:
3268 4450 3525 4506 ferebant.
3581 4452 3637 4507 In

2062 4534 2162 4590 hac
2204 4550 2298 4605 spe
2343 4535 2591 4590 dicebant
2650 4553 2662 4589 :
2714 4536 2838 4601 Quis
2880 4554 2972 4592 nos
3017 4539 3267 4608 separabit
3324 4557 3356 4593 a
3398 4540 3640 4595 charitate

2063 4627 2290 4682 Christi?
2332 4626 2655 4682 Tribulatio?
2679 4646 2746 4682 an
2791 4630 3024 4698 angustia
3046 4630 3072 4683 ?
3098 4648 3164 4683 an
3207 4632 3529 4701 persecutio?
3576 4648 3641 4686 an

2066 4719 2264 4789 fames?
2289 4734 2354 4770 an
2394 4719 2631 4772 nuditas?
2670 4735 2735 4772 an
2782 4720 3023 4789 gladius?
3054 4719 3185 4785 Quia
3231 4732 3434 4791 propter
3482 4732 3546 4775 te.
3578 4722 3641 4777 Et

2066 4809 2154 4863 ubi
2180 4818 2261 4863 est
2290 4819 2505 4878 prepter
2532 4808 2729 4878 quem?
2757 4810 2888 4877 Quia
2922 4821 3125 4881 propter
3148 4820 3223 4878 te,
3276 4810 3475 4881 inquit,
3510 4830 3644 4866 mor-

2068 4901 2320 4968 tiﬁcamur
2351 4910 2451 4953 tota
2489 4901 2570 4954 die
2606 4901 2778 4971 (Rom.
2828 4918 2916 4956 vut
2937 4943 2951 4967 ,
2982 4902 3080 4968 23,
3123 4903 3221 4969 24,
3248 4902 3352 4970 25,
3379 4904 3475 4972 55,
3529 4904 3643 4975 56).

2070 4989 2287 5060 Propter
2315 5000 2378 5044 te.
2407 4991 2472 5044 Et
2497 4992 2585 5046 ubi
2615 5002 2723 5058 est,
2748 4991 2890 5045 Beati
2908 4993 2993 5063 qui
3017 5010 3117 5046 non
3165 4994 3391 5047 viderunt
3439 5004 3486 5047 et
3532 5010 3639 5048 ere.

2072 5082 2305 5135 diderunt
2345 5080 2521 5151 (Joan.
2564 5097 2635 5135 χιι
2662 5124 2675 5147 ,
2704 5082 2831 5152 29)?
2858 5084 2993 5137 Ecce
3046 5083 3132 5137 ubi
3178 5093 3292 5149 est,
3335 5084 3389 5138 in
3416 5091 3469 5139 te
3521 5094 3643 5152 est,

2072 5172 2194 5242 quia
2210 5181 2262 5225 ει
2291 5170 2421 5226 ﬁdes
2448 5172 2560 5242 ipsa
2589 5172 2640 5226 in
2675 5182 2725 5227 te
2753 5173 2867 5241 ipso
2893 5182 2993 5227 est.
3022 5174 3105 5227 An
3133 5172 3270 5228 fallit
3295 5188 3393 5229 nos
3417 5174 3647 5244 Aposto-

2072 5262 2155 5318 lus
2173 5304 2188 5330 ,
2220 5263 2308 5332 qui
2338 5262 2467 5317 dicit
2491 5263 2715 5318 habitare
2737 5262 2989 5318 Christum
3013 5280 3101 5333 per
3148 5266 3297 5333 ﬁdem
3324 5267 3376 5319 in
3421 5267 3651 5322 cordibus

2075 5354 2259 5408 nostris
2290 5353 2502 5425 (Ephes.
2556 5370 2647 5420 ιιι,
2688 5354 2818 5422 li)?
2865 5354 3019 5409 Modo
3037 5371 3134 5426 per
3163 5356 3353 5425 ﬁdem,
3388 5368 3509 5413 tunc
3559 5376 3650 5429 per

2141 5549 2156 5580 ⁸
2184 5548 2320 5607 Editi,
2345 5547 2458 5599 scio.
2479 5548 2571 5596 Sed
2591 5550 2755 5609 plures
2774 5557 2897 5609 Mss,
2918 5550 3041 5601 sitio.

2139 5611 2160 5641 ³
2181 5613 2259 5678 Sic
2270 5610 2572 5678 Celtici-tinus
2591 5617 2670 5661 Ms.
2688 5620 2742 5662 At
2764 5611 2895 5676 editi,
2925 5612 3014 5663 hoc
3044 5620 3095 5663 et
3115 5613 3335 5678 maxime
3357 5611 3462 5665 loco
3479 5646 3495 5676 ,
3533 5624 3647 5675 pro.

2086 5684 2215 5737 eum,
2246 5672 2444 5739 habent,
2467 5684 2608 5726 etum.
