4108 6336
503 344 621 412 lii?

504 463 740 542 spectem
770 461 970 525 modo
995 475 1093 540 per
1117 459 1277 524 ﬁdem
1301 506 1318 535 ,
1346 448 1597 538 quamdiu
1620 465 1672 519 in
1699 464 1785 520 via
1802 506 1819 532 ,
1842 463 2093 536 quamdiu

506 560 561 618 in
592 558 1039 633 peregrinatione.
1085 554 1343 626 Quamdiu
1373 552 1516 612 enim
1545 553 1796 610 sttmusin
1849 566 2060 627 corpore
2081 594 2095 619 ,

509 652 888 725 peregrinantur
911 662 944 704 a
971 642 1191 704 Domino
1216 665 1234 704 :
1257 662 1348 722 per
1375 647 1529 719 ﬁdem
1566 646 1700 704 enim
1743 646 2059 703 ambulamus
2082 688 2099 719 ,

504 739 954 814 nonperspeciem
985 741 1052 815 (ll
1075 734 1193 797 Cor.
1226 750 1297 809 v,
1329 740 1363 796 6
1387 749 1433 795 et
1460 738 1541 812 7).

582 829 811 890 CAPUT
839 830 933 887 lX.
964 862 1036 875 —
1059 831 1115 888 9.
1144 828 1285 888 Deus
1311 828 1466 888 beatis
1496 830 1589 887 erit
1634 830 1805 886 omnia
1849 828 1904 884 in
1933 824 2101 886 omnl-

504 923 615 981 btts.
642 918 877 980 Charitas
901 922 1012 979 satu
1039 940 1236 995 semper
1255 933 1441 979 manet.
1465 923 1523 979 Si
1548 922 1651 978 hoc
1670 932 1753 979 est
1780 918 1943 989 fides,
1975 914 2103 992 quid

505 1015 609 1075 erit
627 1015 871 1089 species?
893 1017 1031 1074 Audi
1053 1018 1180 1099 quid
1205 1016 1308 1073 erit
1334 1036 1347 1073 :
1382 1016 1451 1074 Ut
1482 1017 1546 1072 sit
1561 1015 1700 1072 Deus
1725 1013 1894 1071 omnia
1921 1012 1975 1069 in
2001 1029 2105 1069 om-

506 1108 653 1167 nibus
680 1108 723 1183 (l
746 1110 868 1168 Cor.
897 1127 995 1179 xv,
1022 1108 1136 1186 28).
1167 1109 1305 1182 Quid
1326 1121 1438 1179 est,
1464 1109 1650 1166 Omnia
1676 1109 1701 1165 .9
1727 1104 1990 1181 Quidquid
2014 1105 2103 1164 hic

506 1202 785 1274 quaerebas
802 1243 819 1270 ,
840 1198 1095 1274 quidquid
1113 1202 1199 1258 hic
1225 1218 1321 1273 pro
1344 1216 1535 1274 magno
1556 1200 1792 1257 habebas
1818 1243 1834 1267 ,
1865 1198 1979 1272 ipse
2006 1196 2103 1255 tibi

506 1294 626 1357 erit.
652 1287 791 1362 Quid
820 1288 906 1348 hic
928 1294 1159 1350 volebas
1177 1337 1191 1358 .
1221 1290 1348 1368 quid
1376 1292 1636 1350 amabas?
1681 1290 1998 1348 Manducare
2046 1298 2103 1351 et

508 1382 730 1444 bibere?
755 1384 878 1457 Ipse
902 1382 995 1442 tibi
1017 1386 1121 1442 erit
1145 1387 1326 1453 cibus,
1357 1384 1470 1458 ipse
1495 1387 1587 1441 tibi
1612 1386 1714 1442 erit
1742 1395 1919 1456 potus.
1964 1380 2101 1453 Quid

508 1478 597 1536 hic
619 1476 874 1535 volebas?
912 1472 1206 1535 Sanitatem
1237 1477 1479 1549 corporis
1509 1474 1749 1549 fragilem
1773 1519 1789 1546 ,
1822 1487 2102 1532 transeun-

519 1579 625 1627 tem
646 1566 675 1625 τ
698 1570 814 1642 Ipse
842 1571 934 1625 tibi
964 1570 1336 1626 immortalitas
1364 1567 1483 1625 erit.
1512 1570 1650 1640 Quid
1671 1569 1756 1625 hic
1781 1562 2099 1639 quaerebas?

509 1656 773 1718 Divitias?
800 1661 974 1718 Avare
996 1705 1011 1731 ,
1042 1659 1169 1733 quid
1198 1661 1340 1717 enim
1364 1660 1457 1717 tibi
1483 1660 1712 1728 sufﬁcit,
1741 1662 1788 1717 si
1819 1662 2102 1731 Deusipsc

511 1770 616 1809 non
644 1750 884 1809 sufﬁcit?
913 1752 1017 1810 Sed
1046 1753 1171 1825 quid
1212 1753 1468 1810 amabas?
1507 1753 1741 1810 Gloriam
1764 1795 1778 1819 ,
1819 1754 2050 1809 honores
2077 1752 2102 1808 ?

512 1845 653 1900 Deus
681 1839 775 1900 tibi
816 1844 920 1901 erit
970 1842 1136 1916 gloria
1170 1845 1293 1901 :eui
1343 1854 1398 1901 et
1445 1844 1604 1900 modo
1648 1845 1876 1912 dicitur,
1926 1843 2104 1899 Gloria

511 1954 661 2005 mea,
707 1946 753 1991 et
801 1935 1030 1992 exultans
1078 1945 1228 2009 caput
1272 1953 1437 1991 meum
1478 1932 1648 2009 (Psal.
1698 1952 1754 1991 tu
1782 1976 1799 2002 ,
1847 1934 1927 2009 4).
1982 1934 2101 1991 lam

512 2028 655 2084 enim
683 2024 936 2083 exultavit
959 2038 1118 2097 caput
1147 2042 1345 2082 meum.
1377 2025 1548 2098 Caput
1577 2038 1818 2081 nostrum
1860 2026 2105 2082 Christus

512 2128 613 2175 est.
637 2116 746 2175 Sed
776 2116 902 2191 quid
932 2120 1187 2176 miraris?
1213 2120 1345 2189 Quia
1401 2130 1560 2191 caput
1602 2130 1655 2176 et
1693 2131 1886 2177 canora
1935 2137 2104 2177 mem-

516 2207 612 2265 bra
642 2211 1050 2277 exaltabuntur;
1076 2222 1201 2267 tunc
1238 2213 1342 2266 erit
1385 2207 1524 2267 Deus
1553 2212 1729 2267 omnia
1757 2213 1808 2267 in
1835 2213 2101 2268 omnibus.

512 2300 626 2359 Hoc
651 2298 810 2359 modo
835 2296 1103 2360 credimus
1127 2344 1143 2369 ,
1176 2302 1278 2358 hoc
1300 2302 1458 2358 modo
1482 2320 1759 2374 speramus
1791 2320 1805 2358 :
1838 2319 1958 2359 cum
2012 2320 2103 2359 ve-

514 2394 786 2464 nerimus,
822 2397 1153 2463 tenebimus;
1181 2405 1237 2451 et
1261 2397 1372 2466 jam
1418 2397 1553 2452 visio
1595 2398 1728 2465 crit,
1776 2413 1883 2452 non
1926 2397 2099 2452 ﬁdes:

514 2502 638 2543 cum
679 2488 1018 2556 venerimus,
1049 2489 1388 2555 tenebimus,
1444 2498 1498 2545 et
1524 2487 1635 2560 jam
1688 2503 1777 2545 res
1822 2490 1951 2557 erit,
1996 2505 2105 2545 non

515 2593 661 2650 spes.
689 2564 933 2634 Charitas
952 2579 1079 2651 quid
1106 2579 1131 2634 ?
1168 2580 1422 2651 numquid
1452 2588 1506 2635 et
1544 2580 1658 2650 ipsa
1694 2579 1855 2635 modo
1881 2588 2000 2646 est,
2052 2588 2107 2635 et

517 2676 646 2725 tunc
674 2680 778 2725 non
803 2670 948 2726 erit?
978 2670 1033 2726 Si
1060 2687 1302 2726 amamus
1332 2672 1598 2727 credendo
1619 2680 1675 2727 et
1705 2688 1812 2726 non
1837 2672 2103 2740 videndo;

517 2762 786 2835 quomodo
810 2763 1107 2820 amabimus
1127 2764 1357 2820 videndo
1383 2773 1439 2820 et
1463 2765 1737 2821 tenendo?
1766 2767 1908 2837 Ergo
1922 2766 2105 2822 chari-

517 2860 602 2910 tas
632 2855 752 2919 erit,
778 2854 873 2910 sed
894 2854 1127 2925 perfecta
1147 2857 1251 2912 erit
1276 2874 1290 2912 :
1318 2857 1772 2927 sicut'Apostolus
1794 2860 1901 2925 ait,
1926 2858 2103 2927 Fides,

517 2963 633 3017 spes
654 2987 672 3015 ,
701 2946 923 3003 charitas
942 2988 962 3016 ,
990 2949 1090 3004 tria
1115 2949 1261 3015 hac;
1289 2951 1456 3021 major
1472 2960 1647 3007 autem
1680 2952 1864 3007 horam
1885 2953 2107 3007 alacritas

522 3028 568 3108 (l
594 3037 713 3093 Cor.
743 3054 872 3104 xui,
908 3037 1023 3113 l3).
1078 3038 1228 3097 lianc
1258 3036 1548 3111 habentes,
1588 3051 1648 3099 et
1696 3042 1751 3098 in
1805 3044 1957 3099 nobis
2005 3060 2107 3099 nu-

521 3127 780 3195 trientes,
805 3129 982 3185 securi
1021 3129 1115 3184 illo
1138 3130 1426 3200 adiuvante
1454 3143 1859 3202 perseverantes
1904 3135 1958 3189 in
1994 3149 2062 3191 eo
2086 3172 2105 3201 ,

519 3217 761 3275 dicamus
784 3236 799 3273 :
831 3219 956 3288 Quis
975 3237 1067 3277 nos
1087 3222 1344 3292 separabit
1360 3239 1394 3276 α
1413 3223 1657 3278 charitate
1678 3221 1869 3279 Christi
1889 3226 1914 3280 2
1935 3224 2110 3283 donec

520 3307 636 3379 ipse
654 3309 991 3376 misereatur,
1008 3312 1121 3381 ipse
1143 3311 1401 3381 perficiat.
1428 3312 1743 3369 Tributetio?
1760 3331 1826 3369 an
1846 3316 2111 3387 angustia?

522 3415 592 3454 an
623 3400 826 3470 fames?
875 3416 943 3455 an
982 3403 1187 3457 nuditas
1214 3403 1241 3458 2
1289 3421 1359 3458 an
1402 3404 1723 3476 perieulum?
1756 3422 1828 3462 an
1870 3407 2111 3478 gladius?

526 3486 780 3556 Quoniam
825 3501 1033 3563 propter
1087 3502 1134 3548 te
1159 3494 1525 3564 mortiﬁcamur
1564 3505 1672 3551 tota
1712 3496 1830 3565 die,
1882 3497 2110 3569 deputata“

517 3598 693 3638 sumus
722 3590 776 3636 ut
798 3598 912 3638 oves
954 3585 1239 3641 occisionis.
1266 3586 1335 3642 Et
1353 3588 1473 3657 quis
1494 3590 1805 3659 supportatl
1826 3591 1950 3662 quis
1993 3607 2110 3647 οω-

517 3674 606 3730 nia
632 3674 872 3731 tolerat?
910 3675 1017 3732 Sed
1048 3677 1103 3730 in
1131 3678 1211 3732 Itis
1262 3679 1494 3737 omnibus
1532 3697 1851 3752 superamus.
1903 3682 2108 3741 Unde!

516 3758 624 3822 Per
649 3783 764 3823 eum
787 3768 876 3839 qui
913 3768 1091 3824 dilexit
1124 3787 1216 3825 nos
1244 3770 1420 3842 (Rom.
1456 3789 1579 3840 vnt,
1612 3774 1716 3843 '56,
1746 3776 1865 3849 57).
1917 3776 2103 3849 Ergo,

516 3854 581 3915 Si
599 3853 737 3915 Deus
755 3877 853 3932 pro
888 3860 1032 3916 nobis
1048 3902 1065 3930 ,
1092 3862 1204 3933 quis
1227 3873 1403 3919 contra
1431 3882 1524 3921 nos
1547 3866 1575 3921 .9

1012 3973 1249 4031 saeuo
1271 3974 1437 4032 eux
1458 3981 1478 4003 ο
1504 3975 1606 4052 (a).

511 4078 986 4139 Isserbiseisdem
1014 4085 1278 4157 Aposteli,
1312 4086 1461 4143 Rom.
1490 4104 1616 4156 vtn,
1645 4089 1751 4161 50,
1782 4090 1844 4150 5!
1870 4135 1885 4156 .
1926 4108 2014 4150 seu
2044 4094 2107 4151 de

581 4173 949 4245 justiﬁestione
978 4191 998 4230 :
1023 4188 1217 4231 necnon
1245 4176 1308 4233 de
1331 4179 1490 4236 verbis
1511 4178 1695 4238 Jacobi
1715 4201 1753 4251 ι,
1780 4184 1906 4251 2-4,
1936 4186 2106 4244 Omne

582 4266 838 4337 gaudium
867 4268 1170 4325 existitnate
1188 4312 1203 4336 ,
1233 4269 1428 4328 fratres
1456 4275 1561 4331 mei
1625 4291 1745 4333 cum
1776 4276 1829 4333 in
1858 4282 2107 4338 tentatio-

580 4364 688 4413 stes
708 4358 888 4414 varias
916 4359 1207 4416 incidentis
1227 4403 1242 4430 ,
1271 4370 1365 4417 etc.
1394 4362 1494 4436 (b).

585 4465 814 4528 CAPUT
851 4466 1138 4531 PRIMUM.
1172 4506 1241 4518 -—
1285 4474 1336 4534 l.
1395 4478 1707 4551 Justiﬁcatio
1750 4486 1832 4540 hic
1872 4488 1925 4543 in
1963 4489 2106 4546 nobis

510 4558 828 4635 httpet'fecta.
884 4563 1119 4638 Perfecta
1155 4566 1460 4639 justi/icatio
1487 4573 1539 4626 in
1581 4577 1902 4647 martyribus.
1951 4578 2108 4650 Iajts-

512 4652 591 4707 riu
628 4663 736 4724 est,
792 4672 885 4728 pro
929 4667 1152 4730 martyre
1197 4678 1363 4718 orare.
1410 4661 1674 4720 Hesterno
1704 4667 1792 4722 die
1833 4669 1902 4723 de
1943 4669 2104 4740 justi-

512 4741 760 4801 licatione
789 4755 968 4803 uestra
991 4790 1008 4816 ,
1039 4767 1158 4821 qua:
1188 4752 1341 4808 nobis
1357 4765 1437 4810 est
1459 4772 1486 4808 a
1521 4757 1742 4813 Domino
1760 4760 1870 4815 Deo
1896 4772 2102 4832 nostro,

521 4848 700 4893 sermo
730 4833 1020 4911 productus
1050 4855 1132 4899 est
1151 4888 1166 4911 ,
1209 4837 1635 4906 ministrantibus
1661 4853 1834 4921 nobis,
1866 4855 2102 4915 donante
2134 4858 2145 4868 ’

513 4929 646 4999 illo,
694 4933 1029 4992 audientibus
1074 4937 1244 4994 vobis.
1299 4940 1364 4994 Et
1407 4956 1526 4997 cum
1567 4943 1736 5000 simus
1773 4946 1825 5001 in
1869 4946 1970 5004 bac
1997 4952 2105 5008 vita

513 5020 722 5080 onerati
752 5027 959 5083 sarcina
987 5031 1352 5102 corruptibilis
1376 5036 1557 5090 carnis
1578 5078 1596 5105 ,
1648 5054 1756 5094 non
1782 5036 1963 5113 utique
1986 5045 2105 5102 sine

511 5120 772 5184 peccato;
811 5119 932 5188 quia
959 5119 1006 5175 si
1042 5119 1337 5178 dixerimus
1359 5124 1481 5196 quia
1512 5137 1787 5198 peccatum
1814 5148 1920 5188 non
1940 5134 2106 5193 habe-

509 5218 631 5260 mus
654 5247 671 5274 ,
713 5216 810 5263 nos
850 5210 995 5280 ipsos
1033 5212 1378 5286 seducimus,
1427 5228 1482 5274 et
1510 5221 1705 5277 veritas
1732 5222 1785 5279 in
1815 5227 1971 5282 nobis
1995 5244 2104 5286 non

510 5305 593 5378 est
624 5288 666 5370 (l
694 5292 852 5355 Joan.
887 5318 940 5367 ι,
963 5300 1018 5374 8)
1054 5300 1412 5381 :justilicatos
1438 5322 1613 5369 tamen
1637 5330 1737 5371 nos
1770 5333 2105 5379 essesecun-

511 5385 637 5443 dum
664 5390 879 5447 modum
909 5397 1355 5467 peregrinationis
1385 5413 1613 5470 nostrzn,
1642 5406 1882 5464 viventes
1904 5425 1971 5466 es
1998 5412 2103 5470 ﬁde

508 5525 1132 5644 ‘d'Atirahsttgatlugrad3;bn.
1155 5534 1218 5585 cl.
1242 5536 1321 5587 cb.
1348 5536 1381 5586 f.
1409 5537 1464 5589 fs.
1492 5553 1542 5603 ε.
1567 5538 1626 5591 lr.
1644 5554 1711 5592 m.
1737 5556 1811 5606 pr.
1836 5559 1926 5595 rm.
1949 5548 2026 5598 vd.
2052 5558 2106 5604 et

632 5716 789 5787 gcttat
825 5713 991 5790 tfiorus
1026 5720 1083 5790 ad
1121 5713 1365 5784 κώπαισι,
1405 5732 1459 5777 ct
1500 5729 1649 5779 Hebr.
1674 5742 1759 5781 xu.
1790 5732 1992 5787 Halanus
2018 5746 2104 5790 est

507 5785 728 5892 {mbo
750 5786 860 5842 post
886 5785 1192 5847 superiorem
1227 5796 1524 5852 sermonem,
1548 5790 1631 5843 die
1668 5790 1795 5846 forte

1715 348 1773 409 s-
1813 328 2183 407 sucus-nm
2221 335 2525 405 EPISCOPI

3694 346 3806 412 888

2210 472 2492 531 quousque
2521 456 2764 517 fruamur
2787 460 2967 533 specie
2990 505 3004 530 ,
3030 460 3242 535 claruit,
3272 468 3529 538 quantum
3552 466 3806 529 arbitror,

2209 547 2470 605 Charitati
2496 561 2707 607 vestrae.
2739 552 2994 624 lncipitur
3012 566 3139 628 ergo
3163 571 3192 611 a
3223 555 3347 623 ﬁde,
3382 567 3439 613 ut
3464 545 3809 629 perveniatur

2205 640 2272 696 ad
2297 641 2529 712 speciem
2562 660 2576 697 :
2613 643 2695 699 via
2730 645 2996 716 curritur,
3045 647 3214 718 patria
3240 649 3516 721 quaeritur.
3565 649 3619 706 in
3654 664 3809 723 pere-

2203 733 2505 806 grinatione
2544 734 2672 791 dicit
2709 736 2889 792 anima
2934 747 3114 794 nostra
3149 758 3161 794 :
3192 739 3447 805 Quoniam
3486 750 3605 799 ante
3641 752 3692 799 te
3732 756 3809 801 est

2205 838 2354 880 omne
2400 826 2708 882 desiderium
2754 842 2923 883 meum
2945 872 2961 898 ,
3003 840 3052 885 et
3080 830 3291 903 gemitus
3318 845 3455 888 meus
3479 849 3510 888 a
3538 844 3586 890 te
3609 852 3712 890 non
3735 846 3810 892 est

2213 918 2534 975 absconditus
2563 918 2737 991 (Psal.
2775 938 2971 991 uxvn,
3000 923 3113 993 10).
3170 924 3229 979 ln
3260 924 3429 994 patria
3463 940 3591 981 vero
3627 926 3810 985 nullus

2211 1010 2401 1067 orandi
2428 1010 2578 1086 locus
2603 1014 2704 1067 erit
2722 1054 2738 1081 ,
2770 1012 2866 1070 sed
2894 1020 3096 1070 tantum
3122 1014 3390 1071 laudandi.
3417 1015 3593 1085 Quare
3618 1020 3810 1076 orandi

2204 1101 2357 1157 locus
2378 1101 2558 1158 nullus
2573 1102 2709 1158 erit?
2735 1101 2870 1173 Quia
2889 1104 3023 1160 nihil
3049 1105 3224 1162 deest.
3254 1106 3406 1174 Quod
3432 1108 3520 1165 hic
3544 1109 3809 1180 creditur,
3836 1095 3853 1158 ι

2206 1190 2281 1249 ibi
2309 1193 2558 1261 videtur;
2589 1194 2731 1264 quod
2762 1194 2849 1252 hic
2874 1205 3139 1267 speratur,
3168 1197 3240 1253 ibi
3269 1206 3518 1267 tenetur;
3549 1202 3694 1273 quod
3719 1201 3812 1262 hic

2205 1286 2444 1358 petitur',
2487 1286 2559 1343 ibi
2607 1286 2885 1358 accipitur.
2936 1280 3203 1347 Perfectio
3248 1299 3426 1349 tamen
3468 1294 3522 1349 in
3570 1291 3671 1350 hac
3697 1294 3810 1352 vita

2206 1379 2464 1434 nonnulla
2493 1388 2574 1434 est
2598 1422 2613 1446 ,
2643 1378 2711 1436 ad
2736 1396 2896 1451 quam
2921 1384 3088 1441 sancti
3135 1393 3398 1458 martyres
3424 1397 3808 1456 pervenerunt.

2206 1467 2442 1540 Ideoque
2486 1469 2649 1527 habet
2687 1472 3048 1530 ecclesiastica
3088 1472 3404 1546 disciplina,
3449 1478 3591 1549 quod
3620 1477 3813 1535 ﬁdeles

2206 1570 2506 1630 noverunt,
2544 1576 2666 1618 cum
2693 1572 2959 1637 martyres
2985 1582 3051 1622 eo
3088 1567 3208 1624 loco
3233 1569 3525 1625 recitantur
3547 1570 3614 1626 ad
3633 1569 3813 1627 altare

2207 1649 2341 1716 Dei,
2385 1651 2476 1707 ubi
2515 1667 2622 1708 tton
2664 1668 2760 1725 pro
2800 1654 2929 1726 ipsis
2970 1666 3155 1712 oretur
3187 1676 3201 1712 :
3234 1673 3332 1729 pro
3371 1660 3582 1716 caeteris
3623 1672 3811 1716 autem

2207 1744 2643 1799 commemoratis
2667 1744 2931 1801 defunctis
2960 1756 3163 1803 oratur.
3190 1748 3386 1819 injuria
3409 1759 3492 1807 est
3510 1752 3675 1818 enim,
3704 1766 3811 1823 pro

2203 1842 2443 1906 martyre
2480 1849 2636 1891 orare
2652 1876 2665 1902 ,
2702 1836 2855 1908 cujus
2880 1852 2980 1893 nos
3008 1837 3269 1896 debemus
3293 1842 3622 1900 orationibus
3644 1859 3807 1903 com-

2206 1923 2471 1979 mendari.
2518 1924 2753 1981 Certavit
2791 1927 2934 1982 enim
2972 1938 3157 1986 contra
3200 1938 3477 2001 peccatum
3524 1935 3693 2005 uSque
3735 1933 3810 1989 ad

2206 2017 2538 2089 sanguinem.
2587 2018 2914 2085 Quibusdam
2959 2037 3087 2077 vero
3133 2023 3308 2080 adhuc
3356 2024 3720 2097 imperfectis,
3751 2036 3815 2086 et

2210 2116 2388 2164 tamen
2423 2122 2486 2163 ex
2513 2119 2664 2178 parte
2685 2110 3010 2182 justiticatis,
3042 2113 3108 2170 ad
3136 2113 3391 2173 Hebraeos
3414 2117 3542 2177 dicit
3575 2120 3815 2192 Aposto-

2207 2200 2292 2256 lus
2322 2218 2336 2255 :
2370 2198 2616 2256 Nondum
2642 2203 2772 2259 enim
2802 2222 2959 2275 usque
2981 2206 3051 2259 ad
3076 2210 3377 2281 sanguinem
3397 2213 3677 2284 pugnastis,
3706 2213 3812 2268 ad—

2207 2307 2376 2348 versus
2416 2303 2674 2365 peccatum
2722 2306 2968 2352 certantes
2998 2297 3184 2369 (Hebr.
3212 2316 3286 2358 ιιι
3309 2344 3324 2370 ,
3361 2305 3440 2376 4).
3483 2306 3537 2360 Si
3562 2322 3691 2381 ergo
3715 2307 3799 2365 illi

2207 2383 2449 2441 nondum
2482 2402 2649 2457 usque
2691 2388 2757 2442 ad
2805 2389 3152 2461 sanguinem,
3208 2397 3396 2464 procul
3437 2396 3603 2454 dubio
3641 2400 3813 2471 aliqui

2207 2488 2382 2547 usque
2417 2476 2484 2532 ad
2509 2477 2841 2550 sanguinem.
2885 2482 2986 2550 Qui
3014 2499 3183 2555 usque
3207 2485 3274 2542 ad
3302 2489 3647 2560 sanguinem?
3687 2491 3811 2550 Uti-

2211 2582 2315 2636 que
2340 2567 2509 2623 sancti
2539 2576 2838 2641 martyres;
2870 2571 2938 2628 dc
2976 2573 3168 2644 quibus
3193 2574 3353 2634 lectio
3381 2581 3552 2637 sancti
3580 2583 3813 2652 apostoli

2211 2652 2396 2711 Jacobi
2438 2659 2600 2713 modo
2645 2658 2822 2716 audita
2859 2669 2960 2718 est.
3011 2664 3174 2721 Omne
3213 2669 3460 2740 gaudium
3501 2673 3809 2742 acistimate,

2218 2746 2400 2819 fratres
2434 2749 2532 2804 mei
2551 2792 2567 2818 ,
2609 2768 2722 2806 cum
2748 2754 2801 2808 in
2840 2754 3138 2812 tentationes
3161 2760 3330 2816 varias
3352 2760 3650 2821 incideritis.
3681 2764 3814 2821 Per-

2210 2838 2364 2896 fectis
2392 2841 2504 2911 jam
2543 2838 2737 2898 dicitur
2759 2885 2775 2912 ,
2802 2844 2891 2915 qui
2927 2847 3087 2903 etiam
3119 2861 3344 2920 possunt
3383 2852 3563 2911 dicere
3590 2873 3608 2911 :
3641 2854 3813 2912 Proba

2210 2946 2323 2998 me,
2353 2930 2594 3001 Domine,
2626 2944 2673 2990 et
2694 2943 2829 2991 tenta
2852 2955 2931 2993 me
2954 2936 3128 3009 (Psal.
3161 2957 3288 3008 xxv,
3316 2943 3396 3016 2).
3429 2945 3692 3013 Scientes,
3723 2947 3812 3006 in-

2215 3023 2352 3096 quit,
2383 3027 2504 3097 quia
2528 3025 2784 3082 tribulatio
2814 3032 3111 3102 patientiam
3136 3044 3411 3105 operatur;
3446 3040 3690 3096 patientia
3712 3057 3810 3103 au-

2213 3118 2313 3181 tem
2338 3130 2465 3187 opas
2487 3117 2762 3187 perfectum
2791 3118 2958 3176 habet.
3736 3192 3741 3197 ,

2284 3204 2511 3263 CAPUT
2540 3205 2605 3263 ll.
2634 3238 2705 3250 —
2727 3206 2781 3264 Ξ.
2810 3206 3037 3268 Iustitia
3065 3230 3209 3269 amor
3235 3214 3456 3281 admittit
3474 3219 3667 3290 aliquot
3687 3238 3811 3293 gra-

2213 3296 2327 3351 dus.
2378 3293 2591 3353 Primus
2637 3300 2848 3371 gradus.
2889 3301 3259 3361 Delectationes
3294 3324 3531 3364 sensuum
3567 3312 3720 3367 licitte
3750 3321 3800 3370 et

2206 3388 2424 3444 inicius.
2474 3389 2717 3446 Amanda
2763 3401 2848 3449 est
2875 3394 3017 3450 enim
3041 3398 3285 3467 justitia;
3317 3409 3372 3455 et
3396 3402 3449 3456 in
3476 3401 3573 3458 hac
3595 3404 3805 3476 justitia

2210 3477 2439 3534 amanda
2465 3481 2662 3551 gradus
2683 3490 2808 3538 sunt
2827 3482 3241 3554 proﬁcientium.
3266 3489 3422 3548 Prius
3443 3502 3530 3548 est
3557 3504 3612 3549 ut
3635 3497 3810 3553 amori

2215 3570 2436 3640 justitim
2465 3586 2571 3627 non
2603 3584 2980 3644 praeponuntur
3000 3579 3178 3634 omnia
3203 3596 3324 3652 qua:
3350 3581 3636 3639 delectant.
3685 3586 3808 3658 ipse

2211 3669 2295 3716 est
2343 3662 2801 3733 primusgradus.
2860 3665 2999 3732 Quid
3043 3676 3126 3724 est
3170 3669 3312 3739 quod
3350 3671 3504 3727 dixi?
3555 3673 3626 3732 Ut
3671 3675 3812 3733 inter

2217 3752 2401 3808 omnia
2424 3766 2543 3824 qua:
2581 3752 2871 3824 delectant,
2911 3756 3033 3827 plus
3072 3766 3125 3814 te
3166 3758 3398 3818 delectet
3420 3762 3534 3835 ipsa
3558 3764 3807 3836 justitia;

2209 3857 2318 3899 non
2355 3852 2415 3899 ut
2452 3843 2558 3899 alia
2604 3860 2712 3902 non
2752 3845 3060 3917 delectent,
3107 3848 3204 3906 sed
3246 3850 3365 3922 plus
3410 3854 3523 3925 ipsa
3553 3855 3807 3915 delectet.

2211 3935 2488 3992 Delectant
2512 3938 2653 3991 enim
2682 3937 2927 4007 quaedam
2952 3941 3267 3997 naturaliter
3302 3944 3671 4003 inﬁrmitatem
3705 3963 3804 4005 no-

2209 4034 2373 4082 stram
2399 4068 2415 4094 ,
2466 4035 2522 4081 ut
2547 4026 2699 4083 cibus
2728 4036 2784 4084 et
2825 4039 2986 4100 polus
3014 4030 3284 4088 delectant
3320 4037 3620 4093 esurientes
3645 4051 3809 4113 atque

2204 4117 2487 4183 sitientes;
2522 4126 2579 4173 ut
2607 4133 2707 4173 nos
2732 4118 2963 4176 delectat
2987 4120 3103 4178 hace
3135 4123 3223 4178 lux
3245 4167 3260 4192 ,
3288 4141 3407 4196 qua:
3434 4126 3503 4183 de
3521 4128 3659 4187 caelo
3687 4129 3813 4189 fun-

2208 4208 2352 4265 ditur
2376 4211 2493 4265 sole
2514 4222 2725 4279 exorto,
2752 4212 2839 4267 vel
2860 4229 2980 4284 quae
3001 4213 3069 4270 de
3091 4215 3358 4273 sideribus
3384 4226 3440 4275 et
3459 4220 3583 4276 luna
3613 4222 3804 4295 fulget,

2207 4301 2292 4355 vel
2323 4316 2442 4372 qua:
2469 4298 2522 4355 in
2565 4306 2706 4356 terra
2743 4303 3054 4360 accenditur
3090 4305 3383 4367 luminibus
3407 4313 3809 4372 consolantibus

2211 4392 2457 4448 tenebras
2500 4392 2779 4449 oculorum
2811 4412 2825 4448 :
2856 4394 3090 4453 delectat
3134 4415 3331 4457 canora
3358 4419 3460 4459 vox
3501 4413 3559 4462 et
3601 4407 3809 4465 suavis-

2210 4484 2346 4538 sima
2375 4482 2657 4554 cantilena,
2689 4486 2921 4544 delectat
2942 4489 3078 4548 odor
3102 4492 3312 4562 bonus;
3346 4494 3620 4555 delectant
3646 4501 3808 4559 etiam

2212 4584 2409 4632 tactum
2439 4586 2680 4632 nostrum
2725 4596 3075 4652 quaecumque
3118 4586 3389 4655 pertinent
3409 4588 3478 4644 ad
3500 4592 3680 4647 carnis
3702 4592 3806 4648 ali-

2211 4682 2369 4737 quam
2400 4668 2748 4739 voluptatem.
2788 4670 2856 4726 Et
2884 4670 3003 4728 haec
3029 4675 3208 4731 omnia
3231 4719 3249 4745 ,
3276 4694 3396 4749 qua:
3415 4697 3516 4736 nos
3540 4681 3811 4740 delectant

2212 4757 2268 4812 in
2311 4759 2558 4816 sensibus
2608 4762 2880 4832 corporis,
2934 4765 3111 4835 aliqua
3154 4766 3294 4823 licita
3333 4779 3476 4827 sunt.
3534 4773 3811 4831 Delectant

2214 4851 2383 4920 enim,
2415 4860 2473 4907 ut
2492 4852 2600 4920 dixi
2622 4896 2638 4921 ,
2670 4854 2856 4911 oculos
2883 4858 3185 4929 spectacula
3214 4860 3314 4916 ista
3342 4879 3531 4935 magna
3558 4876 3768 4924 natura
3789 4882 3808 4921 :

2209 4938 2305 4997 sed
2346 4942 2616 4999 delectant
2657 4937 2843 5000 oculos
2882 4948 3047 5004 etiam
3100 4953 3407 5021 spectacula
3453 4956 3800 5014 theatrorum.

2208 5030 2336 5088 Haec
2356 5034 2523 5102 licita,
2556 5034 2643 5089 illa
2672 5036 2875 5093 illicita.
2915 5039 3156 5096 Psalmus
3177 5056 3331 5099 sacer
3356 5046 3594 5103 suaviter
3618 5057 3807 5105 cansa-

2208 5132 2295 5180 tus
2335 5125 2564 5182 delectat
2601 5128 2837 5184 auditum
2874 5130 3011 5187 :sed
3051 5131 3320 5190 delectant
3358 5136 3602 5194 audttnm
3640 5141 3809 5197 etiam

2204 5219 2413 5273 Cantica
2441 5219 2782 5279 histrionum.
2808 5221 2923 5279 Hoc
2951 5223 3123 5290 licite,‘
3144 5224 3272 5281 illud
3297 5226 3499 5286 illicite.
3527 5229 3810 5289 Delectant

2208 5308 2463 5365 olfactum
2508 5310 2669 5367 liores
2706 5324 2761 5369 et
2800 5325 3079 5384 aromata,
3120 5331 3181 5372 et
3227 5317 3343 5375 hinc
3383 5321 3481 5379 Dei
3514 5332 3804 5380 ereum:

2208 5400 2474 5457 delectant
2503 5401 2752 5459 olfactum
2788 5405 2947 5461 etiam
2974 5408 3127 5464 thura
3157 5409 3208 5463 in
3241 5411 3352 5467 aris
3390 5412 3803 5473 (immaniorutn.

2207 5490 2321 5546 Hoc
2353 5492 2529 5560 licite,
2568 5492 2698 5548 illud
2737 5495 2938 5552 illicite.
2992 5497 3231 5555 Delectat
3259 5510 3472 5572 gustum
3504 5505 3656 5561 cibus
3698 5522 3804 5563 non

2209 5582 2507 5651 prohibitus
2534 5600 2548 5648 ;
2580 5584 2851 5643 delectant
2887 5598 3101 5660 gnum
3124 5592 3285 5648 etiam
3312 5595 3486 5665 epulae
3506 5599 3801 5671 sacrilego-

2207 5691 2324 5729 rum
2356 5676 2764 5735 sacriticiorum.
2792 5680 2905 5737 Hoc
2935 5682 3114 5753 licite,
3136 5684 3265 5741 illud
3286 5685 3492 5745 illicite.
3526 5690 3803 5748 Delectant

2209 5769 2517 5838 conjugalcs
2563 5773 2839 5843 amplexus
2871 5795 2885 5833 :
2912 5777 3179 5834 delectant
3218 5782 3379 5835 etiam
3434 5786 3797 5841 meretricum.

2208 5859 2321 5937 lloc
2348 5860 2512 5927 licite.
2546 5864 2674 5921 illud
2704 5863 2905 5926 illicite.
2933 5869 3136 5930 Videtis
3159 5886 3310 5937 eruo.
3326 5873 3650 5939 citatissimi.
3673 5891 3798 5940 esse
