4108 6336
304 288 409 360 869

310 406 363 472 in
403 402 521 469 istis
565 410 804 484 corporis
843 404 1084 467 sensibus
1109 408 1284 467 licitas
1307 410 1361 467 et
1402 402 1615 464 illicitas
1657 402 1891 462 delecta-

312 498 504 566 tiones.
556 504 765 562 Justitia
807 502 885 559 sic
911 501 1171 570 delectet,
1216 511 1274 557 ut
1306 502 1483 557 vincat
1522 501 1681 555 etiam
1724 499 1895 554 licitas

315 590 726 664 delectationes;
759 604 811 651 et
839 592 887 651 ei
912 590 1249 657 delectationi
1274 610 1376 666 qua
1411 592 1552 649 licite
1591 591 1892 658 delectaris,

314 702 565 765 praeputio
588 672 868 759 justitiam.

383 776 611 839 CAPUT
656 776 740 837 lli.
770 813 843 823 —
871 774 924 838 3.
969 770 1245 836 Delectatio
1290 770 1469 835 mentis
1511 768 1574 834 de
1610 771 1813 852 iustitia
1853 786 1899 831 et

314 874 434 947 ﬁde.
485 875 881 931 Constituamus
928 884 1050 930 ante
1097 871 1316 939 oculos,
1366 880 1587 943 propter
1627 870 1729 926 hoc
1757 862 1899 941 quod

314 969 463 1034 dixi,
513 964 815 1040 exemplum
856 964 1185 1023 certaminis.
1232 960 1504 1036 interrogo
1548 974 1722 1020 utrum
1752 978 1901 1019 ames

308 1061 569 1134 justitiam
603 1078 615 1113 :
645 1060 1013 1130 respondebis,
1046 1053 1201 1114 Amo.
1235 1056 1385 1126 Quod
1414 1072 1517 1112 non
1544 1056 1900 1126 responderes

312 1154 608 1220 veraciter,
657 1153 758 1207 nisi
789 1162 839 1207 te
875 1153 1209 1223 aliquatenus
1235 1146 1540 1205 delectaret.
1595 1148 1708 1202 NOII
1759 1147 1900 1201 enim

313 1256 553 1311 amatur,
623 1245 726 1299 nisi
770 1240 909 1314 quod
959 1237 1205 1299 delectat.
1278 1242 1539 1295 Delectare
1586 1236 1640 1293 in
1684 1234 1901 1293 Domino

321 1332 493 1405 (Psal.
527 1352 711 1401 xxxvr,
744 1334 823 1407 4),
854 1328 1120 1403 Scriptura
1153 1334 1297 1388 dicit.
1333 1325 1586 1387 Dominus
1612 1340 1787 1385 autem
1814 1324 1903 1399 ju-

316 1428 454 1481 stitia
482 1438 581 1482 est.
629 1420 740 1480 Non
783 1428 925 1481 enim
969 1426 1061 1481 tibi
1106 1428 1305 1496 fingere
1349 1422 1512 1480 debes
1546 1416 1711 1478 Deum
1753 1423 1904 1492 quasi

317 1512 534 1573 idolum.
580 1512 935 1573 lnvisibilibus
965 1512 1154 1572 similis
1179 1528 1261 1573 est
1290 1519 1456 1582 heus;
1498 1523 1551 1571 et
1581 1532 1641 1570 ea
1669 1515 1721 1569 in
1753 1514 1905 1569 nobis

316 1617 439 1665 sunt
482 1611 701 1665 meliora
724 1652 738 1677 ,
770 1628 888 1680 qua:
928 1620 1048 1665 sunt
1095 1610 1401 1666 invisibilia.
1449 1606 1633 1663 Melior
1665 1618 1745 1663 est
1776 1602 1905 1661 fich

316 1716 474 1772 quam
502 1717 657 1769 caro,
709 1703 899 1757 melior
929 1712 1011 1757 est
1042 1702 1172 1756 fides
1207 1716 1363 1771 quam
1397 1716 1582 1754 aurqu
1605 1743 1619 1766 ,
1649 1704 1701 1753 ct
1720 1690 1908 1753 melior

326 1802 407 1849 est
438 1784 568 1848 fides
592 1810 749 1864 quam
779 1803 1073 1864 argentum,
1110 1809 1267 1863 quam
1301 1792 1519 1862 pecunia
1547 1833 1563 1858 ,
1590 1806 1747 1861 quam
1774 1806 1908 1863 prte-

322 1882 430 1951 dia,
459 1900 618 1955 quam
645 1878 862 1950 familia,
887 1901 1043 1954 quam
1064 1878 1260 1938 divitim
1285 1901 1298 1949 ;
1331 1893 1381 1937 et
1408 1883 1506 1937 ista
1524 1882 1700 1936 onmia
1725 1881 1908 1935 viden-

314 1980 441 2042 tur,
472 1970 605 2029 ﬂues
633 1984 736 2028 tum
776 1970 1004 2031 \“Idetur.
1056 1972 1149 2029 Cui
1190 1986 1317 2044 ergo
1359 1972 1669 2028 similiorem
1704 1972 1910 2041 putabi-

314 2076 440 2122 mus
484 2061 681 2133 Deum,
723 2062 1045 2133 visibilibus,
1089 2075 1153 2120 an
1200 2060 1596 2120 invisibiliblls?
1643 2063 1903 2135 pretiosis,

318 2164 388 2213 an
420 2150 657 2213 vilibus?
690 2156 764 2213 De
789 2158 1064 2213 vilioribus
1096 2159 1300 2227 loquar.
1346 2155 1519 2212 Habes
1548 2155 1681 2209 duos
1705 2168 1907 2218 servos,

312 2257 485 2305 unum
517 2246 814 2305 deformem
841 2258 1066 2319 carpore
1091 2292 1104 2315 ,
1137 2251 1295 2303 alium
1325 2248 1772 2319 pulcherrimum;
1818 2246 1909 2301 sed

322 2334 471 2395 iitum
503 2342 797 2396 deformem
828 2342 1063 2405 fidelem,
1090 2341 1315 2395 alterum
1346 2338 1632 2395 infidelem.
1665 2338 1758 2393 Dic
1781 2336 1909 2392 mihi

322 2441 481 2502 quem
532 2430 648 2502 plus
687 2430 875 2502 diligas
915 2448 927 2485 :
969 2440 1023 2487 et
1068 2426 1223 2485 video
1277 2440 1326 2486 te
1378 2442 1558 2486 amare
1607 2430 1906 2485 invisibilia.

310 2520 458 2591 Quid
487 2533 616 2593 ergo
637 2565 651 2585 ,
680 2524 894 2593 quando
931 2524 1050 2593 plus
1076 2532 1223 2577 amas
1264 2532 1476 2576 Servum
1509 2522 1715 2575 fidelem
1742 2564 1756 2588 ,
1790 2520 1913 2574 licet

318 2622 549 2686 torpore
590 2612 883 2670 deformem
918 2658 929 2679 ,
972 2626 1128 2685 quam
1175 2616 1452 2685 pulchrum
1483 2614 1791 2679 infidelem,
1822 2625 1911 2669 er—

324 2703 488 2773 t‘aStl,
540 2715 593 2762 et
638 2704 776 2762 lbsda
824 2701 1059 2777 pulchris
1097 2708 1473 2776 praeposuisti?
1521 2702 1719 2776 Utique
1762 2716 1907 2760 non:

330 2800 425 2854 sed
462 2794 765 2868 pulchriora
793 2798 949 2854 fwdis
979 2800 1331 2867 prmposuisti.
1368 2798 1743 2868 Contempsisti
1771 2798 1911 2852 enim

316 2892 506 2945 oeulos
534 2892 712 2945 carnis
737 2932 750 2955 ,
794 2902 846 2945 ct
886 2890 1099 2943 erexisti
1141 2886 1324 2944 oculos
1352 2888 1546 2944 cordis.
1575 2884 1912 2958 [interrogasti

320 2984 507 3038 Oculus
534 2980 712 3037 carnis
733 3025 746 3047 ,
793 2990 849 3037 et
874 2980 999 3052 quid
1027 2978 1119 3035 tibi
1151 2982 1630 3037 renuntiaverunt?
1661 2983 1765 3036 iste
1796 2981 1913 3050 pul-

314 3076 455 3131 cher
477 3080 591 3143 est,
645 3071 731 3130 ille
763 3070 954 3131 foedus.
1001 3070 1258 3143 Repulisu
1284 3088 1378 3130 eos
1400 3116 1416 3141 ,
1457 3092 1640 3129 eorum
1670 3077 1913 3131 testimo-

324 3166 472 3221 nium
523 3169 818 3238 reprohasti
855 3160 1110 3222 :ercxisti
1153 3168 1335 3221 oculos
1381 3166 1556 3222 cordis
1603 3169 1654 3222 in
1702 3176 1912 3222 Servum

323 3259 534 3317 ιιιιυιριη
558 3304 571 3328 ,
618 3271 672 3317 et
712 3258 765 3315 in
810 3268 1027 3315 eervltm
1074 3254 1346 3314 lnfideiem
1379 3259 1396 3292 ί
1432 3276 1445 3312 :
1478 3261 1634 3314 istum
1668 3259 1916 3315 invenisti

326 3355 522 3410 nedum
575 3364 772 3418 came,
843 3346 992 3407 illum
1042 3348 1361 3422 pulchrum;
1419 3346 1511 3407 sed
1564 3354 1916 3421 pronuntiasti

316 3450 379 3501 et
407 3443 586 3501 dixisti
610 3489 625 3513 ,
669 3442 808 3514 Quid
838 3443 943 3500 fide
971 3444 1243 3515 pulchrius
1262 3442 1288 3496 τ
1327 3443 1454 3513 quid
1485 3443 1795 3499 infidelitate
1820 3440 1915 3499 de-

321 3536 549 3593 formius
567 3534 595 3590 'l

394 3623 626 3683 CAPUT
666 3622 756 3681 Ν.
797 3648 872 3665 —--
908 3620 961 3681 4.
992 3620 1205 3679 Iustitia
1250 3636 1356 3695 prae
1388 3625 1618 3679 omnibus
1655 3625 1803 3680 licitis
1832 3626 1921 3680 de-

326 3715 676 3775 lectationibus
696 3712 935 3771 amanda.
967 3714 1111 3787 Ergo
1134 3732 1241 3787 pra}
1263 3716 1512 3771 omnibus
1538 3718 1916 3787 voluptatibus,

330 3814 433 3869 hoc
462 3822 541 3868 est
564 3811 1004 3867 delectationibus
1024 3811 1185 3866 etiam
1206 3808 1385 3877 licitis,
1417 3812 1642 3866 amanda
1669 3813 1920 3882 estjusti-

332 3906 424 3960 tia.
471 3904 529 3959 Si
554 3904 695 3957 enim
737 3903 903 3957 habes
934 3917 1124 3957 sensus
1152 3902 1466 3967 interiores“,
1498 3916 1698 3958 omnes
1728 3904 1801 3957 illi
1842 3905 1923 3958 in-

334 3996 554 4051 teriores
596 4008 786 4049 sensus
826 3994 1160 4049 delectantur
1200 3994 1555 4049 delectatione
1595 3996 1832 4063 iustitiae.
1865 3995 1921 4051 Si

336 4087 499 4140 habes
524 4086 707 4140 oculos
745 4085 1029 4139 interiores
1051 4122 1071 4152 ,
1113 4084 1232 4139 vide
1267 4085 1484 4153 iustitiae
1524 4086 1699 4139 lumen
1736 4103 1747 4136 :
1778 4084 1921 4150 Quo-

334 4177 470 4230 niam
491 4175 628 4243 apud
653 4185 699 4231 te
724 4184 793 4228 est
820 4174 934 4243 fons
968 4175 1082 4229 vita:
1105 4216 1119 4240 ,
1152 4185 1198 4228 et
1225 4176 1277 4228 in
1309 4174 1497 4228 lumine
1532 4184 1615 4227 tuo
1650 4175 1923 4229 videbimus

332 4265 503 4325 tamen
533 4264 700 4339 (Psal.
739 4276 926 4333 xxxv,
955 4267 1066 4337 10).
1123 4266 1197 4321 De
1238 4268 1326 4321 illo
1367 4266 1568 4323 lumine
1607 4262 1734 4322 dicit
1770 4268 1922 4323 Psal-

336 4374 499 4419 mus:
534 4357 780 4416 "taurina
822 4360 996 4414 oculos
1039 4370 1205 4426 uicos,
1250 4374 1311 4413 ne
1359 4374 1577 4431 unquam
1613 4360 1924 4415 obdormiam

337 4453 391 4507 in
421 4462 579 4506 morte
608 4445 777 4525 (Psal.
808 4462 878 4506 xu
899 4493 914 4517 ,
944 4452 1020 4521 4).
1068 4448 1201 4505 item
1230 4452 1277 4506 si
1304 4446 1472 4506 habes
1511 4468 1667 4506 aures
1710 4454 1925 4508 interio-

338 4556 425 4599 res
446 4586 461 4611 ,
490 4540 608 4596 audi
633 4538 915 4612 justitiam.
947 4538 1103 4597 Tales
1130 4554 1287 4597 aures
1314 4542 1585 4613 qureret-at
1605 4587 1617 4607 ,
1651 4545 1739 4614 qui
1776 4546 1923 4601 dice-

336 4634 428 4691 bat
460 4654 472 4688 :
504 4634 604 4700 Qui
639 4626 785 4689 habet
823 4647 976 4689 aures
1016 4628 1282 4699 audiendi,
1311 4637 1484 4690 audiat
1514 4634 1659 4708 (Luc.
1687 4654 1813 4706 vm,
1847 4638 1922 4709 8).

337 4722 391 4783 Si
419 4724 589 4781 habes
624 4728 876 4782 olfactum
906 4722 1129 4782 interius
1150 4770 1162 4790 ,
1205 4728 1325 4781 audi
1352 4730 1663 4798 Apostolum
1697 4748 1709 4783 :
1740 4730 1927 4784 Christi

338 4814 499 4874 bonus
539 4818 662 4872 odor
704 4832 876 4873 sumus
920 4812 1023 4873 Deo
1062 4819 1114 4873 in
1145 4822 1279 4874 omni
1322 4820 1429 4875 loco
1470 4822 1532 4893 (ll
1565 4822 1682 4877 Car.
1716 4838 1781 4890 tl,
1815 4824 1923 4895 15).

336 4910 393 4969 Si
418 4912 585 4968 babes
625 4920 892 4983 gustatum
922 4912 1177 4979 interius,
1212 4910 1332 4968 audi
1362 4932 1374 4968 :
1410 4913 1618 4968 Gustate
1656 4926 1702 4968 et
1745 4918 1924 4984 videte,

340 5007 581 5061 auoniam
604 5006 770 5060 suavis
811 5016 883 5060 est
908 5000 1151 5060 Dominus
1179 5003 1346 5075 (Psal.
1377 5024 1541 5062 χχχιιι
1564 5052 1578 5073 ,
1608 5006 1683 5083 9).
1731 5008 1785 5064 Si
1831 5010 1927 5065 lia-

342 5099 438 5153 bes
491 5104 688 5152 tactum
745 5089 1003 5164 interius,
1059 5098 1179 5152 audi
1230 5094 1355 5168 quid
1403 5114 1596 5169 Sponsa
1644 5110 1820 5155 cantet
1862 5096 1929 5157 de

332 5198 542 5259 'sponso
570 5206 584 5244 :
615 5186 837 5246 Sinistra
875 5194 985 5261 ejus
1011 5189 1099 5245 sub
1135 5192 1297 5261 capite
1324 5210 1459 5258 meo,
1496 5204 1542 5246 et
1580 5193 1783 5248 dextera
1821 5196 1931 5266 ejus

304 5356 307 5359 Δ
343 5283 671 5353 amplectetur
700 5302 777 5337 mc
806 5278 976 5353 (Cant.
1013 5298 1074 5350 ιι,
1104 5284 1179 5355 li).

417 5377 471 5431 5.
518 5376 743 5430 Iustitia:
782 5377 1041 5430 delectatio
1087 5376 1435 5445 anteponenda
1472 5378 1666 5431 cwteris
1708 5378 1929 5433 delecta-

348 5466 582 5519 tionibus.
614 5467 925 5536 Exemplum
954 5483 1080 5537 ergo
1108 5509 1120 5530 ,
1151 5476 1207 5520 ut
1230 5467 1411 5521 dicere
1436 5483 1701 5536 cmperam
1721 5511 1733 5530 ,
1775 5470 1932 5538 hujus

349 5560 657 5614 certaminis
680 5574 1056 5630 proponamus.
1092 5560 1405 5629 Videamus,
1430 5561 1618 5616 fratres
1638 5564 1763 5630 mei,
1787 5564 1933 5633 quis-

412 5758 433 5791 ⁸
455 5756 530 5811 Sic
545 5758 873 5825 manumipti.
890 5759 1009 5811 Editi
1022 5764 1206 5825 autem,
1221 5765 1265 5811 et
1284 5759 1437 5815 nonin
1454 5773 1643 5815 servum
1657 5761 1929 5828 pulchrum.

1714 283 1946 351 SERMO
1980 282 2161 350 CLIX.

3475 286 3581 350 870

2004 420 2128 459 nam
2158 401 2264 471 sit;
2293 403 2564 477 interrege
2594 406 2612 439 ³
2632 447 2647 475 ,
2680 408 2733 462 et
2776 395 3101 476 reSpondeat
3120 446 3135 473 ,
3179 405 3320 478 quod
3351 398 3588 466 dicturus

2003 512 2119 553 sum
2146 539 2160 563 ,
2209 504 2382 553 utrum
2410 498 2487 554 sic
2516 499 2811 555 delectetur
2844 499 3046 571 justitia
3069 542 3085 567 ,
3130 509 3187 555 ut
3226 512 3343 556 eam
3379 502 3587 559 caeteris

2006 590 2074 645 ad
2106 584 2202 645 bos
2228 606 2416 647 sensus
2447 593 2688 662 corporis
2732 590 3119 665 pertinentibus
3149 590 3590 653 delectationibus

2002 691 2312 752 anteponat.
2345 680 2479 739 Ecce
2506 670 2731 740 delectat
2757 696 2806 741 te
2832 704 3019 741 aurum
3055 697 3221 753 tuum,
3256 688 3443 743 oculos
3470 699 3588 745 tuos

2003 775 2232 830 delectat
2264 795 2276 830 :
2306 778 2577 831 metallum
2631 789 2713 833 est
2754 780 3031 849 pulchrum
3055 823 3070 849 ,
3123 774 3588 853 fuigeutissimum,

2003 860 2252 923 delectat.
2300 866 2590 923 Pulchrum
2621 880 2723 935 est,
2756 882 2857 925 nan
2882 887 3016 943 nego
3046 891 3058 925 :
3091 889 3213 926 nam
3243 874 3285 927 si
3310 868 3589 943 pulchrum

2006 976 2304 1031 negavero,
2336 952 2572 1015 Creatori
2614 960 2862 1030 injuriam
2892 963 3044 1018 facio.
3086 956 3240 1019 Venit
3265 979 3393 1036 ergo
3423 976 3594 1021 tenta-

2006 1062 2114 1119 tor,
2141 1064 2195 1108 et
2220 1052 2347 1108 dicit
2379 1053 2470 1107 tibi
2506 1072 2517 1106 :
2548 1048 2700 1109 Tollo
2728 1054 2818 1108 tibi
2868 1066 3053 1109 aurum
3077 1096 3091 1122 ,
3139 1054 3239 1110 nisi
3267 1055 3466 1112 dixeris
3495 1072 3592 1126 pro

2008 1162 2092 1200 me
2120 1144 2306 1199 falsum
2337 1146 2693 1201 testimonium
2728 1165 2740 1200 :
2771 1147 2813 1200 si
2846 1158 3020 1203 autem
3044 1148 3274 1215 dixeris,
3304 1149 3441 1204 addo
3471 1149 3586 1205 tibi.

2010 1224 2293 1290 Decertant
2324 1236 2372 1289 in
2416 1246 2466 1291 te
2506 1237 2627 1291 dure
2668 1237 3050 1292 delectationes
3080 1256 3091 1290 :
3123 1239 3281 1293 modo
3327 1240 3594 1311 interrogo

2010 1334 2059 1381 te
2089 1318 2211 1396 quid
2256 1343 2565 1397 praeponas,
2597 1328 2720 1398 quid
2761 1338 2811 1383 te
2851 1328 2968 1398 plus
2995 1322 3254 1397 delectet,
3284 1346 3498 1398 aurum,
3528 1348 3595 1387 an

2009 1420 2205 1473 veritas
2232 1436 2247 1483 ;
2294 1436 2478 1473 aurum
2506 1460 2519 1487 ,
2552 1436 2618 1473 an
2646 1436 2827 1474 verum
2863 1421 3243 1475 testimonium.
3272 1421 3356 1475 An
3388 1424 3487 1477 hoc
3516 1424 3598 1478 lu-

2012 1519 2123 1573 eet,
2158 1522 2211 1565 et
2251 1510 2379 1564 illud
2410 1527 2513 1565 non
2544 1512 2724 1566 lucet?
2755 1511 2912 1567 Fides
2939 1512 3192 1581 quaeritur
3219 1512 3269 1565 in
3297 1529 3422 1568 vero
3444 1516 3596 1570 testi-

2014 1601 2215 1653 monio.
2247 1600 2447 1655 Aurum
2478 1600 2650 1666 lucet,
2682 1601 2811 1656 fides
2842 1618 2946 1656 non
2978 1602 3154 1657 lucet?
3185 1603 3472 1670 Erubesce,
3502 1605 3603 1658 has

2012 1684 2135 1746 beto
2176 1692 2360 1747 oculos
2392 1711 2402 1745 :
2436 1693 2573 1763 quod
2601 1695 2816 1747 amabas
2860 1694 2914 1748 in
2948 1710 3102 1748 servo
3148 1703 3264 1758 tuo,
3308 1695 3468 1749 redde
3495 1696 3600 1749 Do-

2012 1782 2157 1837 mino
2209 1791 2318 1837 tuo.
2376 1783 2694 1838 iamdudum
2742 1786 2882 1839 enim
2927 1801 3048 1840 cum
3103 1786 3486 1857 interrogarem
3533 1787 3600 1843 de

2013 1874 2219 1929 duobus
2247 1876 2416 1929 servis
2444 1876 2547 1930 tuis
2569 1918 2583 1940 ,
2618 1894 2722 1930 uno
2751 1877 2976 1933 deformi
3026 1876 3189 1945 ﬁdeli,
3230 1879 3336 1933 alio
3375 1880 3600 1949 pulchro

2015 1964 2233 2029 infideli,
2254 1982 2409 2035 quem
2432 1968 2595 2035 magis
2612 1967 2894 2038 diligeres;
2919 1970 3279 2038 respondebas
3294 1971 3422 2025 mihi
3435 1972 3598 2042 juste,

2014 2067 2067 2111 et
2108 2059 2454 2127 prarponebas
2491 2060 2635 2129 quod
2668 2066 3081 2130 prmponendum
3113 2063 3226 2117 fuit.
3275 2064 3407 2120 Redi
3439 2066 3492 2118 in
3526 2074 3599 2131 te,

2015 2151 2133 2216 quia
2166 2152 2326 2205 modo
2374 2152 2546 2222 agitur
2595 2153 2661 2207 de
2707 2165 2756 2208 te
2787 2154 2921 2223 ipso.
2968 2154 3124 2211 Certe
3164 2158 3354 2211 amasti
3390 2173 3603 2213 servum

2016 2243 2228 2298 fidelem
2266 2245 2563 2299 :Dominus
2614 2255 2734 2301 tuus
2778 2245 3025 2317 indignus
3062 2258 3183 2313 est,
3227 2248 3271 2302 si
3319 2258 3368 2302 te
3407 2249 3602 2304 habeat

2015 2352 2230 2391 servum
2275 2336 2527 2391 fidelem?
2572 2337 2640 2390 Et
2670 2347 2724 2390 tu
2771 2353 2926 2392 servo
2967 2349 3056 2392 tuo
3100 2339 3242 2393 fideli
3282 2355 3378 2409 pro
3410 2355 3603 2410 magno

2016 2427 2141 2496 quid
2194 2427 2584 2497 promittebas?
2638 2428 2707 2484 Ut
2753 2430 2976 2483 multum
3018 2430 3300 2501 diligeres,
3338 2447 3604 2486 summum

2014 2519 2292 2586 pra-mium
2323 2518 2603 2573 libertatis.
2636 2520 2771 2586 Quid
2796 2536 3044 2591 magnum
3089 2502 3437 2591 proruittebas
3462 2522 3605 2578 fideli

2016 2626 2170 2665 Servo
2198 2622 2286 2665 tuo
2308 2613 2333 2664 ‘I
2380 2612 2705 2667 Libertatem
2737 2615 3103 2683 temporalem.
3145 2614 3335 2669 Nonne
3361 2614 3606 2670 videmus

2015 2704 2212 2757 miiltos
2237 2706 2532 2760 servientes
2561 2722 2665 2760 non
2695 2718 2915 2775 egentes
2938 2749 2955 2775 ,
2999 2718 3053 2763 et
3078 2708 3273 2763 liberos
3296 2709 3607 2764 mendican-

2020 2795 2138 2849 tes?
2193 2796 2257 2848 Et
2300 2796 2550 2865 exigebas
2574 2797 2642 2851 ab
2672 2812 2737 2851 eo
2778 2797 2937 2852 fidem
2965 2840 2980 2866 ,
3030 2798 3118 2853 cui
3162 2800 3510 2868 promittebas
3537 2799 3605 2854 li-

2016 2890 2323 2943 bertatem:
2367 2906 2466 2945 nec
2506 2892 2556 2945 ei
2594 2906 2779 2947 servas
2822 2891 3023 2960 fidem,
3070 2893 3162 2964 qui
3204 2893 3299 2948 tibi
3345 2892 3608 2964 promittit

2016 2983 2368 3037 mternitatem
2394 2982 2407 3035 l

2092 3072 2315 3127 CAPUT
2340 3072 2401 3127 V.
2420 3072 2556 3127 -ι6.
2573 3072 2780 3128 Justitia
2794 3091 2908 3128 cum
2920 3075 3251 3130 delectatione
3275 3092 3507 3131 examore
3525 3093 3608 3132 se-

2018 3169 2221 3222 ctanda.
2240 3168 2479 3237 Longum
2495 3177 2595 3232 est,
2613 3183 2708 3237 per
2721 3169 3209 3239 singuloscorporis
3220 3184 3411 3224 sensus
3420 3184 3610 3226 excur-

2021 3276 2140 3315 rere
2159 3279 2171 3313 :
2190 3260 2284 3314 sed
2305 3259 2444 3329 quod
2464 3259 2530 3313 de
2549 3261 2714 3313 oculis
2730 3260 2858 3323 dixi,
2875 3260 2977 3315 hoc
2986 3260 3055 3315 de
3071 3260 3283 3315 caeteris
3300 3261 3607 3331 intelligite;

2024 3361 2078 3407 et
2113 3353 2403 3420 pneponite
2423 3352 2760 3406 delectationi
2790 3352 2987 3415 carnis,
3016 3351 3422 3406 detestationem
3458 3367 3612 3407 mett-

2025 3441 2110 3495 tis.
2142 3440 2371 3495 Carnem
2401 3442 2596 3510 quippe
2640 3451 2868 3495 vestram
2900 3442 3167 3496 delectant
3221 3443 3419 3496 illicitae
3456 3443 3610 3498 volu-

2026 3540 2477 3599 ptateszmentem
2509 3540 2740 3585 vestram
2771 3532 3003 3586 delectet
3032 3533 3328 3600 invisibilis,
3364 3534 3608 3602 pulchra,

2022 3630 2191 3686 casta,
2236 3631 2439 3686 sancta,
2473 3637 2689 3687 canora,
2722 3622 2897 3676 doleis
2918 3623 3143 3691 justitia,
3186 3633 3245 3676 ut
3268 3640 3372 3678 non
3398 3625 3465 3678 ad
3492 3641 3612 3679 eam

2029 3714 2218 3767 timore
2264 3712 2550 3781 cegamini.
2579 3712 2633 3767 Si
2680 3713 2823 3766 enim
2854 3715 3062 3767 adeam
3105 3714 3293 3768 timore
3336 3714 3605 3784 cogimiui,

2028 3804 2262 3858 nondum
2325 3804 2572 3858 delectat.
2624 3803 2853 3857 Peccare
2898 3819 3002 3857 non
3033 3804 3220 3871 debes,
3272 3820 3375 3859 non
3425 3806 3613 3862 timore

2029 3909 2222 3963 pmice,
2271 3894 2364 3947 sed
2416 3909 2598 3947 amore
2642 3893 2881 3963 justitite.
2926 3896 3063 3951 Hinc
3105 3896 3392 3965 Apostolus
3442 3896 3609 3952 dicit:

2029 3985 2329 4040 Humanum
2386 3986 2497 4040 dico
2564 3998 2767 4056 propter
2816 3988 3179 4056 inﬁrmitatem'
3202 3990 3371 4043 carnis
3418 3998 3610 4044 vestrae.

2030 4077 2174 4131 Sicut
2215 4080 2347 4131 enim
2384 4078 2678 4131 exhibuistis
2716 4082 2939 4134 membra
2982 4091 3143 4135 vestra
3184 4082 3367 4135 servire
3394 4082 3615 4136 immun-

2028 4170 2168 4223 ditia:
2205 4172 2225 4202 ²
2254 4180 2301 4223 et
2346 4171 2597 4242 iniquitati
2616 4172 2684 4223 ad
2725 4173 3083 4241 iniquitatem;
3110 4174 3185 4227 sic
3227 4190 3361 4227 nunc
3390 4175 3617 4230 exhibete

2030 4262 2251 4313 membra
2314 4272 2477 4314 vestra
2530 4263 2715 4316 servire
2773 4264 2991 4334 justitiw
3055 4266 3109 4318 in
3166 4266 3617 4335 sanctiﬁcationem

2028 4355 2209 4426 (Rom.
2262 4370 2337 4419 v1,
2368 4355 2477 4425 i9).
2530 4346 2683 4422 Quid'
2711 4356 2871 4409 dixi?
2919 4356 3215 4411 llmuauam
3265 4360 3424 4414 dico:
3471 4359 3617 4429 quod

2031 4451 2253 4518 potestis
2298 4458 2533 4518 portare,
2580 4449 2719 4503 dico.
2772 4451 2996 4517 Quando
3033 4451 3352 4507 exbilaoistis
3379 4453 3618 4508 membra

2033 4553 2208 4598 vestra
2260 4544 2519 4612 iniquitati
2547 4543 2611 4595 ad
2652 4542 2848 4613 ﬂagitia
2878 4546 3254 4614 perpetranda,
3298 4546 3489 4600 timore
3519 4547 3614 4599 ad-

2033 4636 2176 4690 ducti
2221 4640 2369 4701 estis,
2403 4652 2467 4689 an
2509 4636 2863 4691 delectatione
2906 4639 3167 4693 invitati?
3213 4640 3348 4707 Quid
3400 4639 3619 4694 dicitis?

2036 4730 2373 4798 Restiomiete
2426 4729 2601 4795 nobis,
2632 4731 2757 4800 quia
2806 4741 2862 4785 et
2912 4732 3003 4800 qui
3052 4732 3189 4785 bene
3239 4733 3432 4797 vivitis,
3482 4734 3616 4787 male

2030 4824 2325 4893 aliquando
2375 4822 2600 4878 fortasse
2649 4824 2875 4879 vixistis.
2918 4824 3141 4891 Quando
3178 4825 3617 4893 peecabatis,de-

2036 4916 2374 4970 lectabamini
2406 4916 2456 4969 in
2488 4917 2721 4985 peccatis
2749 4916 2937 4970 vestris
2966 4934 2981 4979 ς
3008 4917 3171 4970 timor
3199 4931 3294 4970 vos
3321 4917 3620 4973 adducebat
3681 4928 3685 4931 ‘

2034 5007 2099 5059 ad
2151 5007 2499 5075 peccandum,
2536 5022 2608 5061 an
2644 5008 2881 5061 suavitas
2910 5010 3109 5077 peccati
3138 5009 3161 5063 ?
3192 5009 3620 5079 Respondebitis,

2038 5100 2301 5155 Suavitas.
2351 5100 2429 5154 Ad
2462 5110 2734 5170 peccatum
2776 5102 3013 5156 suavitas
3041 5100 3289 5167 adducit,
3328 5112 3384 5155 et
3423 5103 3489 5156 ad
3532 5102 3622 5173 ju-

2036 5192 2235 5245 stitiam
2268 5192 2425 5246 timor
2464 5194 2708 5264 impingit
2740 5192 3012 5247 ?Probate
3044 5208 3169 5260 vos,
3210 5194 3453 5262 inSpiCile
3503 5210 3619 5249 vos.

2040 5286 2214 5340 Tollat
2263 5301 2449 5341 aurum
2490 5289 2577 5357 qui
2610 5288 2889 5342 minatur:
2934 5300 3147 5341 suavior
3170 5297 3254 5342 est
3274 5288 3499 5358 justitia,
3543 5289 3625 5345 lu-

2038 5378 2208 5432 cidior
2227 5388 2310 5432 est
2332 5364 2693 5447 justitia.Non
2713 5380 2804 5434 det
2826 5394 3009 5433 aurum
3041 5379 3127 5449 qui
3157 5382 3413 5450 promittit
3446 5399 3461 5436 :
3490 5398 3627 5451 prae-

2041 5472 2281 5542 ponenda
2329 5481 2411 5525 est
2464 5486 2590 5525 nuro
2632 5473 2869 5541 justitia,
2912 5472 3228 5528 delectando
3268 5478 3624 5544 praeponenda

2041 5576 2125 5621 est
2152 5582 2167 5632 ;
2198 5565 2481 5635 fulgentior
2502 5575 2613 5630 est,
2650 5567 2876 5621 lucidior
2902 5576 3005 5631 est,
3032 5567 3244 5621 suavior
3281 5579 3384 5633 est,
3424 5568 3627 5625 dulcior

2106 5702 2122 5766 ξ
2148 5704 2224 5751 Er.
2248 5700 2396 5764 Lugd.
2423 5702 2541 5749 Ven.
2568 5706 2698 5760 Lov.,
2721 5707 2995 5766 interroget.
3063 5708 3117 5751 ιι.

2106 5765 2127 5797 ⁸
2150 5774 2251 5814 Am.
2277 5770 2353 5813 Er.
2379 5770 2431 5815 et
2453 5767 2776 5827 manuscripti,
2807 5764 2985 5817 seruire
3006 5765 3253 5825 iniustitiae
3273 5771 3321 5817 et
3338 5764 3594 5821 immutati.
