4108 6336
539 284 642 344 87!

539 407 642 455 est.
673 396 790 454 iam
826 410 955 467 ergo
991 395 1040 451 si
1066 395 1182 465 quis
1209 408 1268 450 se
1290 394 1495 465 probat,
1527 400 1583 449 et
1607 393 1660 447 in
1691 391 1792 449 hoc
1830 393 2120 448 certamine

541 489 846 559 superavit,
890 486 1090 541 audivit
1127 485 1440 555 Apostolum
1483 484 1780 553 dicentem,
1825 484 2120 538 Humanum

542 579 656 634 dico
700 585 904 648 propter
951 577 1298 646 inﬁmitatem
1343 574 1510 631 carnis
1559 585 1750 630 vestrae.
1804 575 1930 631 Sine
1958 574 2120 631 dubio

535 668 774 739 pepercit
840 665 1130 724 inﬁrmitati
1173 685 1187 722 :
1225 674 1282 723 et
1320 668 1499 723 nescio
1523 666 1652 738 quid
1696 666 1895 738 gratius
1945 666 2119 722 minus

534 759 741 817 idoneis
764 759 947 815 dicere
975 760 1217 816 tentavit.
1244 782 1253 789 -

603 849 828 907 CAPUT
875 849 1123 906 VL—‘l.
1153 848 1260 904 Pro
1293 849 1504 922 justitia
1548 866 1650 904 non
1689 849 1855 905 solum
1893 857 2118 904 contem-

533 941 700 996 nenda
722 940 969 1012 voluptas,
998 941 1087 996 sed
1107 942 1257 996 etiam
1280 940 1518 1011 ferendus
1541 940 1704 995 dolor.
1742 940 1900 1007 Ecce,
1925 939 2116 1008 inquit,

534 1031 636 1088 hoc
685 1032 804 1089 dico
840 1032 982 1103 quod
1011 1047 1204 1103 capere
1231 1033 1452 1102 potestis
1480 1049 1495 1086 :
1522 1030 1838 1087 exhibuistis
1877 1030 2118 1085 membra

531 1133 709 1179 vestra
746 1123 952 1180 deliciis
1001 1123 1220 1189 illicitis,
1273 1132 1613 1194 peccatorum
1660 1121 1921 1176 suavitate
1973 1119 2120 1176 ducti

533 1214 680 1279 estis,
738 1221 796 1268 ut
836 1213 926 1268 illa
977 1212 1222 1268 faceretis
1268 1231 1283 1278 ;
1336 1213 1494 1268 ducat
1535 1229 1630 1268 vos
1672 1211 1740 1267 ad
1787 1221 1931 1268 recta
1982 1211 2120 1267 facta

534 1305 765 1362 suavitas
805 1315 860 1360 et
898 1305 1124 1362 dulcedo
1161 1305 1380 1374 justitiae
1422 1322 1435 1358 :
1480 1313 1652 1359 amate
1675 1302 1953 1373 justitiam,
1985 1319 2120 1372 quo-

536 1395 698 1452 modo
735 1396 952 1451 amastis
981 1395 1330 1466 iniquitatem.
1377 1395 1543 1463 Digna
1569 1403 1650 1450 est
1671 1393 1896 1464 justitia,
1929 1408 2047 1462 quae
2089 1408 2122 1448 a

533 1489 684 1544 vobis
721 1488 968 1558 impetret
1014 1497 1071 1541 ut
1119 1486 1408 1542 exhibeatis
1446 1485 1552 1552 illi,
1600 1485 1743 1556 quod
1806 1484 2121 1542 exhibuistis

533 1578 794 1649 iniquitati
823 1596 836 1633 :
864 1578 967 1634 hoc
1013 1587 1096 1634 est
1143 1577 1438 1632 Humanum
1492 1577 1626 1644 dico,
1683 1578 1786 1632 hoc
1836 1586 1937 1644 est,
1979 1577 2122 1647 quod

510 1653 812 1725 inﬁrmitas
862 1677 1039 1723 vestra
1085 1668 1311 1724 tolerare
1355 1668 1527 1722 adhuc
1577 1674 1772 1737 potest.
1817 1667 1954 1733 Quid
1995 1683 2122 1737 ergo

533 1758 812 1828 suspendit
838 1758 1162 1828 Apostolus?
1200 1757 1326 1828 quid
1361 1757 1566 1813 distulit
1592 1758 1770 1812 dicere
1795 1757 1820 1812 ?
1847 1757 1984 1825 Quid
2008 1757 2120 1812 dis-

534 1851 672 1916 tulit,
712 1850 907 1917 dicam,
935 1851 980 1905 si
1024 1861 1231 1920 potero.
1262 1850 1519 1920 Appende
1547 1850 1803 1920 justitiam
1844 1859 1900 1904 et
1927 1849 2120 1919 iniqui-

535 1949 700 1996 tatem
741 1958 756 1994 :
797 1950 1071 1997 tantumne
1106 1941 1265 2013 digna
1291 1951 1372 1997 est
1393 1941 1596 2011 justitia
1618 1981 1634 2008 ,
1673 1951 1928 2012 quantum
1965 1940 2122 2010 digna

535 2030 636 2088 fuit
676 2032 971 2102 iniquitas?
999 2033 1088 2089 Sic
1125 2033 1350 2088 amanda
1374 2043 1455 2089 est
1483 2034 1582 2088 ista
1602 2074 1616 2099 ,
1653 2033 1918 2102 quomodo
1949 2041 2122 2086 amata

537 2131 623 2178 est
643 2122 733 2177 illa
761 2123 786 2176 ?
813 2123 965 2179 Absit
994 2132 1054 2178 ut
1098 2123 1195 2190 sic,
1239 2122 1334 2178 sed
1376 2132 1430 2177 et
1467 2123 1665 2177 utinam
1711 2122 1796 2176 vel
1837 2122 1935 2177 sic.
1982 2120 2123 2191 Ergo

541 2211 661 2281 plus
689 2212 713 2266 ?
738 2211 864 2267 Plus
883 2213 1117 2267 omnino.
1151 2213 1208 2267 ln
1233 2212 1508 2283 iniquitate
1536 2223 1746 2268 secutus
1773 2223 1855 2268 est
1879 2214 2122 2282 volupta-

538 2311 669 2367 tem,
695 2316 793 2372 pro
807 2302 1013 2373 justitia
1035 2303 1203 2358 tolera
1224 2302 1486 2358 dolorem.
1516 2304 1573 2359 ln
1592 2303 1867 2374 injustitia,
1887 2304 2118 2373 inquam,

543 2403 760 2449 secutus
799 2409 858 2449 es
901 2394 1335 2462 delectationem,
1385 2410 1481 2464 pro
1520 2395 1722 2465 justitia
1760 2396 1925 2451 tolera
1971 2395 2124 2450 dolo-

544 2499 660 2539 rem
693 2500 708 2542 :
750 2483 852 2540 hoc
883 2493 967 2540 est
1002 2485 1142 2553 plus.
1180 2485 1318 2540 Ecce
1345 2485 1527 2541 nescio
1555 2486 1674 2556 quis
1701 2487 1871 2541 aetatis
1907 2485 2126 2540 lubricae

542 2572 841 2644 impudicus
894 2576 1242 2642 adolescens,
1312 2575 1572 2630 suavitate
1637 2575 1885 2631 illiciente
1944 2575 2127 2644 injecit

539 2666 724 2720 oculos
744 2666 799 2720 in
823 2666 1102 2737 conjugem
1123 2666 1371 2732 alienam,
1397 2665 1617 2733 amavit,
1644 2666 1788 2736 cupit
1808 2665 2123 2735 pervenire;

535 2757 726 2826 quaerit
769 2766 945 2813 tamen
987 2758 1153 2814 latere
1185 2779 1197 2812 :
1228 2759 1304 2813 sic
1334 2759 1477 2813 enim
1503 2767 1648 2813 amat
1675 2759 2017 2827 voluptatem,
2069 2767 2127 2814 ut

535 2850 654 2919 plus
679 2850 860 2906 timeat
887 2850 1144 2907 dolorem.
1168 2849 1344 2918 Quare
1369 2852 1558 2922 quaerit
1585 2852 1748 2906 latere
1772 2851 1795 2904 ‘l
1822 2851 1996 2905 Timet
2025 2865 2124 2920 ap-

537 2939 812 3010 prehendi,
855 2940 1027 3011 ligari,
1067 2941 1279 3006 adduci,
1323 2941 1541 3006 includi,
1574 2940 1814 3010 produci,
1863 2940 2122 3010 torqueri,

538 3033 727 3089 occidi.
763 3033 889 3089 Haec
913 3034 1091 3088 omnia
1117 3034 1374 3100 timendo,
1404 3034 1455 3088 in
1485 3033 1573 3086 illa
1600 3033 1922 3102 appetitione
1950 3031 2128 3086 suavi-

537 3131 619 3179 tas
646 3138 758 3178 sua:
785 3124 988 3179 latebra
1013 3123 1203 3193 quaerit
1227 3141 1240 3176 :
1275 3134 1567 3192 aucupatur
1594 3121 1889 3177 absentiam
1928 3122 2122 3191 mariti,

537 3214 707 3285 ipsum
728 3215 1023 3286 adjutorem
1049 3215 1230 3284 tlagitii
1259 3215 1340 3268 sui
1378 3215 1528 3268 timet
1552 3213 1812 3278 invenire,
1845 3213 1970 3282 quia
1989 3228 2124 3268 con-

536 3307 651 3362 scio
679 3321 738 3361 se
763 3305 1010 3361 formidat
1034 3306 1328 3376 implicare.
1361 3305 1430 3359 Et
1454 3304 1696 3359 videmus
1716 3319 1838 3359 eum
1867 3305 2124 3362 suavitate

534 3399 661 3455 duci
701 3418 716 3455 :
760 3399 856 3455 sed
884 3400 1114 3454 suavitas
1137 3398 1225 3452 illa
1247 3414 1351 3452 non
1383 3406 1464 3452 est
1485 3406 1650 3462 tanta,
1689 3405 1746 3451 ut
1769 3388 2126 3453 vincat‘etiam

535 3491 782 3547 timorem
821 3501 875 3547 et
903 3491 1142 3545 dolorem
1174 3491 1524 3559 timoremque
1552 3503 1851 3558 poenarum.
1890 3489 1967 3543 Da
1996 3489 2126 3544 mihi

536 3582 811 3652 pulchram
847 3579 1105 3651 justitiam
1128 3621 1145 3647 ,
1189 3579 1257 3635 da
1299 3580 1430 3634 mihi
1464 3579 1586 3634 ﬁdei
1630 3579 2073 3649 pulchritudinem
2107 3597 2121 3635 :

536 3673 790 3745 procedat
819 3674 871 3726 in
913 3672 1167 3740 medium,
1201 3672 1451 3728 ostendat
1493 3687 1551 3727 se
1592 3671 1760 3726 oculis
1799 3671 1996 3738 cordis,
2044 3673 2125 3726 in-

538 3766 706 3833 spiret
728 3763 994 3820 fervorem
1038 3765 1364 3822 amatoribus
1410 3765 1540 3820 suis.
1573 3763 1689 3819 Jam
1741 3764 1835 3818 tibi
1881 3765 2120 3820 dicitur:

538 3856 664 3912 Frui
694 3871 780 3910 me
807 3856 935 3912 vis?
970 3855 1266 3912 Contemue
1307 3855 1562 3926 quidquid
1599 3866 1650 3910 te
1689 3855 1830 3910 aliud
1858 3855 2121 3924 delectat,

537 3954 818 4002 contemne
858 3962 955 4018 pro
983 3963 1088 4004 me.
1116 3948 1256 4003 Ecce
1273 3946 1660 4017 contempsisti,
1690 3963 1874 4017 parum
1897 3956 1979 4002 est
2002 3947 2075 4002 illi
2106 3966 2120 4003 :

545 4037 846 4094 Humanum
865 4050 946 4095 est
967 4039 1090 4108 hoc,
1111 4049 1327 4110 propter
1343 4039 1702 4095 inﬁrmitatem
1723 4040 1895 4095 carnis
1906 4048 2120 4095 vestrm.

538 4129 732 4186 Parum
777 4139 860 4187 est
903 4139 961 4186 ut
1004 4139 1314 4186 contemnas
1361 4129 1615 4201 quidquid
1671 4139 1723 4185 te
1767 4129 2067 4186 delectabat
2103 4147 2117 4186 :

533 4232 816 4280 contemne
840 4223 1095 4295 quidquid
1125 4231 1176 4280 te
1221 4223 1455 4280 terrebat
1486 4241 1500 4289 ;
1543 4232 1822 4279 contemne
1858 4239 2117 4292 carceres,

533 4324 819 4373 contemne
869 4317 1116 4385 vincula,
1163 4325 1449 4373 contemne
1487 4316 1796 4389 equulcum,
1841 4327 2121 4373 contemne

535 4415 824 4476 tormenta,
868 4417 1148 4464 contemne
1175 4419 1425 4467 mortem.
1467 4409 1595 4466 Haec
1633 4411 1826 4477 vicisti,
1857 4425 1942 4466 me
1971 4411 2122 4466 inve-

532 4501 676 4556 nisti.
702 4500 758 4555 ln
781 4509 1007 4572 utroque
1027 4500 1195 4572 gradu
1228 4510 1496 4558 amatores
1519 4502 1737 4572 justitia:
1766 4518 1862 4557 vos
1877 4503 2115 4572 probate.

601 4592 829 4649 CAPUT
859 4593 976 4648 VII.
1017 4593 1161 4649 —8.
1206 4592 1459 4665 Martyres
1497 4594 1706 4665 perfecti
1745 4604 1994 4648 amatores
2024 4595 2116 4665 ju-

531 4685 700 4741 stitiw.
757 4685 1059 4742 Invenimus
1118 4685 1338 4741 forsitan
1396 4685 1602 4758 aliquos
1652 4686 1742 4756 qui
1791 4685 2117 4756 jpracponant

529 4779 752 4850 justitiaa
813 4779 1219 4835 delectationem
1269 4778 1626 4849 voluptatibus
1678 4787 1735 4834 et
1779 4777 2114 4834 delectationi

531 4869 772 4941 corporis
814 4869 897 4924 sui
927 4886 941 4923 :
968 4869 1056 4940 qui
1109 4877 1286 4924 autem
1343 4883 1439 4938 pro
1495 4868 1581 4922 illa
1630 4883 1835 4938 pcenas,
1879 4868 2110 4935 delores,

533 4970 867 5030 mortemque
913 4968 1238 5026 contemnat,
1285 4969 1439 5030 putas
1479 4968 1563 5014 est
1589 4960 1777 5030 aliquis
1820 4961 1872 5014 in
1915 4961 2114 5016 vobis?

532 5052 731 5108 Saltem
759 5052 1076 5122 cogitemus,
1109 5051 1249 5121 quod
1280 5049 1516 5121 proﬁteri
1545 5065 1649 5105 non
1675 5051 1948 5107 audemus.
1976 5052 2112 5118 Quid

529 5143 825 5213 cogitamus
854 5143 878 5196 Ἰ
905 5142 1004 5199 Ubi
1043 5144 1336 5214 cogitamus
1377 5142 1401 5195 ?
1438 5141 1595 5196 Millia
1631 5151 1923 5213 martyrum
1967 5143 2113 5213 adja-

527 5245 653 5290 cent
703 5236 868 5292 oculis
917 5236 1136 5302 nostris,
1185 5235 1285 5306 ipsi
1319 5235 1426 5291 veri
1473 5244 1742 5291 amatores
1789 5236 2110 5308 perfectique

525 5325 764 5396 justitia}.
807 5328 881 5384 De
925 5327 1029 5382 illis
1069 5326 1269 5382 dictum
1315 5335 1398 5382 est
1428 5345 1441 5380 :
1477 5325 1637 5381 Omne
1667 5327 1906 5398 gaudium
1936 5328 2109 5382 existi-

529 5428 662 5470 mate
682 5460 696 5481 ,
723 5421 902 5489 fratres
927 5420 1042 5482 mei,
1066 5435 1180 5472 cum
1206 5421 1258 5472 in
1281 5419 1578 5472 tentationes
1603 5419 1768 5473 varias
1792 5419 2064 5474 incideritis
2088 5436 2110 5486 ,'

528 5513 737 5562 scientes
759 5509 892 5578 quod
918 5509 1144 5579 probatio
1166 5509 1286 5580 ﬁdei
1314 5518 1488 5564 vestra:
1508 5511 1799 5581 patientiam
1829 5519 2062 5582 aperatur
2088 5526 2108 5576 ,°

530 5601 770 5672 patientia
814 5610 982 5655 autem
1019 5619 1145 5674 opus
1195 5605 1473 5674 perfectum
1501 5602 1666 5656 habet.
1695 5602 1831 5669 Quid
1869 5602 1989 5659 addi
2015 5618 2110 5673 po-

528 5700 653 5758 test,
698 5701 755 5746 ut
791 5706 923 5763 Opus
951 5693 1244 5765 perfectum
1289 5692 1481 5755 habeat
1513 5692 1736 5764 tAmat,
1788 5692 1956 5762 ardet,
1999 5695 2108 5751 fcr-

1766 277 1827 334 S.
1866 276 2232 336 AUGUSTINI
2270 276 2572 336 EPISCOPl

3698 287 3818 347 872

2227 403 2318 449 vet
2350 412 2364 460 ;
2413 395 2581 449 calcat
2607 395 2785 450 omnia
2809 411 2928 468 qua:
2963 398 3260 470 delectant,
3298 409 3353 457 et
3378 403 3569 461 transit
3601 423 3616 461 :
3660 408 3816 465 venit

2225 485 2291 539 ad
2320 500 2544 554 aspera,
2583 487 2871 556 horrenda,
2905 492 3224 560 truculenta,
3268 495 3566 565 minantia;
3616 499 3808 568 calcat,

2225 574 2440 646 frangit,
2467 585 2522 632 et
2557 580 2764 635 transit.
2805 580 2848 636 Ο
2877 597 3077 650 amare,
3130 599 3164 639 ο
3204 584 3356 654 ire,o
3394 588 3494 643 sibi
3540 590 3746 660 perire,
3774 607 3816 648 ο

2223 666 2291 720 ad
2320 665 2485 721 Deum
2529 671 2807 738 pervenire
2837 673 2850 726 !
2881 673 2981 738 Qui
3025 674 3250 729 animam
3281 693 3429 732 suam
3463 691 3600 734 amat
3622 721 3642 747 ,
3689 699 3813 751 per-

2223 758 2306 813 det
2343 759 2487 814 illam
2509 775 2533 825 ;
2567 770 2615 815 et
2637 763 2723 832 qui
2748 764 3018 834 perdiderit
3043 768 3266 822 animam
3290 785 3438 824 suam
3465 783 3671 844 propter
3707 793 3810 841 me,

2223 848 2278 903 in
2323 851 2478 906 vitam
2516 861 2754 910 aeternam
2802 857 3016 912 inveniet
3058 860 3221 914 illam.
3254 859 3344 918 Sic
3388 865 3677 920 armandus
3728 877 3817 922 est
3860 845 3883 884 ς

2223 953 2430 999 amator
2452 944 2689 1014 justitiae,
2735 949 2812 1004 sic
2857 950 3145 1006 armandus
3178 961 3262 1007 est
3288 964 3496 1009 amator
3532 957 3816 1012 mvisibilis

2223 1033 2646 1104 pulchritudinis.
2708 1038 2834 1106 Quae
2861 1041 2973 1096 dico
3001 1043 3138 1097 vobis
3180 1044 3235 1097 in
3280 1045 3514 1114 tenebris,
3563 1046 3712 1100 dicite
3755 1049 3816 1102 in

2223 1129 2415 1183 lumine
2453 1147 2475 1196 ;
2516 1139 2563 1184 et
2601 1147 2715 1200 quae
2738 1132 2792 1186 in
2819 1149 2940 1187 aure
2961 1134 3165 1202 auditis,
3201 1152 3352 1212 super
3389 1147 3516 1192 tecta
3542 1141 3818 1211 praedicata

2225 1217 2440 1288 (Matth,
2469 1236 2527 1287 ι,
2559 1221 2647 1288 '59,
2670 1221 2781 1292 27).
2824 1223 2959 1291 Quid
2985 1234 3086 1290 est,
3115 1241 3228 1294 qua:
3269 1226 3382 1280 dico
3419 1228 3555 1282 vobis
3589 1230 3642 1282 in
3669 1240 3815 1283 tene-

2224 1310 2342 1378 bris,
2377 1311 2527 1366 dicite
2546 1313 2598 1366 in
2619 1313 2808 1367 lumine
2834 1315 2860 1368 .9
2893 1315 3022 1383 Qum
3044 1316 3165 1372 dico
3194 1327 3249 1373 et
3278 1317 3471 1374 auditis
3507 1331 3706 1385 mente,
3739 1321 3816 1375 di-

2223 1402 2328 1457 cite
2353 1413 2754 1472 prazsumentes.
2782 1404 2852 1459 Et
2887 1406 3022 1478 quod
3048 1407 3100 1460 in
3129 1425 3251 1462 aure
3274 1410 3480 1476 auditis,
3503 1426 3656 1480 super
3683 1419 3817 1465 tecta

2225 1496 2513 1565 prtedicate.
2539 1495 2675 1563 Quid
2700 1507 2801 1564 est,
2832 1497 2897 1552 In
2923 1515 3046 1554 aure
3064 1500 3251 1555 auditis
3271 1503 3296 1555 ἱ)
3330 1501 3388 1556 1η
3427 1510 3636 1558 secreto
3660 1504 3816 1558 audi-

2225 1589 2333 1654 tis;
2383 1590 2504 1658 quia
2540 1589 2776 1659 proﬁteri
2819 1598 2875 1646 et
2899 1592 3140 1647 confiteri
3192 1593 3366 1648 adhuc
3409 1594 3626 1650 timetis.
3670 1596 3816 1664 Quid

2226 1688 2306 1733 cst
2358 1694 2514 1750 ergo,
2568 1680 2738 1750 Super
2775 1691 2902 1734 tecta
2953 1683 3225 1753 pra-dicate
3262 1684 3287 1736 ?
3334 1684 3531 1739 Domus
3593 1694 3812 1752 vestrae,

2225 1783 2450 1839 corpora
2474 1779 2649 1824 vestra
2697 1787 2712 1836 ;
2753 1771 2940 1826 domus
2989 1782 3204 1840 vestrae,
3237 1787 3424 1828 carnes
3455 1785 3664 1830 vestrm.
3703 1776 3814 1830 As-

2226 1860 2395 1916 cende
2424 1860 2477 1915 in
2510 1870 2728 1927 tectum,
2773 1863 2917 1918 calca
2945 1878 3186 1934 carnem,
3228 1875 3284 1920 et
3309 1866 3539 1936 prtedica
3563 1868 3812 1924 verbum.

2297 1972 2522 2029 CAPUT
2550 1973 2682 2028 Vill.
2699 1975 2833 2032 —-‘9.
2866 1975 2950 2030 Ea:
2968 1975 3199 2044 Deo.est,
3224 1979 3268 2033 si
3286 1979 3408 2050 quid
3417 1981 3634 2051 justitia:
3660 1983 3818 2038 liabe-

2227 2080 2355 2118 mus.
2380 2064 2485 2120 Sed
2515 2065 2682 2136 prius,
2718 2065 2914 2122 fratres
2941 2068 3068 2136 mei,
3096 2068 3331 2140 plangite
3368 2071 3509 2142 quod
3539 2073 3722 2141 eratis,
3753 2085 3818 2130 ut

2227 2154 2368 2223 quod
2399 2155 2634 2211 nondum
2682 2157 2832 2225 estis,
2875 2171 2994 2214 esse
3015 2160 3249 2228 possitis.
3294 2160 3408 2217 Hoc
3442 2163 3586 2234 quod
3620 2163 3817 2236 loquor

2229 2263 2479 2317 magnum
2506 2257 2606 2304 est.
2636 2248 2706 2304 Et
2733 2248 2874 2306 unde
2899 2251 3052 2308 nobis
3079 2253 3375 2323 magnum?
3401 2255 3681 2313 Summum
3704 2268 3814 2328 est,

2228 2336 2522 2407 perfectum
2572 2349 2673 2406 est,
2723 2341 2981 2410 optimum
3034 2351 3117 2398 est
3144 2361 3158 2398 :
3185 2344 3326 2401 unde
3367 2345 3575 2402 nobis?
3619 2349 3817 2406 Audite

2230 2427 2368 2483 unde
2417 2429 2572 2484 nobis
2619 2448 2632 2484 :
2678 2430 2837 2485 Omne
2873 2432 3048 2487 datum
3073 2434 3315 2504 optimum
3341 2446 3390 2492 et
3430 2453 3577 2493 omne
3623 2439 3816 2494 donum

2230 2520 2504 2590 perfectum
2550 2521 2812 2578 desursum
2836 2534 2930 2593 est,
2956 2525 3259 2583 descendens
3297 2545 3330 2582 a
3353 2527 3512 2586 Patre
3539 2533 3812 2600 luminum,

2228 2614 2367 2685 apud
2399 2631 2542 2686 quem
2570 2633 2671 2671 non
2703 2626 2775 2672 est
2813 2621 3184 2690 transmutatio,
3233 2637 3328 2678 nec
3367 2626 3608 2696 momenti
3639 2626 3819 2682 obum-

2231 2706 2388 2759 bratio
2415 2705 2615 2779 (Jacobi
2644 2724 2681 2776 ι,
2712 2709 2821 2780 17).
2854 2709 2981 2767 lnde
3013 2721 3094 2767 est
3131 2714 3272 2784 quod
3304 2713 3560 2772 habemus
3587 2717 3813 2784 bonum,

2230 2796 2353 2852 inde
2391 2799 2639 2870 estquod
2685 2801 2918 2857 nondum
2956 2803 3233 2862 habemus.
3263 2807 3378 2863 Non
3420 2808 3677 2865 habetis?
3711 2810 3818 2866 Pe-

2231 2891 2337 2956 tite,
2365 2901 2412 2944 et
2449 2893 2722 2964 accipietis.
2752 2894 2815 2950 Si
2850 2912 2955 2962 vos,
2982 2898 3056 2951 ait
3091 2897 3353 2968 Salvator,
3380 2901 3423 2956 si
3447 2919 3534 2956 vos
3559 2919 3672 2956 cum
3703 2905 3818 2960 sitis

2230 2981 2372 3048 ntali,
2415 2984 2575 3038 nostis
2612 2984 2740 3040 bona
2776 2985 2897 3041 data
2922 2988 3046 3042 dare
3067 2989 3189 3058 ﬁliis
3222 2992 3397 3046 vestris
3422 3009 3444 3059 ,°
3483 3005 3672 3063 quanto
3699 3011 3817 3049 ma-

2229 3071 2306 3141 gis
2372 3071 2528 3128 Pater
2577 3084 2733 3129 vester
2787 3079 2998 3133 cwlestis
3055 3079 3194 3134 dabit
3247 3083 3378 3136 bona
3432 3085 3708 3154 petentibus
3761 3103 3816 3143 se

2231 3163 2446 3234 (Matth.
2474 3182 2567 3234 vn,
2596 3169 2649 3234 7,
2681 3167 2767 3241 ll)
2798 3170 2822 3223 ?
2867 3171 3152 3229 Examinet
3185 3189 3245 3230 se
3281 3191 3410 3247 ergo
3429 3178 3602 3233 omnis
3629 3178 3810 3249 homo,

2229 3265 2284 3310 et
2311 3256 2565 3327 quidquid
2603 3259 2655 3313 in
2700 3274 2758 3315 se
2783 3261 2905 3316 boni
2951 3263 3234 3332 invenerit,
3273 3267 3414 3338 quod
3455 3270 3721 3338 pertineat
3745 3272 3816 3328 ad

2225 3347 2657 3418 justiﬁcationem
2700 3363 2958 3422 nostram,
3008 3367 3129 3428 agat
3154 3359 3354 3430 gratias
3392 3361 3468 3416 illi
3504 3362 3596 3434 qui
3622 3363 3811 3431 dedit;

2230 3452 2284 3496 et
2320 3444 2524 3512 agendo
2563 3447 2761 3516 gratias
2803 3447 2879 3502 illi
2903 3449 2993 3519 qui
3016 3449 3184 3520 dedit,
3211 3451 3279 3508 ab
3307 3453 3400 3509 illo
3426 3464 3570 3525 petat
3595 3465 3650 3512 et
3672 3458 3814 3528 quod

2230 3535 2463 3590 nondum
2489 3537 2652 3593 dedit.
2675 3539 2790 3594 Non
2822 3543 2963 3596 enim
3001 3552 3054 3598 tu
3075 3544 3128 3599 in
3159 3547 3466 3618 accipiendo
3496 3550 3730 3620 proﬁcis,
3760 3563 3814 3609 et

2229 3625 2319 3680 ille
2359 3628 2410 3681 in
2441 3628 2617 3684 dando
2663 3630 2860 3687 deﬁcit.
2907 3633 3299 3702 Quantumlibet
3334 3654 3561 3710 capaces
3609 3642 3810 3714 fauces,

2229 3733 2477 3788 capacem
2503 3730 2742 3776 ventrem
2772 3723 2962 3779 aﬁ‘eras
2991 3741 3005 3790 ;
3044 3725 3161 3782 fons
3187 3728 3352 3785 vincit
3378 3731 3668 3789 sitientem.

2724 3836 2954 3892 suane
2999 3839 3136 3894 CLX
3161 3843 3179 3865 ο
3214 3839 3308 3912 (α).

2227 3944 2307 4002 De
2333 3948 2490 4002 verbis
2507 3949 2756 4017 Apostoli,
2777 3949 2807 4003 I
2839 3950 2957 4006 Cor.
2989 3968 3105 4021 cap.
3129 3969 3146 4008 ι
3167 3994 3183 4019 ,
3214 3954 3304 4022 31,
3331 3956 3430 4024 Qui
3460 3959 3732 4029 gloriatur,
3757 3963 3811 4019 in

2300 4037 2524 4095 Domino
2577 4041 2850 4111 glorietur.
2903 4042 2972 4097 Et
3013 4045 3076 4098 de
3122 4061 3267 4101 uersu
3306 4047 3504 4104 Psalmi
3553 4068 3660 4107 ιιι
3691 4095 3706 4121 ,
3738 4055 3810 4124 2,

2298 4129 2358 4185 In
2385 4141 2472 4186 tua
2502 4133 2704 4202 justitia
2731 4149 2858 4190 erue
2882 4151 2987 4204 me,
3025 4146 3079 4192 et
3103 4139 3276 4194 exime
3299 4156 3386 4197 me
3425 4141 3521 4214 (b).

2293 4262 2345 4316 1.
2372 4261 2626 4319 Glorietur
2672 4265 2821 4321 homo
2865 4268 2918 4322 in
2961 4266 3200 4336 Domino,
3229 4288 3330 4326 non
3363 4273 3416 4327 in
3449 4290 3544 4329 sua
3581 4276 3808 4347 justitia.

2223 4353 2494 4410 Admouiti
2549 4357 2616 4411 ab
2669 4357 2926 4428 Apostolo
2981 4375 3202 4428 sumus,
3268 4373 3327 4418 ut
3380 4382 3470 4436 qu.
3521 4369 3807 4438 gloriatur,

2223 4445 2276 4498 in
2326 4445 2545 4500 Domino
2603 4450 2885 4519 glorietur;
2942 4451 3095 4522 eique
3151 4453 3378 4510 Domino
3437 4460 3805 4527 cantavimus,

2223 4535 2292 4591 In
2327 4546 2412 4592 tua
2447 4541 2648 4610 justitia
2690 4557 2809 4596 erue
2854 4560 2950 4608 me,
3002 4553 3048 4598 et
3082 4547 3242 4602 exime
3281 4565 3377 4604 me.
3409 4549 3523 4606 Hoc
3562 4562 3644 4608 est
3681 4571 3809 4626 ergo

2223 4629 2277 4685 in
2304 4630 2530 4687 Domino
2570 4634 2821 4704 gloriari,
2868 4651 2973 4691 non
3013 4637 3066 4692 in
3109 4653 3238 4707 sua,
3286 4642 3380 4697 sed
3408 4642 3462 4697 in
3499 4643 3615 4714 ejus
3645 4646 3808 4716 justi-

2222 4722 2294 4775 tia
2345 4723 2581 4792 gloriari.
2623 4724 2748 4780 [huc
2782 4736 2958 4782 autem
3000 4728 3203 4798 justitia
3259 4731 3411 4788 latuit
3461 4749 3555 4790 eos
3601 4737 3692 4808 qui
3741 4738 3810 4794 de

2221 4830 2315 4870 sua
2355 4816 2557 4886 justitia
2583 4818 2892 4888 gloriantur.
2926 4821 2993 4875 Et
3022 4822 3123 4877 hoc
3167 4827 3396 4882 maxime
3420 4829 3608 4884 vitium
3638 4847 3809 4903 appa-

2219 4906 2326 4960 ruit
2356 4906 2408 4961 in
2456 4907 2654 4962 Iudaeis
2699 4925 2892 4964 novum
2924 4911 3320 4971 Testamentum
3348 4922 3716 4978 recusantibus
3755 4934 3807 4980 et

2219 4997 2273 5051 in
2321 5007 2502 5054 vetere
2550 5000 2763 5056 homine
2807 5005 3224 5062 remanentibus.
3277 5007 3496 5066 Frustra
3541 5022 3597 5067 et
3636 5013 3806 5070 infru-

2217 5102 2400 5146 ctuose
2448 5092 2501 5146 in
2526 5093 2638 5148 suis
2673 5093 3216 5174 codicibus'legerant
3241 5112 3400 5171 atque
3437 5116 3802 5175 cantaverunt,

2216 5179 2285 5234 In
2314 5192 2399 5235 tua
2422 5183 2622 5251 justitia
2651 5199 2768 5237 erue
2790 5203 2885 5239 me.
2916 5185 3215 5257 Ignorantes
3241 5191 3374 5244 enim
3399 5191 3496 5248 Dei
3510 5197 3808 5265 justitiam,-

2217 5281 2264 5326 et
2297 5290 2440 5328 suam
2473 5275 2687 5330 volentes
2721 5280 3035 5347 constituere,
3053 5281 3268 5351 justitia:
3287 5281 3386 5339 Dei
3411 5302 3513 5341 non
3538 5299 3655 5343 sunt
3688 5292 3804 5346 sub-

2279 5432 2299 5452 ’
2319 5433 2523 5484 Collatus
2543 5435 2604 5485 ad
2626 5435 2708 5485 bd.
2732 5437 2783 5486 ﬁ.
2808 5450 2885 5499 gr.
2912 5444 2964 5488 et
2983 5444 3089 5488 Lov.

2277 5517 2520 5594 (_a)_.Alia8,
2559 5521 2612 5570 11
2651 5523 2780 5572 inter
2819 5522 2975 5572 editos
3011 5538 3075 5576 ex
3105 5525 3304 5590 majoris
3333 5529 3594 5578 Carthussae
3631 5542 3801 5579 manu-

2213 5588 2580 5754 εαξᾘιῧόωὶιιίι
2601 5646 2837 5698 Possidius
2869 5652 2921 5702 in
2949 5649 3175 5714 ίηὼωιο,
3207 5664 3314 5716 cap.
3337 5651 3386 5715 9,
3419 5608 3635 5717 citatque
3667 5651 3794 5705 Beda

2216 5709 2270 5754 et
2290 5711 2313 5753 ι’
2340 5718 2454 5754 orus
2476 5707 2535 5754 ad
2567 5707 2712 5754 Galat.
2739 5723 2800 5754 vt.

2216 5709 2270 5756 et
2290 5707 2454 5759 Florus
2476 5707 2535 5757 ad
2567 5707 2712 5760 Galat.
2739 5723 2800 5761 νι.
