4108 6336
367 311 472 367 873

356 425 502 496 jecti.
552 424 722 481 Nemo
762 441 891 497 ergo
931 434 1182 497 tanquam
1211 423 1276 481 de
1317 439 1412 481 sua
1449 422 1650 494 justitia
1677 422 1955 494 glorietur,

367 519 576 576 etiamsi
615 519 791 590 justus
833 528 934 576 est.
981 520 1056 574 De
1105 534 1200 574 sua
1231 519 1423 589 quippe
1469 516 1668 588 justitia
1711 515 1956 587 glorianti

368 612 575 668 dictum
601 622 684 668 est
711 631 723 665 :
749 613 882 679 Quid
901 613 1032 668 enim
1056 612 1206 667 habes
1231 611 1365 683 quod
1391 628 1490 665 non
1511 611 1748 680 accepisti
1778 609 1952 682 (lCor.

364 721 439 772 tv,
480 706 535 777 7)
576 706 763 775 ?.Ergo
786 706 873 776 qui
900 707 1167 777 gloriatur,
1203 705 1254 758 in
1283 703 1502 758 Domino
1530 704 1789 777 glorietur.
1819 701 1956 769 Quid

366 800 508 854 enim
552 800 812 864 securius,
857 815 1014 870 quam
1049 800 1100 853 in
1135 798 1227 853 illo
1263 797 1502 869 gloriari,
1544 796 1608 852 de
1639 812 1745 866 quo
1794 810 1953 850 nemo

365 901 540 961 potest
577 893 795 946 omnino
830 892 1081 947 confundi
1110 891 1134 945 ?
1162 891 1292 946 Nam
1325 891 1368 944 si
1404 890 1660 960 gloriatus
1708 887 1871 943 fueris
1901 888 1954 942 in

365 984 602 1052 homine,
647 994 821 1054 potest
842 985 1065 1039 inveniri
1088 983 1284 1054 aliquid
1310 984 1364 1038 in
1391 982 1627 1045 homine,
1657 981 1764 1035 imo
1790 979 1951 1033 multa

367 1075 592 1130 inveniri
632 1085 854 1146 possunt
895 1076 946 1130 in
989 1076 1224 1139 homine,
1264 1074 1331 1129 de
1371 1074 1562 1144 quibus
1597 1070 1954 1127 confundatur

365 1168 453 1238 qui
502 1169 554 1223 in
597 1169 688 1224 illo
719 1169 996 1239 gloriatur.
1034 1169 1166 1224 Cum
1194 1178 1370 1230 autem
1407 1166 1559 1221 audis
1585 1180 1691 1220 non
1739 1178 1858 1220 esse
1897 1164 1950 1218 in

365 1258 583 1314 homine
622 1261 980 1329 gloriandum,
1014 1261 1195 1330 utique
1221 1275 1321 1314 nec
1344 1260 1395 1314 in
1438 1267 1491 1313 te
1523 1276 1536 1312 :
1570 1274 1674 1312 non
1721 1257 1862 1311 enim
1895 1265 1952 1311 tu

365 1366 470 1404 non
512 1350 691 1404 homo.
734 1351 788 1406 Si
829 1368 955 1420 ergo
980 1351 1226 1426 gloriaris
1253 1350 1406 1415 inte,
1437 1349 1488 1402 in
1513 1348 1728 1402 homine
1755 1347 1952 1417 gloria-

366 1443 440 1496 ris
470 1459 482 1494 :
525 1453 577 1496 ct
605 1443 706 1497 hoc
735 1453 817 1497 est
843 1444 1054 1498 stultius
1082 1453 1136 1499 et
1162 1442 1561 1498 exsecrabilius.
1595 1440 1725 1508 Quia
1756 1440 1799 1492 si
1841 1439 1952 1509 glo-

364 1533 529 1588 tiatus
555 1534 715 1588 fueris
745 1536 796 1589 in
831 1535 1042 1590 homine
1073 1535 1218 1604 justo
1239 1535 1416 1604 aliquo
1446 1533 1528 1588 vel
1557 1532 1662 1587 alio
1689 1531 1947 1599 sapiente,

366 1625 453 1680 ille
481 1642 586 1680 non
619 1628 669 1680 in
697 1643 754 1681 se
777 1629 1031 1697 gloriatur
1058 1629 1111 1682 in
1137 1644 1241 1698 quo
1279 1637 1333 1682 tu
1364 1625 1609 1697 gloriaris
1640 1643 1653 1690 ;
1693 1633 1748 1678 tu
1773 1631 1951 1678 autem

363 1720 406 1774 si
444 1719 497 1773 in
547 1729 596 1774 te
632 1720 894 1790 gloriaris,
922 1736 1027 1774 non
1069 1721 1301 1790 sapiens,
1332 1735 1435 1773 non
1473 1719 1646 1788 justus
1673 1732 1767 1772 es:
1797 1716 1953 1770 siau-

362 1818 469 1865 tem
499 1827 603 1865 non
645 1821 858 1881 oportet
901 1813 955 1866 in
981 1812 1198 1866 homine
1226 1812 1466 1880 sapiente
1505 1810 1744 1880 gloriari,
1785 1808 1952 1862 multo

361 1903 538 1957 minus
567 1914 777 1974 oportet
802 1905 852 1958 in
879 1905 1162 1974 insipiente
1189 1903 1426 1975 gloriari.
1475 1901 1572 1970 Qui
1614 1909 1794 1956 autem
1839 1900 1952 1970 glo-

361 1995 528 2050 riatur
568 1995 618 2049 in
652 2011 730 2062 se,
782 1996 834 2050 in
875 1984 1158 2066 insipiente
1200 1995 1480 2067 gloriatur.
1516 1994 1594 2048 Eo
1641 1994 1783 2048 enim
1834 1994 1950 2062 ipso

362 2089 619 2158 insipiens
660 2091 1014 2153 convincitur,
1046 2090 1167 2161 quia
1197 2089 1248 2144 in
1275 2105 1332 2145 se
1360 2091 1473 2158 ipso
1499 2088 1775 2158 gloriatur.
1809 2087 1951 2157 Ergo

359 2182 445 2251 qui
483 2182 746 2251 gloriatur,
785 2183 838 2235 in
879 2182 1094 2236 Domino
1125 2182 1385 2252 glorietur.
1426 2181 1566 2235 Nihil
1595 2181 1774 2245 tutius,
1818 2179 1946 2233 nihil

360 2276 620 2330 securius.
671 2275 726 2330 Si
772 2285 942 2344 potes,
989 2274 1152 2329 habes
1182 2274 1322 2344 quod
1349 2273 1736 2343 apprehendas,
1769 2273 1818 2325 in
1849 2272 1950 2325 Do-

313 2378 316 2379 '
359 2369 506 2424 mino
553 2369 807 2440 gloriatus
859 2385 964 2424 non
1011 2368 1375 2423 confunderis.
1426 2368 1538 2422 Non
1583 2368 1722 2422 enim
1751 2363 1948 2434 aliquid

358 2460 790 2530 reprehensionis
834 2461 1057 2516 inveniri
1098 2469 1271 2530 potest
1298 2460 1351 2514 in
1380 2459 1492 2526 illo,
1524 2459 1576 2512 in
1620 2474 1724 2528 quo
1749 2457 1948 2528 gloria-

358 2554 452 2608 ris.
499 2555 576 2609 Ac
614 2570 707 2624 per
732 2555 836 2611 hoc
873 2564 926 2610 et
967 2555 1054 2610 ille
1079 2555 1169 2624 qui
1198 2571 1302 2609 non
1334 2555 1561 2616 dicebat,
1603 2552 1660 2608 In
1700 2569 1818 2607 mea
1867 2553 1949 2623 ju-

306 2684 309 2687 -
359 2645 501 2700 stitia
531 2662 658 2701 erue
686 2663 770 2701 me
799 2665 812 2711 ;
839 2646 954 2713 sed,
973 2645 1039 2700 In
1061 2656 1150 2700 tua
1164 2648 1365 2718 justitia
1390 2663 1505 2700 erue
1526 2662 1604 2699 me
1631 2661 1648 2699 :
1677 2649 1776 2700 hoc
1804 2645 1950 2715 prius

359 2738 508 2806 dixit,
543 2739 610 2794 In
645 2750 691 2794 te
731 2741 947 2812 speravi,
992 2739 1228 2806 Domine,
1263 2757 1360 2794 non
1399 2738 1684 2811 confundar
1712 2739 1766 2792 in
1797 2748 1948 2793 atter-

358 2848 480 2885 num
508 2830 680 2902 (Psal.
713 2849 845 2899 Lxx,
882 2832 955 2903 1).

429 2924 482 2978 2.
505 2924 678 2980 Judaei
719 2927 936 2997 propria:
966 2927 1184 2997 justitite
1237 2925 1473 2995 opinione
1500 2925 1755 2979 excwcati.
1785 2923 1949 2978 Num-

359 3018 485 3088 quid
513 3019 655 3073 enim
700 3019 841 3072 aliud
873 3028 951 3073 est
971 3062 985 3083 ,
1039 3019 1093 3073 in
1117 3004 1230 3088 'quo
1261 3029 1572 3075 erraverunt
1600 3017 1768 3073 Judaei
1789 3060 1802 3084 ,
1857 3024 1950 3073 aut

358 3127 464 3181 quo
516 3115 620 3167 alio
669 3113 796 3167 vitio
847 3114 914 3167 ab
959 3113 1265 3184 evangelica
1311 3113 1480 3184 gratia
1525 3121 1768 3167 extorres
1823 3110 1946 3166 facti

358 3212 500 3269 sunt,
529 3205 627 3259 nisi
660 3221 764 3259 uno
792 3205 881 3260 illo
909 3205 976 3261 de
1008 3221 1112 3276 quo
1139 3207 1429 3274 Apostolus
1457 3220 1562 3259 non
1595 3204 1776 3272 tacuit,
1805 3203 1947 3274 quod

358 3298 516 3366 paulo
561 3309 684 3353 ante
714 3299 1175 3354 commemoravi?
1219 3300 1579 3353 Testimonium
1599 3341 1612 3364 ,
1643 3298 1846 3370 inquit,
1874 3299 1947 3352 eis

357 3389 626 3460 perltibeo,
664 3392 782 3462 quia
827 3391 993 3446 zelum
1022 3390 1118 3445 Dei
1157 3392 1373 3458 habent,
1406 3390 1496 3444 sed
1539 3408 1638 3444 non
1673 3391 1947 3446 secundum

355 3482 636 3535 scientiam.
685 3482 785 3536 Ubi
842 3482 1112 3547 laudavit,
1164 3483 1323 3537 etiam
1379 3483 1738 3552 reprehendit.
1794 3483 1947 3539 Unde

354 3589 485 3644 ergo
515 3575 589 3628 illi
630 3575 843 3628 vitiosi?
870 3575 1003 3642 Quia
1041 3576 1221 3645 utique
1249 3575 1489 3645 quamvis
1520 3576 1690 3629 zelum
1722 3576 1820 3631 Dei
1846 3576 1945 3630 ha-

351 3672 545 3740 beant,
575 3688 681 3726 non
723 3673 1015 3727 secundum
1057 3672 1362 3728 scientiam.
1394 3672 1464 3727 Et
1510 3672 1659 3742 quasi
1698 3673 1946 3728 consule-

350 3780 534 3820 remus
561 3766 903 3834 Apostolum,
945 3773 999 3820 et
1035 3765 1376 3832 diceremus,
1406 3763 1544 3831 Quid
1586 3772 1670 3819 est
1697 3765 1838 3834 quod
1865 3765 1946 3820 di

353 3858 496 3925 xisti,
522 3873 626 3912 non
659 3859 948 3914 secundum
973 3857 1285 3914 scientiam?
1307 3857 1437 3925 Quae
1461 3865 1542 3913 est
1571 3857 1668 3911 ista
1697 3857 1940 3924 scientia,

350 3969 511 4022 quam
544 3952 619 4006 illi
643 3968 745 4006 non
775 3952 1004 4020 habent,
1045 3952 1134 4023 qui
1163 3961 1339 4007 tamen
1384 3951 1556 4007 zelum
1584 3951 1676 4006 Dei
1706 3949 1944 4007 habent?

351 4045 521 4110 Quam
566 4047 841 4099 scientiam
887 4061 991 4099 non
1041 4044 1272 4110 habent,
1319 4044 1400 4098 vis
1446 4043 1670 4099 audire?
1717 4044 1944 4099 Attende

351 4139 490 4208 quod
541 4140 776 4207 sequitur
825 4158 838 4194 :
886 4136 1192 4210 Ignorantes
1246 4137 1380 4190 enim
1433 4135 1528 4191 Dei
1561 4137 1850 4206 justitiam,
1897 4145 1944 4191 et

351 4246 495 4282 suam
523 4229 742 4283 volentes
784 4230 1119 4295 constituere,
1157 4226 1374 4300 justitia:
1413 4225 1511 4282 Dei
1537 4243 1636 4280 non
1665 4235 1782 4280 sunt
1819 4226 1942 4280 sub-

347 4321 468 4392 jccti
499 4320 671 4394 (Rom.
706 4338 776 4387 ,
811 4322 901 4392 5).
935 4320 988 4376 Si
1033 4335 1160 4389 ergo
1187 4319 1361 4374 zelum
1409 4318 1501 4375 Dei
1533 4318 1730 4384 habes,
1780 4326 1835 4374 et
1863 4320 1942 4374 vis

355 4416 549 4470 habere
593 4417 882 4471 secundum
927 4415 1206 4471 scientiam
1229 4457 1243 4481 ,
1276 4421 1332 4469 et
1367 4413 1635 4484 pertinere
1658 4411 1726 4467 ad
1757 4412 1944 4468 Testa-

353 4520 588 4563 mentum
622 4524 814 4563 novum
833 4553 848 4574 ,
879 4508 945 4564 ad
976 4508 1117 4578 quod
1148 4507 1319 4563 Judcei
1363 4515 1644 4577 propterea
1677 4507 1944 4576 pertinere

354 4617 459 4656 non
490 4611 775 4672 potuerunt
797 4645 810 4670 ,
846 4603 967 4672 quia
995 4602 1167 4656 zelum
1196 4601 1290 4656 Dei
1317 4615 1422 4655 nou
1448 4600 1740 4656 secundum
1761 4600 1938 4656 scien-

356 4695 480 4748 tiam
541 4694 867 4757 habuerunt;
932 4708 1163 4764 agnosce
1217 4692 1312 4747 Dei
1361 4692 1652 4762 justitiam,
1718 4703 1771 4747 et
1831 4690 1942 4746 noli

338 4794 494 4839 tuam
531 4785 667 4840 velle
691 4785 1016 4840 constituere
1058 4785 1194 4837 hanc
1231 4783 1433 4852 ipsam,
1474 4782 1518 4836 si
1549 4797 1706 4852 quam
1729 4781 1892 4836 habes
1923 4799 1936 4836 :

351 4877 393 4931 si
428 4878 563 4932 bene
589 4878 758 4942 vivis,
791 4879 836 4932 si
867 4885 1130 4947 praecepta
1167 4875 1261 4930 Dei
1289 4874 1448 4940 facis,
1478 4856 1587 4928 noli
1610 4883 1755 4928 tuum
1783 4883 1940 4944 puta-

353 4985 443 5032 re;
475 4968 576 5024 hoc
615 4979 699 5024 est
733 4969 874 5024 enim
918 4969 1054 5023 velle
1094 4981 1243 5022 suam
1288 4965 1548 5035 justitiam
1593 4964 1938 5021 constituere.

353 5066 597 5130 Agnosce
637 5080 666 5118 a
719 5079 825 5134 quo
871 5062 1141 5132 acceperis
1189 5069 1243 5116 et
1292 5059 1457 5114 habes
1495 5058 1635 5129 quod
1666 5059 1937 5129 accepisti.

350 5156 466 5211 Non
493 5157 636 5212 enim
684 5157 880 5221 habes,
922 5155 1062 5226 quod
1103 5169 1209 5209 non
1238 5152 1514 5222 accepisti.
1547 5151 1610 5206 Si
1657 5161 1824 5206 autem
1853 5167 1939 5205 ac-

351 5249 558 5318 cepisti,
589 5247 712 5318 quid
749 5248 983 5318 gloriaris
1004 5289 1016 5311 ,
1057 5245 1200 5315 quasi
1230 5261 1328 5298 non
1361 5243 1612 5312 acceperis
1632 5241 1672 5310 (l
1697 5241 1813 5297 Cor.
1921 5286 1937 5312 ,

352 5341 446 5409 7)?
486 5339 618 5411 Cum
646 5341 786 5394 enim
821 5339 1064 5410 gloriaris
1085 5379 1099 5403 ,
1134 5336 1284 5407 quasi
1325 5351 1432 5390 non
1456 5333 1755 5404 acceperis,
1804 5334 1857 5388 iu
1889 5344 1942 5390 te

350 5430 599 5498 gloriaris
642 5447 654 5483 :
698 5440 751 5485 et
780 5431 866 5485 ubi
898 5438 1013 5497 est,
1050 5428 1150 5494 Qui
1176 5428 1459 5498 gloriatur,
1502 5426 1554 5479 in
1580 5424 1801 5479 Domino
1826 5426 1940 5496 glo-

352 5522 511 5575 rietur
532 5523 559 5578 ?
588 5521 779 5576 Datum
809 5531 929 5576 tene
953 5562 969 5588 ,
1002 5519 1096 5575 sed
1120 5519 1360 5574 datorem
1390 5531 1640 5582 agnosce.
1685 5516 1941 5587 Spiritum

353 5630 509 5671 suum
539 5631 596 5670 se
636 5615 884 5672 daturum
911 5630 1029 5669 cum
1071 5615 1406 5685 promitteret
1427 5613 1717 5667 Dominus:
1748 5611 1810 5667 Si
1831 5613 1942 5685 quis

352 5709 457 5764 sitit
476 5749 490 5775 ,
518 5709 718 5781 inquit,
747 5711 912 5764 veniat
931 5708 999 5763 ad
1033 5726 1113 5764 me
1132 5753 1146 5776 ,
1179 5719 1225 5764 et
1252 5707 1406 5763 bibat.
1448 5709 1548 5774 Qui
1572 5707 1727 5760 credit
1752 5707 1805 5761 in
1824 5723 1902 5760 me
1924 5748 1940 5774 ,

355 5801 573 5880 [lumina
594 5818 740 5874 aqua:
764 5802 887 5856 viva:
911 5802 1072 5872 uent
1099 5801 1162 5855 de
1181 5811 1350 5856 ventre
1368 5801 1478 5873 ejus
1508 5798 1684 5875 (Joan.
1716 5816 1788 5858 Vtt
1805 5840 1822 5870 ,
1845 5801 1936 5873 57,

636 5895 865 5965 SANCT.
911 5896 1193 5961 Auovsr.
1227 5895 1300 5960 V.

1787 304 2015 362 SER!th
2051 307 2206 363 CLX.

3547 329 3652 386 874

2065 422 2178 494 58).
2210 424 2361 484 Unde
2402 429 2459 487 in
2487 440 2537 488 te
2577 432 2680 492 hoc
2704 435 2940 494 umen?
2966 438 3272 497 Recordare
3299 448 3444 497 tuam
3471 446 3652 514 pristi-

2065 529 2188 571 nam
2218 518 2530 580 siccitatem.
2575 525 2685 583 Nisi
2725 530 2867 586 enim
2912 532 3085 589 siccus
3112 532 3338 602 fuisses,
3370 551 3477 591 non
3507 537 3651 593 sitis-

2062 621 2150 664 ses
2181 612 2261 667 :si
2313 629 2418 670 non
2459 617 2696 689 sitisses,
2724 638 2830 679 non
2871 624 3115 682 bibisses.
3146 627 3282 695 Quid
3307 637 3418 697 est,
3469 629 3513 686 si
3542 645 3650 686 non

2063 703 2302 774 sitisses,
2335 723 2440 764 non
2478 710 2736 771 bibisses?
2761 716 2874 772 Nisi
2907 728 2962 774 tu
2995 730 3045 777 te
3071 721 3282 778 inanem
3310 723 3606 780 invenisses
3627 768 3644 793 ,

2061 795 2116 852 in
2168 798 2437 857 Christum
2497 821 2603 861 non
2665 808 3002 867 credidisses.
3056 815 3355 885 Antequam
3406 817 3644 886 diceret,

2059 891 2270 960 umina
2306 911 2452 963 aqua:
2477 898 2598 951 viva:
2625 901 2783 970 uent
2813 903 2874 957 de
2916 915 3084 960 ventre
3126 911 3272 979 ejus;
3301 909 3443 978 prius
3474 909 3644 977 dixit,

2061 979 2123 1072 Si
2141 985 2251 1053 quis
2271 985 2374 1038 sitit
2394 1028 2406 1051 ,
2433 989 2594 1043 veniat
2621 1001 2667 1044 et
2693 991 2842 1046 bibat.
2868 995 2992 1052 Ideo
3018 997 3212 1054 umen
3244 1000 3466 1056 habebis
3495 1016 3647 1072 aqua:

2058 1071 2226 1140 vivae,
2255 1077 2376 1145 quia
2415 1075 2551 1134 bibis
2587 1098 2599 1134 :
2634 1097 2738 1136 non
2772 1084 2935 1152 bibis,
2967 1085 3015 1142 si
3045 1105 3150 1143 non
3178 1091 3296 1145 sitis
3330 1109 3342 1143 :
3378 1091 3425 1145 si
3466 1071 3643 1146 autem

2059 1163 2296 1232 sitiebas,
2322 1184 2484 1238 quare
2516 1181 2762 1242 tanquam
2793 1174 2860 1228 de
2898 1188 2986 1232 tuo
3014 1177 3230 1236 umine
3257 1181 3471 1251 gloriari
3499 1183 3644 1237 vole-

2059 1255 2192 1311 bas?
2218 1259 2359 1330 Ergo
2384 1264 2472 1334 qui
2496 1266 2740 1334 gloriatur
2760 1312 2773 1334 ,
2802 1270 2852 1324 in
2876 1270 3094 1326 Domino
3135 1274 3393 1343 glorietur.

2131 1349 2183 1403 5.
2219 1350 2364 1408 Scire
2399 1355 2650 1412 Christum
2677 1363 2974 1430 crucixum
3019 1382 3202 1435 magna
3230 1369 3495 1439 sapientia.
3541 1369 3644 1424 Su-

2061 1441 2230 1533 perbia
2253 1444 2503 1503 hominem
2529 1452 2755 1520 prohibet
2783 1471 2815 1507 a
2849 1455 2950 1524 fide
2975 1457 3024 1510 in
3053 1457 3404 1512 Christum.-
3425 1459 3491 1514 Et
3513 1478 3604 1533 ego
3623 1504 3640 1529 ,

2059 1531 2258 1604 inquit,
2317 1543 2526 1609 fratres,
2577 1545 2774 1599 veniens
2813 1547 2882 1601 ad
2924 1563 3007 1603 vos
3048 1550 3162 1603 veni
3207 1567 3305 1604 non
3345 1554 3397 1605 in
3431 1553 3645 1607 elatione

2057 1627 2193 1681 verbi
2219 1641 2307 1684 aut
2353 1635 2613 1704 sapientia:
2635 1679 2648 1702 ,
2679 1642 2982 1696 annuntians
3023 1644 3157 1697 vobis
3194 1647 3483 1715 mysterium
3528 1647 3641 1702 Dei.

2060 1719 2196 1775 Dicit
2225 1723 2381 1777 etiam
2413 1743 2424 1779 :
2456 1725 2720 1799 Numquid
2749 1731 2856 1788 dixi
2893 1751 2971 1788 me
2996 1736 3123 1790 scire
3155 1737 3347 1804 aliquid
3391 1739 3444 1791 in
3473 1739 3642 1805 vobis,

2057 1812 2156 1865 nisi
2205 1812 2380 1869 Iesum
2434 1818 2688 1875 Christum
2712 1866 2726 1889 ,
2761 1833 2808 1878 et
2855 1826 2987 1880 hunc
3016 1829 3316 1897 crucixum
3345 1828 3384 1900 (
3416 1828 3535 1884 Cor.
3567 1846 3642 1896 ,

2058 1904 2082 1957 1
2109 1946 2124 1972 ,
2155 1903 2249 1974 2)?
2273 1907 2338 1961 Et
2378 1910 2423 1963 si
2467 1910 2568 1967 hoc
2597 1915 2765 1969 solum
2808 1917 3042 1984 sciebat,
3073 1920 3205 1974 nihil
3259 1930 3342 1976 est
3378 1924 3517 1992 quod
3546 1938 3646 1978 ne-

2057 1995 2274 2052 sciebat.
2301 1998 2546 2071 Magnum
2573 2014 2655 2059 est
2683 2007 2820 2062 scire
2858 2009 3127 2065 Christum
3172 2013 3481 2067 crucixum
3514 2013 3644 2068 :sed

2056 2097 2180 2144 ante
2225 2092 2410 2147 oculos
2451 2099 2792 2164 parvulorum
2840 2109 3091 2172 tanquam
3124 2104 3418 2160 involutum
3465 2107 3644 2176 posuit

2058 2182 2387 2240 thesaurum.
2441 2187 2724 2258 Christum,
2792 2194 2993 2264 inquit,
3049 2199 3368 2268 crucixum.
3436 2200 3648 2268 Quanta

2058 2273 2218 2330 habet
2243 2278 2385 2334 intus
2427 2281 2525 2336 iste
2571 2283 2888 2341 thesaurus?
2936 2287 3140 2343 Deinde
3185 2290 3288 2344 alio
3340 2290 3487 2356 loco,
3523 2307 3646 2346 cum

2056 2377 2317 2424 metueret
2340 2373 2654 2441 quibusdam
2672 2418 2686 2442 ,
2721 2392 2788 2431 ne
2810 2393 2904 2447 per
2935 2380 3327 2449 philosophiam
3349 2390 3404 2437 et
3428 2382 3643 2438 inanem

2057 2456 2320 2515 fallaciam
2352 2465 2736 2522 sednecrentur
2769 2485 2799 2523 a
2829 2469 3075 2537 Christo,
3117 2472 3422 2528 thesaurum
3465 2474 3643 2530 scien-

2057 2550 2143 2604 tire
2172 2561 2226 2606 et
2251 2554 2525 2623 sapientim
2549 2557 2643 2612 Dei
2685 2562 2927 2628 promisit
2966 2563 3018 2617 in
3041 2563 3274 2619 Christo.
3317 2563 3524 2633 Cavete,
3557 2567 3641 2621 in-

2055 2641 2200 2711 quit,
2233 2659 2296 2697 ne
2320 2646 2431 2715 quis
2474 2663 2560 2702 vos
2598 2651 2803 2705 seducat
2832 2669 2921 2723 per
2955 2655 3328 2726 philosophiam
3367 2666 3414 2711 et
3443 2660 3645 2712 inanem

2053 2734 2413 2805 seductionem,
2441 2742 2717 2797 secundum
2742 2744 2985 2799 elementa
3010 2748 3205 2814 mundi,
3237 2760 3345 2803 non
3366 2751 3644 2805 secundum

2054 2826 2334 2897 Christum,
2359 2835 2411 2885 in
2436 2850 2533 2902 quo
2553 2846 2669 2889 sunt
2690 2853 2859 2891 omnes
2888 2839 3110 2893 thesauri
3130 2842 3390 2910 sapientia:
3413 2853 3458 2898 et
3482 2845 3642 2899 sciena

2054 2922 2137 2975 tice
2156 2921 2433 2977 absconditi
2459 2924 2676 2995 (Coloss.
2703 2944 2770 2996 ,
2813 2929 2880 2996 8,
2915 2928 2990 3000 5).
3036 2930 3278 2988 Christus
3321 2935 3640 3002 crucixus,

2056 3013 2286 3070 thesauri
2333 3017 2606 3087 sapientia:
2655 3029 2710 3074 et
2736 3022 2973 3077 scientiae
2999 3024 3314 3082 absconditi.
3356 3027 3525 3082 Nolite
3553 3043 3643 3083 er-

2052 3121 2121 3178 go
2141 3151 2156 3176 ,
2203 3109 2402 3180 inquit,
2433 3112 2650 3168 nomine
2679 3115 2953 3184 sapientia:
2979 3117 3160 3187 dicipi.
3193 3119 3271 3173 Ad
3311 3119 3413 3174 hoc
3441 3121 3645 3175 involuc

2053 3214 2204 3254 crum
2243 3217 2340 3256 vos
2385 3202 2674 3271 advocate,
2708 3203 2808 3259 hoc
2838 3206 2988 3261 vobis
3018 3216 3075 3262 ut
3112 3210 3417 3275 evolvatur,
3468 3219 3640 3266 orate.

2053 3289 2225 3348 Stulte
2268 3293 2424 3364 hujus
2454 3296 2636 3351 mundi
2693 3298 3040 3369 philosophe,
3093 3301 3234 3372 quod
3281 3303 3475 3372 quarris
3511 3304 3644 3358 nihil

2053 3393 2136 3439 est
2170 3403 2182 3439 :
2212 3401 2372 3455 quem
2394 3402 2498 3441 non
2531 3391 2727 3458 quaeris
2756 3391 2794 3443 .
2821 3391 2958 3458 Quid
2987 3393 3237 3462 prodest,
3270 3394 3389 3463 quia
3417 3396 3644 3450 multum

2053 3477 2199 3561 sitis,
2244 3487 2298 3533 et
2324 3479 2524 3535 fontem
2553 3482 2806 3537 calcando
2836 3487 3161 3553 pertransis?
3204 3487 3512 3544 Contemnis
3540 3490 3640 3544 hu-

2052 3569 2361 3634 militatem,
2393 3572 2515 3641 quia
2559 3588 2663 3626 non
2711 3575 2961 3643 intelligis
3009 3577 3366 3646 majestatem.
3399 3580 3460 3634 Si
3505 3583 3641 3634 enim

2051 3661 2424 3730 cognovissent,
2459 3680 2715 3734 tamquam
2753 3665 3026 3720 Dominum
3056 3669 3232 3738 gloria:
3273 3673 3640 3738 cruci/ixissent

2053 3751 2239 3824 (lCor.
2291 3770 2361 3822 ,
2407 3754 2486 3823 8).
2517 3754 2691 3810 Jesum
2741 3756 3022 3825 Christum,
3076 3760 3272 3830 inquit,
3315 3765 3638 3833 crucixum.

2055 3843 2176 3899 Non
2216 3845 2325 3899 dixi
2368 3846 2560 3916 aliquid
2589 3864 2665 3900 me
2709 3849 2763 3902 in
2789 3849 2920 3904 vobis
2948 3851 3101 3916 scire,
3158 3853 3255 3906 nisi
3291 3853 3467 3908 Jesum
3494 3855 3643 3910 Citri-

2049 3945 2202 4001 stum,
2253 3945 2297 3989 et
2344 3937 2476 3990 hunc
2500 3939 2796 4006 crucixum
2845 3956 2864 3993 :
2909 3940 3258 3998 humilitatem
3289 3946 3432 4014 ejus,
3481 3964 3637 4017 quam

2049 4026 2275 4095 irrident
2297 4028 2545 4097 superbi;
2594 4041 2650 4084 ut
2685 4029 2774 4084 at
2817 4030 2870 4085 in
2915 4031 3024 4098 eis,
3057 4031 3340 4105 Increpasti
3369 4039 3638 4106 superbos;

2050 4119 2305 4174 maledicti
2347 4123 2477 4175 cnint
2525 4122 2610 4192 qui
2647 4123 2901 4177 declinant
2951 4141 2983 4178 a
3035 4128 3286 4181 mandatis
3336 4130 3433 4183 tuis
3464 4129 3634 4201 (Psal.

2049 4227 2243 4280 cxvnt,
2295 4211 2412 4282 21).
2468 4214 2533 4267 Et
2561 4215 2701 4283 quod
2747 4224 2829 4270 est
2876 4216 3184 4272 mandatum
3229 4219 3379 4289 ejus,
3434 4222 3536 4276 nisi
3581 4233 3637 4278 ut

2048 4302 2328 4359 credamus
2366 4305 2417 4358 in
2449 4320 2600 4372 eum,
2647 4314 2704 4360 et
2748 4306 3030 4376 diligamus
3079 4309 3345 4378 invicem?
3394 4311 3452 4366 lu
3479 4331 3637 4382 quem

2048 4397 2363 4452 credamus?
2410 4397 2464 4451 In
2506 4395 2773 4454 Christum
2805 4397 3157 4457 crucixnm.
3203 4404 3354 4471 Quod
3395 4421 3499 4460 non
3527 4409 3636 4462 vult

2049 4489 2233 4544 audire
2283 4489 2560 4559 superbia,
2616 4491 2718 4546 hoc
2768 4492 2948 4547 audiat
2999 4496 3276 4563 sapientia.
3329 4497 3628 4557 Mandatum

2049 4579 2164 4650 ejus
2185 4589 2306 4647 est,
2331 4591 2388 4636 ut
2411 4582 2691 4638 credamus
2717 4584 2769 4638 in
2792 4600 2932 4639 eum.
2960 4585 3017 4640 In
3047 4589 3246 4657 quem?
3277 4589 3332 4643 In
3362 4590 3634 4646 Christum

2048 4675 2377 4730 crucixum.
2410 4675 2520 4731 [loc
2544 4685 2627 4732 est
2665 4678 2970 4734 mandatum
2998 4681 3142 4749 ejus,
3174 4691 3229 4736 ut
3272 4683 3552 4739 credamus
3587 4688 3636 4742 iu

2047 4765 2315 4824 Christum
2361 4768 2695 4823 crucixum.
2739 4769 2851 4825 Hoc
2896 4773 3114 4826 omnino
3167 4789 3180 4824 :
3235 4773 3328 4828 sed
3377 4777 3639 4845 superbus

2049 4860 2176 4926 iste,
2224 4867 2400 4916 erecta
2429 4861 2665 4928 cervice,
2706 4863 2932 4918 tumenti
2959 4873 3200 4934 gutture,
3250 4867 3388 4920 elata
3416 4867 3592 4936 lingua
3621 4913 3635 4935 ,

2047 4955 2243 5010 inatis
2297 4955 2479 5011 buccis
2524 4957 3028 5014 irridetChristnm
3089 4962 3419 5017 crucixum.
3466 4965 3634 5020 Male-

2047 5038 2168 5093 dicti
2221 5054 2348 5109 ergo
2390 5041 2475 5110 qui
2503 5040 2753 5096 declinant
2806 5060 2836 5096 a
2877 5044 3126 5098 mandatis
3146 5049 3262 5101 tuis.
3291 5047 3466 5115 Quare
3511 5050 3635 5104 irri-

2047 5129 2202 5197 dent,
2252 5131 2351 5186 nisi
2382 5132 2503 5202 quia
2550 5133 2706 5188 vilem
2735 5135 3044 5190 vesticulam
3090 5137 3381 5193 forinsecus
3405 5140 3637 5195 circum-

2047 5221 2226 5277 datam
2254 5221 2466 5291 vident,
2496 5224 2745 5280 latentem
2774 5225 2916 5281 intus
2947 5226 3250 5282 thesaurum
3282 5245 3387 5285 non
3413 5232 3638 5287 vident?

2047 5313 2206 5370 Videt
2232 5330 2448 5372 carnem
2468 5359 2483 5385 ,
2528 5317 2672 5372 videt
2696 5317 2966 5374 hominem
2987 5361 3002 5387 ,
3034 5319 3177 5376 videt
3221 5337 3463 5388 crucem,
3491 5323 3636 5380 videt

2048 5417 2306 5476 mortem,
2338 5409 2438 5466 ista
2482 5409 2794 5464 contemnit.
2844 5409 3027 5479 Mane,
3060 5413 3166 5467 noli
3211 5415 3474 5484 transire,
3524 5417 3636 5473 noli

2049 5515 2334 5573 Spernere,
2375 5503 2483 5557 noli
2523 5503 2793 5557 insultare.
2839 5503 3142 5574 Exspecta,
3171 5516 3410 5565 scrutare
3443 5527 3457 5566 :
3499 5511 3638 5567 forte

2049 5603 2134 5649 est
2157 5595 2360 5665 aliquid
2384 5595 2522 5649 intus
2547 5593 2688 5664 quod
2711 5603 2761 5650 te
2787 5596 3008 5651 inultum
3037 5597 3285 5654 delectet.
3315 5599 3369 5657 Si
3397 5601 3638 5658 invenias

2050 5689 2186 5760 quod
2233 5689 2408 5743 oculus
2433 5705 2533 5742 non
2580 5687 2736 5756 vidit,
2788 5706 2878 5744 nec
2905 5691 3043 5746 auris
3072 5693 3296 5762 audivit,
3329 5711 3418 5751 nec
3441 5697 3496 5751 in
3549 5713 3638 5753 cor

2162 5808 2244 5859 Hie
2260 5803 2438 5871 aliquid
2458 5802 2618 5856 deest.

2826 5890 3303 5974 (Vulgiltuit.)
