  <div class='ocr_page' id='page_1' title='image "/cluster/home/n/w/nwhite01/storage/ocr_20150623/38/hvd.32044015706294/443.png"; bbox 0 0 3978 6450; ppageno 0'>
   <div class='ocr_carea' id='block_1_1' title="bbox 416 482 1998 556">
    <p class='ocr_par' dir='ltr' id='par_1_1' title="bbox 416 482 1998 556">
     <span class='ocr_line' id='line_1_1' title="bbox 416 482 1998 556; baseline -0.003 -13"><span class='ocrx_word' id='word_1_1' title='bbox 416 486 639 543; x_wconf 84' lang='lat' dir='ltr'><strong>hominis</strong></span> <span class='ocrx_word' id='word_1_2' title='bbox 659 486 883 542; x_wconf 80' lang='lat' dir='ltr'><strong>ascendit</strong></span> <span class='ocrx_word' id='word_1_3' title='bbox 923 484 965 556; x_wconf 79' lang='grc'><strong>(1</strong></span> <span class='ocrx_word' id='word_1_4' title='bbox 989 485 1107 541; x_wconf 90' lang='lat' dir='ltr'><strong>Cor.</strong></span> <span class='ocrx_word' id='word_1_5' title='bbox 1137 500 1204 549; x_wconf 71' lang='lat' dir='ltr'><strong>tt;</strong></span> <span class='ocrx_word' id='word_1_6' title='bbox 1236 483 1314 556; x_wconf 84' lang='grc'><strong>9).</strong></span> <span class='ocrx_word' id='word_1_7' title='bbox 1332 482 1501 540; x_wconf 81' lang='lat' dir='ltr'><strong>-Videt</strong></span> <span class='ocrx_word' id='word_1_8' title='bbox 1524 482 1713 540; x_wconf 85' lang='lat' dir='ltr'><strong>oculus</strong></span> <span class='ocrx_word' id='word_1_9' title='bbox 1738 499 1951 540; x_wconf 88' lang='lat' dir='ltr'><strong>carnem</strong></span> <span class='ocrx_word' id='word_1_10' title='bbox 1982 500 1998 539; x_wconf 90' lang='lat'><strong>:</strong></span> 
     </span>
    </p>
   </div>
   <div class='ocr_carea' id='block_1_2' title="bbox 413 563 2001 647">
    <p class='ocr_par' dir='ltr' id='par_1_2' title="bbox 413 563 2001 647">
     <span class='ocr_line' id='line_1_2' title="bbox 413 563 2001 647; baseline -0.004 -12"><span class='ocrx_word' id='word_1_11' title='bbox 413 585 499 635; x_wconf 84' lang='lat' dir='ltr'><strong>est</strong></span> <span class='ocrx_word' id='word_1_12' title='bbox 533 576 673 634; x_wconf 72' lang='lat' dir='ltr'><strong>infra</strong></span> <span class='ocrx_word' id='word_1_13' title='bbox 705 578 919 633; x_wconf 80' lang='lat' dir='ltr'><strong>carnem</strong></span> <span class='ocrx_word' id='word_1_14' title='bbox 947 576 1086 647; x_wconf 85' lang='lat' dir='ltr'><strong>quod</strong></span> <span class='ocrx_word' id='word_1_15' title='bbox 1113 572 1302 630; x_wconf 75' lang='lat' dir='ltr'><strong>oculus</strong></span> <span class='ocrx_word' id='word_1_16' title='bbox 1327 582 1434 630; x_wconf 87' lang='lat' dir='ltr'><strong>non</strong></span> <span class='ocrx_word' id='word_1_17' title='bbox 1474 563 1633 629; x_wconf 72' lang='lat' dir='ltr'><strong>videt.</strong></span> <span class='ocrx_word' id='word_1_18' title='bbox 1666 574 1825 629; x_wconf 80' lang='lat' dir='ltr'><strong>Audit</strong></span> <span class='ocrx_word' id='word_1_19' title='bbox 1857 566 2001 629; x_wconf 65' lang='lat' dir='ltr'><strong>auris</strong></span> 
     </span>
    </p>
   </div>
   <div class='ocr_carea' id='block_1_3' title="bbox 415 656 1997 740">
    <p class='ocr_par' dir='ltr' id='par_1_3' title="bbox 415 656 1997 740">
     <span class='ocr_line' id='line_1_3' title="bbox 415 656 1997 740; baseline -0.006 -12"><span class='ocrx_word' id='word_1_20' title='bbox 415 682 506 728; x_wconf 83' lang='lat' dir='ltr'><strong>tua</strong></span> <span class='ocrx_word' id='word_1_21' title='bbox 533 685 719 733; x_wconf 86' lang='lat' dir='ltr'><strong>vocem</strong></span> <span class='ocrx_word' id='word_1_22' title='bbox 736 689 754 726; x_wconf 87' lang='lat'><strong>:</strong></span> <span class='ocrx_word' id='word_1_23' title='bbox 775 680 857 726; x_wconf 84' lang='lat' dir='ltr'><strong>est</strong></span> <span class='ocrx_word' id='word_1_24' title='bbox 872 668 1107 740; x_wconf 71' lang='lat' dir='ltr'><strong>ibi-quod</strong></span> <span class='ocrx_word' id='word_1_25' title='bbox 1127 668 1273 724; x_wconf 87' lang='lat' dir='ltr'><strong>adris</strong></span> <span class='ocrx_word' id='word_1_26' title='bbox 1294 683 1398 722; x_wconf 91' lang='lat' dir='ltr'><strong>non</strong></span> <span class='ocrx_word' id='word_1_27' title='bbox 1420 656 1636 722; x_wconf 82' lang='lat' dir='ltr'><strong>audivit.</strong></span> <span class='ocrx_word' id='word_1_28' title='bbox 1664 666 1917 723; x_wconf 73' lang='lat' dir='ltr'><strong>Ascendit</strong></span> <span class='ocrx_word' id='word_1_29' title='bbox 1946 658 1997 720; x_wconf 75' lang='lat' dir='ltr'><strong>i‘d</strong></span> 
     </span>
    </p>
   </div>
   <div class='ocr_carea' id='block_1_4' title="bbox 412 754 2001 835">
    <p class='ocr_par' dir='ltr' id='par_1_4' title="bbox 412 754 2001 835">
     <span class='ocr_line' id='line_1_4' title="bbox 412 754 2001 835; baseline -0.006 -13"><span class='ocrx_word' id='word_1_30' title='bbox 412 780 509 833; x_wconf 83' lang='lat' dir='ltr'><strong>eor</strong></span> <span class='ocrx_word' id='word_1_31' title='bbox 532 773 701 831; x_wconf 87' lang='lat' dir='ltr'><strong>tuum,</strong></span> <span class='ocrx_word' id='word_1_32' title='bbox 724 763 885 835; x_wconf 60' lang='lat' dir='ltr'><strong>.quasi</strong></span> <span class='ocrx_word' id='word_1_33' title='bbox 911 763 976 818; x_wconf 91' lang='lat' dir='ltr'><strong>de</strong></span> <span class='ocrx_word' id='word_1_34' title='bbox 1000 763 1223 818; x_wconf 82' lang='lat' dir='ltr'><strong>terrenis</strong></span> <span class='ocrx_word' id='word_1_35' title='bbox 1246 754 1671 832; x_wconf 80' lang='lat' dir='ltr'><strong>cogitationibus,</strong></span> <span class='ocrx_word' id='word_1_36' title='bbox 1706 759 1864 813; x_wconf 89' lang='lat' dir='ltr'><strong>homo</strong></span> <span class='ocrx_word' id='word_1_37' title='bbox 1878 773 2001 813; x_wconf 91' lang='lat' dir='ltr'><strong>cru-</strong></span> 
     </span>
    </p>
   </div>
   <div class='ocr_carea' id='block_1_5' title="bbox 411 838 1996 924">
    <p class='ocr_par' dir='ltr' id='par_1_5' title="bbox 411 838 1996 924">
     <span class='ocr_line' id='line_1_5' title="bbox 411 838 1996 924; baseline -0.006 -9"><span class='ocrx_word' id='word_1_38' title='bbox 411 857 602 915; x_wconf 75' lang='lat' dir='ltr'><strong>ciﬁxus</strong></span> <span class='ocrx_word' id='word_1_39' title='bbox 626 865 681 913; x_wconf 89' lang='lat' dir='ltr'><strong>et</strong></span> <span class='ocrx_word' id='word_1_40' title='bbox 700 865 941 915; x_wconf 73' lang='lat' dir='ltr'><strong>mortuas</strong></span> <span class='ocrx_word' id='word_1_41' title='bbox 972 874 988 910; x_wconf 91' lang='lat'><strong>:</strong></span> <span class='ocrx_word' id='word_1_42' title='bbox 1011 864 1093 910; x_wconf 91' lang='lat' dir='ltr'><strong>est</strong></span> <span class='ocrx_word' id='word_1_43' title='bbox 1118 854 1226 909; x_wconf 87' lang='lat' dir='ltr'><strong>illic</strong></span> <span class='ocrx_word' id='word_1_44' title='bbox 1245 852 1385 924; x_wconf 84' lang='lat' dir='ltr'><strong>quod</strong></span> <span class='ocrx_word' id='word_1_45' title='bbox 1414 854 1466 909; x_wconf 91' lang='lat' dir='ltr'><strong>in</strong></span> <span class='ocrx_word' id='word_1_46' title='bbox 1508 867 1602 909; x_wconf 91' lang='lat' dir='ltr'><strong>cor</strong></span> <span class='ocrx_word' id='word_1_47' title='bbox 1631 838 1861 907; x_wconf 77' lang='lat' dir='ltr'><strong>hominis</strong></span> <span class='ocrx_word' id='word_1_48' title='bbox 1887 840 1996 905; x_wconf 79' lang='lat' dir='ltr'><strong>bon</strong></span> 
     </span>
    </p>
   </div>
   <div class='ocr_carea' id='block_1_6' title="bbox 410 937 1999 1021">
    <p class='ocr_par' dir='ltr' id='par_1_6' title="bbox 410 937 1999 1021">
     <span class='ocr_line' id='line_1_6' title="bbox 410 937 1999 1021; baseline -0.005 -16"><span class='ocrx_word' id='word_1_49' title='bbox 410 948 669 1005; x_wconf 86' lang='lat' dir='ltr'><strong>ascendit.</strong></span> <span class='ocrx_word' id='word_1_50' title='bbox 696 947 1007 1004; x_wconf 82' lang='lat' dir='ltr'><strong>Ascendunt</strong></span> <span class='ocrx_word' id='word_1_51' title='bbox 1019 946 1162 1003; x_wconf 80' lang='lat' dir='ltr'><strong>enim</strong></span> <span class='ocrx_word' id='word_1_52' title='bbox 1176 947 1226 1001; x_wconf 88' lang='lat' dir='ltr'><strong>in</strong></span> <span class='ocrx_word' id='word_1_53' title='bbox 1253 961 1347 1001; x_wconf 90' lang='lat' dir='ltr'><strong>cor</strong></span> <span class='ocrx_word' id='word_1_54' title='bbox 1367 937 1604 1001; x_wconf 82' lang='lat' dir='ltr'><strong>nostrum</strong></span> <span class='ocrx_word' id='word_1_55' title='bbox 1632 946 1839 998; x_wconf 74' lang='lat' dir='ltr'><strong>usitata:</strong></span> <span class='ocrx_word' id='word_1_56' title='bbox 1855 942 1999 1021; x_wconf 78' lang='lat' dir='ltr'><strong>cogi-</strong></span> 
     </span>
    </p>
   </div>
   <div class='ocr_carea' id='block_1_7' title="bbox 409 1036 1997 1109">
    <p class='ocr_par' dir='ltr' id='par_1_7' title="bbox 409 1036 1997 1109">
     <span class='ocr_line' id='line_1_7' title="bbox 409 1036 1997 1109; baseline -0.007 -9"><span class='ocrx_word' id='word_1_57' title='bbox 409 1042 639 1100; x_wconf 73' lang='lat' dir='ltr'><strong>taliones</strong></span> <span class='ocrx_word' id='word_1_58' title='bbox 657 1059 677 1096; x_wconf 75' lang='grc' dir='ltr'><strong>ι</strong></span> <span class='ocrx_word' id='word_1_59' title='bbox 694 1040 950 1106; x_wconf 81' lang='lat' dir='ltr'><strong>Ascendit,</strong></span> <span class='ocrx_word' id='word_1_60' title='bbox 976 1040 1164 1109; x_wconf 89' lang='lat' dir='ltr'><strong>inquit,</strong></span> <span class='ocrx_word' id='word_1_61' title='bbox 1195 1039 1250 1096; x_wconf 90' lang='lat' dir='ltr'><strong>in</strong></span> <span class='ocrx_word' id='word_1_62' title='bbox 1274 1053 1360 1092; x_wconf 89' lang='lat' dir='ltr'><strong>cor</strong></span> <span class='ocrx_word' id='word_1_63' title='bbox 1394 1037 1560 1108; x_wconf 80' lang='lat' dir='ltr'><strong>Moysi</strong></span> <span class='ocrx_word' id='word_1_64' title='bbox 1587 1036 1788 1091; x_wconf 74' lang='lat' dir='ltr'><strong>visitare</strong></span> <span class='ocrx_word' id='word_1_65' title='bbox 1817 1038 1997 1107; x_wconf 80' lang='lat' dir='ltr'><strong>fratres</strong></span> 
     </span>
    </p>
   </div>
   <div class='ocr_carea' id='block_1_8' title="bbox 408 1116 1995 1205">
    <p class='ocr_par' dir='ltr' id='par_1_8' title="bbox 408 1116 1995 1205">
     <span class='ocr_line' id='line_1_8' title="bbox 408 1116 1995 1205; baseline -0.006 -17"><span class='ocrx_word' id='word_1_66' title='bbox 408 1149 529 1188; x_wconf 83' lang='lat' dir='ltr'><strong>suos</strong></span> <span class='ocrx_word' id='word_1_67' title='bbox 549 1130 741 1205; x_wconf 69' lang='lat' dir='ltr'><strong>(Exod.</strong></span> <span class='ocrx_word' id='word_1_68' title='bbox 765 1147 824 1198; x_wconf 87' lang='grc' dir='ltr'>ιι,</span> <span class='ocrx_word' id='word_1_69' title='bbox 847 1130 933 1198; x_wconf 85' lang='lat' dir='ltr'><strong>ll)</strong></span> <span class='ocrx_word' id='word_1_70' title='bbox 956 1146 971 1195; x_wconf 85' lang='lat'><strong>;</strong></span> <span class='ocrx_word' id='word_1_71' title='bbox 1001 1130 1226 1184; x_wconf 85' lang='lat' dir='ltr'><strong>humana</strong></span> <span class='ocrx_word' id='word_1_72' title='bbox 1248 1138 1329 1184; x_wconf 89' lang='lat' dir='ltr'><strong>est</strong></span> <span class='ocrx_word' id='word_1_73' title='bbox 1350 1130 1445 1182; x_wconf 86' lang='lat' dir='ltr'><strong>ista</strong></span> <span class='ocrx_word' id='word_1_74' title='bbox 1472 1116 1705 1183; x_wconf 81' lang='lat' dir='ltr'><strong>conditio</strong></span> <span class='ocrx_word' id='word_1_75' title='bbox 1722 1127 1763 1178; x_wconf 69' lang='grc' dir='ltr'><strong>ί.</strong></span> <span class='ocrx_word' id='word_1_76' title='bbox 1789 1125 1857 1180; x_wconf 79' lang='lat' dir='ltr'><strong>Et</strong></span> <span class='ocrx_word' id='word_1_77' title='bbox 1874 1126 1995 1203; x_wconf 81' lang='lat' dir='ltr'><strong>cuin</strong></span> 
     </span>
    </p>
   </div>
   <div class='ocr_carea' id='block_1_9' title="bbox 409 1214 1995 1294">
    <p class='ocr_par' dir='ltr' id='par_1_9' title="bbox 409 1214 1995 1294">
     <span class='ocr_line' id='line_1_9' title="bbox 409 1214 1995 1294; baseline -0.004 -16"><span class='ocrx_word' id='word_1_78' title='bbox 409 1223 656 1294; x_wconf 74' lang='lat' dir='ltr'><strong>discipuli</strong></span> <span class='ocrx_word' id='word_1_79' title='bbox 681 1222 750 1277; x_wconf 88' lang='lat' dir='ltr'><strong>de</strong></span> <span class='ocrx_word' id='word_1_80' title='bbox 768 1222 886 1293; x_wconf 88' lang='lat' dir='ltr'><strong>ipso</strong></span> <span class='ocrx_word' id='word_1_81' title='bbox 915 1221 1139 1275; x_wconf 89' lang='lat' dir='ltr'><strong>Domino</strong></span> <span class='ocrx_word' id='word_1_82' title='bbox 1164 1220 1495 1286; x_wconf 74' lang='lat' dir='ltr'><strong>dubitarent,</strong></span> <span class='ocrx_word' id='word_1_83' title='bbox 1524 1229 1577 1273; x_wconf 88' lang='lat' dir='ltr'><strong>et</strong></span> <span class='ocrx_word' id='word_1_84' title='bbox 1596 1217 1732 1287; x_wconf 89' lang='lat' dir='ltr'><strong>apud</strong></span> <span class='ocrx_word' id='word_1_85' title='bbox 1764 1231 1821 1271; x_wconf 84' lang='lat' dir='ltr'><strong>se</strong></span> <span class='ocrx_word' id='word_1_86' title='bbox 1851 1214 1995 1285; x_wconf 84' lang='lat' dir='ltr'><strong>ipsos</strong></span> 
     </span>
    </p>
   </div>
   <div class='ocr_carea' id='block_1_10' title="bbox 406 1302 1996 1393">
    <p class='ocr_par' dir='ltr' id='par_1_10' title="bbox 406 1302 1996 1393">
     <span class='ocr_line' id='line_1_10' title="bbox 406 1302 1996 1393; baseline -0.006 -21"><span class='ocrx_word' id='word_1_87' title='bbox 406 1317 642 1372; x_wconf 89' lang='lat' dir='ltr'><strong>dicerent</strong></span> <span class='ocrx_word' id='word_1_88' title='bbox 663 1357 677 1381; x_wconf 96' lang='lat'><strong>,</strong></span> <span class='ocrx_word' id='word_1_89' title='bbox 710 1330 829 1371; x_wconf 88' lang='lat' dir='ltr'><strong>cum</strong></span> <span class='ocrx_word' id='word_1_90' title='bbox 859 1314 1035 1373; x_wconf 86' lang='lat' dir='ltr'><strong>subito</strong></span> <span class='ocrx_word' id='word_1_91' title='bbox 1073 1314 1430 1369; x_wconf 74' lang='lat' dir='ltr'><strong>resurr&#39;exis-e</strong></span> <span class='ocrx_word' id='word_1_92' title='bbox 1455 1312 1851 1393; x_wconf 79' lang='lat' dir='ltr'><strong>conspicerent,</strong></span> <span class='ocrx_word' id='word_1_93' title='bbox 1880 1302 1996 1393; x_wconf 79' lang='lat' dir='ltr'><strong>Ipse</strong></span> 
     </span>
    </p>
   </div>
   <div class='ocr_carea' id='block_1_11' title="bbox 408 1392 1995 1474">
    <p class='ocr_par' dir='ltr' id='par_1_11' title="bbox 408 1392 1995 1474">
     <span class='ocr_line' id='line_1_11' title="bbox 408 1392 1995 1474; baseline -0.007 -10"><span class='ocrx_word' id='word_1_94' title='bbox 408 1417 509 1474; x_wconf 92' lang='lat' dir='ltr'><strong>est,</strong></span> <span class='ocrx_word' id='word_1_95' title='bbox 542 1424 646 1463; x_wconf 91' lang='lat' dir='ltr'><strong>non</strong></span> <span class='ocrx_word' id='word_1_96' title='bbox 664 1416 781 1473; x_wconf 86' lang='lat' dir='ltr'><strong>est;</strong></span> <span class='ocrx_word' id='word_1_97' title='bbox 804 1421 929 1461; x_wconf 88' lang='lat' dir='ltr'><strong>caro</strong></span> <span class='ocrx_word' id='word_1_98' title='bbox 951 1415 1053 1470; x_wconf 87' lang='lat' dir='ltr'><strong>est,</strong></span> <span class='ocrx_word' id='word_1_99' title='bbox 1077 1406 1293 1474; x_wconf 82' lang='lat' dir='ltr'><strong>spiritus</strong></span> <span class='ocrx_word' id='word_1_100' title='bbox 1321 1413 1401 1459; x_wconf 89' lang='lat' dir='ltr'><strong>est</strong></span> <span class='ocrx_word' id='word_1_101' title='bbox 1427 1422 1439 1457; x_wconf 92' lang='lat'><strong>:</strong></span> <span class='ocrx_word' id='word_1_102' title='bbox 1465 1404 1566 1457; x_wconf 90' lang='lat' dir='ltr'><strong>hoc</strong></span> <span class='ocrx_word' id='word_1_103' title='bbox 1584 1392 1663 1458; x_wconf 83' lang='lat' dir='ltr'><strong>eis</strong></span> <span class='ocrx_word' id='word_1_104' title='bbox 1682 1402 1830 1468; x_wconf 85' lang='lat' dir='ltr'><strong>dicit,</strong></span> <span class='ocrx_word' id='word_1_105' title='bbox 1859 1392 1995 1467; x_wconf 83' lang='lat' dir='ltr'><strong>Quid</strong></span> 
     </span>
    </p>
   </div>
   <div class='ocr_carea' id='block_1_12' title="bbox 410 1478 1995 1572">
    <p class='ocr_par' dir='ltr' id='par_1_12' title="bbox 410 1478 1995 1572">
     <span class='ocr_line' id='line_1_12' title="bbox 410 1478 1995 1572; baseline -0.006 -18"><span class='ocrx_word' id='word_1_106' title='bbox 410 1499 737 1572; x_wconf 72' lang='lat' dir='ltr'><strong>cogitationes</strong></span> <span class='ocrx_word' id='word_1_107' title='bbox 761 1498 1038 1551; x_wconf 87' lang='lat' dir='ltr'><strong>ascendunt</strong></span> <span class='ocrx_word' id='word_1_108' title='bbox 1076 1497 1132 1549; x_wconf 82' lang='lat' dir='ltr'><strong>in</strong></span> <span class='ocrx_word' id='word_1_109' title='bbox 1157 1512 1242 1549; x_wconf 88' lang='lat' dir='ltr'><strong>cor</strong></span> <span class='ocrx_word' id='word_1_110' title='bbox 1260 1503 1475 1548; x_wconf 84' lang='lat' dir='ltr'><strong>vestrum</strong></span> <span class='ocrx_word' id='word_1_111' title='bbox 1500 1493 1649 1564; x_wconf 86' lang='lat' dir='ltr'><strong>(Luc.</strong></span> <span class='ocrx_word' id='word_1_112' title='bbox 1678 1486 1808 1547; x_wconf 65' lang='lat' dir='ltr'><strong>~xxiv</strong></span> <span class='ocrx_word' id='word_1_113' title='bbox 1824 1535 1838 1558; x_wconf 89' lang='lat'><strong>,</strong></span> <span class='ocrx_word' id='word_1_114' title='bbox 1863 1478 1995 1561; x_wconf 69' lang='lat'><strong>38)?</strong></span> 
     </span>
    </p>
   </div>
   <div class='ocr_carea' id='block_1_13' title="bbox 477 1584 1994 1653">
    <p class='ocr_par' dir='ltr' id='par_1_13' title="bbox 477 1584 1994 1653">
     <span class='ocr_line' id='line_1_13' title="bbox 477 1584 1994 1653; baseline -0.005 -7"><span class='ocrx_word' id='word_1_115' title='bbox 477 1592 533 1647; x_wconf 72' lang='grc'><strong>4.</strong></span> <span class='ocrx_word' id='word_1_116' title='bbox 577 1587 857 1644; x_wconf 83' lang='lat' dir='ltr'><strong>Humilltas</strong></span> <span class='ocrx_word' id='word_1_117' title='bbox 882 1588 1042 1642; x_wconf 82' lang='lat' dir='ltr'><strong>crucis</strong></span> <span class='ocrx_word' id='word_1_118' title='bbox 1070 1588 1150 1640; x_wconf 83' lang='lat' dir='ltr'><strong>via</strong></span> <span class='ocrx_word' id='word_1_119' title='bbox 1183 1585 1250 1639; x_wconf 89' lang='lat' dir='ltr'><strong>ad</strong></span> <span class='ocrx_word' id='word_1_120' title='bbox 1291 1584 1653 1640; x_wconf 72' lang='lat' dir='ltr'><strong>celsitudinem.</strong></span> <span class='ocrx_word' id='word_1_121' title='bbox 1682 1585 1994 1653; x_wconf 69' lang='lat' dir='ltr'><strong>Qumram‘us</strong></span> 
     </span>
    </p>
   </div>
   <div class='ocr_carea' id='block_1_14' title="bbox 406 1675 1995 1756">
    <p class='ocr_par' dir='ltr' id='par_1_14' title="bbox 406 1675 1995 1756">
     <span class='ocr_line' id='line_1_14' title="bbox 406 1675 1995 1756; baseline -0.008 -14"><span class='ocrx_word' id='word_1_122' title='bbox 406 1698 566 1756; x_wconf 74' lang='lat' dir='ltr'><strong>ergo,</strong></span> <span class='ocrx_word' id='word_1_123' title='bbox 593 1684 640 1741; x_wconf 88' lang='lat' dir='ltr'><strong>si</strong></span> <span class='ocrx_word' id='word_1_124' title='bbox 668 1698 981 1753; x_wconf 80' lang='lat' dir='ltr'><strong>possumus,</strong></span> <span class='ocrx_word' id='word_1_125' title='bbox 1013 1696 1119 1735; x_wconf 83' lang='lat' dir='ltr'><strong>non</strong></span> <span class='ocrx_word' id='word_1_126' title='bbox 1147 1678 1288 1751; x_wconf 83' lang='lat' dir='ltr'><strong>quod</strong></span> <span class='ocrx_word' id='word_1_127' title='bbox 1333 1679 1386 1733; x_wconf 92' lang='lat' dir='ltr'><strong>in</strong></span> <span class='ocrx_word' id='word_1_128' title='bbox 1427 1692 1521 1733; x_wconf 88' lang='lat' dir='ltr'><strong>cor</strong></span> <span class='ocrx_word' id='word_1_129' title='bbox 1563 1686 1802 1731; x_wconf 89' lang='lat' dir='ltr'><strong>nostrum</strong></span> <span class='ocrx_word' id='word_1_130' title='bbox 1828 1675 1995 1745; x_wconf 78' lang='lat' dir='ltr'><strong>possit</strong></span> 
     </span>
    </p>
   </div>
   <div class='ocr_carea' id='block_1_15' title="bbox 406 1764 1995 1843">
    <p class='ocr_par' dir='ltr' id='par_1_15' title="bbox 406 1764 1995 1843">
     <span class='ocr_line' id='line_1_15' title="bbox 406 1764 1995 1843; baseline -0.006 -14"><span class='ocrx_word' id='word_1_131' title='bbox 406 1775 696 1839; x_wconf 73' lang='lat' dir='ltr'><strong>ascendere</strong></span> <span class='ocrx_word' id='word_1_132' title='bbox 716 1816 732 1840; x_wconf 93' lang='lat'><strong>,</strong></span> <span class='ocrx_word' id='word_1_133' title='bbox 774 1773 1003 1843; x_wconf 82' lang='lat' dir='ltr'><strong>sedquo</strong></span> <span class='ocrx_word' id='word_1_134' title='bbox 1029 1788 1123 1825; x_wconf 90' lang='lat' dir='ltr'><strong>cor</strong></span> <span class='ocrx_word' id='word_1_135' title='bbox 1151 1780 1391 1825; x_wconf 87' lang='lat' dir='ltr'><strong>nostrum</strong></span> <span class='ocrx_word' id='word_1_136' title='bbox 1420 1774 1689 1825; x_wconf 88' lang='lat' dir='ltr'><strong>mereatur</strong></span> <span class='ocrx_word' id='word_1_137' title='bbox 1738 1764 1995 1820; x_wconf 84' lang='lat' dir='ltr'><strong>ascende-</strong></span> 
     </span>
    </p>
   </div>
   <div class='ocr_carea' id='block_1_16' title="bbox 404 1847 1993 1933">
    <p class='ocr_par' dir='ltr' id='par_1_16' title="bbox 404 1847 1993 1933">
     <span class='ocr_line' id='line_1_16' title="bbox 404 1847 1993 1933; baseline -0.008 -11"><span class='ocrx_word' id='word_1_138' title='bbox 404 1882 484 1925; x_wconf 86' lang='lat' dir='ltr'><strong>re.</strong></span> <span class='ocrx_word' id='word_1_139' title='bbox 528 1866 813 1925; x_wconf 86' lang='lat' dir='ltr'><strong>Merebitur</strong></span> <span class='ocrx_word' id='word_1_140' title='bbox 841 1866 982 1920; x_wconf 88' lang='lat' dir='ltr'><strong>enim</strong></span> <span class='ocrx_word' id='word_1_141' title='bbox 1024 1863 1075 1918; x_wconf 90' lang='lat' dir='ltr'><strong>in</strong></span> <span class='ocrx_word' id='word_1_142' title='bbox 1124 1870 1377 1933; x_wconf 72' lang='lat' dir='ltr'><strong>regnante</strong></span> <span class='ocrx_word' id='word_1_143' title='bbox 1417 1858 1737 1931; x_wconf 77' lang='lat' dir='ltr'><strong>gloriﬁcari,</strong></span> <span class='ocrx_word' id='word_1_144' title='bbox 1784 1859 1871 1927; x_wconf 87' lang='lat' dir='ltr'><strong>qui</strong></span> <span class='ocrx_word' id='word_1_145' title='bbox 1912 1847 1993 1910; x_wconf 84' lang='lat' dir='ltr'><strong>di-</strong></span> 
     </span>
    </p>
   </div>
   <div class='ocr_carea' id='block_1_17' title="bbox 403 1948 1989 2027">
    <p class='ocr_par' dir='ltr' id='par_1_17' title="bbox 403 1948 1989 2027">
     <span class='ocr_line' id='line_1_17' title="bbox 403 1948 1989 2027; baseline -0.007 -12"><span class='ocrx_word' id='word_1_146' title='bbox 403 1960 595 2017; x_wconf 86' lang='lat' dir='ltr'><strong>dicerit</strong></span> <span class='ocrx_word' id='word_1_147' title='bbox 623 1959 679 2019; x_wconf 87' lang='lat' dir='ltr'><strong>in</strong></span> <span class='ocrx_word' id='word_1_148' title='bbox 714 1958 969 2014; x_wconf 81' lang='lat' dir='ltr'><strong>crucillxo</strong></span> <span class='ocrx_word' id='word_1_149' title='bbox 1003 1956 1239 2027; x_wconf 78' lang='lat' dir='ltr'><strong>gloriari.</strong></span> <span class='ocrx_word' id='word_1_150' title='bbox 1273 1954 1427 2011; x_wconf 86' lang='lat' dir='ltr'><strong>Unde</strong></span> <span class='ocrx_word' id='word_1_151' title='bbox 1482 1952 1669 2008; x_wconf 88' lang='lat' dir='ltr'><strong>videns</strong></span> <span class='ocrx_word' id='word_1_152' title='bbox 1704 1952 1816 2022; x_wconf 84' lang='lat' dir='ltr'><strong>ipse</strong></span> <span class='ocrx_word' id='word_1_153' title='bbox 1843 1948 1989 2021; x_wconf 54' lang='lat' dir='ltr'><strong>Apoc</strong></span> 
     </span>
    </p>
   </div>
   <div class='ocr_carea' id='block_1_18' title="bbox 402 2036 1989 2116">
    <p class='ocr_par' dir='ltr' id='par_1_18' title="bbox 402 2036 1989 2116">
     <span class='ocr_line' id='line_1_18' title="bbox 402 2036 1989 2116; baseline -0.008 -9"><span class='ocrx_word' id='word_1_154' title='bbox 402 2051 608 2116; x_wconf 85' lang='lat' dir='ltr'><strong>stolus,</strong></span> <span class='ocrx_word' id='word_1_155' title='bbox 670 2064 775 2104; x_wconf 92' lang='lat' dir='ltr'><strong>non</strong></span> <span class='ocrx_word' id='word_1_156' title='bbox 814 2048 985 2104; x_wconf 88' lang='lat' dir='ltr'><strong>solum</strong></span> <span class='ocrx_word' id='word_1_157' title='bbox 1046 2062 1151 2115; x_wconf 85' lang='lat' dir='ltr'><strong>quo</strong></span> <span class='ocrx_word' id='word_1_158' title='bbox 1180 2044 1464 2110; x_wconf 83' lang='lat' dir='ltr'><strong>ascendat,</strong></span> <span class='ocrx_word' id='word_1_159' title='bbox 1511 2044 1604 2099; x_wconf 89' lang='lat' dir='ltr'><strong>sed</strong></span> <span class='ocrx_word' id='word_1_160' title='bbox 1668 2043 1826 2100; x_wconf 82' lang='lat' dir='ltr'><strong>etiam</strong></span> <span class='ocrx_word' id='word_1_161' title='bbox 1885 2036 1989 2111; x_wconf 86' lang='lat' dir='ltr'><strong>qua</strong></span> 
     </span>
    </p>
   </div>
   <div class='ocr_carea' id='block_1_19' title="bbox 401 2133 1993 2205">
    <p class='ocr_par' dir='ltr' id='par_1_19' title="bbox 401 2133 1993 2205">
     <span class='ocr_line' id='line_1_19' title="bbox 401 2133 1993 2205; baseline -0.007 -8"><span class='ocrx_word' id='word_1_162' title='bbox 401 2141 659 2199; x_wconf 78' lang='lat' dir='ltr'><strong>ascendat</strong></span> <span class='ocrx_word' id='word_1_163' title='bbox 704 2159 719 2196; x_wconf 93' lang='lat'><strong>:</strong></span> <span class='ocrx_word' id='word_1_164' title='bbox 764 2140 932 2195; x_wconf 90' lang='lat' dir='ltr'><strong>multi.</strong></span> <span class='ocrx_word' id='word_1_165' title='bbox 964 2138 1107 2195; x_wconf 85' lang='lat' dir='ltr'><strong>enim</strong></span> <span class='ocrx_word' id='word_1_166' title='bbox 1154 2136 1401 2191; x_wconf 86' lang='lat' dir='ltr'><strong>viderunt</strong></span> <span class='ocrx_word' id='word_1_167' title='bbox 1419 2151 1553 2205; x_wconf 86' lang='lat' dir='ltr'><strong>quo,</strong></span> <span class='ocrx_word' id='word_1_168' title='bbox 1604 2149 1703 2189; x_wconf 90' lang='lat' dir='ltr'><strong>nec</strong></span> <span class='ocrx_word' id='word_1_169' title='bbox 1743 2133 1993 2187; x_wconf 87' lang='lat' dir='ltr'><strong>viderunt</strong></span> 
     </span>
    </p>
   </div>
   <div class='ocr_carea' id='block_1_20' title="bbox 401 2225 1990 2307">
    <p class='ocr_par' dir='ltr' id='par_1_20' title="bbox 401 2225 1990 2307">
     <span class='ocr_line' id='line_1_20' title="bbox 401 2225 1990 2307; baseline -0.01 -14"><span class='ocrx_word' id='word_1_170' title='bbox 401 2252 506 2307; x_wconf 86' lang='lat' dir='ltr'><strong>qua</strong></span> <span class='ocrx_word' id='word_1_171' title='bbox 536 2253 557 2295; x_wconf 31' lang='grc' dir='ltr'><strong>ει</strong></span> <span class='ocrx_word' id='word_1_172' title='bbox 583 2242 895 2297; x_wconf 80' lang='lat' dir='ltr'><strong>amaverunt</strong></span> <span class='ocrx_word' id='word_1_173' title='bbox 923 2231 1257 2288; x_wconf 78' lang='lat' dir='ltr'><strong>celsitudinis</strong></span> <span class='ocrx_word' id='word_1_174' title='bbox 1298 2229 1522 2299; x_wconf 87' lang='lat' dir='ltr'><strong>patriam</strong></span> <span class='ocrx_word' id='word_1_175' title='bbox 1544 2271 1559 2293; x_wconf 93' lang='lat'><strong>,</strong></span> <span class='ocrx_word' id='word_1_176' title='bbox 1589 2226 1682 2282; x_wconf 89' lang='lat' dir='ltr'><strong>sed</strong></span> <span class='ocrx_word' id='word_1_177' title='bbox 1711 2225 1990 2296; x_wconf 70' lang='lat' dir='ltr'><strong>ignorave—</strong></span> 
     </span>
    </p>
   </div>
   <div class='ocr_carea' id='block_1_21' title="bbox 401 2320 1989 2392">
    <p class='ocr_par' dir='ltr' id='par_1_21' title="bbox 401 2320 1989 2392">
     <span class='ocr_line' id='line_1_21' title="bbox 401 2320 1989 2392; baseline -0.007 -10"><span class='ocrx_word' id='word_1_178' title='bbox 401 2337 527 2387; x_wconf 88' lang='lat' dir='ltr'><strong>ruut</strong></span> <span class='ocrx_word' id='word_1_179' title='bbox 548 2327 863 2383; x_wconf 73' lang='lat' dir='ltr'><strong>humilitatis</strong></span> <span class='ocrx_word' id='word_1_180' title='bbox 892 2326 1030 2379; x_wconf 89' lang='lat' dir='ltr'><strong>viam</strong></span> <span class='ocrx_word' id='word_1_181' title='bbox 1064 2342 1077 2378; x_wconf 86' lang='lat'><strong>:</strong></span> <span class='ocrx_word' id='word_1_182' title='bbox 1102 2324 1278 2378; x_wconf 83' lang='lat' dir='ltr'><strong>sciens</strong></span> <span class='ocrx_word' id='word_1_183' title='bbox 1312 2337 1443 2392; x_wconf 77' lang='lat' dir='ltr'><strong>ergo</strong></span> <span class='ocrx_word' id='word_1_184' title='bbox 1471 2320 1784 2391; x_wconf 78' lang='lat' dir='ltr'><strong>Apostolus,</strong></span> <span class='ocrx_word' id='word_1_185' title='bbox 1814 2327 1867 2372; x_wconf 80' lang='lat' dir='ltr'><strong>et</strong></span> <span class='ocrx_word' id='word_1_186' title='bbox 1893 2330 1989 2372; x_wconf 79' lang='lat' dir='ltr'><strong>co-</strong></span> 
     </span>
    </p>
   </div>
   <div class='ocr_carea' id='block_1_22' title="bbox 400 2411 1986 2491">
    <p class='ocr_par' dir='ltr' id='par_1_22' title="bbox 400 2411 1986 2491">
     <span class='ocr_line' id='line_1_22' title="bbox 400 2411 1986 2491; baseline -0.008 -14"><span class='ocrx_word' id='word_1_187' title='bbox 400 2422 666 2491; x_wconf 81' lang='lat' dir='ltr'><strong>gitanset</strong></span> <span class='ocrx_word' id='word_1_188' title='bbox 708 2417 1084 2490; x_wconf 76' lang='lat' dir='ltr'><strong>praemeditans</strong></span> <span class='ocrx_word' id='word_1_189' title='bbox 1109 2458 1123 2483; x_wconf 94' lang='lat'><strong>,</strong></span> <span class='ocrx_word' id='word_1_190' title='bbox 1156 2429 1261 2470; x_wconf 91' lang='lat' dir='ltr'><strong>non</strong></span> <span class='ocrx_word' id='word_1_191' title='bbox 1309 2415 1481 2469; x_wconf 88' lang='lat' dir='ltr'><strong>solum</strong></span> <span class='ocrx_word' id='word_1_192' title='bbox 1521 2428 1661 2483; x_wconf 88' lang='lat' dir='ltr'><strong>quo,</strong></span> <span class='ocrx_word' id='word_1_193' title='bbox 1705 2411 1797 2465; x_wconf 83' lang='lat' dir='ltr'><strong>sed</strong></span> <span class='ocrx_word' id='word_1_194' title='bbox 1828 2412 1986 2465; x_wconf 84' lang='lat' dir='ltr'><strong>etiam</strong></span> 
     </span>
    </p>
   </div>
   <div class='ocr_carea' id='block_1_23' title="bbox 402 2504 1991 2585">
    <p class='ocr_par' dir='ltr' id='par_1_23' title="bbox 402 2504 1991 2585">
     <span class='ocr_line' id='line_1_23' title="bbox 402 2504 1991 2585; baseline -0.009 -15"><span class='ocrx_word' id='word_1_195' title='bbox 402 2529 535 2584; x_wconf 87' lang='lat' dir='ltr'><strong>qua,</strong></span> <span class='ocrx_word' id='word_1_196' title='bbox 579 2510 669 2585; x_wconf 74' lang='lat' dir='ltr'><strong>.(a)</strong></span> <span class='ocrx_word' id='word_1_197' title='bbox 696 2511 863 2577; x_wconf 73' lang='lat' dir='ltr'><strong>Mihi,</strong></span> <span class='ocrx_word' id='word_1_198' title='bbox 905 2508 1108 2579; x_wconf 84' lang='lat' dir='ltr'><strong>inquit,</strong></span> <span class='ocrx_word' id='word_1_199' title='bbox 1153 2508 1280 2563; x_wconf 81' lang='lat' dir='ltr'><strong>obsit</strong></span> <span class='ocrx_word' id='word_1_200' title='bbox 1324 2506 1560 2578; x_wconf 88' lang='lat' dir='ltr'><strong>gloriari,</strong></span> <span class='ocrx_word' id='word_1_201' title='bbox 1593 2504 1693 2558; x_wconf 83' lang='lat' dir='ltr'><strong>nisi</strong></span> <span class='ocrx_word' id='word_1_202' title='bbox 1741 2504 1793 2557; x_wconf 86' lang='lat' dir='ltr'><strong>in</strong></span> <span class='ocrx_word' id='word_1_203' title='bbox 1843 2516 1991 2556; x_wconf 81' lang='lat' dir='ltr'><strong>cruce</strong></span> 
     </span>
    </p>
   </div>
   <div class='ocr_carea' id='block_1_24' title="bbox 400 2594 1990 2665">
    <p class='ocr_par' dir='ltr' id='par_1_24' title="bbox 400 2594 1990 2665">
     <span class='ocr_line' id='line_1_24' title="bbox 400 2594 1990 2665; baseline -0.006 -9"><span class='ocrx_word' id='word_1_204' title='bbox 400 2602 610 2659; x_wconf 75' lang='lat' dir='ltr'><strong>Domini</strong></span> <span class='ocrx_word' id='word_1_205' title='bbox 644 2601 770 2659; x_wconf 77' lang='lat' dir='ltr'><strong>Jesa</strong></span> <span class='ocrx_word' id='word_1_206' title='bbox 793 2598 1002 2657; x_wconf 76' lang='lat' dir='ltr'><strong>Christi.</strong></span> <span class='ocrx_word' id='word_1_207' title='bbox 1027 2597 1487 2662; x_wconf 86' lang='lat' dir='ltr'><strong>Poterat.dicere,</strong></span> <span class='ocrx_word' id='word_1_208' title='bbox 1519 2594 1580 2650; x_wconf 81' lang='lat' dir='ltr'><strong>lu</strong></span> <span class='ocrx_word' id='word_1_209' title='bbox 1601 2595 1858 2665; x_wconf 75' lang='lat' dir='ltr'><strong>sapientia</strong></span> <span class='ocrx_word' id='word_1_210' title='bbox 1888 2595 1990 2648; x_wconf 85' lang='lat' dir='ltr'><strong>Do-</strong></span> 
     </span>
    </p>
   </div>
   <div class='ocr_carea' id='block_1_25' title="bbox 398 2688 1984 2756">
    <p class='ocr_par' dir='ltr' id='par_1_25' title="bbox 398 2688 1984 2756">
     <span class='ocr_line' id='line_1_25' title="bbox 398 2688 1984 2756; baseline -0.006 -8"><span class='ocrx_word' id='word_1_211' title='bbox 398 2694 531 2751; x_wconf 83' lang='lat' dir='ltr'><strong>mini</strong></span> <span class='ocrx_word' id='word_1_212' title='bbox 550 2696 719 2751; x_wconf 85' lang='lat' dir='ltr'><strong>nostri</strong></span> <span class='ocrx_word' id='word_1_213' title='bbox 743 2691 872 2748; x_wconf 80' lang='lat' dir='ltr'><strong>Jesu</strong></span> <span class='ocrx_word' id='word_1_214' title='bbox 901 2688 1132 2755; x_wconf 84' lang='lat' dir='ltr'><strong>Christi;</strong></span> <span class='ocrx_word' id='word_1_215' title='bbox 1158 2698 1212 2745; x_wconf 90' lang='lat' dir='ltr'><strong>et</strong></span> <span class='ocrx_word' id='word_1_216' title='bbox 1248 2704 1432 2744; x_wconf 89' lang='lat' dir='ltr'><strong>verum</strong></span> <span class='ocrx_word' id='word_1_217' title='bbox 1458 2688 1661 2742; x_wconf 89' lang='lat' dir='ltr'><strong>diceret</strong></span> <span class='ocrx_word' id='word_1_218' title='bbox 1689 2703 1702 2739; x_wconf 88' lang='lat'><strong>:</strong></span> <span class='ocrx_word' id='word_1_219' title='bbox 1733 2690 1946 2756; x_wconf 81' lang='lat' dir='ltr'><strong>poterat</strong></span> <span class='ocrx_word' id='word_1_220' title='bbox 1971 2727 1984 2748; x_wconf 86' lang='lat'><strong>,</strong></span> 
     </span>
    </p>
   </div>
   <div class='ocr_carea' id='block_1_26' title="bbox 397 2772 1987 2856">
    <p class='ocr_par' dir='ltr' id='par_1_26' title="bbox 397 2772 1987 2856">
     <span class='ocr_line' id='line_1_26' title="bbox 397 2772 1987 2856; baseline -0.006 -15"><span class='ocrx_word' id='word_1_221' title='bbox 397 2786 456 2843; x_wconf 84' lang='lat' dir='ltr'><strong>In</strong></span> <span class='ocrx_word' id='word_1_222' title='bbox 485 2787 797 2856; x_wconf 76' lang='lat' dir='ltr'><strong>majestate;</strong></span> <span class='ocrx_word' id='word_1_223' title='bbox 847 2794 903 2839; x_wconf 91' lang='lat' dir='ltr'><strong>et</strong></span> <span class='ocrx_word' id='word_1_224' title='bbox 930 2798 1114 2838; x_wconf 90' lang='lat' dir='ltr'><strong>verum</strong></span> <span class='ocrx_word' id='word_1_225' title='bbox 1159 2783 1404 2838; x_wconf 66' lang='lat' dir='ltr'><strong>diceretn</strong></span> <span class='ocrx_word' id='word_1_226' title='bbox 1438 2789 1683 2851; x_wconf 88' lang='lat' dir='ltr'><strong>poterat,</strong></span> <span class='ocrx_word' id='word_1_227' title='bbox 1726 2778 1781 2833; x_wconf 83' lang='lat' dir='ltr'><strong>In</strong></span> <span class='ocrx_word' id='word_1_228' title='bbox 1833 2772 1987 2848; x_wconf 80' lang='lat' dir='ltr'><strong>pote-</strong></span> 
     </span>
    </p>
   </div>
   <div class='ocr_carea' id='block_1_27' title="bbox 399 2870 1988 2943">
    <p class='ocr_par' dir='ltr' id='par_1_27' title="bbox 399 2870 1988 2943">
     <span class='ocr_line' id='line_1_27' title="bbox 399 2870 1988 2943; baseline -0.008 -9"><span class='ocrx_word' id='word_1_229' title='bbox 399 2887 569 2943; x_wconf 86' lang='lat' dir='ltr'><strong>state;</strong></span> <span class='ocrx_word' id='word_1_230' title='bbox 596 2887 650 2932; x_wconf 89' lang='lat' dir='ltr'><strong>et</strong></span> <span class='ocrx_word' id='word_1_231' title='bbox 675 2890 859 2940; x_wconf 80' lang='lat' dir='ltr'><strong>verum</strong></span> <span class='ocrx_word' id='word_1_232' title='bbox 880 2874 1084 2930; x_wconf 87' lang='lat' dir='ltr'><strong>diceret</strong></span> <span class='ocrx_word' id='word_1_233' title='bbox 1112 2873 1240 2929; x_wconf 87' lang='lat' dir='ltr'><strong>:sed</strong></span> <span class='ocrx_word' id='word_1_234' title='bbox 1260 2873 1411 2937; x_wconf 83' lang='lat' dir='ltr'><strong>dixit,</strong></span> <span class='ocrx_word' id='word_1_235' title='bbox 1438 2872 1491 2925; x_wconf 85' lang='lat' dir='ltr'><strong>in</strong></span> <span class='ocrx_word' id='word_1_236' title='bbox 1516 2888 1683 2925; x_wconf 79' lang='lat' dir='ltr'><strong>cruce.</strong></span> <span class='ocrx_word' id='word_1_237' title='bbox 1706 2870 1806 2926; x_wconf 88' lang='lat' dir='ltr'><strong>Ubi</strong></span> <span class='ocrx_word' id='word_1_238' title='bbox 1830 2884 1988 2923; x_wconf 89' lang='lat' dir='ltr'><strong>mnu-</strong></span> 
     </span>
    </p>
   </div>
   <div class='ocr_carea' id='block_1_28' title="bbox 401 2963 1991 3039">
    <p class='ocr_par' dir='ltr' id='par_1_28' title="bbox 401 2963 1991 3039">
     <span class='ocr_line' id='line_1_28' title="bbox 401 2963 1991 3039; baseline -0.007 -13"><span class='ocrx_word' id='word_1_239' title='bbox 401 2973 458 3027; x_wconf 89' lang='lat' dir='ltr'><strong>di</strong></span> <span class='ocrx_word' id='word_1_240' title='bbox 486 2968 832 3039; x_wconf 63' lang='lat' dir='ltr'><strong>philosorihus</strong></span> <span class='ocrx_word' id='word_1_241' title='bbox 861 2967 1105 3031; x_wconf 82' lang='lat' dir='ltr'><strong>erubuit,</strong></span> <span class='ocrx_word' id='word_1_242' title='bbox 1140 2966 1210 3019; x_wconf 85' lang='lat' dir='ltr'><strong>ibi</strong></span> <span class='ocrx_word' id='word_1_243' title='bbox 1239 2966 1545 3018; x_wconf 88' lang='lat' dir='ltr'><strong>thesaurum</strong></span> <span class='ocrx_word' id='word_1_244' title='bbox 1576 2963 1862 3031; x_wconf 81' lang='lat' dir='ltr'><strong>Apostolus</strong></span> <span class='ocrx_word' id='word_1_245' title='bbox 1904 2975 1991 3015; x_wconf 88' lang='lat' dir='ltr'><strong>re-</strong></span> 
     </span>
    </p>
   </div>
   <div class='ocr_carea' id='block_1_29' title="bbox 399 3053 1991 3133">
    <p class='ocr_par' dir='ltr' id='par_1_29' title="bbox 399 3053 1991 3133">
     <span class='ocr_line' id='line_1_29' title="bbox 399 3053 1991 3133; baseline -0.006 -18"><span class='ocrx_word' id='word_1_246' title='bbox 399 3062 538 3133; x_wconf 85' lang='lat' dir='ltr'><strong>perit</strong></span> <span class='ocrx_word' id='word_1_247' title='bbox 566 3078 579 3114; x_wconf 92' lang='lat'><strong>:</strong></span> <span class='ocrx_word' id='word_1_248' title='bbox 612 3076 717 3117; x_wconf 88' lang='lat' dir='ltr'><strong>non</strong></span> <span class='ocrx_word' id='word_1_249' title='bbox 762 3057 1156 3116; x_wconf 90' lang='lat' dir='ltr'><strong>contemnendo</strong></span> <span class='ocrx_word' id='word_1_250' title='bbox 1190 3056 1302 3110; x_wconf 87' lang='lat' dir='ltr'><strong>.vile</strong></span> <span class='ocrx_word' id='word_1_251' title='bbox 1339 3055 1669 3110; x_wconf 81' lang='lat' dir='ltr'><strong>involucrum</strong></span> <span class='ocrx_word' id='word_1_252' title='bbox 1692 3092 1706 3115; x_wconf 92' lang='lat'><strong>,</strong></span> <span class='ocrx_word' id='word_1_253' title='bbox 1749 3053 1991 3121; x_wconf 77' lang='lat' dir='ltr'><strong>pervenit</strong></span> 
     </span>
    </p>
   </div>
   <div class='ocr_carea' id='block_1_30' title="bbox 399 3144 1985 3223">
    <p class='ocr_par' dir='ltr' id='par_1_30' title="bbox 399 3144 1985 3223">
     <span class='ocr_line' id='line_1_30' title="bbox 399 3144 1985 3223; baseline -0.006 -15"><span class='ocrx_word' id='word_1_254' title='bbox 399 3155 467 3209; x_wconf 87' lang='lat' dir='ltr'><strong>ad</strong></span> <span class='ocrx_word' id='word_1_255' title='bbox 500 3153 791 3223; x_wconf 72' lang='lat' dir='ltr'><strong>pretiosum</strong></span> <span class='ocrx_word' id='word_1_256' title='bbox 815 3151 1127 3206; x_wconf 86' lang='lat' dir='ltr'><strong>involutum.</strong></span> <span class='ocrx_word' id='word_1_257' title='bbox 1161 3148 1339 3212; x_wconf 82' lang='lat' dir='ltr'><strong>Absit,</strong></span> <span class='ocrx_word' id='word_1_258' title='bbox 1365 3146 1566 3212; x_wconf 82' lang='lat' dir='ltr'><strong>inquit,</strong></span> <span class='ocrx_word' id='word_1_259' title='bbox 1596 3144 1721 3198; x_wconf 77' lang='lat' dir='ltr'><strong>mihi</strong></span> <span class='ocrx_word' id='word_1_260' title='bbox 1740 3144 1948 3213; x_wconf 82' lang='lat' dir='ltr'><strong>gloriari</strong></span> <span class='ocrx_word' id='word_1_261' title='bbox 1969 3184 1985 3210; x_wconf 89' lang='lat'><strong>,</strong></span> 
     </span>
    </p>
   </div>
   <div class='ocr_carea' id='block_1_31' title="bbox 399 3235 1986 3305">
    <p class='ocr_par' dir='ltr' id='par_1_31' title="bbox 399 3235 1986 3305">
     <span class='ocr_line' id='line_1_31' title="bbox 399 3235 1986 3305; baseline -0.008 -4"><span class='ocrx_word' id='word_1_262' title='bbox 399 3248 498 3305; x_wconf 82' lang='lat' dir='ltr'><strong>nisi</strong></span> <span class='ocrx_word' id='word_1_263' title='bbox 526 3246 581 3303; x_wconf 82' lang='lat' dir='ltr'><strong>in</strong></span> <span class='ocrx_word' id='word_1_264' title='bbox 623 3259 771 3299; x_wconf 81' lang='lat' dir='ltr'><strong>cruce</strong></span> <span class='ocrx_word' id='word_1_265' title='bbox 797 3241 1003 3297; x_wconf 85' lang='lat' dir='ltr'><strong>Domini</strong></span> <span class='ocrx_word' id='word_1_266' title='bbox 1032 3240 1190 3294; x_wconf 84' lang='lat' dir='ltr'><strong>nostri</strong></span> <span class='ocrx_word' id='word_1_267' title='bbox 1227 3237 1356 3292; x_wconf 75' lang='lat' dir='ltr'><strong>Iesu</strong></span> <span class='ocrx_word' id='word_1_268' title='bbox 1385 3236 1591 3293; x_wconf 85' lang='lat' dir='ltr'><strong>Christi.</strong></span> <span class='ocrx_word' id='word_1_269' title='bbox 1620 3235 1843 3290; x_wconf 71' lang='lat' dir='ltr'><strong>Bonam</strong></span> <span class='ocrx_word' id='word_1_270' title='bbox 1872 3250 1986 3289; x_wconf 89' lang='lat' dir='ltr'><strong>sar-</strong></span> 
     </span>
    </p>
   </div>
   <div class='ocr_carea' id='block_1_32' title="bbox 398 3327 1990 3399">
    <p class='ocr_par' dir='ltr' id='par_1_32' title="bbox 398 3327 1990 3399">
     <span class='ocr_line' id='line_1_32' title="bbox 398 3327 1990 3399; baseline -0.006 -7"><span class='ocrx_word' id='word_1_271' title='bbox 398 3339 572 3399; x_wconf 78' lang='lat' dir='ltr'><strong>cinam</strong></span> <span class='ocrx_word' id='word_1_272' title='bbox 624 3333 923 3399; x_wconf 73' lang='lat' dir='ltr'><strong>sustulisti,</strong></span> <span class='ocrx_word' id='word_1_273' title='bbox 970 3332 1043 3387; x_wconf 89' lang='lat' dir='ltr'><strong>ibi</strong></span> <span class='ocrx_word' id='word_1_274' title='bbox 1096 3340 1264 3385; x_wconf 88' lang='lat' dir='ltr'><strong>totum</strong></span> <span class='ocrx_word' id='word_1_275' title='bbox 1307 3338 1390 3384; x_wconf 87' lang='lat' dir='ltr'><strong>est</strong></span> <span class='ocrx_word' id='word_1_276' title='bbox 1433 3328 1572 3398; x_wconf 86' lang='lat' dir='ltr'><strong>quod</strong></span> <span class='ocrx_word' id='word_1_277' title='bbox 1608 3327 1886 3397; x_wconf 64' lang='lat' dir='ltr'><strong>quaesisti;</strong></span> <span class='ocrx_word' id='word_1_278' title='bbox 1932 3336 1990 3382; x_wconf 85' lang='lat' dir='ltr'><strong>et</strong></span> 
     </span>
    </p>
   </div>
   <div class='ocr_carea' id='block_1_33' title="bbox 401 3419 1989 3499">
    <p class='ocr_par' dir='ltr' id='par_1_33' title="bbox 401 3419 1989 3499">
     <span class='ocr_line' id='line_1_33' title="bbox 401 3419 1989 3499; baseline -0.009 -14"><span class='ocrx_word' id='word_1_279' title='bbox 401 3427 533 3499; x_wconf 85' lang='lat' dir='ltr'><strong>quid</strong></span> <span class='ocrx_word' id='word_1_280' title='bbox 574 3427 649 3485; x_wconf 88' lang='lat' dir='ltr'><strong>ibi</strong></span> <span class='ocrx_word' id='word_1_281' title='bbox 678 3440 928 3497; x_wconf 65' lang='lat' dir='ltr'><strong>magnum</strong></span> <span class='ocrx_word' id='word_1_282' title='bbox 972 3423 1191 3488; x_wconf 89' lang='lat' dir='ltr'><strong>lateret,</strong></span> <span class='ocrx_word' id='word_1_283' title='bbox 1224 3421 1524 3485; x_wconf 56' lang='lat' dir='ltr'><strong>ostemlisti.</strong></span> <span class='ocrx_word' id='word_1_284' title='bbox 1573 3420 1740 3487; x_wconf 81' lang='lat' dir='ltr'><strong>Quale</strong></span> <span class='ocrx_word' id='word_1_285' title='bbox 1776 3419 1989 3488; x_wconf 84' lang='lat' dir='ltr'><strong>adjuto-</strong></span> 
     </span>
    </p>
   </div>
   <div class='ocr_carea' id='block_1_34' title="bbox 398 3511 1990 3586">
    <p class='ocr_par' dir='ltr' id='par_1_34' title="bbox 398 3511 1990 3586">
     <span class='ocr_line' id='line_1_34' title="bbox 398 3511 1990 3586; baseline -0.008 -11"><span class='ocrx_word' id='word_1_286' title='bbox 398 3519 580 3575; x_wconf 83' lang='lat' dir='ltr'><strong>rium?</strong></span> <span class='ocrx_word' id='word_1_287' title='bbox 606 3516 710 3573; x_wconf 74' lang='lat' dir='ltr'><strong>Per</strong></span> <span class='ocrx_word' id='word_1_288' title='bbox 734 3532 882 3586; x_wconf 75' lang='lat' dir='ltr'><strong>quem</strong></span> <span class='ocrx_word' id='word_1_289' title='bbox 912 3515 1068 3579; x_wconf 85' lang='lat' dir='ltr'><strong>mihi,</strong></span> <span class='ocrx_word' id='word_1_290' title='bbox 1115 3514 1315 3582; x_wconf 79' lang='lat' dir='ltr'><strong>inquit,</strong></span> <span class='ocrx_word' id='word_1_291' title='bbox 1346 3512 1568 3567; x_wconf 80' lang='lat' dir='ltr'><strong>mundus</strong></span> <span class='ocrx_word' id='word_1_292' title='bbox 1607 3511 1881 3580; x_wconf 72' lang='lat' dir='ltr'><strong>cruciﬁxus</strong></span> <span class='ocrx_word' id='word_1_293' title='bbox 1918 3519 1990 3565; x_wconf 84' lang='lat' dir='ltr'><strong>est</strong></span> 
     </span>
    </p>
   </div>
   <div class='ocr_carea' id='block_1_35' title="bbox 399 3604 1987 3683">
    <p class='ocr_par' dir='ltr' id='par_1_35' title="bbox 399 3604 1987 3683">
     <span class='ocr_line' id='line_1_35' title="bbox 399 3604 1987 3683; baseline -0.004 -18"><span class='ocrx_word' id='word_1_294' title='bbox 399 3621 447 3666; x_wconf 88' lang='lat' dir='ltr'><strong>et</strong></span> <span class='ocrx_word' id='word_1_295' title='bbox 470 3627 562 3683; x_wconf 84' lang='lat' dir='ltr'><strong>ego</strong></span> <span class='ocrx_word' id='word_1_296' title='bbox 584 3611 772 3671; x_wconf 70' lang='lat' dir='ltr'><strong>mtmdo</strong></span> <span class='ocrx_word' id='word_1_297' title='bbox 803 3606 996 3681; x_wconf 79' lang='lat' dir='ltr'><strong>(Galat.</strong></span> <span class='ocrx_word' id='word_1_298' title='bbox 1027 3621 1081 3662; x_wconf 80' lang='lat' dir='ltr'><strong>Vl</strong></span> <span class='ocrx_word' id='word_1_299' title='bbox 1102 3648 1115 3669; x_wconf 92' lang='lat'><strong>,</strong></span> <span class='ocrx_word' id='word_1_300' title='bbox 1142 3606 1252 3675; x_wconf 73' lang='grc'><strong>14).</strong></span> <span class='ocrx_word' id='word_1_301' title='bbox 1275 3604 1500 3673; x_wconf 88' lang='lat' dir='ltr'><strong>Quando</strong></span> <span class='ocrx_word' id='word_1_302' title='bbox 1527 3604 1621 3659; x_wconf 87' lang='lat' dir='ltr'><strong>tibi</strong></span> <span class='ocrx_word' id='word_1_303' title='bbox 1647 3605 1987 3673; x_wconf 57' lang='lat' dir='ltr'><strong>cruciﬁgere.</strong></span> 
     </span>
    </p>
   </div>
   <div class='ocr_carea' id='block_1_36' title="bbox 400 3694 1991 3767">
    <p class='ocr_par' dir='ltr' id='par_1_36' title="bbox 400 3694 1991 3767">
     <span class='ocr_line' id='line_1_36' title="bbox 400 3694 1991 3767; baseline -0.004 -11"><span class='ocrx_word' id='word_1_304' title='bbox 400 3710 487 3759; x_wconf 88' lang='lat' dir='ltr'><strong>tur</strong></span> <span class='ocrx_word' id='word_1_305' title='bbox 512 3700 775 3767; x_wconf 89' lang='lat' dir='ltr'><strong>mundus,</strong></span> <span class='ocrx_word' id='word_1_306' title='bbox 805 3698 909 3755; x_wconf 84' lang='lat' dir='ltr'><strong>nisi</strong></span> <span class='ocrx_word' id='word_1_307' title='bbox 951 3712 1046 3767; x_wconf 86' lang='lat' dir='ltr'><strong>pro</strong></span> <span class='ocrx_word' id='word_1_308' title='bbox 1096 3706 1149 3752; x_wconf 89' lang='lat' dir='ltr'><strong>te</strong></span> <span class='ocrx_word' id='word_1_309' title='bbox 1176 3696 1577 3764; x_wconf 80' lang='lat' dir='ltr'><strong>cruciﬁgeretur</strong></span> <span class='ocrx_word' id='word_1_310' title='bbox 1605 3711 1699 3765; x_wconf 89' lang='lat' dir='ltr'><strong>per</strong></span> <span class='ocrx_word' id='word_1_311' title='bbox 1721 3700 1880 3765; x_wconf 86' lang='lat' dir='ltr'><strong>quem</strong></span> <span class='ocrx_word' id='word_1_312' title='bbox 1912 3694 1991 3749; x_wconf 87' lang='lat' dir='ltr'><strong>l&#39;a-</strong></span> 
     </span>
    </p>
   </div>
   <div class='ocr_carea' id='block_1_37' title="bbox 399 3785 1980 3859">
    <p class='ocr_par' dir='ltr' id='par_1_37' title="bbox 399 3785 1980 3859">
     <span class='ocr_line' id='line_1_37' title="bbox 399 3785 1980 3859; baseline -0.006 -10"><span class='ocrx_word' id='word_1_313' title='bbox 399 3806 519 3853; x_wconf 83' lang='lat' dir='ltr'><strong>ctus</strong></span> <span class='ocrx_word' id='word_1_314' title='bbox 556 3802 642 3850; x_wconf 89' lang='lat' dir='ltr'><strong>est</strong></span> <span class='ocrx_word' id='word_1_315' title='bbox 670 3790 938 3851; x_wconf 82' lang='lat' dir='ltr'><strong>mundus?</strong></span> <span class='ocrx_word' id='word_1_316' title='bbox 958 3791 1103 3859; x_wconf 82' lang='lat' dir='ltr'><strong>Ergo</strong></span> <span class='ocrx_word' id='word_1_317' title='bbox 1122 3790 1207 3858; x_wconf 81' lang='lat' dir='ltr'><strong>qui</strong></span> <span class='ocrx_word' id='word_1_318' title='bbox 1228 3788 1477 3858; x_wconf 72' lang='lat' dir='ltr'><strong>gloriatur</strong></span> <span class='ocrx_word' id='word_1_319' title='bbox 1495 3829 1512 3852; x_wconf 93' lang='lat'><strong>,</strong></span> <span class='ocrx_word' id='word_1_320' title='bbox 1539 3788 1593 3841; x_wconf 82' lang='lat' dir='ltr'><strong>in</strong></span> <span class='ocrx_word' id='word_1_321' title='bbox 1623 3785 1837 3841; x_wconf 87' lang='lat' dir='ltr'><strong>Domino</strong></span> <span class='ocrx_word' id='word_1_322' title='bbox 1877 3787 1980 3858; x_wconf 72' lang='lat' dir='ltr'><strong>glo-</strong></span> 
     </span>
    </p>
   </div>
   <div class='ocr_carea' id='block_1_38' title="bbox 399 3879 1989 3955">
    <p class='ocr_par' dir='ltr' id='par_1_38' title="bbox 399 3879 1989 3955">
     <span class='ocr_line' id='line_1_38' title="bbox 399 3879 1989 3955; baseline -0.006 -12"><span class='ocrx_word' id='word_1_323' title='bbox 399 3890 597 3947; x_wconf 35' lang='lat' dir='ltr'><strong>rietura</strong></span> <span class='ocrx_word' id='word_1_324' title='bbox 626 3886 746 3955; x_wconf 86' lang='lat' dir='ltr'><strong>Quo</strong></span> <span class='ocrx_word' id='word_1_325' title='bbox 775 3882 1037 3941; x_wconf 79' lang='lat' dir='ltr'><strong>Domino?</strong></span> <span class='ocrx_word' id='word_1_326' title='bbox 1089 3882 1303 3941; x_wconf 71' lang='lat' dir='ltr'><strong>Chi-lato</strong></span> <span class='ocrx_word' id='word_1_327' title='bbox 1355 3880 1630 3936; x_wconf 80' lang='lat' dir='ltr'><strong>cruciﬁxo.</strong></span> <span class='ocrx_word' id='word_1_328' title='bbox 1663 3879 1764 3936; x_wconf 90' lang='lat' dir='ltr'><strong>Ubi</strong></span> <span class='ocrx_word' id='word_1_329' title='bbox 1810 3880 1989 3934; x_wconf 77' lang='lat' dir='ltr'><strong>humi-</strong></span> 
     </span>
    </p>
   </div>
   <div class='ocr_carea' id='block_1_39' title="bbox 401 3973 1989 4047">
    <p class='ocr_par' dir='ltr' id='par_1_39' title="bbox 401 3973 1989 4047">
     <span class='ocr_line' id='line_1_39' title="bbox 401 3973 1989 4047; baseline -0.004 -12"><span class='ocrx_word' id='word_1_330' title='bbox 401 3981 554 4046; x_wconf 87' lang='lat' dir='ltr'><strong>litas,</strong></span> <span class='ocrx_word' id='word_1_331' title='bbox 588 3979 661 4033; x_wconf 88' lang='lat' dir='ltr'><strong>ibi</strong></span> <span class='ocrx_word' id='word_1_332' title='bbox 692 3977 977 4047; x_wconf 81' lang='lat' dir='ltr'><strong>majestas.;</strong></span> <span class='ocrx_word' id='word_1_333' title='bbox 1005 3974 1431 4037; x_wconf 71' lang='lat' dir='ltr'><strong>ubi.intirmitas,</strong></span> <span class='ocrx_word' id='word_1_334' title='bbox 1477 3973 1548 4029; x_wconf 87' lang='lat' dir='ltr'><strong>ibi</strong></span> <span class='ocrx_word' id='word_1_335' title='bbox 1588 3981 1853 4043; x_wconf 87' lang='lat' dir='ltr'><strong>potestas;</strong></span> <span class='ocrx_word' id='word_1_336' title='bbox 1896 3975 1989 4028; x_wconf 86' lang='lat' dir='ltr'><strong>ubi</strong></span> 
     </span>
    </p>
   </div>
   <div class='ocr_carea' id='block_1_40' title="bbox 403 4067 1990 4138">
    <p class='ocr_par' dir='ltr' id='par_1_40' title="bbox 403 4067 1990 4138">
     <span class='ocr_line' id='line_1_40' title="bbox 403 4067 1990 4138; baseline -0.003 -13"><span class='ocrx_word' id='word_1_337' title='bbox 403 4088 549 4137; x_wconf 83' lang='lat' dir='ltr'><strong>mors</strong></span> <span class='ocrx_word' id='word_1_338' title='bbox 567 4110 581 4135; x_wconf 91' lang='lat'><strong>,</strong></span> <span class='ocrx_word' id='word_1_339' title='bbox 615 4070 685 4133; x_wconf 86' lang='lat' dir='ltr'><strong>ibi</strong></span> <span class='ocrx_word' id='word_1_340' title='bbox 710 4071 836 4124; x_wconf 88' lang='lat' dir='ltr'><strong>vita.</strong></span> <span class='ocrx_word' id='word_1_341' title='bbox 863 4069 919 4126; x_wconf 90' lang='lat' dir='ltr'><strong>Si</strong></span> <span class='ocrx_word' id='word_1_342' title='bbox 941 4069 1021 4123; x_wconf 85' lang='lat' dir='ltr'><strong>vis</strong></span> <span class='ocrx_word' id='word_1_343' title='bbox 1048 4068 1116 4123; x_wconf 89' lang='lat' dir='ltr'><strong>ad</strong></span> <span class='ocrx_word' id='word_1_344' title='bbox 1146 4068 1234 4123; x_wconf 84' lang='lat' dir='ltr'><strong>illa</strong></span> <span class='ocrx_word' id='word_1_345' title='bbox 1257 4067 1568 4138; x_wconf 83' lang='lat' dir='ltr'><strong>pervenire,</strong></span> <span class='ocrx_word' id='word_1_346' title='bbox 1602 4067 1712 4122; x_wconf 91' lang='lat' dir='ltr'><strong>noli</strong></span> <span class='ocrx_word' id='word_1_347' title='bbox 1742 4068 1841 4122; x_wconf 88' lang='lat' dir='ltr'><strong>ista</strong></span> <span class='ocrx_word' id='word_1_348' title='bbox 1860 4082 1990 4122; x_wconf 87' lang='lat' dir='ltr'><strong>con-</strong></span> 
     </span>
    </p>
   </div>
   <div class='ocr_carea' id='block_1_41' title="bbox 402 4173 1893 4219">
    <p class='ocr_par' dir='ltr' id='par_1_41' title="bbox 402 4173 1893 4219">
     <span class='ocr_line' id='line_1_41' title="bbox 402 4173 1893 4219; baseline -0.003 0"><span class='ocrx_word' id='word_1_349' title='bbox 402 4173 661 4219; x_wconf 86' lang='lat' dir='ltr'><strong>temnere.</strong></span> <span class='ocrx_word' id='word_1_350' title='bbox 754 4210 761 4219; x_wconf 93' lang='lat'><strong>.</strong></span> <span class='ocrx_word' id='word_1_351' title='bbox 1126 4210 1131 4215; x_wconf 94' lang='lat'><strong>.</strong></span> <span class='ocrx_word' id='word_1_352' title='bbox 1798 4186 1805 4201; x_wconf 72' lang='grc'><strong>⁴</strong></span> <span class='ocrx_word' id='word_1_353' title='bbox 1866 4188 1871 4195; x_wconf 90' lang='grc'><strong>·</strong></span> <span class='ocrx_word' id='word_1_354' title='bbox 1890 4192 1893 4195; x_wconf 59' lang='grc' dir='ltr'><strong><em>λ</em></strong></span> 
     </span>
    </p>
   </div>
   <div class='ocr_carea' id='block_1_42' title="bbox 476 4250 1990 4325">
    <p class='ocr_par' dir='ltr' id='par_1_42' title="bbox 476 4250 1990 4325">
     <span class='ocr_line' id='line_1_42' title="bbox 476 4250 1990 4325; baseline -0.007 -11"><span class='ocrx_word' id='word_1_355' title='bbox 476 4260 530 4314; x_wconf 78' lang='lat'><strong>5.</strong></span> <span class='ocrx_word' id='word_1_356' title='bbox 572 4255 699 4311; x_wconf 81' lang='lat' dir='ltr'><strong>Filii</strong></span> <span class='ocrx_word' id='word_1_357' title='bbox 722 4253 973 4325; x_wconf 49' lang='lat' dir='ltr'><strong>,Zebedtei</strong></span> <span class='ocrx_word' id='word_1_358' title='bbox 1020 4250 1366 4308; x_wconf 75' lang='lat' dir='ltr'><strong>celsitudinem</strong></span> <span class='ocrx_word' id='word_1_359' title='bbox 1406 4257 1699 4321; x_wconf 87' lang='lat' dir='ltr'><strong>appetentes</strong></span> <span class='ocrx_word' id='word_1_360' title='bbox 1742 4251 1810 4303; x_wconf 85' lang='lat' dir='ltr'><strong>ad</strong></span> <span class='ocrx_word' id='word_1_361' title='bbox 1858 4251 1990 4309; x_wconf 78' lang='lat' dir='ltr'><strong>uiam</strong></span> 
     </span>
    </p>
   </div>
   <div class='ocr_carea' id='block_1_43' title="bbox 407 4340 1989 4413">
    <p class='ocr_par' dir='ltr' id='par_1_43' title="bbox 407 4340 1989 4413">
     <span class='ocr_line' id='line_1_43' title="bbox 407 4340 1989 4413; baseline -0.005 -8"><span class='ocrx_word' id='word_1_362' title='bbox 407 4346 910 4407; x_wconf 70' lang='lat' dir='ltr'><strong>vocantur.,Audisti</strong></span> <span class='ocrx_word' id='word_1_363' title='bbox 962 4346 1017 4400; x_wconf 89' lang='lat' dir='ltr'><strong>in</strong></span> <span class='ocrx_word' id='word_1_364' title='bbox 1045 4345 1334 4413; x_wconf 77' lang='lat' dir='ltr'><strong>Evangelio</strong></span> <span class='ocrx_word' id='word_1_365' title='bbox 1365 4340 1505 4397; x_wconf 81' lang='lat' dir='ltr'><strong>ﬁlios</strong></span> <span class='ocrx_word' id='word_1_366' title='bbox 1531 4342 1796 4398; x_wconf 67' lang='lat' dir='ltr'><strong>Zebcdiei.</strong></span> <span class='ocrx_word' id='word_1_367' title='bbox 1829 4342 1989 4411; x_wconf 75' lang='lat' dir='ltr'><strong>Qua:—</strong></span> 
     </span>
    </p>
   </div>
   <div class='ocr_carea' id='block_1_44' title="bbox 406 4435 1989 4502">
    <p class='ocr_par' dir='ltr' id='par_1_44' title="bbox 406 4435 1989 4502">
     <span class='ocr_line' id='line_1_44' title="bbox 406 4435 1989 4502; baseline -0.004 -5"><span class='ocrx_word' id='word_1_368' title='bbox 406 4445 611 4501; x_wconf 53' lang='lat' dir='ltr'><strong>rebant.</strong></span> <span class='ocrx_word' id='word_1_369' title='bbox 636 4440 1004 4502; x_wconf 85' lang='lat' dir='ltr'><strong>altitudinem,</strong></span> <span class='ocrx_word' id='word_1_370' title='bbox 1058 4436 1297 4490; x_wconf 86' lang='lat' dir='ltr'><strong>dicentes</strong></span> <span class='ocrx_word' id='word_1_371' title='bbox 1335 4443 1394 4489; x_wconf 90' lang='lat' dir='ltr'><strong>ut</strong></span> <span class='ocrx_word' id='word_1_372' title='bbox 1443 4450 1579 4490; x_wconf 91' lang='lat' dir='ltr'><strong>unus</strong></span> <span class='ocrx_word' id='word_1_373' title='bbox 1604 4440 1786 4490; x_wconf 82' lang='lat' dir='ltr'><strong>eorum</strong></span> <span class='ocrx_word' id='word_1_374' title='bbox 1830 4435 1989 4491; x_wconf 86' lang='lat' dir='ltr'><strong>sede-</strong></span> 
     </span>
    </p>
   </div>
   <div class='ocr_carea' id='block_1_45' title="bbox 404 4527 1992 4597">
    <p class='ocr_par' dir='ltr' id='par_1_45' title="bbox 404 4527 1992 4597">
     <span class='ocr_line' id='line_1_45' title="bbox 404 4527 1992 4597; baseline -0.005 -7"><span class='ocrx_word' id='word_1_375' title='bbox 404 4547 486 4590; x_wconf 86' lang='lat' dir='ltr'><strong>ret</strong></span> <span class='ocrx_word' id='word_1_376' title='bbox 550 4532 617 4589; x_wconf 88' lang='lat' dir='ltr'><strong>ad</strong></span> <span class='ocrx_word' id='word_1_377' title='bbox 659 4532 932 4589; x_wconf 76' lang='lat' dir='ltr'><strong>dexteram</strong></span> <span class='ocrx_word' id='word_1_378' title='bbox 985 4527 1117 4585; x_wconf 90' lang='lat' dir='ltr'><strong>tanti</strong></span> <span class='ocrx_word' id='word_1_379' title='bbox 1172 4528 1596 4597; x_wconf 70' lang='lat' dir='ltr'><strong>patrislamilias,</strong></span> <span class='ocrx_word' id='word_1_380' title='bbox 1641 4529 1777 4583; x_wconf 83' lang='lat' dir='ltr'><strong>alter</strong></span> <span class='ocrx_word' id='word_1_381' title='bbox 1814 4530 1879 4582; x_wconf 91' lang='lat' dir='ltr'><strong>ad</strong></span> <span class='ocrx_word' id='word_1_382' title='bbox 1916 4528 1992 4583; x_wconf 58' lang='lat' dir='ltr'><strong>si-</strong></span> 
     </span>
    </p>
   </div>
   <div class='ocr_carea' id='block_1_46' title="bbox 407 4620 1986 4694">
    <p class='ocr_par' dir='ltr' id='par_1_46' title="bbox 407 4620 1986 4694">
     <span class='ocr_line' id='line_1_46' title="bbox 407 4620 1986 4694; baseline -0.005 -11"><span class='ocrx_word' id='word_1_383' title='bbox 407 4632 653 4683; x_wconf 82' lang='lat' dir='ltr'><strong>nistram.</strong></span> <span class='ocrx_word' id='word_1_384' title='bbox 682 4625 923 4694; x_wconf 73' lang='lat' dir='ltr'><strong>Magnam</strong></span> <span class='ocrx_word' id='word_1_385' title='bbox 951 4622 1110 4694; x_wconf 87' lang='lat' dir='ltr'><strong>plane</strong></span> <span class='ocrx_word' id='word_1_386' title='bbox 1132 4621 1206 4675; x_wconf 89' lang='lat' dir='ltr'><strong>illi</strong></span> <span class='ocrx_word' id='word_1_387' title='bbox 1234 4620 1599 4675; x_wconf 85' lang='lat' dir='ltr'><strong>celsitudinem</strong></span> <span class='ocrx_word' id='word_1_388' title='bbox 1627 4623 1986 4690; x_wconf 87' lang='lat' dir='ltr'><strong>requirebant,</strong></span> 
     </span>
    </p>
   </div>
   <div class='ocr_carea' id='block_1_47' title="bbox 336 4711 1989 4791">
    <p class='ocr_par' dir='ltr' id='par_1_47' title="bbox 336 4711 1989 4791">
     <span class='ocr_line' id='line_1_47' title="bbox 336 4711 1989 4791; baseline -0.005 -15"><span class='ocrx_word' id='word_1_389' title='bbox 336 4780 339 4783; x_wconf 96' lang='lat'><em>_</em></span> <span class='ocrx_word' id='word_1_390' title='bbox 404 4734 648 4791; x_wconf 70' lang='lat' dir='ltr'><strong>magnam</strong></span> <span class='ocrx_word' id='word_1_391' title='bbox 682 4736 696 4772; x_wconf 90' lang='lat'><strong>:</strong></span> <span class='ocrx_word' id='word_1_392' title='bbox 726 4715 822 4771; x_wconf 88' lang='lat' dir='ltr'><strong>sed</strong></span> <span class='ocrx_word' id='word_1_393' title='bbox 849 4714 1098 4786; x_wconf 89' lang='lat' dir='ltr'><strong>quoniam</strong></span> <span class='ocrx_word' id='word_1_394' title='bbox 1130 4711 1520 4782; x_wconf 72' lang='lat' dir='ltr'><strong>postponebant</strong></span> <span class='ocrx_word' id='word_1_395' title='bbox 1544 4727 1678 4781; x_wconf 78' lang='lat' dir='ltr'><strong>qua.</strong></span> <span class='ocrx_word' id='word_1_396' title='bbox 1703 4724 1855 4767; x_wconf 82' lang='lat' dir='ltr'><strong>vocat</strong></span> <span class='ocrx_word' id='word_1_397' title='bbox 1894 4728 1989 4768; x_wconf 86' lang='lat' dir='ltr'><strong>eos</strong></span> 
     </span>
    </p>
   </div>
   <div class='ocr_carea' id='block_1_48' title="bbox 401 4802 1988 4876">
    <p class='ocr_par' dir='ltr' id='par_1_48' title="bbox 401 4802 1988 4876">
     <span class='ocr_line' id='line_1_48' title="bbox 401 4802 1988 4876; baseline -0.005 -10"><span class='ocrx_word' id='word_1_398' title='bbox 401 4812 643 4866; x_wconf 72' lang='lat' dir='ltr'><strong>Christus</strong></span> <span class='ocrx_word' id='word_1_399' title='bbox 685 4809 752 4863; x_wconf 84' lang='lat' dir='ltr'><strong>ab</strong></span> <span class='ocrx_word' id='word_1_400' title='bbox 778 4822 844 4863; x_wconf 92' lang='lat' dir='ltr'><strong>eo</strong></span> <span class='ocrx_word' id='word_1_401' title='bbox 872 4820 977 4876; x_wconf 89' lang='lat' dir='ltr'><strong>quo</strong></span> <span class='ocrx_word' id='word_1_402' title='bbox 1002 4805 1079 4859; x_wconf 89' lang='lat' dir='ltr'><strong>ire</strong></span> <span class='ocrx_word' id='word_1_403' title='bbox 1104 4804 1384 4867; x_wconf 88' lang='lat' dir='ltr'><strong>volebant,</strong></span> <span class='ocrx_word' id='word_1_404' title='bbox 1412 4802 1481 4857; x_wconf 84' lang='lat' dir='ltr'><strong>ad</strong></span> <span class='ocrx_word' id='word_1_405' title='bbox 1506 4802 1636 4856; x_wconf 89' lang='lat' dir='ltr'><strong>illud</strong></span> <span class='ocrx_word' id='word_1_406' title='bbox 1658 4817 1761 4872; x_wconf 81' lang='lat' dir='ltr'><strong>qua</strong></span> <span class='ocrx_word' id='word_1_407' title='bbox 1792 4804 1866 4858; x_wconf 89' lang='lat' dir='ltr'><strong>ire</strong></span> <span class='ocrx_word' id='word_1_408' title='bbox 1890 4805 1988 4859; x_wconf 88' lang='lat' dir='ltr'><strong>de-</strong></span> 
     </span>
    </p>
   </div>
   <div class='ocr_carea' id='block_1_49' title="bbox 403 4896 1987 4971">
    <p class='ocr_par' dir='ltr' id='par_1_49' title="bbox 403 4896 1987 4971">
     <span class='ocr_line' id='line_1_49' title="bbox 403 4896 1987 4971; baseline -0.004 -12"><span class='ocrx_word' id='word_1_409' title='bbox 403 4906 616 4960; x_wconf 83' lang='lat' dir='ltr'><strong>bebant.</strong></span> <span class='ocrx_word' id='word_1_410' title='bbox 666 4899 1043 4971; x_wconf 71' lang='lat' dir='ltr'><strong>Qitazreutibus</strong></span> <span class='ocrx_word' id='word_1_411' title='bbox 1106 4897 1301 4969; x_wconf 88' lang='lat' dir='ltr'><strong>quippe</strong></span> <span class='ocrx_word' id='word_1_412' title='bbox 1368 4902 1568 4950; x_wconf 85' lang='lat' dir='ltr'><strong>tantam</strong></span> <span class='ocrx_word' id='word_1_413' title='bbox 1619 4896 1987 4953; x_wconf 85' lang='lat' dir='ltr'><strong>celsitudinem</strong></span> 
     </span>
    </p>
   </div>
   <div class='ocr_carea' id='block_1_50' title="bbox 402 4989 1989 5066">
    <p class='ocr_par' dir='ltr' id='par_1_50' title="bbox 402 4989 1989 5066">
     <span class='ocr_line' id='line_1_50' title="bbox 402 4989 1989 5066; baseline -0.002 -18"><span class='ocrx_word' id='word_1_414' title='bbox 402 4996 527 5066; x_wconf 81' lang='lat' dir='ltr'><strong>quid</strong></span> <span class='ocrx_word' id='word_1_415' title='bbox 568 4992 881 5064; x_wconf 74' lang='lat' dir='ltr'><strong>respondit?</strong></span> <span class='ocrx_word' id='word_1_416' title='bbox 914 4991 1135 5046; x_wconf 85' lang='lat' dir='ltr'><strong>Potestis</strong></span> <span class='ocrx_word' id='word_1_417' title='bbox 1163 4989 1326 5047; x_wconf 84' lang='lat' dir='ltr'><strong>bibere</strong></span> <span class='ocrx_word' id='word_1_418' title='bbox 1351 4990 1556 5045; x_wconf 84' lang='lat' dir='ltr'><strong>calicem</strong></span> <span class='ocrx_word' id='word_1_419' title='bbox 1597 5007 1745 5061; x_wconf 80' lang='lat' dir='ltr'><strong>quem</strong></span> <span class='ocrx_word' id='word_1_420' title='bbox 1795 5007 1885 5063; x_wconf 87' lang='lat' dir='ltr'><strong>ego</strong></span> <span class='ocrx_word' id='word_1_421' title='bbox 1911 4992 1989 5045; x_wconf 86' lang='lat' dir='ltr'><strong>bi-</strong></span> 
     </span>
    </p>
   </div>
   <div class='ocr_carea' id='block_1_51' title="bbox 404 5081 1988 5156">
    <p class='ocr_par' dir='ltr' id='par_1_51' title="bbox 404 5081 1988 5156">
     <span class='ocr_line' id='line_1_51' title="bbox 404 5081 1988 5156; baseline -0.002 -14"><span class='ocrx_word' id='word_1_422' title='bbox 404 5090 596 5143; x_wconf 85' lang='lat' dir='ltr'><strong>biturus</strong></span> <span class='ocrx_word' id='word_1_423' title='bbox 640 5103 753 5143; x_wconf 86' lang='lat' dir='ltr'><strong>sum</strong></span> <span class='ocrx_word' id='word_1_424' title='bbox 782 5084 997 5156; x_wconf 74' lang='lat' dir='ltr'><strong>(Matth.</strong></span> <span class='ocrx_word' id='word_1_425' title='bbox 1051 5099 1120 5137; x_wconf 73' lang='lat' dir='ltr'><strong>xx</strong></span> <span class='ocrx_word' id='word_1_426' title='bbox 1147 5125 1160 5145; x_wconf 89' lang='lat'><strong>,</strong></span> <span class='ocrx_word' id='word_1_427' title='bbox 1191 5081 1323 5153; x_wconf 68' lang='lat'><strong>2‘2)?</strong></span> <span class='ocrx_word' id='word_1_428' title='bbox 1372 5082 1540 5151; x_wconf 84' lang='lat' dir='ltr'><strong>Quem</strong></span> <span class='ocrx_word' id='word_1_429' title='bbox 1583 5084 1839 5152; x_wconf 86' lang='lat' dir='ltr'><strong>calicem,</strong></span> <span class='ocrx_word' id='word_1_430' title='bbox 1889 5086 1988 5140; x_wconf 89' lang='lat' dir='ltr'><strong>nisi</strong></span> 
     </span>
    </p>
   </div>
   <div class='ocr_carea' id='block_1_52' title="bbox 404 5176 1992 5249">
    <p class='ocr_par' dir='ltr' id='par_1_52' title="bbox 404 5176 1992 5249">
     <span class='ocr_line' id='line_1_52' title="bbox 404 5176 1992 5249; baseline -0.001 -12"><span class='ocrx_word' id='word_1_431' title='bbox 404 5182 745 5247; x_wconf 80' lang='lat' dir='ltr'><strong>humilitatis,</strong></span> <span class='ocrx_word' id='word_1_432' title='bbox 779 5179 883 5234; x_wconf 87' lang='lat' dir='ltr'><strong>nisi</strong></span> <span class='ocrx_word' id='word_1_433' title='bbox 922 5176 1227 5249; x_wconf 75' lang='lat' dir='ltr'><strong>passionis?</strong></span> <span class='ocrx_word' id='word_1_434' title='bbox 1250 5188 1408 5248; x_wconf 81' lang='lat' dir='ltr'><strong>quem</strong></span> <span class='ocrx_word' id='word_1_435' title='bbox 1436 5176 1699 5232; x_wconf 71' lang='lat' dir='ltr'><strong>bibiturus</strong></span> <span class='ocrx_word' id='word_1_436' title='bbox 1737 5187 1791 5233; x_wconf 91' lang='lat' dir='ltr'><strong>et</strong></span> <span class='ocrx_word' id='word_1_437' title='bbox 1834 5179 1886 5234; x_wconf 86' lang='lat' dir='ltr'><strong>in</strong></span> <span class='ocrx_word' id='word_1_438' title='bbox 1933 5178 1992 5235; x_wconf 72' lang='lat' dir='ltr'><strong>&#39;se</strong></span> 
     </span>
    </p>
   </div>
   <div class='ocr_carea' id='block_1_53' title="bbox 404 5262 1987 5336">
    <p class='ocr_par' dir='ltr' id='par_1_53' title="bbox 404 5262 1987 5336">
     <span class='ocr_line' id='line_1_53' title="bbox 404 5262 1987 5336; baseline -0.003 -8"><span class='ocrx_word' id='word_1_439' title='bbox 404 5274 787 5328; x_wconf 74' lang='lat' dir='ltr'><strong>transformans</strong></span> <span class='ocrx_word' id='word_1_440' title='bbox 813 5269 1173 5325; x_wconf 79' lang='lat' dir='ltr'><strong>inﬁrmitatem</strong></span> <span class='ocrx_word' id='word_1_441' title='bbox 1208 5268 1558 5331; x_wconf 80' lang='lat' dir='ltr'><strong>nostramait</strong></span> <span class='ocrx_word' id='word_1_442' title='bbox 1580 5268 1718 5323; x_wconf 83' lang='lat' dir='ltr'><strong>Patri</strong></span> <span class='ocrx_word' id='word_1_443' title='bbox 1751 5285 1763 5321; x_wconf 90' lang='lat'><strong>:</strong></span> <span class='ocrx_word' id='word_1_444' title='bbox 1802 5262 1987 5336; x_wconf 77' lang='lat' dir='ltr'><strong>Pater,</strong></span> 
     </span>
    </p>
   </div>
   <div class='ocr_carea' id='block_1_54' title="bbox 401 5359 1988 5435">
    <p class='ocr_par' dir='ltr' id='par_1_54' title="bbox 401 5359 1988 5435">
     <span class='ocr_line' id='line_1_54' title="bbox 401 5359 1988 5435; baseline -0.003 -14"><span class='ocrx_word' id='word_1_445' title='bbox 401 5367 443 5421; x_wconf 90' lang='lat' dir='ltr'><strong>si</strong></span> <span class='ocrx_word' id='word_1_446' title='bbox 466 5365 575 5435; x_wconf 80' lang='lat' dir='ltr'><strong>ﬁeri</strong></span> <span class='ocrx_word' id='word_1_447' title='bbox 602 5371 795 5432; x_wconf 86' lang='lat' dir='ltr'><strong>potest,</strong></span> <span class='ocrx_word' id='word_1_448' title='bbox 836 5370 1056 5416; x_wconf 79' lang='lat' dir='ltr'><strong>transeat</strong></span> <span class='ocrx_word' id='word_1_449' title='bbox 1092 5377 1125 5414; x_wconf 83' lang='grc' dir='ltr'><em>α</em></span> <span class='ocrx_word' id='word_1_450' title='bbox 1152 5377 1233 5415; x_wconf 87' lang='lat' dir='ltr'><strong>me</strong></span> <span class='ocrx_word' id='word_1_451' title='bbox 1273 5361 1408 5415; x_wconf 68' lang='lat' dir='ltr'><strong>calin;</strong></span> <span class='ocrx_word' id='word_1_452' title='bbox 1426 5361 1520 5415; x_wconf 79' lang='lat' dir='ltr'><strong>iste</strong></span> <span class='ocrx_word' id='word_1_453' title='bbox 1544 5359 1654 5434; x_wconf 84' lang='lat' dir='ltr'><strong>(Id.</strong></span> <span class='ocrx_word' id='word_1_454' title='bbox 1682 5372 1814 5416; x_wconf 75' lang='lat' dir='ltr'><strong>xxvi</strong></span> <span class='ocrx_word' id='word_1_455' title='bbox 1833 5403 1847 5430; x_wconf 92' lang='lat'><strong>,</strong></span> <span class='ocrx_word' id='word_1_456' title='bbox 1878 5362 1988 5432; x_wconf 76' lang='lat'><strong>59).</strong></span> 
     </span>
    </p>
   </div>
   <div class='ocr_carea' id='block_1_55' title="bbox 468 5478 1927 5526">
    <p class='ocr_par' dir='ltr' id='par_1_55' title="bbox 468 5478 1927 5526">
     <span class='ocr_line' id='line_1_55' title="bbox 468 5478 1927 5526; baseline -0.003 -2"><span class='ocrx_word' id='word_1_457' title='bbox 468 5478 485 5511; x_wconf 71' lang='grc' dir='ltr'>ί</span> <span class='ocrx_word' id='word_1_458' title='bbox 511 5481 670 5526; x_wconf 72' lang='grc' dir='ltr'><strong>ιτα-ιθ.</strong></span> <span class='ocrx_word' id='word_1_459' title='bbox 690 5478 932 5526; x_wconf 66' lang='lat' dir='ltr'><strong>Cm.</strong></span> <span class='ocrx_word' id='word_1_460' title='bbox 1084 5498 1092 5517; x_wconf 71' lang='grc' dir='ltr'>ε</span> <span class='ocrx_word' id='word_1_461' title='bbox 1146 5496 1153 5503; x_wconf 64' lang='grc' dir='ltr'><strong>ι</strong></span> <span class='ocrx_word' id='word_1_462' title='bbox 1546 5488 1561 5497; x_wconf 65' lang='grc'><strong><em>⁵</em></strong></span> <span class='ocrx_word' id='word_1_463' title='bbox 1688 5488 1693 5495; x_wconf 90' lang='lat'>&#39;</span> <span class='ocrx_word' id='word_1_464' title='bbox 1806 5488 1811 5499; x_wconf 79' lang='lat'><em>‘</em></span> <span class='ocrx_word' id='word_1_465' title='bbox 1924 5482 1927 5489; x_wconf 86' lang='lat'><em>‘</em></span> 
     </span>
    </p>
   </div>
   <div class='ocr_carea' id='block_1_56' title="bbox 484 5509 1994 5600">
    <p class='ocr_par' dir='ltr' id='par_1_56' title="bbox 484 5509 1994 5600">
     <span class='ocr_line' id='line_1_56' title="bbox 484 5509 1994 5600; baseline -0.001 -10"><span class='ocrx_word' id='word_1_466' title='bbox 484 5509 971 5600; x_wconf 47' lang='grc' dir='ltr'><strong>ὦνέῖὄιτιιξῖἕάπῶῖὲι.</strong></span> <span class='ocrx_word' id='word_1_467' title='bbox 992 5550 1057 5600; x_wconf 58' lang='lat' dir='ltr'><strong>vs,</strong></span> <span class='ocrx_word' id='word_1_468' title='bbox 1208 5534 1408 5587; x_wconf 81' lang='lat' dir='ltr'><strong>citatum</strong></span> <span class='ocrx_word' id='word_1_469' title='bbox 1434 5545 1714 5600; x_wconf 79' lang='lat' dir='ltr'><strong>sermonem</strong></span> <span class='ocrx_word' id='word_1_470' title='bbox 1750 5536 1833 5598; x_wconf 90' lang='lat' dir='ltr'><strong>qui</strong></span> <span class='ocrx_word' id='word_1_471' title='bbox 1866 5549 1994 5588; x_wconf 79' lang='lat' dir='ltr'><strong>nunc</strong></span> 
     </span>
    </p>
   </div>
   <div class='ocr_carea' id='block_1_57' title="bbox 403 5547 1993 5665">
    <p class='ocr_par' dir='ltr' id='par_1_57' title="bbox 403 5547 1993 5665">
     <span class='ocr_line' id='line_1_57' title="bbox 460 5547 1993 5648; baseline -0.002 -57"><span class='ocrx_word' id='word_1_472' title='bbox 460 5547 540 5648; x_wconf 48' lang='lat' dir='ltr'><strong>(Sa)</strong></span> <span class='ocrx_word' id='word_1_473' title='bbox 562 5547 728 5603; x_wconf 76' lang='lat' dir='ltr'><strong>Florus</strong></span> <span class='ocrx_word' id='word_1_474' title='bbox 742 5547 807 5586; x_wconf 72' lang='lat' dir='ltr'><strong>ad</strong></span> <span class='ocrx_word' id='word_1_475' title='bbox 823 5547 971 5586; x_wconf 66' lang='lat' dir='ltr'><strong>uetat.</strong></span> <span class='ocrx_word' id='word_1_476' title='bbox 992 5550 1057 5607; x_wconf 57' lang='lat' dir='ltr'><strong>vs,</strong></span> <span class='ocrx_word' id='word_1_477' title='bbox 1078 5547 1189 5643; x_wconf 49' lang='lat' dir='ltr'><strong>goat</strong></span> <span class='ocrx_word' id='word_1_478' title='bbox 1208 5547 1408 5587; x_wconf 75' lang='lat' dir='ltr'><strong>enatum</strong></span> <span class='ocrx_word' id='word_1_479' title='bbox 1434 5547 1714 5585; x_wconf 81' lang='lat' dir='ltr'><strong>sermonem</strong></span> <span class='ocrx_word' id='word_1_480' title='bbox 1750 5548 1833 5598; x_wconf 79' lang='lat' dir='ltr'><strong>qui</strong></span> <span class='ocrx_word' id='word_1_481' title='bbox 1866 5549 1993 5588; x_wconf 78' lang='lat' dir='ltr'><strong>nunc</strong></span> 
     </span>
     <span class='ocr_line' id='line_1_58' title="bbox 403 5594 1993 5665; baseline -0.001 -17"><span class='ocrx_word' id='word_1_482' title='bbox 403 5600 575 5665; x_wconf 68' lang='lat' dir='ltr'><strong>oriae</strong></span> <span class='ocrx_word' id='word_1_483' title='bbox 600 5599 678 5665; x_wconf 70' lang='lat' dir='ltr'><strong>est</strong></span> <span class='ocrx_word' id='word_1_484' title='bbox 697 5594 1049 5665; x_wconf 74' lang='lat' dir='ltr'><strong>27,__subjung_tt</strong></span> <span class='ocrx_word' id='word_1_485' title='bbox 1115 5597 1283 5665; x_wconf 78' lang='lat' dir='ltr'><strong>ujusce</strong></span> <span class='ocrx_word' id='word_1_486' title='bbox 1308 5603 1539 5665; x_wconf 71' lang='lat' dir='ltr'><strong>tractatus</strong></span> <span class='ocrx_word' id='word_1_487' title='bbox 1570 5595 1892 5665; x_wconf 61' lang='lat' dir='ltr'><strong>fragttieittttiii</strong></span> <span class='ocrx_word' id='word_1_488' title='bbox 1926 5600 1993 5665; x_wconf 75' lang='lat' dir='ltr'><strong>ab</strong></span> 
     </span>
    </p>
   </div>
   <div class='ocr_carea' id='block_1_58' title="bbox 401 5656 1989 5722">
    <p class='ocr_par' dir='ltr' id='par_1_58' title="bbox 401 5656 1989 5722">
     <span class='ocr_line' id='line_1_59' title="bbox 401 5656 1989 5722; baseline -0.002 -9"><span class='ocrx_word' id='word_1_489' title='bbox 401 5662 509 5714; x_wconf 77' lang='lat' dir='ltr'><strong>istis</strong></span> <span class='ocrx_word' id='word_1_490' title='bbox 532 5661 712 5719; x_wconf 75' lang='lat' dir='ltr'><strong>verbis,</strong></span> <span class='ocrx_word' id='word_1_491' title='bbox 732 5656 865 5718; x_wconf 64' lang='lat' dir='ltr'><strong>sithi,</strong></span> <span class='ocrx_word' id='word_1_492' title='bbox 885 5656 1060 5721; x_wconf 68' lang='lat' dir='ltr'><strong>inquit;</strong></span> <span class='ocrx_word' id='word_1_493' title='bbox 1084 5656 1204 5722; x_wconf 65' lang='lat' dir='ltr'><strong>abiit</strong></span> <span class='ocrx_word' id='word_1_494' title='bbox 1217 5656 1434 5722; x_wconf 82' lang='lat' dir='ltr'><strong>gloriari,</strong></span> <span class='ocrx_word' id='word_1_495' title='bbox 1458 5656 1701 5722; x_wconf 18' lang='lat' dir='ltr'><strong>etc.&#39;,,cuin</strong></span> <span class='ocrx_word' id='word_1_496' title='bbox 1722 5659 1811 5709; x_wconf 79' lang='lat' dir='ltr'><strong>hoc</strong></span> <span class='ocrx_word' id='word_1_497' title='bbox 1835 5656 1989 5722; x_wconf 79' lang='lat' dir='ltr'><strong>titulo,</strong></span> 
     </span>
    </p>
   </div>
   <div class='ocr_carea' id='block_1_59' title="bbox 409 5720 1989 5785">
    <p class='ocr_par' dir='ltr' id='par_1_59' title="bbox 409 5720 1989 5785">
     <span class='ocr_line' id='line_1_60' title="bbox 409 5720 1989 5785; baseline -0.005 -12"><span class='ocrx_word' id='word_1_498' title='bbox 409 5744 436 5772; x_wconf 75' lang='grc' dir='ltr'><strong>ι</strong></span> <span class='ocrx_word' id='word_1_499' title='bbox 459 5731 525 5773; x_wconf 71' lang='lat' dir='ltr'><strong>Ex</strong></span> <span class='ocrx_word' id='word_1_500' title='bbox 549 5722 726 5785; x_wconf 83' lang='lat' dir='ltr'><strong>eodem</strong></span> <span class='ocrx_word' id='word_1_501' title='bbox 760 5720 1008 5785; x_wconf 79' lang='lat' dir='ltr'><strong>sermone.</strong></span> <span class='ocrx_word' id='word_1_502' title='bbox 1030 5737 1053 5764; x_wconf 73' lang='grc' dir='ltr'><strong>ι</strong></span> <span class='ocrx_word' id='word_1_503' title='bbox 1091 5721 1182 5769; x_wconf 78' lang='lat' dir='ltr'><strong>sed</strong></span> <span class='ocrx_word' id='word_1_504' title='bbox 1218 5720 1524 5783; x_wconf 72' lang='lat' dir='ltr'><strong>castigandus</strong></span> <span class='ocrx_word' id='word_1_505' title='bbox 1544 5720 1708 5785; x_wconf 78' lang='lat' dir='ltr'><strong>Florus</strong></span> <span class='ocrx_word' id='word_1_506' title='bbox 1744 5732 1806 5772; x_wconf 75' lang='lat' dir='ltr'><strong>ex</strong></span> <span class='ocrx_word' id='word_1_507' title='bbox 1847 5720 1989 5782; x_wconf 57' lang='grc' dir='ltr'>ιιιιειεῃ</span> 
     </span>
    </p>
   </div>
   <div class='ocr_carea' id='block_1_60' title="bbox 403 5782 1988 5853">
    <p class='ocr_par' dir='ltr' id='par_1_60' title="bbox 403 5782 1988 5853">
     <span class='ocr_line' id='line_1_61' title="bbox 403 5782 1988 5853; baseline 0 -18"><span class='ocrx_word' id='word_1_508' title='bbox 403 5788 489 5851; x_wconf 87' lang='lat' dir='ltr'><strong>qui</strong></span> <span class='ocrx_word' id='word_1_509' title='bbox 510 5785 557 5853; x_wconf 78' lang='lat' dir='ltr'><strong>id</strong></span> <span class='ocrx_word' id='word_1_510' title='bbox 578 5784 764 5853; x_wconf 75' lang='lat' dir='ltr'><strong>ibidem</strong></span> <span class='ocrx_word' id='word_1_511' title='bbox 781 5782 914 5853; x_wconf 65' lang='lat' dir='ltr'><strong>notat</strong></span> <span class='ocrx_word' id='word_1_512' title='bbox 938 5782 1375 5853; x_wconf 30' lang='lat' dir='ltr'><strong>excerptumtrﬁx</strong></span> <span class='ocrx_word' id='word_1_513' title='bbox 1405 5794 1633 5834; x_wconf 83' lang='lat' dir='ltr'><strong>sermone</strong></span> <span class='ocrx_word' id='word_1_514' title='bbox 1664 5782 1726 5833; x_wconf 84' lang='lat' dir='ltr'><strong>de</strong></span> <span class='ocrx_word' id='word_1_515' title='bbox 1751 5786 1988 5848; x_wconf 77' lang='lat' dir='ltr'><strong>Apostolo.</strong></span> 
     </span>
    </p>
   </div>
   <div class='ocr_carea' id='block_1_61' title="bbox 416 5844 1432 5916">
    <p class='ocr_par' dir='ltr' id='par_1_61' title="bbox 416 5844 1432 5916">
     <span class='ocr_line' id='line_1_62' title="bbox 416 5844 1432 5916; baseline -0.011 -12"><span class='ocrx_word' id='word_1_516' title='bbox 416 5844 441 5904; x_wconf 76' lang='grc' dir='ltr'><strong><em>ἆ</em></strong></span> <span class='ocrx_word' id='word_1_517' title='bbox 462 5848 549 5915; x_wconf 80' lang='lat' dir='ltr'><strong>oui</strong></span> <span class='ocrx_word' id='word_1_518' title='bbox 566 5848 805 5916; x_wconf 77' lang='lat' dir='ltr'><strong>gloriatur</strong></span> <span class='ocrx_word' id='word_1_519' title='bbox 844 5845 900 5902; x_wconf 82' lang='lat' dir='ltr'><strong>in</strong></span> <span class='ocrx_word' id='word_1_520' title='bbox 918 5844 1121 5899; x_wconf 70' lang='lat' dir='ltr'><strong>Dandae</strong></span> <span class='ocrx_word' id='word_1_521' title='bbox 1139 5844 1391 5902; x_wconf 67' lang='lat' dir='ltr'><strong>monetur.</strong></span> <span class='ocrx_word' id='word_1_522' title='bbox 1405 5859 1432 5893; x_wconf 75' lang='grc' dir='ltr'><strong>ι</strong></span> 
     </span>
    </p>
   </div>
   <div class='ocr_carea' id='block_1_62' title="bbox 1650 354 2449 428">
    <p class='ocr_par' dir='ltr' id='par_1_62' title="bbox 1650 354 2449 428">
     <span class='ocr_line' id='line_1_63' title="bbox 1650 354 2449 428; baseline -0.004 0"><span class='ocrx_word' id='word_1_523' title='bbox 1650 367 1708 428; x_wconf 82' lang='grc'><strong>8.</strong></span> <span class='ocrx_word' id='word_1_524' title='bbox 1746 354 2113 427; x_wconf 80' lang='lat' dir='ltr'><strong>AUGUSTINI</strong></span> <span class='ocrx_word' id='word_1_525' title='bbox 2150 360 2449 425; x_wconf 78' lang='lat' dir='ltr'><strong>EPISCOPI</strong></span> 
     </span>
    </p>
   </div>
   <div class='ocr_carea' id='block_1_63' title="bbox 3586 348 3696 419">
    <p class='ocr_par' dir='ltr' id='par_1_63' title="bbox 3586 348 3696 419">
     <span class='ocr_line' id='line_1_64' title="bbox 3586 348 3696 419; baseline 0 0"><span class='ocrx_word' id='word_1_526' title='bbox 3586 348 3696 419; x_wconf 78' lang='lat'><strong>876</strong></span> 
     </span>
    </p>
   </div>
   <div class='ocr_carea' id='block_1_64' title="bbox 2112 474 3697 554">
    <p class='ocr_par' dir='ltr' id='par_1_64' title="bbox 2112 474 3697 554">
     <span class='ocr_line' id='line_1_65' title="bbox 2112 474 3697 554; baseline 0.001 -15"><span class='ocrx_word' id='word_1_527' title='bbox 2112 483 2247 539; x_wconf 84' lang='lat' dir='ltr'><strong>Istos</strong></span> <span class='ocrx_word' id='word_1_528' title='bbox 2269 484 2411 554; x_wconf 89' lang='lat' dir='ltr'><strong>ipsos</strong></span> <span class='ocrx_word' id='word_1_529' title='bbox 2451 483 2504 537; x_wconf 90' lang='lat' dir='ltr'><strong>in</strong></span> <span class='ocrx_word' id='word_1_530' title='bbox 2534 496 2593 538; x_wconf 91' lang='lat' dir='ltr'><strong>se</strong></span> <span class='ocrx_word' id='word_1_531' title='bbox 2620 481 3008 539; x_wconf 83' lang='lat' dir='ltr'><strong>transformans</strong></span> <span class='ocrx_word' id='word_1_532' title='bbox 3026 524 3042 552; x_wconf 91' lang='lat'><strong>,</strong></span> <span class='ocrx_word' id='word_1_533' title='bbox 3068 483 3160 554; x_wconf 89' lang='lat' dir='ltr'><strong>qui</strong></span> <span class='ocrx_word' id='word_1_534' title='bbox 3180 474 3341 540; x_wconf 82' lang='lat' dir='ltr'><strong>talem</strong></span> <span class='ocrx_word' id='word_1_535' title='bbox 3364 481 3588 542; x_wconf 84' lang='lat' dir='ltr'><strong>calicem</strong></span> <span class='ocrx_word' id='word_1_536' title='bbox 3610 483 3697 542; x_wconf 86' lang='lat' dir='ltr'><strong>bi-</strong></span> 
     </span>
    </p>
   </div>
   <div class='ocr_carea' id='block_1_65' title="bbox 2109 562 3689 653">
    <p class='ocr_par' dir='ltr' id='par_1_65' title="bbox 2109 562 3689 653">
     <span class='ocr_line' id='line_1_66' title="bbox 2109 562 3689 653; baseline 0.001 -24"><span class='ocrx_word' id='word_1_537' title='bbox 2109 572 2236 630; x_wconf 88' lang='lat' dir='ltr'><strong>bere</strong></span> <span class='ocrx_word' id='word_1_538' title='bbox 2265 572 2614 639; x_wconf 75' lang='lat' dir='ltr'><strong>reCusabant,</strong></span> <span class='ocrx_word' id='word_1_539' title='bbox 2659 583 2713 628; x_wconf 92' lang='lat' dir='ltr'><strong>et</strong></span> <span class='ocrx_word' id='word_1_540' title='bbox 2739 574 3071 629; x_wconf 88' lang='lat' dir='ltr'><strong>altitudinem</strong></span> <span class='ocrx_word' id='word_1_541' title='bbox 3111 562 3451 645; x_wconf 52' lang='lat' dir='ltr'><strong>quaerebant;</strong></span> <span class='ocrx_word' id='word_1_542' title='bbox 3483 570 3689 653; x_wconf 52' lang='lat' dir='ltr'><strong>humillf</strong></span> 
     </span>
    </p>
   </div>
   <div class='ocr_carea' id='block_1_66' title="bbox 2110 647 3693 747">
    <p class='ocr_par' dir='ltr' id='par_1_66' title="bbox 2110 647 3693 747">
     <span class='ocr_line' id='line_1_67' title="bbox 2110 647 3693 747; baseline 0.001 -27"><span class='ocrx_word' id='word_1_543' title='bbox 2110 668 2231 721; x_wconf 86' lang='lat' dir='ltr'><strong>tatis</strong></span> <span class='ocrx_word' id='word_1_544' title='bbox 2261 668 2397 721; x_wconf 84' lang='lat' dir='ltr'><strong>viam</strong></span> <span class='ocrx_word' id='word_1_545' title='bbox 2440 665 2807 737; x_wconf 77' lang='lat' dir='ltr'><strong>negligcbant,</strong></span> <span class='ocrx_word' id='word_1_546' title='bbox 2841 665 3060 722; x_wconf 87' lang='lat' dir='ltr'><strong>Potestis</strong></span> <span class='ocrx_word' id='word_1_547' title='bbox 3098 667 3292 733; x_wconf 78' lang='lat' dir='ltr'><strong>bibere,</strong></span> <span class='ocrx_word' id='word_1_548' title='bbox 3335 654 3538 747; x_wconf 82' lang='lat' dir='ltr'><strong>inquit,</strong></span> <span class='ocrx_word' id='word_1_549' title='bbox 3569 647 3693 747; x_wconf 53' lang='lat' dir='ltr'><strong>cali:</strong></span> 
     </span>
    </p>
   </div>
   <div class='ocr_carea' id='block_1_67' title="bbox 2107 742 3695 833">
    <p class='ocr_par' dir='ltr' id='par_1_67' title="bbox 2107 742 3695 833">
     <span class='ocr_line' id='line_1_68' title="bbox 2107 742 3695 833; baseline 0.002 -20"><span class='ocrx_word' id='word_1_550' title='bbox 2107 774 2213 813; x_wconf 87' lang='lat' dir='ltr'><strong>cem</strong></span> <span class='ocrx_word' id='word_1_551' title='bbox 2270 775 2413 827; x_wconf 88' lang='lat' dir='ltr'><strong>quem</strong></span> <span class='ocrx_word' id='word_1_552' title='bbox 2468 775 2558 833; x_wconf 88' lang='lat' dir='ltr'><strong>ego</strong></span> <span class='ocrx_word' id='word_1_553' title='bbox 2618 759 2860 813; x_wconf 86' lang='lat' dir='ltr'><strong>bibiturus</strong></span> <span class='ocrx_word' id='word_1_554' title='bbox 2917 759 3074 814; x_wconf 83' lang='lat' dir='ltr'><strong>sum?</strong></span> <span class='ocrx_word' id='word_1_555' title='bbox 3130 760 3399 816; x_wconf 85' lang='lat' dir='ltr'><strong>Christum</strong></span> <span class='ocrx_word' id='word_1_556' title='bbox 3456 742 3695 832; x_wconf 62' lang='lat' dir='ltr'><strong>qum-ritis</strong></span> 
     </span>
    </p>
   </div>
   <div class='ocr_carea' id='block_1_68' title="bbox 2108 840 3696 925">
    <p class='ocr_par' dir='ltr' id='par_1_68' title="bbox 2108 840 3696 925">
     <span class='ocr_line' id='line_1_69' title="bbox 2108 840 3696 925; baseline 0.004 -20"><span class='ocrx_word' id='word_1_557' title='bbox 2108 851 2410 918; x_wconf 78' lang='lat' dir='ltr'><strong>excelsum;</strong></span> <span class='ocrx_word' id='word_1_558' title='bbox 2442 852 2611 906; x_wconf 87' lang='lat' dir='ltr'><strong>redite</strong></span> <span class='ocrx_word' id='word_1_559' title='bbox 2655 842 2722 907; x_wconf 87' lang='lat' dir='ltr'><strong>ad</strong></span> <span class='ocrx_word' id='word_1_560' title='bbox 2768 850 3100 907; x_wconf 83' lang='lat' dir='ltr'><strong>cruciﬁxum.</strong></span> <span class='ocrx_word' id='word_1_561' title='bbox 3151 840 3321 908; x_wconf 86' lang='lat' dir='ltr'><strong>Vultis</strong></span> <span class='ocrx_word' id='word_1_562' title='bbox 3364 842 3595 925; x_wconf 78' lang='lat' dir='ltr'><strong>regnare</strong></span> <span class='ocrx_word' id='word_1_563' title='bbox 3639 842 3696 911; x_wconf 82' lang='lat' dir='ltr'><strong>et</strong></span> 
     </span>
    </p>
   </div>
   <div class='ocr_carea' id='block_1_69' title="bbox 2104 931 3690 1015">
    <p class='ocr_par' dir='ltr' id='par_1_69' title="bbox 2104 931 3690 1015">
     <span class='ocr_line' id='line_1_70' title="bbox 2104 931 3690 1015; baseline 0.003 -19"><span class='ocrx_word' id='word_1_564' title='bbox 2104 940 2315 1014; x_wconf 72' lang='lat' dir='ltr'><strong>gloriari</strong></span> <span class='ocrx_word' id='word_1_565' title='bbox 2376 931 2429 997; x_wconf 89' lang='lat' dir='ltr'><strong>in</strong></span> <span class='ocrx_word' id='word_1_566' title='bbox 2475 941 2689 999; x_wconf 89' lang='lat' dir='ltr'><strong>sedibus</strong></span> <span class='ocrx_word' id='word_1_567' title='bbox 2744 936 2971 1010; x_wconf 81' lang='lat' dir='ltr'><strong>Christi;</strong></span> <span class='ocrx_word' id='word_1_568' title='bbox 3032 943 3181 1015; x_wconf 83' lang='lat' dir='ltr'><strong>prius</strong></span> <span class='ocrx_word' id='word_1_569' title='bbox 3230 936 3421 1000; x_wconf 74' lang='lat' dir='ltr'><strong>discite</strong></span> <span class='ocrx_word' id='word_1_570' title='bbox 3480 944 3690 1013; x_wconf 91' lang='lat' dir='ltr'><strong>dicere,</strong></span> 
     </span>
    </p>
   </div>
   <div class='ocr_carea' id='block_1_70' title="bbox 2108 1022 3696 1108">
    <p class='ocr_par' dir='ltr' id='par_1_70' title="bbox 2108 1022 3696 1108">
     <span class='ocr_line' id='line_1_71' title="bbox 2108 1022 3696 1108; baseline 0.003 -20"><span class='ocrx_word' id='word_1_571' title='bbox 2108 1032 2236 1090; x_wconf 83' lang='lat' dir='ltr'><strong>Mihi</strong></span> <span class='ocrx_word' id='word_1_572' title='bbox 2284 1036 2410 1090; x_wconf 86' lang='lat' dir='ltr'><strong>absit</strong></span> <span class='ocrx_word' id='word_1_573' title='bbox 2438 1036 2675 1108; x_wconf 87' lang='lat' dir='ltr'><strong>gloriari,</strong></span> <span class='ocrx_word' id='word_1_574' title='bbox 2704 1037 2803 1091; x_wconf 84' lang='lat' dir='ltr'><strong>nisi</strong></span> <span class='ocrx_word' id='word_1_575' title='bbox 2848 1030 2904 1091; x_wconf 78' lang='lat' dir='ltr'><strong>in</strong></span> <span class='ocrx_word' id='word_1_576' title='bbox 2940 1024 3091 1092; x_wconf 76' lang='lat' dir='ltr'><strong>cruce</strong></span> <span class='ocrx_word' id='word_1_577' title='bbox 3134 1035 3337 1092; x_wconf 86' lang='lat' dir='ltr'><strong>Domini</strong></span> <span class='ocrx_word' id='word_1_578' title='bbox 3384 1039 3543 1093; x_wconf 89' lang='lat' dir='ltr'><strong>nostri</strong></span> <span class='ocrx_word' id='word_1_579' title='bbox 3566 1022 3696 1093; x_wconf 72' lang='lat' dir='ltr'><strong>Iesu</strong></span> 
     </span>
    </p>
   </div>
   <div class='ocr_carea' id='block_1_71' title="bbox 2103 1112 3694 1211">
    <p class='ocr_par' dir='ltr' id='par_1_71' title="bbox 2103 1112 3694 1211">
     <span class='ocr_line' id='line_1_72' title="bbox 2103 1112 3694 1211; baseline 0.002 -27"><span class='ocrx_word' id='word_1_580' title='bbox 2103 1125 2290 1185; x_wconf 83' lang='lat' dir='ltr'><strong>Christi</strong></span> <span class='ocrx_word' id='word_1_581' title='bbox 2308 1122 2402 1203; x_wconf 72' lang='grc' dir='ltr'><strong>(ἐι).</strong></span> <span class='ocrx_word' id='word_1_582' title='bbox 2416 1118 2543 1187; x_wconf 63' lang='lat' dir='ltr'><strong>Date</strong></span> <span class='ocrx_word' id='word_1_583' title='bbox 2559 1142 2639 1188; x_wconf 91' lang='lat' dir='ltr'><strong>est</strong></span> <span class='ocrx_word' id='word_1_584' title='bbox 2655 1120 2892 1187; x_wconf 87' lang='lat' dir='ltr'><strong>doctrina</strong></span> <span class='ocrx_word' id='word_1_585' title='bbox 2906 1112 3214 1211; x_wconf 81' lang='lat' dir='ltr'><strong>christiana,</strong></span> <span class='ocrx_word' id='word_1_586' title='bbox 3231 1114 3513 1187; x_wconf 82' lang='lat' dir='ltr'><strong>humilitati</strong></span> <span class='ocrx_word' id='word_1_587' title='bbox 3527 1148 3694 1203; x_wconf 61' lang='lat' dir='ltr'><strong>sprae-</strong></span> 
     </span>
    </p>
   </div>
   <div class='ocr_carea' id='block_1_72' title="bbox 2103 1210 3691 1297">
    <p class='ocr_par' dir='ltr' id='par_1_72' title="bbox 2103 1210 3691 1297">
     <span class='ocr_line' id='line_1_73' title="bbox 2103 1210 3691 1297; baseline 0.001 -20"><span class='ocrx_word' id='word_1_588' title='bbox 2103 1236 2332 1294; x_wconf 74' lang='lat' dir='ltr'><strong>c0ptum,</strong></span> <span class='ocrx_word' id='word_1_589' title='bbox 2360 1216 2668 1281; x_wconf 85' lang='lat' dir='ltr'><strong>humilitatis</strong></span> <span class='ocrx_word' id='word_1_590' title='bbox 2688 1216 3112 1293; x_wconf 82' lang='lat' dir='ltr'><strong>commendatio,</strong></span> <span class='ocrx_word' id='word_1_591' title='bbox 3138 1210 3195 1281; x_wconf 90' lang='lat' dir='ltr'><strong>ut</strong></span> <span class='ocrx_word' id='word_1_592' title='bbox 3226 1210 3329 1281; x_wconf 84' lang='lat' dir='ltr'><strong>non</strong></span> <span class='ocrx_word' id='word_1_593' title='bbox 3361 1226 3691 1297; x_wconf 79' lang='lat' dir='ltr'><strong>gloriemur,</strong></span> 
     </span>
    </p>
   </div>
   <div class='ocr_carea' id='block_1_73' title="bbox 2104 1304 3697 1399">
    <p class='ocr_par' dir='ltr' id='par_1_73' title="bbox 2104 1304 3697 1399">
     <span class='ocr_line' id='line_1_74' title="bbox 2104 1304 3697 1399; baseline 0.001 -28"><span class='ocrx_word' id='word_1_594' title='bbox 2104 1318 2201 1371; x_wconf 90' lang='lat' dir='ltr'><strong>nisi</strong></span> <span class='ocrx_word' id='word_1_595' title='bbox 2230 1317 2280 1373; x_wconf 92' lang='lat' dir='ltr'><strong>in</strong></span> <span class='ocrx_word' id='word_1_596' title='bbox 2310 1314 2469 1375; x_wconf 79' lang='lat' dir='ltr'><strong>cruce</strong></span> <span class='ocrx_word' id='word_1_597' title='bbox 2493 1304 2704 1374; x_wconf 86' lang='lat' dir='ltr'><strong>Domini</strong></span> <span class='ocrx_word' id='word_1_598' title='bbox 2730 1320 2899 1374; x_wconf 89' lang='lat' dir='ltr'><strong>nostri</strong></span> <span class='ocrx_word' id='word_1_599' title='bbox 2928 1304 3053 1375; x_wconf 72' lang='lat' dir='ltr'><strong>iesu</strong></span> <span class='ocrx_word' id='word_1_600' title='bbox 3085 1308 3305 1375; x_wconf 83' lang='lat' dir='ltr'><strong>Christi.</strong></span> <span class='ocrx_word' id='word_1_601' title='bbox 3329 1320 3460 1399; x_wconf 56' lang='lat' dir='ltr'><strong>Nam</strong></span> <span class='ocrx_word' id='word_1_602' title='bbox 3484 1304 3589 1374; x_wconf 85' lang='lat' dir='ltr'><strong>non</strong></span> <span class='ocrx_word' id='word_1_603' title='bbox 3610 1323 3697 1399; x_wconf 84' lang='lat' dir='ltr'><strong>est</strong></span> 
     </span>
    </p>
   </div>
   <div class='ocr_carea' id='block_1_74' title="bbox 2102 1398 3697 1488">
    <p class='ocr_par' dir='ltr' id='par_1_74' title="bbox 2102 1398 3697 1488">
     <span class='ocr_line' id='line_1_75' title="bbox 2102 1398 3697 1488; baseline 0.002 -28"><span class='ocrx_word' id='word_1_604' title='bbox 2102 1402 2348 1478; x_wconf 71' lang='lat' dir='ltr'><strong>magnum</strong></span> <span class='ocrx_word' id='word_1_605' title='bbox 2395 1408 2446 1463; x_wconf 92' lang='lat' dir='ltr'><strong>in</strong></span> <span class='ocrx_word' id='word_1_606' title='bbox 2474 1407 2668 1465; x_wconf 89' lang='lat' dir='ltr'><strong>Christi</strong></span> <span class='ocrx_word' id='word_1_607' title='bbox 2700 1398 2958 1479; x_wconf 86' lang='lat' dir='ltr'><strong>sapientia</strong></span> <span class='ocrx_word' id='word_1_608' title='bbox 2997 1409 3209 1481; x_wconf 82' lang='lat' dir='ltr'><strong>gloriari</strong></span> <span class='ocrx_word' id='word_1_609' title='bbox 3251 1427 3264 1465; x_wconf 92' lang='lat'>:</span> <span class='ocrx_word' id='word_1_610' title='bbox 3314 1398 3564 1485; x_wconf 79' lang='lat' dir='ltr'><strong>magnum</strong></span> <span class='ocrx_word' id='word_1_611' title='bbox 3598 1398 3697 1488; x_wconf 65' lang='lat' dir='ltr'><strong>est</strong></span> 
     </span>
    </p>
   </div>
   <div class='ocr_carea' id='block_1_75' title="bbox 2102 1490 3693 1572">
    <p class='ocr_par' dir='ltr' id='par_1_75' title="bbox 2102 1490 3693 1572">
     <span class='ocr_line' id='line_1_76' title="bbox 2102 1490 3693 1572; baseline 0.003 -21"><span class='ocrx_word' id='word_1_612' title='bbox 2102 1498 2153 1552; x_wconf 86' lang='lat' dir='ltr'><strong>in</strong></span> <span class='ocrx_word' id='word_1_613' title='bbox 2184 1490 2341 1555; x_wconf 77' lang='lat' dir='ltr'><strong>cruce</strong></span> <span class='ocrx_word' id='word_1_614' title='bbox 2370 1498 2573 1556; x_wconf 89' lang='lat' dir='ltr'><strong>Christi</strong></span> <span class='ocrx_word' id='word_1_615' title='bbox 2618 1500 2832 1571; x_wconf 82' lang='lat' dir='ltr'><strong>gloriari</strong></span> <span class='ocrx_word' id='word_1_616' title='bbox 2866 1519 2879 1555; x_wconf 75' lang='grc' dir='ltr'>ε</span> <span class='ocrx_word' id='word_1_617' title='bbox 2908 1502 3045 1557; x_wconf 86' lang='lat' dir='ltr'><strong>unde</strong></span> <span class='ocrx_word' id='word_1_618' title='bbox 3090 1494 3186 1557; x_wconf 89' lang='lat' dir='ltr'><strong>tibi</strong></span> <span class='ocrx_word' id='word_1_619' title='bbox 3216 1490 3433 1557; x_wconf 84' lang='lat' dir='ltr'><strong>insultat</strong></span> <span class='ocrx_word' id='word_1_620' title='bbox 3473 1502 3693 1572; x_wconf 88' lang='lat' dir='ltr'><strong>impius,</strong></span> 
     </span>
    </p>
   </div>
   <div class='ocr_carea' id='block_1_76' title="bbox 2103 1576 3697 1663">
    <p class='ocr_par' dir='ltr' id='par_1_76' title="bbox 2103 1576 3697 1663">
     <span class='ocr_line' id='line_1_77' title="bbox 2103 1576 3697 1663; baseline 0.004 -20"><span class='ocrx_word' id='word_1_621' title='bbox 2103 1590 2223 1646; x_wconf 91' lang='lat' dir='ltr'><strong>inde</strong></span> <span class='ocrx_word' id='word_1_622' title='bbox 2269 1592 2523 1662; x_wconf 83' lang='lat' dir='ltr'><strong>glorietur</strong></span> <span class='ocrx_word' id='word_1_623' title='bbox 2576 1591 2897 1662; x_wconf 88' lang='lat' dir='ltr'><strong>pius;uude</strong></span> <span class='ocrx_word' id='word_1_624' title='bbox 2946 1592 3166 1647; x_wconf 88' lang='lat' dir='ltr'><strong>insultat</strong></span> <span class='ocrx_word' id='word_1_625' title='bbox 3214 1582 3509 1663; x_wconf 85' lang='lat' dir='ltr'><strong>superbus,</strong></span> <span class='ocrx_word' id='word_1_626' title='bbox 3567 1576 3697 1649; x_wconf 86' lang='lat' dir='ltr'><strong>inde</strong></span> 
     </span>
    </p>
   </div>
   <div class='ocr_carea' id='block_1_77' title="bbox 2101 1680 3694 1757">
    <p class='ocr_par' dir='ltr' id='par_1_77' title="bbox 2101 1680 3694 1757">
     <span class='ocr_line' id='line_1_78' title="bbox 2101 1680 3694 1757; baseline 0.004 -21"><span class='ocrx_word' id='word_1_627' title='bbox 2101 1680 2355 1751; x_wconf 70' lang='lat' dir='ltr'><strong>glorietur</strong></span> <span class='ocrx_word' id='word_1_628' title='bbox 2405 1683 2749 1740; x_wconf 78' lang='lat' dir='ltr'><strong>chriStianus.</strong></span> <span class='ocrx_word' id='word_1_629' title='bbox 2801 1684 2919 1739; x_wconf 90' lang='lat' dir='ltr'><strong>Noli</strong></span> <span class='ocrx_word' id='word_1_630' title='bbox 2984 1684 3333 1757; x_wconf 76' lang='lat' dir='ltr'><strong>erusbescere</strong></span> <span class='ocrx_word' id='word_1_631' title='bbox 3399 1685 3466 1741; x_wconf 92' lang='lat' dir='ltr'><strong>de</strong></span> <span class='ocrx_word' id='word_1_632' title='bbox 3529 1701 3694 1742; x_wconf 90' lang='lat' dir='ltr'><strong>cruce</strong></span> 
     </span>
    </p>
   </div>
   <div class='ocr_carea' id='block_1_78' title="bbox 2098 1766 3695 1850">
    <p class='ocr_par' dir='ltr' id='par_1_78' title="bbox 2098 1766 3695 1850">
     <span class='ocr_line' id='line_1_79' title="bbox 2098 1766 3695 1850; baseline 0.003 -21"><span class='ocrx_word' id='word_1_633' title='bbox 2098 1773 2294 1831; x_wconf 88' lang='lat' dir='ltr'><strong>Christi</strong></span> <span class='ocrx_word' id='word_1_634' title='bbox 2325 1795 2337 1829; x_wconf 91' lang='lat'><strong>:</strong></span> <span class='ocrx_word' id='word_1_635' title='bbox 2372 1776 2490 1832; x_wconf 91' lang='lat' dir='ltr'><strong>ideo</strong></span> <span class='ocrx_word' id='word_1_636' title='bbox 2530 1775 2581 1832; x_wconf 92' lang='lat' dir='ltr'><strong>in</strong></span> <span class='ocrx_word' id='word_1_637' title='bbox 2626 1777 2799 1832; x_wconf 84' lang='lat' dir='ltr'><strong>fronte</strong></span> <span class='ocrx_word' id='word_1_638' title='bbox 2826 1766 3075 1847; x_wconf 80' lang='lat' dir='ltr'><strong>tanquam</strong></span> <span class='ocrx_word' id='word_1_639' title='bbox 3108 1778 3159 1833; x_wconf 89' lang='lat' dir='ltr'><strong>in</strong></span> <span class='ocrx_word' id='word_1_640' title='bbox 3203 1777 3332 1833; x_wconf 89' lang='lat' dir='ltr'><strong>sede</strong></span> <span class='ocrx_word' id='word_1_641' title='bbox 3372 1778 3589 1850; x_wconf 89' lang='lat' dir='ltr'><strong>pudoris</strong></span> <span class='ocrx_word' id='word_1_642' title='bbox 3617 1779 3695 1833; x_wconf 90' lang='lat' dir='ltr'><strong>si-</strong></span> 
     </span>
    </p>
   </div>
   <div class='ocr_carea' id='block_1_79' title="bbox 2099 1852 3695 1938">
    <p class='ocr_par' dir='ltr' id='par_1_79' title="bbox 2099 1852 3695 1938">
     <span class='ocr_line' id='line_1_80' title="bbox 2099 1852 3695 1938; baseline 0.003 -20"><span class='ocrx_word' id='word_1_643' title='bbox 2099 1852 2259 1934; x_wconf 84' lang='lat' dir='ltr'><strong>gnum</strong></span> <span class='ocrx_word' id='word_1_644' title='bbox 2282 1858 2452 1935; x_wconf 83' lang='lat' dir='ltr'><strong>ipsum</strong></span> <span class='ocrx_word' id='word_1_645' title='bbox 2480 1865 2753 1937; x_wconf 83' lang='lat' dir='ltr'><strong>accepisti.</strong></span> <span class='ocrx_word' id='word_1_646' title='bbox 2782 1856 2981 1924; x_wconf 72' lang='lat' dir='ltr'><strong>Recole</strong></span> <span class='ocrx_word' id='word_1_647' title='bbox 3010 1860 3240 1924; x_wconf 76' lang='lat' dir='ltr'><strong>l&#39;ronlem</strong></span> <span class='ocrx_word' id='word_1_648' title='bbox 3270 1875 3443 1938; x_wconf 89' lang='lat' dir='ltr'><strong>tuam,</strong></span> <span class='ocrx_word' id='word_1_649' title='bbox 3491 1885 3561 1924; x_wconf 92' lang='lat' dir='ltr'><strong>ne</strong></span> <span class='ocrx_word' id='word_1_650' title='bbox 3588 1867 3695 1923; x_wconf 86' lang='lat' dir='ltr'><strong>lin-</strong></span> 
     </span>
    </p>
   </div>
   <div class='ocr_carea' id='block_1_80' title="bbox 2098 1944 2944 2027">
    <p class='ocr_par' dir='ltr' id='par_1_80' title="bbox 2098 1944 2944 2027">
     <span class='ocr_line' id='line_1_81' title="bbox 2098 1944 2944 2027; baseline 0.002 -16"><span class='ocrx_word' id='word_1_651' title='bbox 2098 1972 2252 2027; x_wconf 82' lang='lat' dir='ltr'><strong>guam</strong></span> <span class='ocrx_word' id='word_1_652' title='bbox 2277 1972 2599 2027; x_wconf 67' lang='lat' dir='ltr'><strong>espavescas</strong></span> <span class='ocrx_word' id='word_1_653' title='bbox 2631 1944 2881 2014; x_wconf 60' lang='lat' dir='ltr'><strong>alienant.</strong></span> <span class='ocrx_word' id='word_1_654' title='bbox 2914 1961 2944 1989; x_wconf 82' lang='grc'><strong><em>⁸</em></strong></span> 
     </span>
    </p>
   </div>
   <div class='ocr_carea' id='block_1_81' title="bbox 2169 2048 3692 2125">
    <p class='ocr_par' dir='ltr' id='par_1_81' title="bbox 2169 2048 3692 2125">
     <span class='ocr_line' id='line_1_82' title="bbox 2169 2048 3692 2125; baseline 0.001 -20"><span class='ocrx_word' id='word_1_655' title='bbox 2169 2049 2221 2105; x_wconf 85' lang='grc'><strong>6.</strong></span> <span class='ocrx_word' id='word_1_656' title='bbox 2264 2048 2588 2105; x_wconf 85' lang='lat' dir='ltr'><strong>Circumcisio</strong></span> <span class='ocrx_word' id='word_1_657' title='bbox 2609 2053 2785 2106; x_wconf 87' lang='lat' dir='ltr'><strong>veteris</strong></span> <span class='ocrx_word' id='word_1_658' title='bbox 2808 2048 3110 2123; x_wconf 83' lang='lat' dir='ltr'><strong>Testameuti</strong></span> <span class='ocrx_word' id='word_1_659' title='bbox 3128 2094 3142 2117; x_wconf 96' lang='lat'><strong>,</strong></span> <span class='ocrx_word' id='word_1_660' title='bbox 3168 2056 3294 2107; x_wconf 73' lang='lat' dir='ltr'><strong>crus:</strong></span> <span class='ocrx_word' id='word_1_661' title='bbox 3318 2053 3431 2107; x_wconf 88' lang='lat' dir='ltr'><strong>novi</strong></span> <span class='ocrx_word' id='word_1_662' title='bbox 3462 2053 3692 2125; x_wconf 83' lang='lat' dir='ltr'><strong>signum.</strong></span> 
     </span>
    </p>
   </div>
   <div class='ocr_carea' id='block_1_82' title="bbox 2098 2134 3698 2211">
    <p class='ocr_par' dir='ltr' id='par_1_82' title="bbox 2098 2134 3698 2211">
     <span class='ocr_line' id='line_1_83' title="bbox 2098 2134 3698 2211; baseline 0.004 -14"><span class='ocrx_word' id='word_1_663' title='bbox 2098 2142 2317 2211; x_wconf 81' lang='lat' dir='ltr'><strong>Signum</strong></span> <span class='ocrx_word' id='word_1_664' title='bbox 2374 2144 2573 2201; x_wconf 84' lang='lat' dir='ltr'><strong>veteris</strong></span> <span class='ocrx_word' id='word_1_665' title='bbox 2622 2134 2950 2200; x_wconf 84' lang='lat' dir='ltr'><strong>Testamenti</strong></span> <span class='ocrx_word' id='word_1_666' title='bbox 3004 2145 3340 2201; x_wconf 85' lang='lat' dir='ltr'><strong>circumcisio</strong></span> <span class='ocrx_word' id='word_1_667' title='bbox 3397 2147 3450 2202; x_wconf 91' lang='lat' dir='ltr'><strong>in</strong></span> <span class='ocrx_word' id='word_1_668' title='bbox 3500 2138 3698 2204; x_wconf 82' lang='lat' dir='ltr'><strong>latenti</strong></span> 
     </span>
    </p>
   </div>
   <div class='ocr_carea' id='block_1_83' title="bbox 2097 2228 3693 2317">
    <p class='ocr_par' dir='ltr' id='par_1_83' title="bbox 2097 2228 3693 2317">
     <span class='ocr_line' id='line_1_84' title="bbox 2097 2228 3693 2317; baseline 0.003 -26"><span class='ocrx_word' id='word_1_669' title='bbox 2097 2251 2294 2291; x_wconf 86' lang='lat' dir='ltr'><strong>carne:</strong></span> <span class='ocrx_word' id='word_1_670' title='bbox 2319 2237 2527 2307; x_wconf 82' lang='lat' dir='ltr'><strong>signum</strong></span> <span class='ocrx_word' id='word_1_671' title='bbox 2557 2238 2679 2293; x_wconf 83' lang='lat' dir='ltr'><strong>novi</strong></span> <span class='ocrx_word' id='word_1_672' title='bbox 2710 2228 3035 2293; x_wconf 78' lang='lat' dir='ltr'><strong>Testamenti</strong></span> <span class='ocrx_word' id='word_1_673' title='bbox 3059 2254 3186 2317; x_wconf 84' lang='lat' dir='ltr'><strong>crux</strong></span> <span class='ocrx_word' id='word_1_674' title='bbox 3216 2240 3269 2293; x_wconf 89' lang='lat' dir='ltr'><strong>in</strong></span> <span class='ocrx_word' id='word_1_675' title='bbox 3294 2240 3461 2315; x_wconf 88' lang='lat' dir='ltr'><strong>libera</strong></span> <span class='ocrx_word' id='word_1_676' title='bbox 3488 2238 3693 2317; x_wconf 81' lang='lat' dir='ltr'><strong>fronte.</strong></span> 
     </span>
    </p>
   </div>
   <div class='ocr_carea' id='block_1_84' title="bbox 2097 2314 3698 2397">
    <p class='ocr_par' dir='ltr' id='par_1_84' title="bbox 2097 2314 3698 2397">
     <span class='ocr_line' id='line_1_85' title="bbox 2097 2314 3698 2397; baseline 0.006 -16"><span class='ocrx_word' id='word_1_677' title='bbox 2097 2326 2171 2383; x_wconf 88' lang='lat' dir='ltr'><strong>lbi</strong></span> <span class='ocrx_word' id='word_1_678' title='bbox 2217 2329 2357 2383; x_wconf 89' lang='lat' dir='ltr'><strong>enim</strong></span> <span class='ocrx_word' id='word_1_679' title='bbox 2389 2329 2673 2385; x_wconf 90' lang='lat' dir='ltr'><strong>occultatio</strong></span> <span class='ocrx_word' id='word_1_680' title='bbox 2702 2339 2817 2397; x_wconf 88' lang='lat' dir='ltr'><strong>est,</strong></span> <span class='ocrx_word' id='word_1_681' title='bbox 2846 2329 2933 2386; x_wconf 89' lang='lat' dir='ltr'><strong>hic</strong></span> <span class='ocrx_word' id='word_1_682' title='bbox 2973 2314 3266 2387; x_wconf 86' lang='lat' dir='ltr'><strong>revelatio:</strong></span> <span class='ocrx_word' id='word_1_683' title='bbox 3293 2332 3423 2389; x_wconf 89' lang='lat' dir='ltr'><strong>illud</strong></span> <span class='ocrx_word' id='word_1_684' title='bbox 3466 2338 3549 2389; x_wconf 84' lang='lat' dir='ltr'><strong>est</strong></span> <span class='ocrx_word' id='word_1_685' title='bbox 3586 2314 3698 2391; x_wconf 81' lang='lat' dir='ltr'><strong>sub</strong></span> 
     </span>
    </p>
   </div>
   <div class='ocr_carea' id='block_1_85' title="bbox 2096 2408 3697 2498">
    <p class='ocr_par' dir='ltr' id='par_1_85' title="bbox 2096 2408 3697 2498">
     <span class='ocr_line' id='line_1_86' title="bbox 2096 2408 3697 2498; baseline 0.002 -23"><span class='ocrx_word' id='word_1_686' title='bbox 2096 2423 2359 2477; x_wconf 87' lang='lat' dir='ltr'><strong>velamine</strong></span> <span class='ocrx_word' id='word_1_687' title='bbox 2380 2465 2395 2489; x_wconf 93' lang='lat'><strong>,</strong></span> <span class='ocrx_word' id='word_1_688' title='bbox 2429 2420 2531 2478; x_wconf 91' lang='lat' dir='ltr'><strong>hoc</strong></span> <span class='ocrx_word' id='word_1_689' title='bbox 2574 2423 2626 2477; x_wconf 83' lang='lat' dir='ltr'><strong>in</strong></span> <span class='ocrx_word' id='word_1_690' title='bbox 2656 2422 2811 2478; x_wconf 80' lang='lat' dir='ltr'><strong>facie.</strong></span> <span class='ocrx_word' id='word_1_691' title='bbox 2846 2422 3101 2491; x_wconf 83' lang='lat' dir='ltr'><strong>Quamdiu</strong></span> <span class='ocrx_word' id='word_1_692' title='bbox 3130 2414 3273 2480; x_wconf 86' lang='lat' dir='ltr'><strong>enim</strong></span> <span class='ocrx_word' id='word_1_693' title='bbox 3306 2425 3488 2497; x_wconf 78' lang='lat' dir='ltr'><strong>legitur</strong></span> <span class='ocrx_word' id='word_1_694' title='bbox 3532 2408 3697 2498; x_wconf 74' lang='lat' dir='ltr'><strong>Moy-</strong></span> 
     </span>
    </p>
   </div>
   <div class='ocr_carea' id='block_1_86' title="bbox 2095 2501 3700 2589">
    <p class='ocr_par' dir='ltr' id='par_1_86' title="bbox 2095 2501 3700 2589">
     <span class='ocr_line' id='line_1_87' title="bbox 2095 2501 3700 2589; baseline 0.003 -19"><span class='ocrx_word' id='word_1_695' title='bbox 2095 2534 2193 2581; x_wconf 84' lang='lat' dir='ltr'><strong>ses,</strong></span> <span class='ocrx_word' id='word_1_696' title='bbox 2223 2517 2445 2571; x_wconf 81' lang='lat' dir='ltr'><strong>velamen</strong></span> <span class='ocrx_word' id='word_1_697' title='bbox 2469 2533 2623 2587; x_wconf 88' lang='lat' dir='ltr'><strong>super</strong></span> <span class='ocrx_word' id='word_1_698' title='bbox 2648 2533 2734 2571; x_wconf 90' lang='lat' dir='ltr'><strong>cor</strong></span> <span class='ocrx_word' id='word_1_699' title='bbox 2762 2532 2937 2570; x_wconf 89' lang='lat' dir='ltr'><strong>eorum</strong></span> <span class='ocrx_word' id='word_1_700' title='bbox 2957 2518 3173 2588; x_wconf 87' lang='lat' dir='ltr'><strong>positum</strong></span> <span class='ocrx_word' id='word_1_701' title='bbox 3196 2528 3288 2571; x_wconf 87' lang='lat' dir='ltr'><strong>est.</strong></span> <span class='ocrx_word' id='word_1_702' title='bbox 3312 2518 3527 2589; x_wconf 84' lang='lat' dir='ltr'><strong>Quare?</strong></span> <span class='ocrx_word' id='word_1_703' title='bbox 3553 2501 3700 2585; x_wconf 66' lang='lat' dir='ltr'><strong>Quia</strong></span> 
     </span>
    </p>
   </div>
   <div class='ocr_carea' id='block_1_87' title="bbox 2096 2600 3702 2667">
    <p class='ocr_par' dir='ltr' id='par_1_87' title="bbox 2096 2600 3702 2667">
     <span class='ocr_line' id='line_1_88' title="bbox 2096 2600 3702 2667; baseline 0.003 -5"><span class='ocrx_word' id='word_1_704' title='bbox 2096 2606 2201 2663; x_wconf 83' lang='lat' dir='ltr'><strong>non</strong></span> <span class='ocrx_word' id='word_1_705' title='bbox 2236 2610 2558 2664; x_wconf 89' lang='lat' dir='ltr'><strong>transierunt</strong></span> <span class='ocrx_word' id='word_1_706' title='bbox 2598 2610 2665 2665; x_wconf 88' lang='lat' dir='ltr'><strong>ad</strong></span> <span class='ocrx_word' id='word_1_707' title='bbox 2696 2608 2987 2664; x_wconf 89' lang='lat' dir='ltr'><strong>Christum.</strong></span> <span class='ocrx_word' id='word_1_708' title='bbox 3014 2608 3139 2665; x_wconf 88' lang='lat' dir='ltr'><strong>Cum</strong></span> <span class='ocrx_word' id='word_1_709' title='bbox 3162 2600 3302 2666; x_wconf 82' lang='lat' dir='ltr'><strong>enim</strong></span> <span class='ocrx_word' id='word_1_710' title='bbox 3335 2613 3591 2667; x_wconf 86' lang='lat' dir='ltr'><strong>transieris</strong></span> <span class='ocrx_word' id='word_1_711' title='bbox 3623 2614 3702 2667; x_wconf 86' lang='lat' dir='ltr'><strong>ad</strong></span> 
     </span>
    </p>
   </div>
   <div class='ocr_carea' id='block_1_88' title="bbox 2096 2686 3702 2771">
    <p class='ocr_par' dir='ltr' id='par_1_88' title="bbox 2096 2686 3702 2771">
     <span class='ocr_line' id='line_1_89' title="bbox 2096 2686 3702 2771; baseline 0.004 -18"><span class='ocrx_word' id='word_1_712' title='bbox 2096 2699 2384 2766; x_wconf 81' lang='lat' dir='ltr'><strong>Christum,</strong></span> <span class='ocrx_word' id='word_1_713' title='bbox 2426 2703 2684 2771; x_wconf 73' lang='lat' dir='ltr'><strong>auferetur</strong></span> <span class='ocrx_word' id='word_1_714' title='bbox 2726 2700 2989 2754; x_wconf 82' lang='lat' dir='ltr'><strong>velamen:</strong></span> <span class='ocrx_word' id='word_1_715' title='bbox 3014 2702 3072 2754; x_wconf 82' lang='lat' dir='ltr'><strong>ut</strong></span> <span class='ocrx_word' id='word_1_716' title='bbox 3110 2699 3200 2771; x_wconf 84' lang='lat' dir='ltr'><strong>qui</strong></span> <span class='ocrx_word' id='word_1_717' title='bbox 3238 2698 3473 2758; x_wconf 83' lang='lat' dir='ltr'><strong>habebas</strong></span> <span class='ocrx_word' id='word_1_718' title='bbox 3516 2702 3568 2758; x_wconf 87' lang='lat' dir='ltr'><strong>in</strong></span> 
     </span>
    </p>
   </div>
   <div class='ocr_carea' id='block_1_89' title="bbox 2095 2786 3699 2864">
    <p class='ocr_par' dir='ltr' id='par_1_89' title="bbox 2095 2786 3699 2864">
     <span class='ocr_line' id='line_1_90' title="bbox 2095 2786 3699 2864; baseline 0.002 -17"><span class='ocrx_word' id='word_1_719' title='bbox 2095 2792 2238 2849; x_wconf 85' lang='lat' dir='ltr'><strong>culto</strong></span> <span class='ocrx_word' id='word_1_720' title='bbox 2265 2792 2758 2859; x_wconf 89' lang='lat' dir='ltr'><strong>circumcisionem,</strong></span> <span class='ocrx_word' id='word_1_721' title='bbox 2793 2791 2843 2845; x_wconf 90' lang='lat' dir='ltr'><strong>in</strong></span> <span class='ocrx_word' id='word_1_722' title='bbox 2876 2790 3047 2847; x_wconf 85' lang='lat' dir='ltr'><strong>l‘ronle</strong></span> <span class='ocrx_word' id='word_1_723' title='bbox 3090 2786 3270 2864; x_wconf 67' lang='lat' dir='ltr'><strong>portes</strong></span> <span class='ocrx_word' id='word_1_724' title='bbox 3305 2800 3540 2851; x_wconf 82' lang='lat' dir='ltr'><strong>crucem.</strong></span> <span class='ocrx_word' id='word_1_725' title='bbox 3571 2794 3699 2851; x_wconf 87' lang='lat' dir='ltr'><strong>Nos</strong></span> 
     </span>
    </p>
   </div>
   <div class='ocr_carea' id='block_1_90' title="bbox 2094 2884 3701 2956">
    <p class='ocr_par' dir='ltr' id='par_1_90' title="bbox 2094 2884 3701 2956">
     <span class='ocr_line' id='line_1_91' title="bbox 2094 2884 3701 2956; baseline 0.002 -17"><span class='ocrx_word' id='word_1_726' title='bbox 2094 2897 2263 2941; x_wconf 88' lang='lat' dir='ltr'><strong>autem</strong></span> <span class='ocrx_word' id='word_1_727' title='bbox 2308 2886 2528 2941; x_wconf 83' lang='lat' dir='ltr'><strong>revelata</strong></span> <span class='ocrx_word' id='word_1_728' title='bbox 2573 2885 2701 2956; x_wconf 77' lang='lat' dir='ltr'><strong>{acie</strong></span> <span class='ocrx_word' id='word_1_729' title='bbox 2740 2885 2955 2956; x_wconf 89' lang='lat' dir='ltr'><strong>gloriam</strong></span> <span class='ocrx_word' id='word_1_730' title='bbox 3000 2884 3208 2939; x_wconf 83' lang='lat' dir='ltr'><strong>Domini</strong></span> <span class='ocrx_word' id='word_1_731' title='bbox 3253 2888 3603 2955; x_wconf 83' lang='lat' dir='ltr'><strong>speculantes,</strong></span> <span class='ocrx_word' id='word_1_732' title='bbox 3640 2890 3701 2943; x_wconf 83' lang='lat' dir='ltr'><strong>in</strong></span> 
     </span>
    </p>
   </div>
   <div class='ocr_carea' id='block_1_91' title="bbox 2095 2969 3701 3052">
    <p class='ocr_par' dir='ltr' id='par_1_91' title="bbox 2095 2969 3701 3052">
     <span class='ocr_line' id='line_1_92' title="bbox 2095 2969 3701 3052; baseline 0.004 -22"><span class='ocrx_word' id='word_1_733' title='bbox 2095 2978 2321 3030; x_wconf 83' lang='lat' dir='ltr'><strong>eamdem</strong></span> <span class='ocrx_word' id='word_1_734' title='bbox 2359 2977 2663 3048; x_wconf 85' lang='lat' dir='ltr'><strong>imaginem,</strong></span> <span class='ocrx_word' id='word_1_735' title='bbox 2707 2969 2911 3047; x_wconf 72' lang='lat' dir='ltr'><strong>inquit,</strong></span> <span class='ocrx_word' id='word_1_736' title='bbox 2943 2982 3383 3049; x_wconf 79' lang='lat' dir='ltr'><strong>transformamur,</strong></span> <span class='ocrx_word' id='word_1_737' title='bbox 3417 2978 3480 3035; x_wconf 87' lang='lat' dir='ltr'><strong>de</strong></span> <span class='ocrx_word' id='word_1_738' title='bbox 3523 2980 3701 3052; x_wconf 82' lang='lat' dir='ltr'><strong>gloria</strong></span> 
     </span>
    </p>
   </div>
   <div class='ocr_carea' id='block_1_92' title="bbox 2094 3064 3697 3142">
    <p class='ocr_par' dir='ltr' id='par_1_92' title="bbox 2094 3064 3697 3142">
     <span class='ocr_line' id='line_1_93' title="bbox 2094 3064 3697 3142; baseline 0.006 -22"><span class='ocrx_word' id='word_1_739' title='bbox 2094 3069 2146 3120; x_wconf 86' lang='lat' dir='ltr'><strong>in</strong></span> <span class='ocrx_word' id='word_1_740' title='bbox 2167 3068 2380 3137; x_wconf 88' lang='lat' dir='ltr'><strong>gloriam</strong></span> <span class='ocrx_word' id='word_1_741' title='bbox 2399 3111 2412 3135; x_wconf 86' lang='lat'><strong>,</strong></span> <span class='ocrx_word' id='word_1_742' title='bbox 2446 3077 2684 3138; x_wconf 82' lang='lat' dir='ltr'><strong>tanquam</strong></span> <span class='ocrx_word' id='word_1_743' title='bbox 2707 3085 2737 3121; x_wconf 88' lang='lat' dir='ltr'><strong>a</strong></span> <span class='ocrx_word' id='word_1_744' title='bbox 2763 3064 2970 3123; x_wconf 89' lang='lat' dir='ltr'><strong>Domini</strong></span> <span class='ocrx_word' id='word_1_745' title='bbox 2996 3066 3193 3137; x_wconf 79' lang='lat' dir='ltr'><strong>Spiritu</strong></span> <span class='ocrx_word' id='word_1_746' title='bbox 3222 3068 3284 3142; x_wconf 91' lang='lat' dir='ltr'><strong>(ll</strong></span> <span class='ocrx_word' id='word_1_747' title='bbox 3311 3068 3428 3125; x_wconf 82' lang='lat' dir='ltr'><strong>Car.</strong></span> <span class='ocrx_word' id='word_1_748' title='bbox 3457 3087 3550 3141; x_wconf 90' lang='grc' dir='ltr'>ιιι,</span> <span class='ocrx_word' id='word_1_749' title='bbox 3584 3075 3658 3130; x_wconf 84' lang='lat' dir='ltr'><strong>l5</strong></span> <span class='ocrx_word' id='word_1_750' title='bbox 3678 3116 3697 3142; x_wconf 87' lang='lat'><strong>,</strong></span> 
     </span>
    </p>
   </div>
   <div class='ocr_carea' id='block_1_93' title="bbox 2096 3158 3701 3235">
    <p class='ocr_par' dir='ltr' id='par_1_93' title="bbox 2096 3158 3701 3235">
     <span class='ocr_line' id='line_1_94' title="bbox 2096 3158 3701 3235; baseline 0.006 -22"><span class='ocrx_word' id='word_1_751' title='bbox 2096 3160 2163 3213; x_wconf 78' lang='grc'><strong>16</strong></span> <span class='ocrx_word' id='word_1_752' title='bbox 2187 3200 2200 3222; x_wconf 87' lang='grc'><em>,</em></span> <span class='ocrx_word' id='word_1_753' title='bbox 2235 3160 2344 3230; x_wconf 81' lang='grc'><strong>18).</strong></span> <span class='ocrx_word' id='word_1_754' title='bbox 2372 3160 2450 3215; x_wconf 86' lang='lat' dir='ltr'><strong>Ne</strong></span> <span class='ocrx_word' id='word_1_755' title='bbox 2478 3159 2580 3216; x_wconf 90' lang='lat' dir='ltr'><strong>hoc</strong></span> <span class='ocrx_word' id='word_1_756' title='bbox 2606 3160 2697 3215; x_wconf 88' lang='lat' dir='ltr'><strong>tibi</strong></span> <span class='ocrx_word' id='word_1_757' title='bbox 2730 3158 2931 3216; x_wconf 88' lang='lat' dir='ltr'><strong>tribuas</strong></span> <span class='ocrx_word' id='word_1_758' title='bbox 2952 3202 2968 3227; x_wconf 91' lang='lat'><strong>,</strong></span> <span class='ocrx_word' id='word_1_759' title='bbox 3001 3176 3068 3216; x_wconf 89' lang='lat' dir='ltr'><strong>ne</strong></span> <span class='ocrx_word' id='word_1_760' title='bbox 3095 3160 3195 3217; x_wconf 86' lang='lat' dir='ltr'><strong>hoc</strong></span> <span class='ocrx_word' id='word_1_761' title='bbox 3226 3173 3371 3218; x_wconf 85' lang='lat' dir='ltr'><strong>tuum</strong></span> <span class='ocrx_word' id='word_1_762' title='bbox 3397 3173 3586 3235; x_wconf 89' lang='lat' dir='ltr'><strong>putes,</strong></span> <span class='ocrx_word' id='word_1_763' title='bbox 3626 3182 3701 3224; x_wconf 89' lang='lat' dir='ltr'><strong>ne</strong></span> 
     </span>
    </p>
   </div>
   <div class='ocr_carea' id='block_1_94' title="bbox 2096 3238 3694 3325">
    <p class='ocr_par' dir='ltr' id='par_1_94' title="bbox 2096 3238 3694 3325">
     <span class='ocr_line' id='line_1_95' title="bbox 2096 3238 3694 3325; baseline 0.005 -23"><span class='ocrx_word' id='word_1_764' title='bbox 2096 3250 2344 3320; x_wconf 85' lang='lat' dir='ltr'><strong>ignorans</strong></span> <span class='ocrx_word' id='word_1_765' title='bbox 2384 3251 2478 3306; x_wconf 87' lang='lat' dir='ltr'><strong>Dei</strong></span> <span class='ocrx_word' id='word_1_766' title='bbox 2517 3251 2772 3320; x_wconf 86' lang='lat' dir='ltr'><strong>justitiam</strong></span> <span class='ocrx_word' id='word_1_767' title='bbox 2819 3258 2873 3305; x_wconf 90' lang='lat' dir='ltr'><strong>et</strong></span> <span class='ocrx_word' id='word_1_768' title='bbox 2913 3259 3058 3305; x_wconf 90' lang='lat' dir='ltr'><strong>tuam</strong></span> <span class='ocrx_word' id='word_1_769' title='bbox 3088 3238 3275 3307; x_wconf 84' lang='lat' dir='ltr'><strong>volens</strong></span> <span class='ocrx_word' id='word_1_770' title='bbox 3314 3256 3651 3310; x_wconf 75' lang='lat' dir='ltr'><strong>constituere</strong></span> <span class='ocrx_word' id='word_1_771' title='bbox 3677 3298 3694 3325; x_wconf 93' lang='lat'><strong>,</strong></span> 
     </span>
    </p>
   </div>
   <div class='ocr_carea' id='block_1_95' title="bbox 2090 3342 3697 3415">
    <p class='ocr_par' dir='ltr' id='par_1_95' title="bbox 2090 3342 3697 3415">
     <span class='ocr_line' id='line_1_96' title="bbox 2090 3342 3697 3415; baseline 0.005 -21"><span class='ocrx_word' id='word_1_772' title='bbox 2090 3342 2309 3412; x_wconf 66' lang='lat' dir='ltr'><strong>justititc</strong></span> <span class='ocrx_word' id='word_1_773' title='bbox 2349 3344 2440 3398; x_wconf 89' lang='lat' dir='ltr'><strong>Dei</strong></span> <span class='ocrx_word' id='word_1_774' title='bbox 2483 3359 2587 3397; x_wconf 89' lang='lat' dir='ltr'><strong>non</strong></span> <span class='ocrx_word' id='word_1_775' title='bbox 2618 3344 2691 3398; x_wconf 89' lang='lat' dir='ltr'><strong>sis</strong></span> <span class='ocrx_word' id='word_1_776' title='bbox 2721 3342 3011 3412; x_wconf 86' lang='lat' dir='ltr'><strong>subjectus.</strong></span> <span class='ocrx_word' id='word_1_777' title='bbox 3042 3342 3231 3398; x_wconf 84' lang='lat' dir='ltr'><strong>Transi</strong></span> <span class='ocrx_word' id='word_1_778' title='bbox 3276 3346 3402 3415; x_wconf 60' lang='lat' dir='ltr'><strong>ergo</strong></span> <span class='ocrx_word' id='word_1_779' title='bbox 3432 3346 3497 3401; x_wconf 89' lang='lat' dir='ltr'><strong>ad</strong></span> <span class='ocrx_word' id='word_1_780' title='bbox 3526 3346 3697 3402; x_wconf 83' lang='lat' dir='ltr'><strong>Chri-</strong></span> 
     </span>
    </p>
   </div>
   <div class='ocr_carea' id='block_1_96' title="bbox 2097 3433 3701 3506">
    <p class='ocr_par' dir='ltr' id='par_1_96' title="bbox 2097 3433 3701 3506">
     <span class='ocr_line' id='line_1_97' title="bbox 2097 3433 3701 3506; baseline 0.003 -18"><span class='ocrx_word' id='word_1_781' title='bbox 2097 3447 2235 3489; x_wconf 86' lang='lat' dir='ltr'><strong>stum</strong></span> <span class='ocrx_word' id='word_1_782' title='bbox 2257 3477 2271 3502; x_wconf 92' lang='lat'><strong>,</strong></span> <span class='ocrx_word' id='word_1_783' title='bbox 2300 3452 2334 3492; x_wconf 93' lang='grc' dir='ltr'>ο</span> <span class='ocrx_word' id='word_1_784' title='bbox 2359 3436 2446 3506; x_wconf 89' lang='lat' dir='ltr'><strong>qui</strong></span> <span class='ocrx_word' id='word_1_785' title='bbox 2468 3436 2715 3506; x_wconf 82' lang='lat' dir='ltr'><strong>gloriaris</strong></span> <span class='ocrx_word' id='word_1_786' title='bbox 2737 3433 2805 3490; x_wconf 90' lang='lat' dir='ltr'><strong>de</strong></span> <span class='ocrx_word' id='word_1_787' title='bbox 2830 3435 3256 3491; x_wconf 77' lang='lat' dir='ltr'><strong>circumcisione.</strong></span> <span class='ocrx_word' id='word_1_788' title='bbox 3285 3435 3411 3491; x_wconf 90' lang='lat' dir='ltr'><strong>Inde</strong></span> <span class='ocrx_word' id='word_1_789' title='bbox 3442 3436 3585 3491; x_wconf 83' lang='lat' dir='ltr'><strong>enim</strong></span> <span class='ocrx_word' id='word_1_790' title='bbox 3612 3440 3701 3494; x_wconf 83' lang='lat' dir='ltr'><strong>vis</strong></span> 
     </span>
    </p>
   </div>
   <div class='ocr_carea' id='block_1_97' title="bbox 2094 3526 3700 3597">
    <p class='ocr_par' dir='ltr' id='par_1_97' title="bbox 2094 3526 3700 3597">
     <span class='ocr_line' id='line_1_98' title="bbox 2094 3526 3700 3597; baseline 0.003 -17"><span class='ocrx_word' id='word_1_791' title='bbox 2094 3528 2315 3597; x_wconf 81' lang='lat' dir='ltr'><strong>gloriam</strong></span> <span class='ocrx_word' id='word_1_792' title='bbox 2365 3527 2595 3591; x_wconf 87' lang='lat' dir='ltr'><strong>habere,</strong></span> <span class='ocrx_word' id='word_1_793' title='bbox 2627 3526 2767 3596; x_wconf 78' lang='lat' dir='ltr'><strong>quod</strong></span> <span class='ocrx_word' id='word_1_794' title='bbox 2817 3526 3193 3582; x_wconf 85' lang='lat' dir='ltr'><strong>verecundaris</strong></span> <span class='ocrx_word' id='word_1_795' title='bbox 3241 3529 3547 3584; x_wconf 86' lang='lat' dir='ltr'><strong>ostendere.</strong></span> <span class='ocrx_word' id='word_1_796' title='bbox 3596 3526 3700 3585; x_wconf 82' lang='lat' dir='ltr'><strong>Si-</strong></span> 
     </span>
    </p>
   </div>
   <div class='ocr_carea' id='block_1_98' title="bbox 2095 3609 3700 3694">
    <p class='ocr_par' dir='ltr' id='par_1_98' title="bbox 2095 3609 3700 3694">
     <span class='ocr_line' id='line_1_99' title="bbox 2095 3609 3700 3694; baseline 0.006 -22"><span class='ocrx_word' id='word_1_797' title='bbox 2095 3630 2257 3688; x_wconf 72' lang='lat' dir='ltr'><strong>gnum</strong></span> <span class='ocrx_word' id='word_1_798' title='bbox 2300 3609 2411 3689; x_wconf 76' lang='lat' dir='ltr'><strong>est,</strong></span> <span class='ocrx_word' id='word_1_799' title='bbox 2439 3636 2625 3677; x_wconf 91' lang='lat' dir='ltr'><strong>verum</strong></span> <span class='ocrx_word' id='word_1_800' title='bbox 2666 3631 2749 3677; x_wconf 86' lang='lat' dir='ltr'><strong>est</strong></span> <span class='ocrx_word' id='word_1_801' title='bbox 2778 3622 2817 3687; x_wconf 77' lang='grc' dir='ltr'><strong>ί,</strong></span> <span class='ocrx_word' id='word_1_802' title='bbox 2845 3638 2875 3675; x_wconf 89' lang='lat' dir='ltr'><strong>a</strong></span> <span class='ocrx_word' id='word_1_803' title='bbox 2922 3623 3032 3678; x_wconf 89' lang='lat' dir='ltr'><strong>Deo</strong></span> <span class='ocrx_word' id='word_1_804' title='bbox 3077 3633 3399 3694; x_wconf 66' lang='lat' dir='ltr'><strong>prmceptum</strong></span> <span class='ocrx_word' id='word_1_805' title='bbox 3447 3620 3700 3681; x_wconf 87' lang='lat' dir='ltr'><strong>est:sed</strong></span> 
     </span>
    </p>
   </div>
   <div class='ocr_carea' id='block_1_99' title="bbox 2096 3713 3701 3785">
    <p class='ocr_par' dir='ltr' id='par_1_99' title="bbox 2096 3713 3701 3785">
     <span class='ocr_line' id='line_1_100' title="bbox 2096 3713 3701 3785; baseline 0.004 -17"><span class='ocrx_word' id='word_1_806' title='bbox 2096 3713 2465 3769; x_wconf 83' lang='lat' dir='ltr'><strong>occultationis</strong></span> <span class='ocrx_word' id='word_1_807' title='bbox 2490 3714 2698 3785; x_wconf 80' lang='lat' dir='ltr'><strong>signum</strong></span> <span class='ocrx_word' id='word_1_808' title='bbox 2726 3717 2828 3769; x_wconf 85' lang='lat' dir='ltr'><strong>est.</strong></span> <span class='ocrx_word' id='word_1_809' title='bbox 2856 3715 3061 3770; x_wconf 83' lang='lat' dir='ltr'><strong>Novum</strong></span> <span class='ocrx_word' id='word_1_810' title='bbox 3102 3718 3245 3772; x_wconf 87' lang='lat' dir='ltr'><strong>enim</strong></span> <span class='ocrx_word' id='word_1_811' title='bbox 3288 3717 3701 3775; x_wconf 82' lang='lat' dir='ltr'><strong>Testamentum</strong></span> 
     </span>
    </p>
   </div>
   <div class='ocr_carea' id='block_1_100' title="bbox 2096 3806 3703 3869">
    <p class='ocr_par' dir='ltr' id='par_1_100' title="bbox 2096 3806 3703 3869">
     <span class='ocr_line' id='line_1_101' title="bbox 2096 3806 3703 3869; baseline 0.004 -8"><span class='ocrx_word' id='word_1_812' title='bbox 2096 3806 2150 3861; x_wconf 88' lang='lat' dir='ltr'><strong>in</strong></span> <span class='ocrx_word' id='word_1_813' title='bbox 2184 3808 2349 3861; x_wconf 86' lang='lat' dir='ltr'><strong>veteri</strong></span> <span class='ocrx_word' id='word_1_814' title='bbox 2380 3807 2690 3863; x_wconf 89' lang='lat' dir='ltr'><strong>velabatur:</strong></span> <span class='ocrx_word' id='word_1_815' title='bbox 2717 3817 2865 3863; x_wconf 82' lang='lat' dir='ltr'><strong>vetus</strong></span> <span class='ocrx_word' id='word_1_816' title='bbox 2903 3809 3302 3865; x_wconf 85' lang='lat' dir='ltr'><strong>Testamentum</strong></span> <span class='ocrx_word' id='word_1_817' title='bbox 3347 3813 3397 3866; x_wconf 92' lang='lat' dir='ltr'><strong>in</strong></span> <span class='ocrx_word' id='word_1_818' title='bbox 3431 3828 3569 3867; x_wconf 87' lang='lat' dir='ltr'><strong>novo</strong></span> <span class='ocrx_word' id='word_1_819' title='bbox 3598 3829 3703 3869; x_wconf 88' lang='lat' dir='ltr'><strong>re-</strong></span> 
     </span>
    </p>
   </div>
   <div class='ocr_carea' id='block_1_101' title="bbox 2096 3899 3704 3970">
    <p class='ocr_par' dir='ltr' id='par_1_101' title="bbox 2096 3899 3704 3970">
     <span class='ocr_line' id='line_1_102' title="bbox 2096 3899 3704 3970; baseline 0.005 -18"><span class='ocrx_word' id='word_1_820' title='bbox 2096 3901 2318 3954; x_wconf 82' lang='lat' dir='ltr'><strong>velatur.</strong></span> <span class='ocrx_word' id='word_1_821' title='bbox 2351 3899 2474 3955; x_wconf 89' lang='lat' dir='ltr'><strong>ldeo</strong></span> <span class='ocrx_word' id='word_1_822' title='bbox 2518 3900 2724 3970; x_wconf 80' lang='lat' dir='ltr'><strong>signum</strong></span> <span class='ocrx_word' id='word_1_823' title='bbox 2755 3901 2823 3956; x_wconf 88' lang='lat' dir='ltr'><strong>ab</strong></span> <span class='ocrx_word' id='word_1_824' title='bbox 2865 3903 3073 3956; x_wconf 87' lang='lat' dir='ltr'><strong>occulto</strong></span> <span class='ocrx_word' id='word_1_825' title='bbox 3116 3904 3351 3957; x_wconf 84' lang='lat' dir='ltr'><strong>transeat</strong></span> <span class='ocrx_word' id='word_1_826' title='bbox 3379 3904 3430 3958; x_wconf 90' lang='lat' dir='ltr'><strong>in</strong></span> <span class='ocrx_word' id='word_1_827' title='bbox 3462 3902 3704 3961; x_wconf 76' lang='lat' dir='ltr'><strong>manife-</strong></span> 
     </span>
    </p>
   </div>
   <div class='ocr_carea' id='block_1_102' title="bbox 2097 3992 3725 4064">
    <p class='ocr_par' dir='ltr' id='par_1_102' title="bbox 2097 3992 3725 4064">
     <span class='ocr_line' id='line_1_103' title="bbox 2097 3992 3725 4064; baseline 0.006 -20"><span class='ocrx_word' id='word_1_828' title='bbox 2097 4001 2271 4058; x_wconf 84' lang='lat' dir='ltr'><strong>stum,</strong></span> <span class='ocrx_word' id='word_1_829' title='bbox 2304 3998 2359 4045; x_wconf 90' lang='lat' dir='ltr'><strong>et</strong></span> <span class='ocrx_word' id='word_1_830' title='bbox 2409 3992 2625 4061; x_wconf 87' lang='lat' dir='ltr'><strong>incipiat</strong></span> <span class='ocrx_word' id='word_1_831' title='bbox 2667 4007 2790 4047; x_wconf 86' lang='lat' dir='ltr'><strong>esse</strong></span> <span class='ocrx_word' id='word_1_832' title='bbox 2831 3993 2883 4046; x_wconf 81' lang='lat' dir='ltr'><strong>in</strong></span> <span class='ocrx_word' id='word_1_833' title='bbox 2936 3992 3111 4048; x_wconf 83' lang='lat' dir='ltr'><strong>fronte</strong></span> <span class='ocrx_word' id='word_1_834' title='bbox 3156 3994 3298 4064; x_wconf 85' lang='lat' dir='ltr'><strong>quod</strong></span> <span class='ocrx_word' id='word_1_835' title='bbox 3342 3996 3543 4050; x_wconf 82' lang='lat' dir='ltr'><strong>latebat</strong></span> <span class='ocrx_word' id='word_1_836' title='bbox 3589 3998 3725 4053; x_wconf 78' lang='lat' dir='ltr'><strong>sub&#39;</strong></span> 
     </span>
    </p>
   </div>
   <div class='ocr_carea' id='block_1_103' title="bbox 2096 4074 3702 4156">
    <p class='ocr_par' dir='ltr' id='par_1_103' title="bbox 2096 4074 3702 4156">
     <span class='ocr_line' id='line_1_104' title="bbox 2096 4074 3702 4156; baseline 0.006 -22"><span class='ocrx_word' id='word_1_837' title='bbox 2096 4090 2262 4136; x_wconf 87' lang='lat' dir='ltr'><strong>veste.</strong></span> <span class='ocrx_word' id='word_1_838' title='bbox 2290 4080 2422 4136; x_wconf 83' lang='lat' dir='ltr'><strong>Nam</strong></span> <span class='ocrx_word' id='word_1_839' title='bbox 2453 4083 2503 4136; x_wconf 90' lang='lat' dir='ltr'><strong>in</strong></span> <span class='ocrx_word' id='word_1_840' title='bbox 2543 4096 2608 4137; x_wconf 89' lang='lat' dir='ltr'><strong>eo</strong></span> <span class='ocrx_word' id='word_1_841' title='bbox 2634 4082 2787 4154; x_wconf 80' lang='lat' dir='ltr'><strong>signo</strong></span> <span class='ocrx_word' id='word_1_842' title='bbox 2816 4074 3082 4139; x_wconf 82' lang='lat' dir='ltr'><strong>Christum</strong></span> <span class='ocrx_word' id='word_1_843' title='bbox 3115 4099 3232 4141; x_wconf 87' lang='lat' dir='ltr'><strong>esse</strong></span> <span class='ocrx_word' id='word_1_844' title='bbox 3272 4088 3702 4156; x_wconf 61' lang='lat' dir='ltr'><strong>praenuntiatum</strong></span> 
     </span>
    </p>
   </div>
   <div class='ocr_carea' id='block_1_104' title="bbox 2098 4174 3705 4247">
    <p class='ocr_par' dir='ltr' id='par_1_104' title="bbox 2098 4174 3705 4247">
     <span class='ocr_line' id='line_1_105' title="bbox 2098 4174 3705 4247; baseline 0.006 -21"><span class='ocrx_word' id='word_1_845' title='bbox 2098 4175 2217 4243; x_wconf 88' lang='lat' dir='ltr'><strong>quis</strong></span> <span class='ocrx_word' id='word_1_846' title='bbox 2254 4174 2519 4244; x_wconf 78' lang='lat' dir='ltr'><strong>ambigat?</strong></span> <span class='ocrx_word' id='word_1_847' title='bbox 2555 4174 2681 4229; x_wconf 85' lang='lat' dir='ltr'><strong>Inde</strong></span> <span class='ocrx_word' id='word_1_848' title='bbox 2719 4177 2968 4231; x_wconf 88' lang='lat' dir='ltr'><strong>cultellus</strong></span> <span class='ocrx_word' id='word_1_849' title='bbox 3004 4178 3246 4247; x_wconf 87' lang='lat' dir='ltr'><strong>pctrinus</strong></span> <span class='ocrx_word' id='word_1_850' title='bbox 3271 4178 3464 4234; x_wconf 87' lang='lat' dir='ltr'><strong>:-Pelra</strong></span> <span class='ocrx_word' id='word_1_851' title='bbox 3506 4190 3705 4235; x_wconf 82' lang='lat' dir='ltr'><strong>autem</strong></span> 
     </span>
    </p>
   </div>
   <div class='ocr_carea' id='block_1_105' title="bbox 2097 4265 3705 4340">
    <p class='ocr_par' dir='ltr' id='par_1_105' title="bbox 2097 4265 3705 4340">
     <span class='ocr_line' id='line_1_106' title="bbox 2097 4265 3705 4340; baseline 0.004 -20"><span class='ocrx_word' id='word_1_852' title='bbox 2097 4268 2214 4320; x_wconf 88' lang='lat' dir='ltr'><strong>erat</strong></span> <span class='ocrx_word' id='word_1_853' title='bbox 2238 4265 2482 4320; x_wconf 89' lang='lat' dir='ltr'><strong>Christus</strong></span> <span class='ocrx_word' id='word_1_854' title='bbox 2505 4265 2549 4339; x_wconf 86' lang='grc' dir='ltr'><strong>(Ι</strong></span> <span class='ocrx_word' id='word_1_855' title='bbox 2577 4265 2694 4320; x_wconf 80' lang='lat' dir='ltr'><strong>Cor.</strong></span> <span class='ocrx_word' id='word_1_856' title='bbox 2720 4280 2755 4321; x_wconf 73' lang='grc' dir='ltr'><strong>ι</strong></span> <span class='ocrx_word' id='word_1_857' title='bbox 2776 4308 2790 4331; x_wconf 83' lang='grc'><em>,</em></span> <span class='ocrx_word' id='word_1_858' title='bbox 2816 4266 2893 4340; x_wconf 61' lang='grc'><strong>3).</strong></span> <span class='ocrx_word' id='word_1_859' title='bbox 2922 4267 3050 4322; x_wconf 89' lang='lat' dir='ltr'><strong>lude</strong></span> <span class='ocrx_word' id='word_1_860' title='bbox 3076 4279 3294 4325; x_wconf 90' lang='lat' dir='ltr'><strong>octavus</strong></span> <span class='ocrx_word' id='word_1_861' title='bbox 3317 4270 3430 4325; x_wconf 85' lang='lat' dir='ltr'><strong>dies</strong></span> <span class='ocrx_word' id='word_1_862' title='bbox 3452 4271 3705 4326; x_wconf 86' lang='lat' dir='ltr'><strong>circum-</strong></span> 
     </span>
    </p>
   </div>
   <div class='ocr_carea' id='block_1_106' title="bbox 2098 4358 3709 4434">
    <p class='ocr_par' dir='ltr' id='par_1_106' title="bbox 2098 4358 3709 4434">
     <span class='ocr_line' id='line_1_107' title="bbox 2098 4358 3709 4434; baseline 0.003 -20"><span class='ocrx_word' id='word_1_863' title='bbox 2098 4358 2336 4426; x_wconf 82' lang='lat' dir='ltr'><strong>cisionis,</strong></span> <span class='ocrx_word' id='word_1_864' title='bbox 2356 4367 2410 4414; x_wconf 90' lang='lat' dir='ltr'><strong>et</strong></span> <span class='ocrx_word' id='word_1_865' title='bbox 2426 4358 2723 4415; x_wconf 88' lang='lat' dir='ltr'><strong>dominicus</strong></span> <span class='ocrx_word' id='word_1_866' title='bbox 2744 4361 3150 4416; x_wconf 86' lang='lat' dir='ltr'><strong>resurrectionis</strong></span> <span class='ocrx_word' id='word_1_867' title='bbox 3180 4360 3274 4434; x_wconf 72' lang='grc' dir='ltr'><strong>(ὁ).</strong></span> <span class='ocrx_word' id='word_1_868' title='bbox 3310 4362 3432 4418; x_wconf 87' lang='lat' dir='ltr'><strong>Ideo</strong></span> <span class='ocrx_word' id='word_1_869' title='bbox 3459 4362 3709 4433; x_wconf 77' lang='lat' dir='ltr'><strong>Aposto-</strong></span> 
     </span>
    </p>
   </div>
   <div class='ocr_carea' id='block_1_107' title="bbox 2096 4450 3711 4519">
    <p class='ocr_par' dir='ltr' id='par_1_107' title="bbox 2096 4450 3711 4519">
     <span class='ocr_line' id='line_1_108' title="bbox 2096 4450 3711 4519; baseline 0.005 -13"><span class='ocrx_word' id='word_1_870' title='bbox 2096 4451 2179 4506; x_wconf 90' lang='lat' dir='ltr'><strong>lus</strong></span> <span class='ocrx_word' id='word_1_871' title='bbox 2222 4450 2344 4506; x_wconf 91' lang='lat' dir='ltr'><strong>inde</strong></span> <span class='ocrx_word' id='word_1_872' title='bbox 2387 4452 2682 4518; x_wconf 86' lang='lat' dir='ltr'><strong>transiens,</strong></span> <span class='ocrx_word' id='word_1_873' title='bbox 2712 4452 2837 4508; x_wconf 91' lang='lat' dir='ltr'><strong>inde</strong></span> <span class='ocrx_word' id='word_1_874' title='bbox 2862 4453 3103 4509; x_wconf 76' lang='lat' dir='ltr'><strong>veniens</strong></span> <span class='ocrx_word' id='word_1_875' title='bbox 3127 4494 3141 4519; x_wconf 92' lang='lat'><strong>,</strong></span> <span class='ocrx_word' id='word_1_876' title='bbox 3174 4454 3436 4510; x_wconf 89' lang='lat' dir='ltr'><strong>transiens</strong></span> <span class='ocrx_word' id='word_1_877' title='bbox 3482 4454 3711 4513; x_wconf 80' lang='lat' dir='ltr'><strong>scilicet</strong></span> 
     </span>
    </p>
   </div>
   <div class='ocr_carea' id='block_1_108' title="bbox 2098 4540 3709 4619">
    <p class='ocr_par' dir='ltr' id='par_1_108' title="bbox 2098 4540 3709 4619">
     <span class='ocr_line' id='line_1_109' title="bbox 2098 4540 3709 4619; baseline 0.004 -23"><span class='ocrx_word' id='word_1_878' title='bbox 2098 4542 2166 4596; x_wconf 92' lang='lat' dir='ltr'><strong>ad</strong></span> <span class='ocrx_word' id='word_1_879' title='bbox 2194 4540 2463 4598; x_wconf 87' lang='lat' dir='ltr'><strong>Christum</strong></span> <span class='ocrx_word' id='word_1_880' title='bbox 2485 4584 2500 4611; x_wconf 95' lang='lat'><strong>,</strong></span> <span class='ocrx_word' id='word_1_881' title='bbox 2532 4555 2591 4598; x_wconf 93' lang='lat' dir='ltr'><strong>ut</strong></span> <span class='ocrx_word' id='word_1_882' title='bbox 2628 4544 2900 4600; x_wconf 70' lang='lat' dir='ltr'><strong>aulbratur</strong></span> <span class='ocrx_word' id='word_1_883' title='bbox 2925 4544 3165 4600; x_wconf 85' lang='lat' dir='ltr'><strong>velamen</strong></span> <span class='ocrx_word' id='word_1_884' title='bbox 3186 4587 3199 4609; x_wconf 92' lang='lat'><strong>,</strong></span> <span class='ocrx_word' id='word_1_885' title='bbox 3229 4547 3379 4601; x_wconf 88' lang='lat' dir='ltr'><strong>novit</strong></span> <span class='ocrx_word' id='word_1_886' title='bbox 3403 4548 3549 4603; x_wconf 89' lang='lat' dir='ltr'><strong>unde</strong></span> <span class='ocrx_word' id='word_1_887' title='bbox 3574 4551 3709 4619; x_wconf 81' lang='lat' dir='ltr'><strong>glo-</strong></span> 
     </span>
    </p>
   </div>
   <div class='ocr_carea' id='block_1_109' title="bbox 2099 4630 3714 4707">
    <p class='ocr_par' dir='ltr' id='par_1_109' title="bbox 2099 4630 3714 4707">
     <span class='ocr_line' id='line_1_110' title="bbox 2099 4630 3714 4707; baseline 0.004 -17"><span class='ocrx_word' id='word_1_888' title='bbox 2099 4636 2286 4690; x_wconf 88' lang='lat' dir='ltr'><strong>rietur.</strong></span> <span class='ocrx_word' id='word_1_889' title='bbox 2310 4635 2445 4689; x_wconf 77' lang='lat' dir='ltr'><strong>Mihi</strong></span> <span class='ocrx_word' id='word_1_890' title='bbox 2474 4646 2642 4690; x_wconf 82' lang='lat' dir='ltr'><strong>autent</strong></span> <span class='ocrx_word' id='word_1_891' title='bbox 2678 4638 2805 4690; x_wconf 86' lang='lat' dir='ltr'><strong>absit</strong></span> <span class='ocrx_word' id='word_1_892' title='bbox 2830 4630 3056 4707; x_wconf 69' lang='lat' dir='ltr'><strong>gloriari,</strong></span> <span class='ocrx_word' id='word_1_893' title='bbox 3090 4639 3188 4691; x_wconf 88' lang='lat' dir='ltr'><strong>nisi</strong></span> <span class='ocrx_word' id='word_1_894' title='bbox 3211 4640 3264 4692; x_wconf 84' lang='lat' dir='ltr'><strong>in</strong></span> <span class='ocrx_word' id='word_1_895' title='bbox 3298 4656 3445 4693; x_wconf 87' lang='lat' dir='ltr'><strong>cruce</strong></span> <span class='ocrx_word' id='word_1_896' title='bbox 3486 4640 3714 4697; x_wconf 71' lang='lat' dir='ltr'><strong>Domini</strong></span> 
     </span>
    </p>
   </div>
   <div class='ocr_carea' id='block_1_110' title="bbox 2064 4722 3716 4804">
    <p class='ocr_par' dir='ltr' id='par_1_110' title="bbox 2064 4722 3716 4804">
     <span class='ocr_line' id='line_1_111' title="bbox 2064 4722 3716 4804; baseline 0.003 -21"><span class='ocrx_word' id='word_1_897' title='bbox 2064 4734 2067 4737; x_wconf 83' lang='lat'>&#39;</span> <span class='ocrx_word' id='word_1_898' title='bbox 2096 4730 2257 4783; x_wconf 79' lang='lat' dir='ltr'><strong>nostri</strong></span> <span class='ocrx_word' id='word_1_899' title='bbox 2292 4728 2417 4784; x_wconf 85' lang='lat' dir='ltr'><strong>Jesu</strong></span> <span class='ocrx_word' id='word_1_900' title='bbox 2456 4726 2666 4783; x_wconf 78' lang='lat' dir='ltr'><strong>Christi.</strong></span> <span class='ocrx_word' id='word_1_901' title='bbox 2698 4722 2834 4797; x_wconf 86' lang='lat' dir='ltr'><strong>Quid</strong></span> <span class='ocrx_word' id='word_1_902' title='bbox 2860 4731 3002 4784; x_wconf 87' lang='lat' dir='ltr'><strong>enim</strong></span> <span class='ocrx_word' id='word_1_903' title='bbox 3050 4731 3198 4800; x_wconf 90' lang='lat' dir='ltr'><strong>prius</strong></span> <span class='ocrx_word' id='word_1_904' title='bbox 3239 4730 3481 4786; x_wconf 75' lang='lat' dir='ltr'><strong>dixerat?</strong></span> <span class='ocrx_word' id='word_1_905' title='bbox 3516 4731 3716 4804; x_wconf 75' lang='lat' dir='ltr'><strong>Neque</strong></span> 
     </span>
    </p>
   </div>
   <div class='ocr_carea' id='block_1_111' title="bbox 2096 4818 3715 4894">
    <p class='ocr_par' dir='ltr' id='par_1_111' title="bbox 2096 4818 3715 4894">
     <span class='ocr_line' id='line_1_112' title="bbox 2096 4818 3715 4894; baseline 0.002 -17"><span class='ocrx_word' id='word_1_906' title='bbox 2096 4824 2227 4877; x_wconf 80' lang='lat' dir='ltr'><strong>enim</strong></span> <span class='ocrx_word' id='word_1_907' title='bbox 2251 4824 2336 4892; x_wconf 84' lang='lat' dir='ltr'><strong>qui</strong></span> <span class='ocrx_word' id='word_1_908' title='bbox 2361 4818 2642 4876; x_wconf 87' lang='lat' dir='ltr'><strong>circumcisi</strong></span> <span class='ocrx_word' id='word_1_909' title='bbox 2665 4831 2780 4876; x_wconf 87' lang='lat' dir='ltr'><strong>sunt</strong></span> <span class='ocrx_word' id='word_1_910' title='bbox 2801 4865 2815 4890; x_wconf 91' lang='lat'><strong>,</strong></span> <span class='ocrx_word' id='word_1_911' title='bbox 2832 4823 2871 4876; x_wconf 88' lang='lat' dir='ltr'><strong>ii</strong></span> <span class='ocrx_word' id='word_1_912' title='bbox 2893 4821 3048 4894; x_wconf 86' lang='lat' dir='ltr'><strong>legem</strong></span> <span class='ocrx_word' id='word_1_913' title='bbox 3066 4823 3382 4890; x_wconf 85' lang='lat' dir='ltr'><strong>custodiunt;</strong></span> <span class='ocrx_word' id='word_1_914' title='bbox 3402 4825 3492 4878; x_wconf 84' lang='lat' dir='ltr'><strong>sed</strong></span> <span class='ocrx_word' id='word_1_915' title='bbox 3519 4828 3715 4893; x_wconf 74' lang='lat' dir='ltr'><strong>volunt</strong></span> 
     </span>
    </p>
   </div>
   <div class='ocr_carea' id='block_1_112' title="bbox 2097 4904 3714 4986">
    <p class='ocr_par' dir='ltr' id='par_1_112' title="bbox 2097 4904 3714 4986">
     <span class='ocr_line' id='line_1_113' title="bbox 2097 4904 3714 4986; baseline 0.003 -18"><span class='ocrx_word' id='word_1_916' title='bbox 2097 4931 2182 4969; x_wconf 80' lang='lat' dir='ltr'><strong>vos</strong></span> <span class='ocrx_word' id='word_1_917' title='bbox 2202 4913 2521 4978; x_wconf 84' lang='lat' dir='ltr'><strong>circumcidi,</strong></span> <span class='ocrx_word' id='word_1_918' title='bbox 2551 4924 2605 4968; x_wconf 86' lang='lat' dir='ltr'><strong>ut</strong></span> <span class='ocrx_word' id='word_1_919' title='bbox 2640 4915 2693 4968; x_wconf 85' lang='lat' dir='ltr'><strong>in</strong></span> <span class='ocrx_word' id='word_1_920' title='bbox 2720 4924 2883 4968; x_wconf 82' lang='lat' dir='ltr'><strong>vestra</strong></span> <span class='ocrx_word' id='word_1_921' title='bbox 2905 4929 3059 4969; x_wconf 90' lang='lat' dir='ltr'><strong>carne</strong></span> <span class='ocrx_word' id='word_1_922' title='bbox 3076 4915 3353 4985; x_wconf 84' lang='lat' dir='ltr'><strong>glorientur</strong></span> <span class='ocrx_word' id='word_1_923' title='bbox 3374 4904 3572 4986; x_wconf 79' lang='lat' dir='ltr'><strong>(Colat.</strong></span> <span class='ocrx_word' id='word_1_924' title='bbox 3612 4934 3674 4973; x_wconf 80' lang='lat' dir='ltr'><strong>vr</strong></span> <span class='ocrx_word' id='word_1_925' title='bbox 3698 4961 3714 4984; x_wconf 94' lang='lat'><strong>,</strong></span> 
     </span>
    </p>
   </div>
   <div class='ocr_carea' id='block_1_113' title="bbox 2098 5003 3717 5076">
    <p class='ocr_par' dir='ltr' id='par_1_113' title="bbox 2098 5003 3717 5076">
     <span class='ocr_line' id='line_1_114' title="bbox 2098 5003 3717 5076; baseline -0.001 -15"><span class='ocrx_word' id='word_1_926' title='bbox 2098 5008 2185 5071; x_wconf 64' lang='lat' dir='ltr'><strong>ll,</strong></span> <span class='ocrx_word' id='word_1_927' title='bbox 2212 5007 2319 5075; x_wconf 74' lang='lat' dir='ltr'><strong>l5).</strong></span> <span class='ocrx_word' id='word_1_928' title='bbox 2344 5004 2420 5059; x_wconf 88' lang='lat' dir='ltr'><strong>Tu</strong></span> <span class='ocrx_word' id='word_1_929' title='bbox 2444 5005 2567 5075; x_wconf 86' lang='lat' dir='ltr'><strong>quid</strong></span> <span class='ocrx_word' id='word_1_930' title='bbox 2585 5047 2598 5070; x_wconf 90' lang='lat'><strong>,</strong></span> <span class='ocrx_word' id='word_1_931' title='bbox 2633 5003 2921 5076; x_wconf 78' lang='lat' dir='ltr'><strong>Apostole?</strong></span> <span class='ocrx_word' id='word_1_932' title='bbox 2944 5004 3195 5059; x_wconf 84' lang='lat' dir='ltr'><strong>Transfer</strong></span> <span class='ocrx_word' id='word_1_933' title='bbox 3221 5006 3423 5075; x_wconf 82' lang='lat' dir='ltr'><strong>signum</strong></span> <span class='ocrx_word' id='word_1_934' title='bbox 3450 5006 3516 5059; x_wconf 83' lang='lat' dir='ltr'><strong>ad</strong></span> <span class='ocrx_word' id='word_1_935' title='bbox 3542 5005 3717 5060; x_wconf 73' lang='lat' dir='ltr'><strong>frmi-</strong></span> 
     </span>
    </p>
   </div>
   <div class='ocr_carea' id='block_1_114' title="bbox 2098 5096 3721 5168">
    <p class='ocr_par' dir='ltr' id='par_1_114' title="bbox 2098 5096 3721 5168">
     <span class='ocr_line' id='line_1_115' title="bbox 2098 5096 3721 5168; baseline 0 -13"><span class='ocrx_word' id='word_1_936' title='bbox 2098 5113 2226 5156; x_wconf 75' lang='lat' dir='ltr'><strong>tcm.</strong></span> <span class='ocrx_word' id='word_1_937' title='bbox 2258 5096 2390 5153; x_wconf 76' lang='lat' dir='ltr'><strong>Mihi</strong></span> <span class='ocrx_word' id='word_1_938' title='bbox 2410 5108 2577 5153; x_wconf 85' lang='lat' dir='ltr'><strong>autem</strong></span> <span class='ocrx_word' id='word_1_939' title='bbox 2616 5100 2745 5152; x_wconf 78' lang='lat' dir='ltr'><strong>absit</strong></span> <span class='ocrx_word' id='word_1_940' title='bbox 2784 5098 3023 5168; x_wconf 85' lang='lat' dir='ltr'><strong>gloriari,</strong></span> <span class='ocrx_word' id='word_1_941' title='bbox 3053 5099 3152 5152; x_wconf 85' lang='lat' dir='ltr'><strong>nisi</strong></span> <span class='ocrx_word' id='word_1_942' title='bbox 3196 5100 3250 5152; x_wconf 90' lang='lat' dir='ltr'><strong>in</strong></span> <span class='ocrx_word' id='word_1_943' title='bbox 3292 5115 3439 5152; x_wconf 76' lang='lat' dir='ltr'><strong>crure</strong></span> <span class='ocrx_word' id='word_1_944' title='bbox 3486 5101 3721 5155; x_wconf 76' lang='lat' dir='ltr'><strong>Domini</strong></span> 
     </span>
    </p>
   </div>
   <div class='ocr_carea' id='block_1_115' title="bbox 2096 5184 3720 5263">
    <p class='ocr_par' dir='ltr' id='par_1_115' title="bbox 2096 5184 3720 5263">
     <span class='ocr_line' id='line_1_116' title="bbox 2096 5184 3720 5263; baseline -0.001 -13"><span class='ocrx_word' id='word_1_945' title='bbox 2096 5195 2255 5249; x_wconf 74' lang='lat' dir='ltr'><strong>nostri</strong></span> <span class='ocrx_word' id='word_1_946' title='bbox 2275 5193 2400 5248; x_wconf 72' lang='lat' dir='ltr'><strong>Iesu</strong></span> <span class='ocrx_word' id='word_1_947' title='bbox 2421 5192 2629 5248; x_wconf 72' lang='lat' dir='ltr'><strong>Christi.</strong></span> <span class='ocrx_word' id='word_1_948' title='bbox 2665 5184 2761 5247; x_wconf 89' lang='lat' dir='ltr'><strong>llic</strong></span> <span class='ocrx_word' id='word_1_949' title='bbox 2779 5194 2801 5224; x_wconf 86' lang='grc'>¹</span> <span class='ocrx_word' id='word_1_950' title='bbox 2832 5191 3003 5246; x_wconf 82' lang='lat' dir='ltr'><strong>habeo</strong></span> <span class='ocrx_word' id='word_1_951' title='bbox 3023 5234 3037 5260; x_wconf 86' lang='lat'><strong>,</strong></span> <span class='ocrx_word' id='word_1_952' title='bbox 3071 5192 3239 5261; x_wconf 84' lang='lat' dir='ltr'><strong>inquit</strong></span> <span class='ocrx_word' id='word_1_953' title='bbox 3258 5234 3273 5259; x_wconf 91' lang='lat'><strong>,</strong></span> <span class='ocrx_word' id='word_1_954' title='bbox 3300 5192 3439 5262; x_wconf 86' lang='lat' dir='ltr'><strong>quod</strong></span> <span class='ocrx_word' id='word_1_955' title='bbox 3474 5194 3720 5263; x_wconf 72' lang='lat' dir='ltr'><strong>ignara-</strong></span> 
     </span>
    </p>
   </div>
   <div class='ocr_carea' id='block_1_116' title="bbox 2163 5312 3724 5391">
    <p class='ocr_par' dir='ltr' id='par_1_116' title="bbox 2163 5312 3724 5391">
     <span class='ocr_line' id='line_1_117' title="bbox 2163 5312 3724 5391; baseline -0.002 -12"><span class='ocrx_word' id='word_1_956' title='bbox 2163 5324 2179 5362; x_wconf 69' lang='grc' dir='ltr'>ί</span> <span class='ocrx_word' id='word_1_957' title='bbox 2208 5312 2274 5379; x_wconf 71' lang='lat' dir='ltr'><strong>ita</strong></span> <span class='ocrx_word' id='word_1_958' title='bbox 2298 5316 2345 5378; x_wconf 80' lang='lat' dir='ltr'><strong>in</strong></span> <span class='ocrx_word' id='word_1_959' title='bbox 2368 5327 2678 5391; x_wconf 85' lang='lat' dir='ltr'><strong>Germauensi</strong></span> <span class='ocrx_word' id='word_1_960' title='bbox 2702 5328 3014 5377; x_wconf 88' lang='lat' dir='ltr'><strong>Lectionario.</strong></span> <span class='ocrx_word' id='word_1_961' title='bbox 3042 5334 3097 5377; x_wconf 82' lang='lat' dir='ltr'><strong>At</strong></span> <span class='ocrx_word' id='word_1_962' title='bbox 3121 5326 3238 5376; x_wconf 89' lang='lat' dir='ltr'><strong>editi</strong></span> <span class='ocrx_word' id='word_1_963' title='bbox 3276 5340 3337 5376; x_wconf 74' lang='lat' dir='ltr'><strong>ex</strong></span> <span class='ocrx_word' id='word_1_964' title='bbox 3364 5329 3564 5389; x_wconf 74' lang='lat' dir='ltr'><strong>majoris</strong></span> <span class='ocrx_word' id='word_1_965' title='bbox 3589 5336 3724 5391; x_wconf 54' lang='lat' dir='ltr'><strong>car,</strong></span> 
     </span>
    </p>
   </div>
   <div class='ocr_carea' id='block_1_117' title="bbox 2099 5386 3728 5465">
    <p class='ocr_par' dir='ltr' id='par_1_117' title="bbox 2099 5386 3728 5465">
     <span class='ocr_line' id='line_1_118' title="bbox 2099 5386 3728 5465; baseline 0.001 -22"><span class='ocrx_word' id='word_1_966' title='bbox 2099 5393 2272 5444; x_wconf 78' lang='lat' dir='ltr'><strong>tbusize</strong></span> <span class='ocrx_word' id='word_1_967' title='bbox 2310 5400 2412 5441; x_wconf 73' lang='lat' dir='ltr'><strong>Mss.</strong></span> <span class='ocrx_word' id='word_1_968' title='bbox 2432 5425 2448 5452; x_wconf 91' lang='lat'><strong>,</strong></span> <span class='ocrx_word' id='word_1_969' title='bbox 2487 5394 2542 5440; x_wconf 76' lang='lat' dir='ltr'><strong>Et</strong></span> <span class='ocrx_word' id='word_1_970' title='bbox 2592 5386 2784 5453; x_wconf 85' lang='lat' dir='ltr'><strong>signum</strong></span> <span class='ocrx_word' id='word_1_971' title='bbox 2825 5396 2991 5439; x_wconf 80' lang='lat' dir='ltr'><strong>verum</strong></span> <span class='ocrx_word' id='word_1_972' title='bbox 3026 5396 3124 5465; x_wconf 85' lang='lat' dir='ltr'><strong>est.</strong></span> <span class='ocrx_word' id='word_1_973' title='bbox 3167 5400 3198 5438; x_wconf 87' lang='lat' dir='ltr'><strong>a</strong></span> <span class='ocrx_word' id='word_1_974' title='bbox 3240 5394 3337 5438; x_wconf 84' lang='lat' dir='ltr'><strong>Deo</strong></span> <span class='ocrx_word' id='word_1_975' title='bbox 3391 5386 3728 5454; x_wconf 69' lang='lat' dir='ltr'><strong>pfwrcpturis</strong></span> 
     </span>
    </p>
   </div>
   <div class='ocr_carea' id='block_1_118' title="bbox 2096 5462 3731 5577">
    <p class='ocr_par' dir='ltr' id='par_1_118' title="bbox 2096 5462 3731 5577">
     <span class='ocr_line' id='line_1_119' title="bbox 2096 5462 3731 5577; baseline 0.002 -13"><span class='ocrx_word' id='word_1_976' title='bbox 2096 5462 2551 5577; x_wconf 43' lang='lat' dir='ltr'><strong>“ﬁtectionarium</strong></span> <span class='ocrx_word' id='word_1_977' title='bbox 2572 5502 2920 5575; x_wconf 85' lang='lat' dir='ltr'><strong>Germanense,</strong></span> <span class='ocrx_word' id='word_1_978' title='bbox 2957 5513 3093 5564; x_wconf 81' lang='lat' dir='ltr'><strong>Hinc.</strong></span> <span class='ocrx_word' id='word_1_979' title='bbox 3126 5521 3224 5577; x_wconf 86' lang='lat' dir='ltr'><strong>Quo</strong></span> <span class='ocrx_word' id='word_1_980' title='bbox 3259 5486 3457 5577; x_wconf 72' lang='lat' dir='ltr'><strong>quidem</strong></span> <span class='ocrx_word' id='word_1_981' title='bbox 3497 5529 3570 5567; x_wconf 71' lang='lat' dir='ltr'><strong>ex</strong></span> <span class='ocrx_word' id='word_1_982' title='bbox 3621 5523 3731 5567; x_wconf 77' lang='lat' dir='ltr'><strong>Le-</strong></span> 
     </span>
    </p>
   </div>
   <div class='ocr_carea' id='block_1_119' title="bbox 2163 5586 3734 5665">
    <p class='ocr_par' dir='ltr' id='par_1_119' title="bbox 2163 5586 3734 5665">
     <span class='ocr_line' id='line_1_120' title="bbox 2163 5586 3734 5665; baseline 0.003 -18"><span class='ocrx_word' id='word_1_983' title='bbox 2163 5596 2234 5661; x_wconf 85' lang='lat' dir='ltr'><strong>(u)</strong></span> <span class='ocrx_word' id='word_1_984' title='bbox 2259 5592 2990 5665; x_wconf 19' lang='lat' dir='ltr'><strong>uiueincipiebatxsermo&#39;alias</strong></span> <span class='ocrx_word' id='word_1_985' title='bbox 3016 5594 3212 5665; x_wconf 70' lang='lat' dir='ltr'><strong>liiinler</strong></span> <span class='ocrx_word' id='word_1_986' title='bbox 3230 5592 3397 5665; x_wconf 68' lang='lat' dir='ltr'><strong>editos</strong></span> <span class='ocrx_word' id='word_1_987' title='bbox 3410 5611 3438 5646; x_wconf 90' lang='lat' dir='ltr'><strong>a</strong></span> <span class='ocrx_word' id='word_1_988' title='bbox 3466 5586 3734 5651; x_wconf 76' lang='lat' dir='ltr'><strong>Parisien-</strong></span> 
     </span>
    </p>
   </div>
   <div class='ocr_carea' id='block_1_120' title="bbox 2098 5653 3735 5722">
    <p class='ocr_par' dir='ltr' id='par_1_120' title="bbox 2098 5653 3735 5722">
     <span class='ocr_line' id='line_1_121' title="bbox 2098 5653 3735 5722; baseline 0.001 -13"><span class='ocrx_word' id='word_1_989' title='bbox 2098 5653 2252 5714; x_wconf 68' lang='lat' dir='ltr'><strong>silius.</strong></span> <span class='ocrx_word' id='word_1_990' title='bbox 2274 5659 2359 5722; x_wconf 81' lang='lat' dir='ltr'><strong>qui</strong></span> <span class='ocrx_word' id='word_1_991' title='bbox 2384 5653 2507 5708; x_wconf 67' lang='lat' dir='ltr'><strong>hanc</strong></span> <span class='ocrx_word' id='word_1_992' title='bbox 2525 5653 2683 5709; x_wconf 73' lang='lat' dir='ltr'><strong>solum</strong></span> <span class='ocrx_word' id='word_1_993' title='bbox 2708 5658 2895 5721; x_wconf 73' lang='lat' dir='ltr'><strong>partem</strong></span> <span class='ocrx_word' id='word_1_994' title='bbox 2916 5658 3207 5722; x_wconf 59' lang='lat' dir='ltr'><strong>repercussit</strong></span> <span class='ocrx_word' id='word_1_995' title='bbox 3226 5658 3279 5707; x_wconf 70' lang='lat' dir='ltr'><strong>tu</strong></span> <span class='ocrx_word' id='word_1_996' title='bbox 3310 5653 3492 5722; x_wconf 59' lang='lat' dir='ltr'><strong>vetere</strong></span> <span class='ocrx_word' id='word_1_997' title='bbox 3508 5665 3735 5713; x_wconf 60' lang='lat' dir='ltr'><strong>Lucum</strong></span> 
     </span>
    </p>
   </div>
   <div class='ocr_carea' id='block_1_121' title="bbox 2096 5720 3741 5837">
    <p class='ocr_par' dir='ltr' id='par_1_121' title="bbox 2096 5720 3741 5837">
     <span class='ocr_line' id='line_1_122' title="bbox 2099 5720 3741 5831; baseline 0.001 -58"><span class='ocrx_word' id='word_1_998' title='bbox 2099 5726 2233 5831; x_wconf 37' lang='lat' dir='ltr'><strong>auiis</strong></span> <span class='ocrx_word' id='word_1_999' title='bbox 2262 5720 2580 5794; x_wconf 56' lang='lat' dir='ltr'><strong>tarthusiuno</strong></span> <span class='ocrx_word' id='word_1_1000' title='bbox 2617 5720 2719 5797; x_wconf 74' lang='lat' dir='ltr'><strong>aut</strong></span> <span class='ocrx_word' id='word_1_1001' title='bbox 2742 5720 3087 5784; x_wconf 84' lang='lat' dir='ltr'><strong>Germancusi,</strong></span> <span class='ocrx_word' id='word_1_1002' title='bbox 3117 5721 3178 5772; x_wconf 87' lang='lat' dir='ltr'><strong>ad</strong></span> <span class='ocrx_word' id='word_1_1003' title='bbox 3211 5722 3341 5773; x_wconf 88' lang='lat' dir='ltr'><strong>diem</strong></span> <span class='ocrx_word' id='word_1_1004' title='bbox 3385 5720 3741 5781; x_wconf 52' lang='lat' dir='ltr'><strong>usitatam.“</strong></span> 
     </span>
     <span class='ocr_line' id='line_1_123' title="bbox 2096 5796 2701 5837; baseline 0.005 -3"><span class='ocrx_word' id='word_1_1005' title='bbox 2096 5796 2141 5837; x_wconf 71' lang='grc' dir='ltr'><strong>ὃ.</strong></span> <span class='ocrx_word' id='word_1_1006' title='bbox 2186 5796 2339 5833; x_wconf 73' lang='lat' dir='ltr'><strong>lructs.</strong></span> <span class='ocrx_word' id='word_1_1007' title='bbox 2696 5836 2701 5837; x_wconf 62' lang='lat'><strong><em>,</em></strong></span> 
     </span>
    </p>
   </div>
   <div class='ocr_carea' id='block_1_122' title="bbox 2160 5836 2822 5913">
    <p class='ocr_par' dir='ltr' id='par_1_122' title="bbox 2160 5836 2822 5913">
     <span class='ocr_line' id='line_1_124' title="bbox 2160 5836 2822 5913; baseline -0.009 -10"><span class='ocrx_word' id='word_1_1008' title='bbox 2160 5849 2237 5903; x_wconf 74' lang='lat' dir='ltr'><strong>un</strong></span> <span class='ocrx_word' id='word_1_1009' title='bbox 2256 5845 2372 5901; x_wconf 74' lang='lat' dir='ltr'><strong>iidc</strong></span> <span class='ocrx_word' id='word_1_1010' title='bbox 2391 5856 2541 5913; x_wconf 71' lang='lat' dir='ltr'><strong>Serm.</strong></span> <span class='ocrx_word' id='word_1_1011' title='bbox 2567 5844 2678 5909; x_wconf 71' lang='lat' dir='ltr'><strong>tua,</strong></span> <span class='ocrx_word' id='word_1_1012' title='bbox 2695 5836 2751 5898; x_wconf 78' lang='grc' dir='ltr'><strong>ἠ.</strong></span> <span class='ocrx_word' id='word_1_1013' title='bbox 2770 5844 2822 5897; x_wconf 78' lang='lat' dir='ltr'><strong>s.</strong></span> 
     </span>
    </p>
   </div>
  </div>
