4108 6336
330 310 432 372 877

334 433 476 486 bam.
507 425 666 481 Venit
690 422 1088 477 Testamentum
1112 427 1329 478 novum,
1352 405 1645 484 revelatum
1675 409 1759 458 est
1778 396 1921 471 quod

334 506 716 585 occultabatur.
740 502 839 585 Qui
880 504 1136 566 sedebant
1178 500 1231 559 in
1276 494 1459 558 umbra
1492 494 1719 560 mortis,
1740 492 1919 547 lumen

335 608 508 672 ortum
551 602 634 667 est
670 580 935 675 eisvtisai.
986 610 1038 657 ix
1060 644 1074 668 ,
1114 599 1192 659 2).
1226 594 1539 652 Revelalum
1566 597 1647 647 est
1674 589 1753 644 eis
1778 583 1919 657 Quod

335 696 699 765 occultabatur
721 720 733 756 :
759 684 897 772 quod
938 696 1163 760 latebat,
1195 684 1249 747 in
1286 680 1468 759 aperto
1494 695 1593 741 est.
1630 680 1782 737 Venit
1809 680 1921 749 ipsa

336 804 489 857 Petra
509 842 522 865 ,
552 788 736 853 etnnes
761 788 857 848 nos
885 788 1069 860 spiritu
1100 774 1459 846 circumcidit,
1486 784 1537 831 et
1564 770 1671 830 sum
1702 770 1919 828 humili-

337 894 459 950 tatis
490 893 699 962 signum
729 889 781 941 in
810 885 1206 950 redemptorum
1239 875 1409 929 fronte
1434 867 1635 925 deﬁxit.

406 988 457 1041 7.
486 982 729 1039 Cloriatio
751 979 814 1033 sit
840 979 891 1031 in
919 990 1064 1029 cruce
1080 968 1284 1031 Christi,
1308 960 1407 1019 non
1436 963 1488 1016 in
1508 969 1679 1041 nostra
1696 953 1919 1027 justitia.

335 1079 448 1133 Jam
482 1074 723 1145 gloriatio
768 1070 821 1123 in
862 1081 1020 1121 cruce
1064 1060 1132 1116 Sit
1177 1054 1373 1116 Christi
1399 1073 1410 1107 :
1436 1036 1541 1108 non
1587 1066 1682 1105 nos
1726 1044 1923 1119 pudeat

340 1142 651 1224 humiiilaiiS
698 1162 929 1219 Excelsi.
976 1152 1240 1225 Quamdiu
1287 1149 1536 1207 discretio
1563 1142 1799 1201 ciborum
1824 1184 1837 1207 ,
1869 1146 1922 1195 et

1747 276 1977 343 SERMU
2014 279 2194 371 CCXI.

3510 296 3617 358 878

2100 397 2191 452 bra
2218 374 2416 458 Christi
2453 404 2617 462 sunt?
2645 416 2737 463 etc.
2762 408 2784 465 Ι
2811 406 2931 465 Cor.
2961 425 3076 481 cap.
3101 425 3155 467 Vl
3174 450 3193 482 ,
3234 410 3272 483 Ῡ
3306 412 3343 483 7
3366 450 3381 467 .
3411 412 3483 484 9,
3513 374 3615 474 λον

2101 491 2202 557 is,
2233 492 2299 548 ιθ
2330 494 2428 565 (α).
2486 514 2489 515 ~

2098 566 2668 686 ρΑιηιΤηξΡιιιΜιιιις
2741 623 2813 634 -
2888 594 2938 663 ι,
2999 576 3289 652 Fornicatio
3352 600 3612 679 fugienda.

2031 671 2284 743 Injuriam
2327 678 2522 733 Christo
2562 682 2684 749 facit
2723 686 3016 756 fornicator.
3052 674 3362 759 Apostolum
3403 671 3613 753 audivi-

2030 778 2149 820 mus
2167 807 2179 831 ,
2208 781 2327 821 cum
2356 768 2641 841 legeretur,
2675 777 3047 845 corripientcm
3071 764 3125 833 et
3152 790 3487 836 coercentcm
3514 764 3615 845 hu:-

2030 872 2214 915 manas
2258 859 2535 953 libidines;
2565 874 2617 921 et
2657 866 2959 927 dicentem:
2987 871 3203 928 Nescitis
3240 876 3358 946 quia
3398 842 3613 949 corpora

2030 954 2190 1005 vestr‘a
2213 953 2431 1009 membra
2458 954 2643 1012 Christi
2662 960 2816 1015 sunt?
2840 960 3043 1018 Tollens
3069 982 3186 1036 ergo
3216 969 3434 1021 membra
3462 966 3615 1024 Chri-

2029 1043 2121 1109 sti,
2151 1045 2337 1115 faciant
2378 1047 2600 1101 membra
2639 1053 2949 1109 meretricis?
2991 1054 3151 1109 Absit.
3203 1058 3441 1128 Corpora
3489 1077 3616 1131 ergo

2031 1144 2210 1189 nostra
2253 1136 2489 1194 membra
2519 1140 2711 1217 Christi
2738 1158 2855 1199 esse
2884 1144 3049 1214 dixit;
3082 1150 3331 1218 quoniam
3371 1151 3616 1209 Christus

338 1264 512 1315 amris
537 1255 902 1313 circumcisio?
927 1244 1161 1320 Quorum
1193 1239 1332 1300 Deus
1359 1240 1563 1303 venter,
1590 1232 1646 1290 ‘et
1675 1232 1838 1305 gloria
1869 1233 1921 1285 in

331 1353 598 1429 pudendis
627 1364 809 1404 eorum
853 1343 1113 1415 (Philipp.
1144 1355 1235 1400 ιιι,
1267 1332 1377 1405 19).
1408 1332 1532 1415 ⁸11118
1573 1328 1745 1429 futura
1784 1326 1922 1394 prae-

311 1423 735 1506 ἦιιιιιιὶιιιιςιιιιιπ,
765 1430 873 1508 jam
901 1436 1038 1488 facta
1063 1426 1366 1485 credantur.
1392 1412 1504 1478 Non
1538 1421 1702 1475 simus
1733 1412 1924 1485 ingrati

2030 1238 2187 1327 caput
2216 1242 2452 1329 nostrum
2482 1242 2601 1329 rest,
2631 1249 2694 1291 eo
2724 1228 2861 1308 quod
2893 1238 3053 1329 homo
3093 1242 3261 1301 factus
3289 1255 3371 1301 est
3400 1260 3616 1319 propter
3633 1242 3664 1329 ᾗ

2032 1324 2128 1417 nos
2153 1333 2348 1417 :Lcaput
2374 1312 2570 1417 dequo
2600 1328 2795 1384 dictum
2828 1340 2939 1398 est,
2972 1314 3092 1402 ipse
3131 1334 3369 1391 Salvator
3391 1312 3617 1410 corporis
3633 1312 3653 1351 ς’

2032 1410 2191 1467 nostri
2212 1415 2426 1489 (Ephes.
2455 1414 2507 1485 ἰν,
2531 1416 2643 1493 23).
2670 1414 2871 1492 Corpus
2900 1414 3074 1479 autem
3116 1427 3231 1497 ejus
3270 1407 3503 1486 Ecclesia
3536 1407 3645 1488 est:

338 1538 387 1591 ei
431 1533 517 1605 qui
543 1532 721 1597 venit,
751 1506 795 1585 si
838 1522 1262 1596 esspeetavimds
1306 1520 1363 1572 ut
1394 1512 1618 1570 veniret.
1651 1508 1757 1565 Sed
1785 1506 1924 1561 unde

338 1628 505 1685 Jutlxei
550 1628 615 1680 ab
660 1625 758 1678 hac
796 1618 961 1693 gratia
1005 1626 1270 1677 extorres,
1302 1610 1493 1672 alieni,
1521 1604 1762 1676 fugitivi?
1792 1601 1925 1667 Quia

340 1722 499 1775 zelum
542 1718 635 1772 Dei
666 1714 875 1778 habent,
906 1711 992 1766 sed
1021 1726 1119 1763 non
1144 1704 1417 1771 secundum
1446 1696 1721 1755 scientiam.
1755 1694 1924 1761 Quam

341 1802 654 1868 scientiam?
684 1796 983 1877 ignorantes
1003 1845 1015 1866 ,
1041 1800 1242 1869 inquit,
1277 1792 1368 1849 Dei
1392 1792 1672 1865 justitiam,
1702 1796 1748 1842 et
1782 1788 1925 1839 suam

340 1904 555 1957 volentes
585 1888 914 1954 (cnstituere:
940 1892 1046 1949 non
1093 1892 1332 1946 tenentes
1362 1886 1527 1940 Deum
1569 1881 1667 1935 nisi
1708 1879 1760 1932 in
1792 1892 1926 1946 prte-

341 1990 541 2064 ccptis,
583 2001 635 2046 et
664 1991 773 2045 Suis
805 1985 1004 2041 viribus
1051 1998 1107 2037 se
1148 1975 1463 2035 arbitrantes
1506 1973 1726 2042 implere
1769 1981 1926 2038 posse

342 2092 636 2157 prteccpta,
667 2082 983 2152 adjutorium
1032 2077 1331 2131 devitarunt
1370 2072 1407 2122 ‘.
1448 2060 1592 2122 Finis
1636 2064 1767 2118 enim
1804 2056 1928 2131 legis

343 2178 571 2233 Christus
595 2218 607 2237 ,
637 2172 891 2245 perfectio
922 2171 1053 2237 legis
1094 2167 1335 2222 Christus
1355 2205 1369 2230 ,
1400 2158 1752 2245 adljustitiam
1793 2152 1929 2231 onmi

341 2269 558 2323 credenti
585 2236 756 2337 (liam.
786 2279 817 2317 x
838 2304 850 2327 ,
876 2236 1019 2327 2-4).
1044 2258 1109 2313 Et
1134 2252 1257 2327 quid
1286 2250 1407 2309 facit
1434 2236 1713 2307 Christus?
1733 2243 1931 2300 iustifi-

343 2350 428 2417 cat
468 2350 711 2429 impium.
756 2350 1033 2410 Credendo
1072 2346 1269 2420 quippe
1310 2346 1360 2400 in
1402 2344 1524 2399 enm
1553 2342 1639 2411 qui
1675 2338 1932 2409 jnstilicat

345 2454 562 2520 impium
585 2495 597 2515 ,
626 2450 732 2505 non
757 2440 897 2519 pium
918 2490 931 2512 ,
958 2444 1049 2499 Sed
1077 2444 1330 2511 impium;
1360 2437 1558 2492 faciens
1580 2432 1745 2504 pium,
1771 2428 1928 2501 quem

345 2547 543 2615 reperit
569 2538 784 2613 impium
811 2558 824 2592 :
850 2534 1069 2591 credenti
1091 2550 1215 2603 ergo
1245 2533 1295 2585 in
1318 2546 1431 2583 eum
1452 2529 1535 2597 qui
1562 2525 1801 2592 iusti/ica!
1828 2523 1931 2575 im-

347 2642 483 2711 pium
504 2682 516 2706 ,
548 2624 815 2708 deputatur
841 2632 964 2703 ﬁch
991 2632 1097 2699 ejus
1120 2626 1184 2681 ad
1207 2624 1472 2696 justitiam.
1512 2618 1572 2675 Si
1602 2620 1733 2672 enim
1772 2604 1932 2669 Abra-

347 2738 464 2788 ham
492 2749 551 2785 ex
578 2731 806 2801 aper-ilius
829 2726 1139 2796 justi/iratus
1161 2728 1231 2775 est
1254 2762 1265 2783 ,
1294 2729 1540 2786 tanquam
1573 2714 1685 2781 ipse
1714 2708 1895 2764 fecerit
1916 2749 1929 2771 ,

351 2798 725 2893 tanquamsibi
756 2819 855 2871 hoc
893 2812 1005 2885 ipse
1038 2806 1371 2887 praestiterit;
1405 2802 1549 2858 h‘abet
1580 2803 1816 2875 gloriam,
1846 2798 1933 2852 sed

350 2916 601 2984 nonapud
633 2900 799 2985 Deum
827 2906 936 2983 (Id.
963 2910 1033 2974 tv,
1067 2901 1099 2961 ὃ
1120 2948 1133 2971 ,
1273 2890 1371 2969 Qui
1396 2900 1569 2953 autem
1597 2892 1859 2966 gloriatur,
1878 2890 1933 2944 in

351 3010 568 3063 Domino
596 2992 867 3077 glorietur;
892 3010 947 3074 rt
968 2982 1185 3054 securus
1211 2995 1377 3056 dicat,
1410 2992 1473 3044 in
1497 2984 1794 3059 ttt‘ajustitia
1817 2986 1935 3038 erue

351 3118 461 3167 me,
492 3109 535 3153 ct
576 3101 733 3151 eritne
764 3112 858 3148 me.
890 3086 1040 3146 Eruit
1079 3088 1219 3143 enim
1249 3092 1301 3140 et
1330 3078 1514 3138 eximit
1541 3078 1594 3134 in
1633 3094 1691 3133 sc
1717 3066 1936 3147 speran-

352 3202 459 3257 tes;
492 3207 594 3244 non
640 3188 745 3243 suis
793 3184 1023 3249 viribus,
1059 3176 1200 3251 quod
1248 3174 1587 3246 acceperint,
1618 3172 1931 3245 tribuentes.

351 3286 418 3339 Et
442 3284 531 3338 hoc
565 3285 730 3354 ipsum
753 3280 882 3333 enim
912 3286 981 3331 est
1013 3272 1301 3345 s‘apientiw,
1326 3269 1452 3322 scire
1472 3262 1617 3335 cujus
1653 3260 1721 3316 est
1749 3258 1936 3314 donant

354 3378 509 3450 (Sap.
535 3391 644 3442 vm,
668 3370 780 3444 21).
812 3373 940 3441 Quis
972 3371 1069 3423 hoc
1110 3362 1275 3421 dixit?
1299 3362 1397 3429 Qui
1425 3358 1629 3429 rogavit
1655 3356 1850 3414 Deum,
1882 3358 1940 3406 ut

351 3471 502 3526 daret
548 3468 619 3522 illi
664 3460 1060 3520 continentiam.
1089 3458 1217 3525 Qua:
1260 3453 1492 3525 iustitia,
1522 3464 1641 3519 qua).
1682 3443 1937 3515 particula

348 3562 567 3632 justitiw
609 3556 812 3624 impleri
858 3542 1065 3622 potest,
1095 3548 1207 3603 sine
1236 3547 1407 3614 aliqua
1444 3537 1806 3596 continentia?
1832 3536 1939 3618 De-

352 3650 511 3708 lectat
534 3649 674 3703 enim
696 3630 1079 3715 peccareznam
1107 3640 1148 3692 si
1174 3640 1276 3692 non
1300 3634 1611 3696 delectaret,
1635 3644 1740 3685 non
1771 3615 1936 3681 fleret.

353 3743 528 3800 Minus
555 3714 727 3793 autem
766 3736 994 3791 delectat
1019 3731 1219 3801 justitia
1247 3772 1260 3794 ,
1292 3735 1381 3780 aut
1410 3741 1512 3778 non
1561 3722 1819 3783 delectat,
1853 3714 1945 3771 aut

355 3837 530 3891 minus
562 3830 715 3902 quam
746 3831 958 3899 dignum
991 3836 1103 3891 est,
1135 3824 1381 3878 delectat.
1410 3817 1561 3875 Unde
1585 3817 1687 3871 hoc
1707 3856 1720 3879 ,
1750 3813 1848 3867 nisi
1877 3800 1943 3866 de

357 3923 695 3995 languoribus
724 3919 951 3974 animm?
983 3916 1139 3972 Panis
1170 3916 1220 3969 in
1249 3911 1460 3967 fastidio
1489 3908 1566 3963 est
1588 3946 1601 3972 ,
1633 3908 1685 3961 el‘.
1715 3905 1947 3960 delectat

358 4022 642 4071 venenum.
670 4010 823 4069 Unde
853 4012 950 4065 istc
985 4011 1209 4078 languor
1238 4004 1530 4068 sanabitur,
1564 4001 1786 4055 obsecro
1816 3994 1947 4051 ‘vo‘s?

361 4109 505 4163 Itane
532 4122 558 4159 τι
587 4102 981 4171 nobismetipsis
1013 4110 1065 4154 et
1098 4114 1191 4169 per
1219 4094 1608 4164 nosmetipsos?
1634 4091 1732 4158 Qui
1762 4090 1947 4143 Omnes

362 4199 535 4253 idonei
582 4198 775 4250 fuimus
824 4193 1102 4248 vulnerare
1150 4205 1278 4255 nos,
1308 4188 1425 4257 quis
1454 4195 1690 4239 nostrqu
1723 4190 1807 4236 est
1836 4181 1950 4233 ido-

363 4308 493 4347 neus
521 4296 706 4345 ctu-are
735 4288 874 4358 quod
900 4283 1058 4341 fecit?
1086 4283 1174 4339 Sic
1209 4291 1262 4337 et
1306 4283 1358 4335 in
1389 4280 1516 4349 ipsis
1560 4276 1800 4341 delictis,
1833 4275 1949 4344 quis

363 4402 468 4440 non
495 4400 613 4437 cum
636 4382 893 4446 voluerit,
924 4379 1167 4432 vulnerat
1188 4375 1283 4430 se?
1308 4371 1413 4428 Sed
1440 4388 1545 4428 non
1572 4370 1688 4441 quis
1715 4383 1832 4424 cum
1856 4370 1950 4421 vo-

364 4476 552 4540 luerit,
585 4480 736 4527 sauat
776 4488 853 4526 se.
898 4469 975 4525 Sit
1012 4484 1139 4537 ergo
1182 4466 1393 4520 animus
1433 4464 1584 4533 pius,
1614 4462 1683 4515 sit
1723 4451 1951 4514 fideliter

365 4569 683 4623 christianos
703 4608 716 4633 ,
747 4566 814 4619 sit
844 4563 1026 4634 gratia:
1055 4578 1156 4615 non
1187 4560 1442 4629 ingratus.
1476 4558 1807 4628 Agn’oscalur
1833 4554 1949 4609 me-
2016 4574 2020 4579 ο

365 4661 518 4715 dicus
546 4677 558 4713 :
590 4652 857 4727 numquam
886 4666 943 4711 se
964 4656 1116 4710 sanat
1144 4660 1392 4722 argrotus.

883 4800 1115 4857 SERMO
1151 4797 1310 4854 CLXI
1335 4801 1354 4821 θ
1382 4794 1478 4869 (α).

367 4946 441 5000 De
464 4944 621 4999 verbis
642 4934 871 5013 Apostoli
890 4982 904 5007 ,
928 4934 1101 4995 Nolite
1128 4951 1308 4993 errare
1332 4954 1342 4989 :
1370 4934 1543 5005 neque
1571 4933 1915 4989 fornicatores
1936 4972 1953 5000 ,

438 5053 611 5107 neque
666 5032 819 5090 idolis
872 5032 1199 5096 servientes,
1248 5044 1421 5097 neque
1474 5026 1726 5091 adulteri,
1782 5040 1954 5094 neque

439 5132 660 5193 molles,
693 5142 865 5197 neque
890 5124 1244 5179 masculorum
1268 5120 1704 5176 concubitores:..
1735 5132 1954 5187 regnum

440 5220 535 5279 Dei
564 5220 929 5292 possidebunt.
953 5216 1177 5271 Nescitis
1199 5215 1316 5285 quia
1339 5227 1562 5283 corpora
1591 5220 1767 5266 vestra
1789 5224 1955 5265 mem-

370 5381 602 5431 ctionario
623 5378 779 5426 habes
796 5388 905 5437 qutc
928 5379 1198 5437 sequuntur
1217 5371 1447 5437 deinceps
1474 5376 1593 5437 post
1626 5370 1796 5437 verba,
1829 5367 1955 5430 quod

370 5442 665 5505 ignorabam.
695 5432 888 5505 neliqua
915 5432 1043 5485 enim
1066 5434 1271 5484 deerant
1301 5434 1345 5481 in
1369 5432 1510 5481 editis
1538 5445 1599 5482 ex
1636 5434 1827 5495 majoris
1846 5440 1956 5480 Car-

375 5501 546 5553 t'husize
573 5501 921 5561 manuscriptis.

442 5568 454 5596 ¹
484 5573 645 5621 r'ortc,
660 5557 964 5625 ,adjutorimn
988 5557 1395 5625 Deiignorttrunt.

441 5629 456 5644 '
482 5620 688 5675 Collatus
728 5620 837 5672 cum
882 5638 910 5672 a
946 5625 1030 5673 bu.
1053 5620 1216 5672 cl."eb.
1245 5621 1276 5668 l'.
1305 5622 1360 5669 ts.
1388 5634 1437 5683 g.
1466 5620 1521 5668 lr.
1547 5634 1611 5668 ιιι.
1640 5633 1710 5681 pr.
1749 5633 1837 5668 rm.
1878 5620 1955 5670 vd.

380 5699 429 5741 et
452 5700 550 5737 Λιιι.
572 5695 656 5735 ΕΓ.
696 5696 795 5743 Par.
819 5694 926 5734 LOV.
1210 5728 1215 5733 .
1276 5726 1281 5729 Α

440 5754 512 5816 (α)
538 5749 678 5815 Alias,
701 5749 764 5800 de
784 5750 953 5799 Verbis
971 5745 1174 5811 Apostoli
1211 5745 1280 5794 18.

2034 1503 2248 1575 (Coloss.
2276 1524 2325 1574 ι,
2350 1509 2461 1582 18).
2482 1511 2536 1566 Si
2564 1527 2691 1583 ergo
2723 1514 2976 1571 Dominus
2998 1526 3178 1573 noster
3196 1518 3350 1575 Jesus
3375 1520 3620 1579 Christus

2034 1600 2399 1699 tantummodo
2442 1602 2671 1679 animam
2705 1600 2988 1662 humanam
3026 1606 3345 1681 snsciperet;
3377 1616 3620 1671 membra

2034 1695 2148 1759 ejus
2176 1706 2279 1745 non
2308 1703 2486 1747 essent
2514 1695 2611 1749 nisi
2644 1697 2833 1753 animae
2860 1709 3058 1755 nostra:
3087 1719 3098 1754 :
3123 1705 3244 1773 quia
3272 1718 3477 1762 veroet
3497 1723 3619 1762 cor-

2034 1794 2131 1882 pus
2161 1784 2425 1853 suscepit,
2455 1800 2550 1855 per
2577 1788 2717 1856 quod
2745 1786 2904 1846 etiam
2934 1780 3091 1864 caput
3113 1806 3195 1850 est
3224 1798 3406 1865 nobis,
3440 1800 3526 1869 qui
3553 1780 3618 1856 ex

2034 1886 2209 1926 anima
2238 1883 2292 1928 et
2331 1890 2554 1945 corpore
2581 1888 2918 1949 constamus;
2943 1883 3183 1953 profecto
3211 1887 3349 1943 illius
3382 1892 3621 1946 membra

2035 1973 2157 2018 sunt
2182 1972 2235 2019 et
2277 1968 2499 2037 corpora
2527 1970 2729 2027 nostra.
2754 1972 2812 2029 Si
2842 1992 2972 2046 ergo
3013 1968 3375 2051 unusquisque
3402 1964 3621 2053 cupiens

2036 2056 2319 2161 fornicari,
2352 2061 2640 2119 vilescebat
2682 2066 2779 2122 sibi
2802 2110 2817 2136 ,
2849 2072 2977 2125 etin
3010 2087 3068 2127 se
3108 2074 3221 2143 ipso
3249 2076 3624 2137 contemnebat

2036 2164 2095 2204 se
2123 2150 2323 2219 ipsum;
2356 2168 2462 2208 non
2484 2155 2535 2209 in
2560 2172 2617 2211 se
2646 2169 2952 2216 contemnat
2979 2163 3248 2220 Christum
3282 2186 3293 2221 :
3323 2185 3425 2223 non
3458 2148 3599 2226 dicat

2037 2240 2247 2334 [iaciam
2271 2284 2284 2306 ,
2318 2244 2448 2299 nihil
2475 2261 2592 2301 sum
2624 2264 2636 2301 :
2670 2248 2848 2305 Omnis
2873 2269 2990 2307 caro
3031 2232 3202 2327 fenuni
3233 2254 3382 2329 (Isai.
3418 2278 3509 2328 XL,
3546 2214 3620 2334 6):

2038 2332 2143 2387 Sed
2170 2349 2364 2404 corpus
2396 2338 2540 2392 tuum
2586 2343 2883 2397 membrum
2930 2354 3011 2400 est
3053 2346 3266 2402 Christi.
3311 2349 3427 2417 Quo
3472 2332 3627 2410 ibas?

2038 2427 2191 2481 Redi.
2226 2428 2340 2494 Quo
2370 2438 2419 2485 te
2443 2439 2688 2501 tanquam
2718 2437 3050 2506 prtccipitare
3072 2440 3359 2508 cupiebas?
3381 2442 3544 2500 Parce
3568 2445 3624 2501 in

2040 2528 2091 2573 te
2111 2518 2343 2585 Christo,
2364 2537 2589 2591 agnosce
2616 2525 2665 2578 in
2692 2535 2742 2580 te
2770 2516 3060 2582 Christum.
3098 2506 3299 2585 Totiens
3328 2550 3445 2604 ergo
3472 2524 3625 2589 meni-

2041 2612 2129 2665 bra
2172 2611 2386 2679 Christi,
2432 2617 2620 2687 faciam
2660 2612 2879 2673 membra
2923 2623 3233 2677 meretricis?
3271 2623 3516 2681 Meretrix
3544 2637 3627 2684 est

2039 2706 2178 2759 enim
2209 2706 2325 2776 quin
2350 2707 2445 2797 tibi
2481 2706 2547 2763 ad
2568 2704 2888 2797 adulterium
2920 2716 3182 2770 censcnlit
3213 2726 3304 2771 :et
3344 2717 3484 2774 forte
3514 2712 3628 2791 ipsa

2041 2797 2330 2856 christiana
2380 2796 2517 2858 tollit
2566 2796 2800 2859 membra
2855 2806 3088 2871 Christi,
3121 2818 3174 2864 et
3222 2810 3342 2865 facit
3388 2813 3630 2869 membra

2042 2891 2288 2961 adulteri,
2322 2886 2550 2949 invicem
2584 2896 2634 2950 in
2668 2899 2816 2953 vobis
2846 2902 3186 2957 contemnitis
3212 2903 3505 2971 Christum,
3531 2923 3632 2962 nec

2043 2986 2326 3054 agnoscitis
2366 2984 2645 3043 Dominum
2678 2998 2909 3045 vestrum
2931 3033 2946 3058 ,
2981 3008 3077 3047 nec
3116 2994 3359 3064 cogitatis
3402 2997 3631 3066 pretium

2043 3086 2295 3132 vestrum.
2320 3076 2500 3145 Qualis
2529 3074 2705 3135 autem
2736 3083 2823 3137 ille
2856 3074 3109 3139 Dominus
3131 3128 3144 3151 ,
3178 3087 3266 3156 qui
3293 3103 3475 3144 servos
3505 3076 3633 3146 suos

2045 3171 2167 3226 fecit
2196 3173 2381 3228 fratres
2409 3172 2572 3229 sues?
2598 3166 2698 3231 Sed
2744 3192 2926 3247 parum
2978 3186 3091 3233 erat
3134 3180 3324 3237 fratres
3351 3198 3503 3250 suos,
3530 3182 3635 3238 nisi

2047 3263 2243 3357 faceret
2265 3266 2501 3321 membra
2530 3284 2645 3323 sua.
2680 3269 2821 3326 Itane
2854 3278 2997 3326 tanta
3026 3262 3254 3344 dignitas
3279 3275 3471 3331 viluit?
3498 3277 3635 3344 Quia

2046 3366 2151 3411 tam
2182 3358 2405 3428 benigne
2447 3362 2675 3428 prtcstita
2705 3371 2814 3429 est,
2849 3379 2953 3417 non
3000 3364 3169 3419 honor
3205 3367 3253 3422 ei
3289 3366 3635 3423 retribuitur?

2047 3450 2102 3506 Si
2134 3467 2235 3504 non
2265 3461 2625 3522 praestaretur,
2658 3454 3050 3512 desideraretur
3077 3476 3089 3513 :
3117 3448 3238 3530 quia
3270 3448 3501 3530 priestita
3521 3454 3633 3533 est,

2048 3544 2439 3597 contemnitur?

2120 3630 2344 3717 CAPUT
2369 3632 2513 3715 ll.—
2532 3634 2584 3690 ‘2.
2620 3635 2927 3691 Fornicator
2946 3639 2995 3692 in
3025 3609 3275 3711 Spiritum
3299 3654 3527 3700 sanctum
3553 3638 3654 3701 in?

2040 3723 2291 3795 jnriosus.
2322 3722 2445 3779 ΙΙωο
2475 3734 2649 3781 autem
2680 3744 2903 3798 corpora
2942 3742 3119 3784 nostra
3139 3773 3154 3798 ,
3181 3749 3299 3802 qua)
3341 3734 3471 3790 dicit
3498 3738 3639 3807 Apo—

2051 3817 2218 3870 stolus
2259 3819 2495 3901 membra
2527 3835 2645 3874 esse
2670 3821 2897 3889 Christi,
2927 3824 3145 3892 prepter
3170 3814 3363 3894 corpus
3406 3827 3637 3898 Christi,

2052 3908 2189 3997 quod
2229 3923 2294 3963 ex
2323 3925 2537 3983 genere,
2561 3912 2798 3982 corporis
2843 3902 3318 3991 nostrisuscepit;
3349 3919 3463 3983 haec
3508 3908 3638 3993 ergo

2053 4004 2273 4070 corpora
2306 4013 2481 4057 nostra
2514 4002 2641 4058 dicit
2668 4003 2808 4059 idem
2838 4008 3110 4075 apostolus
3150 3996 3402 4081 templum
3432 4002 3550 4069 esse
3582 4008 3638 4071 in

2055 4094 2208 4185 nobis
2236 4095 2465 4185 Spiritus
2490 4097 2658 4181 sancti
2682 4138 2695 4162 ,
2730 4113 2888 4168 quem
2914 4098 3172 4157 habemus
3201 4117 3230 4154 a
3260 4102 3386 4158 Deo.
3416 4105 3642 4177 Propter

2055 4184 2249 4254 corpus
2279 4184 2473 4240 Christi
2513 4202 2734 4258 corpora
2778 4201 2955 4244 nostra
2984 4189 3221 4247 membra
3250 4206 3373 4251 sunt
3401 4198 3598 4256 Christi
3623 4220 3639 4256 :

2055 4285 2270 4363 propter
2292 4276 2671 4363 inhabitantem
2698 4280 2950 4350 Spiritum
2978 4282 3192 4353 ChriSLi,
3217 4282 3439 4358 corpora
3461 4270 3643 4350 nostra

2057 4381 2180 4424 sunt
2209 4368 2458 4451 templum
2483 4371 2711 4441 Spiritus
2742 4375 2931 4429 sancti.
2962 4375 3097 4443 Quid
3128 4375 3314 4449 borum
3344 4381 3395 4435 in
3428 4395 3477 4437 te
3507 4400 3640 4439 con-

2058 4448 2284 4517 temnis?
2307 4462 2575 4547 Christnm
2598 4506 2612 4531 ,
2644 4465 2793 4535 cujus
2829 4468 3125 4523 membrum
3152 4444 3251 4526 esi
3279 4488 3344 4543 an
3389 4450 3645 4545 Spiritum

2059 4564 2299 4609 sanctum
2319 4596 2334 4621 ,
2363 4556 2513 4625 Cujus
2542 4558 2793 4627 templum
2822 4560 2915 4613 es?
2939 4548 3111 4630 ipsam
3138 4540 3500 4635 meretricem,
3527 4558 3647 4639 qua:

2062 4653 2152 4708 tibi
2179 4655 2448 4709 consentit
2467 4653 2531 4708 ad
2558 4656 2755 4709 malum
2776 4697 2791 4723 ,
2827 4646 2931 4711 non
2958 4658 3121 4714 audes
3158 4646 3378 4719 fortasse
3405 4638 3647 4720 introdu-

2059 4763 2181 4803 cere
2201 4748 2252 4802 in
2274 4747 2572 4819 cubiculum
2599 4757 2778 4821 tuum,
2812 4744 2897 4804 ubi
2923 4742 3084 4808 habes
3116 4726 3308 4809 lectum
3332 4764 3481 4811 tuum
3511 4774 3645 4815 con-

2057 4840 2288 4927 jugalem
2315 4858 2327 4893 :
2358 4839 2449 4895 sed
2495 4841 2690 4911 quwris
2721 4842 2946 4911 aliquem
2985 4834 3247 4915 objectutn
3289 4847 3339 4902 in
3371 4847 3530 4907 domo
3557 4859 3649 4909 tua

2062 4926 2113 4987 et
2138 4942 2344 5002 turpem
2387 4926 2591 4998 locum,
2624 4934 2676 4987 in
2718 4949 2825 5003 quo
2875 4922 3095 5005 turpiter
3142 4938 3413 4996 voluteris.
3461 4920 3649 5003 Defers

2063 5040 2188 5092 ergo
2231 5022 2483 5077 honorem
2535 5023 2776 5078 cubiculo
2821 5027 2999 5081 uxoris
3045 5036 3180 5096 tum,
3210 5039 3264 5085 et
3321 5048 3429 5095 non
3471 5036 3650 5095 defers

2066 5115 2259 5184 templo
2290 5114 2380 5205 Dei
2407 5116 2517 5197 tui?
2547 5115 2658 5170 Non
2687 5116 2977 5172 introducis
3017 5119 3334 5188 impudicam
3355 5168 3369 5191 ,
3403 5128 3487 5182 ubi
3518 5129 3648 5187 dor-

2064 5210 2162 5263 niis
2201 5226 2317 5263 cum
2364 5209 2588 5278 conjuge
2620 5217 2734 5274 tua,
2764 5218 2816 5262 et
2864 5220 2915 5262 tu
2947 5210 3058 5277 ipse
3098 5212 3142 5266 is
3186 5214 3251 5268 ad
3291 5216 3647 5291 impudicam,

2067 5318 2185 5354 cum
2214 5302 2286 5354 sis
2314 5301 2565 5370 templum
2598 5299 2728 5353 Dei?
2758 5299 2891 5353 Puto
2918 5302 3035 5371 quia
3060 5303 3248 5362 melius
3284 5316 3365 5375 est
3393 5313 3651 5382 templum

2068 5394 2160 5448 Dei
2184 5436 2195 5457 ,
2222 5395 2379 5462 quam
2406 5392 2705 5446 cubiculum
2753 5386 2931 5447 uxoris
2974 5401 3094 5447 tum.
3130 5378 3474 5473 Quocumque
3496 5378 3650 5464 enim

2066 5483 2218 5551 ieris,
2252 5484 2406 5538 Jcsus
2436 5483 2573 5537 videt
2605 5492 2683 5548 te;
2717 5484 2802 5553 qui
2849 5483 2970 5538 fecit
3000 5496 3097 5555 te,
3118 5497 3169 5560 et
3199 5492 3460 5560 perditum
3489 5499 3648 5560 τοδε,

2066 5578 2163 5633 mit
2190 5580 2237 5630 te
2259 5618 2271 5642 ,
2305 5584 2360 5629 et
2391 5590 2487 5646 pro
2515 5582 2722 5629 mortuo
2753 5570 2993 5631 mortuus
3022 5554 3103 5635 est
3131 5554 3225 5652 pro
3255 5562 3329 5640 te.
3464 5582 3515 5646 te
3542 5554 3649 5651 non

2130 5746 2200 5808 (tt)
2227 5752 2285 5793 Ex
2315 5743 2402 5791 hoc
2426 5754 2656 5791 scrtmne
2678 5740 2898 5805 quasdam
2922 5745 3034 5796 citat
3057 5742 3221 5799 Florus
3322 5756 3336 5800 ι
3358 5760 3462 5807 Cor.
3490 5773 3556 5823 π,
3567 5732 3652 5816 vit.
