3978 6446
489 390 599 454 879

489 512 734 583 agnoscis
760 528 773 564 :
798 510 889 566 sed
916 509 1002 565 ille
1031 524 1063 565 a
1090 517 1142 565 te
1160 509 1344 566 oculos
1364 526 1468 565 non
1495 511 1716 577 avertit,
1748 527 1856 567 non
1880 512 1947 568 ad
1966 512 2067 568 ad-

483 602 777 674 iuvandum
803 644 817 669 ,
844 600 937 657 sed
978 601 1043 657 ad
1088 600 1433 673 puniendum.
1482 600 1630 656 Oculi
1674 604 1817 658 enim
1865 603 2072 658 Domini

488 710 643 763 super
659 695 828 767 justas
848 732 861 757 ,
894 701 941 747 et
977 709 1124 747 aures
1150 693 1259 763 ejus
1289 695 1355 746 ad
1383 711 1551 765 preces
1576 711 1769 749 eorum.
1800 694 2071 751 Continuo

488 783 743 854 subjecit,
771 790 823 838 et
871 784 1061 839 terruit
1103 798 1197 839 eos
1225 785 1314 854 qui
1357 785 1457 839 sibi
1499 786 1690 841 malam
1731 786 2069 842 securitatem

487 876 712 944 dabant,
740 876 829 947 qui
876 876 975 931 sibi
1019 876 1294 945 dicebant,
1326 877 1539 933 Faciam
1572 898 1584 933 :
1614 894 1721 934 non
1759 880 1902 935 enim
1928 881 2071 937 Deus

486 982 574 1022 me
618 977 723 1022 tam
771 968 942 1038 turpia
982 967 1262 1024 facientem
1305 968 1552 1039 dignatur
1595 971 1892 1027 attendere.
1931 971 2070 1028 Audi

484 1060 609 1130 quid
637 1060 894 1130 sequitur,
919 1060 1067 1130 cujus
1086 1062 1159 1118 sis
1183 1061 1395 1117 attende
1419 1079 1433 1129 ;
1462 1063 1708 1133 quoniam
1735 1078 2071 1134 quocumque

485 1152 609 1206 ieris
627 1193 641 1218 ,
673 1151 827 1207 Jesus
850 1151 995 1207 videt
1026 1170 1039 1206 :
1082 1151 1261 1208 Vultus
1287 1163 1455 1208 autem
1480 1153 1688 1209 Domini
1706 1171 1855 1227 super
1879 1155 2072 1227 facien-

483 1256 553 1297 tes
598 1241 761 1308 mula,
784 1252 837 1297 ut
876 1244 1055 1314 perdat
1092 1244 1155 1300 de
1196 1255 1330 1299 terra
1358 1247 1648 1300 memoriam
1692 1262 1866 1300 eorum
1892 1245 2065 1317 (Psal.

482 1352 688 1403 χχχιιι,
733 1338 836 1403 lli,
886 1335 1000 1410 17).
1043 1336 1147 1393 Sed
1194 1338 1262 1394 de
1308 1354 1411 1408 qua
1463 1340 1642 1394 terra?
1677 1338 1780 1395 Ubi
1834 1339 2064 1407 dicitur,

482 1427 614 1499 Spes
658 1446 769 1483 mea
813 1446 866 1485 es
900 1439 985 1498 tu,
1006 1432 1168 1503 portio
1202 1448 1312 1486 utea
1341 1432 1397 1487 in
1430 1442 1564 1487 terra
1594 1432 1859 1487 viventium
1889 1432 2067 1505 (Psal;

479 1535 603 1575 cxu
620 1563 634 1587 ,
658 1522 735 1591 6).

551 1609 778 1667 CAPUT
817 1610 995 1668 Ill.-
1018 1614 1073 1669 δ.
1116 1598 1412 1670 Fornicatio
1441 1617 1660 1672 excludit
1693 1634 1725 1671 a
1762 1634 1916 1690 regno
1944 1617 2060 1676 Dei.

482 1698 647 1757 Forte
676 1704 818 1758 enim
849 1705 1039 1771 malus,
1070 1704 1301 1776 iniquus,
1330 1707 1555 1776 adulter,
1588 1709 1906 1780 impudicus,
1949 1710 2063 1766 for-

477 1795 710 1851 nicarius
737 1797 932 1867 gaudet
959 1798 1080 1867 quia
1111 1796 1258 1865 facit,
1291 1808 1346 1855 et
1384 1800 1616 1856 senescit
1645 1801 1698 1855 in
1743 1816 1849 1872 quo
1899 1801 2063 1857 libido

475 1904 584 1944 non
605 1891 853 1954 senescit,
879 1902 931 1945 et
955 1890 1084 1945 dicit
1111 1891 1251 1962 apud
1277 1906 1366 1948 se:
1397 1892 1552 1949 Certe
1579 1909 1763 1949 verum
1791 1904 1890 1960 est,
1931 1893 2062 1949 Vul-

476 1990 556 2035 tus
578 1992 746 2035 autem
775 1981 982 2037 Domini
1010 2001 1163 2055 super
1209 1984 1446 2055 facientes
1485 1986 1642 2052 mala,
1693 1996 1749 2040 ut
1795 1987 1969 2057 perdat
1999 1988 2063 2043 de

474 2083 608 2127 terra
632 2076 926 2128 memoriam
955 2092 1145 2129 eorum.
1173 2077 1311 2131 Ecce
1340 2092 1438 2146 ego
1454 2077 1565 2147 jam
1584 2079 1755 2141 senui,
1778 2079 1869 2148 qui
1898 2079 2063 2135 abin-

474 2177 636 2222 eunte
656 2177 811 2222 aetate
828 2183 993 2238 usque
1018 2168 1069 2223 in
1091 2168 1405 2223 hodiernum
1433 2169 1573 2225 diem
1600 2178 1743 2225 tanta
1760 2171 2056 2240 committo,

471 2261 670 2317 nullos
693 2271 868 2316 castos
911 2272 1035 2317 ante
1072 2279 1158 2316 me
1201 2262 1442 2332 sepelivi,
1475 2266 1758 2320 multorum
1789 2275 2057 2321 castorum

469 2352 656 2408 funera
678 2353 930 2423 jnvenum
961 2353 1027 2407 ad
1058 2353 1360 2423 sepulcrum
1388 2354 1500 2424 ipse
1533 2354 1748 2422 deduxi,
1772 2366 1827 2412 et
1854 2357 2059 2426 pudicis

470 2445 771 2515 impudicus
799 2447 1084 2516 supervixi.
1108 2445 1244 2512 Quid
1265 2456 1347 2501 est
1366 2447 1505 2517 quod
1533 2447 1746 2514 dicitur,
1777 2449 1896 2518 quia
1932 2448 2059 2504 Vul-

470 2547 550 2592 tus
580 2538 783 2591 Domini
810 2555 959 2608 super
987 2539 1226 2610 facientes
1248 2538 1405 2602 mala,
1428 2550 1485 2593 ut
1505 2541 1683 2609 perdat
1712 2542 1774 2595 de
1799 2552 1931 2596 terra
1948 2560 2055 2597 me-

468 2630 681 2683 moriam
707 2645 744 2682 e.
768 2630 915 2683 rum?
939 2629 1035 2683 Est
1059 2630 1162 2684 alia
1190 2614 1329 2685 terra
1357 2630 1445 2685 ubi
1484 2646 1589 2686 non
1628 2642 1711 2686 est
1736 2632 2051 2700 impudicus,

467 2729 550 2775 est
577 2721 676 2775 alia
703 2729 842 2775 terra
873 2722 923 2774 in
951 2735 1113 2790 regno
1143 2719 1255 2775 Dei.
1288 2719 1462 2775 Nolite
1489 2737 1694 2777 errare:
1719 2740 1876 2792 neque
1896 2725 2056 2795 [orni-

468 2822 682 2879 catores,
727 2828 885 2881 neque
925 2812 1078 2867 idolis
1102 2813 1366 2867 servientes
1386 2854 1400 2879 ,
1432 2830 1589 2885 neque
1618 2813 1857 2881 adulteri,
1900 2832 2056 2887 neque

466 2905 665 2970 molles,
703 2921 859 2975 neque
901 2906 1240 2959 masculorum
1289 2906 1651 2971 concubitores,
1693 2922 1848 2976 neque
1892 2907 2049 2977 fures,

466 3013 627 3064 neque
652 2998 811 3060 arari,
851 3014 1008 3067 neque
1034 2996 1234 3061 ebriosi,
1274 3012 1431 3067 neque
1458 2996 1690 3051 maledici
1716 2978 1926 3068 regnum
1956 2997 2054 3051 Dei

466 3086 811 3157 possidebunt.
844 3087 957 3141 Hoc
984 3095 1086 3153 est,
1117 3086 1302 3156 perdet
1330 3087 1396 3141 de
1425 3096 1563 3141 terra
1610 3088 1922 3142 memoriam
1958 3104 2053 3143 eo-

465 3195 608 3234 rum.
639 3178 785 3233 Multi
827 3178 966 3232 enim
1009 3179 1135 3232 talia
1178 3179 1590 3243 committentes,
1620 3192 1769 3247 Spem
1811 3179 1911 3233 sibi
1955 3194 2052 3249 po-

464 3277 601 3323 nunt
620 3287 633 3323 :
652 3279 870 3338 propter
892 3283 984 3322 eos
1010 3269 1099 3338 qui
1129 3266 1329 3338 perdite
1370 3268 1608 3322 viventes
1645 3282 1792 3337 spem
1822 3268 1920 3322 sibi
1952 3284 2051 3338 po-

462 3368 595 3414 nunt
623 3361 675 3413 in
714 3374 880 3429 regno
906 3358 1022 3425 Dei,
1067 3374 1174 3429 quo
1205 3372 1309 3412 non
1353 3359 1620 3413 accessuri
1663 3366 1807 3426 sunt,
1850 3358 2050 3415 dictum

463 3461 569 3519 est,
603 3449 788 3504 Perdet
817 3452 879 3504 de
906 3459 1039 3504 terra
1067 3451 1360 3503 memoriam
1398 3466 1591 3505 eorum.
1625 3451 1740 3506 Erit
1764 3453 1905 3506 enim
1937 3468 2049 3510 ete-

464 3537 574 3599 lum
606 3559 824 3611 novum,
858 3554 912 3597 et
941 3550 1085 3598 terra
1112 3547 1268 3609 nova,
1299 3558 1457 3613 quam
1489 3542 1617 3612 justi
1662 3541 2048 3600 inhabitabant.

461 3634 540 3691 lbi
567 3635 734 3703 impii,
767 3635 835 3689 ibi
860 3634 1008 3701 mali,
1042 3633 1115 3689 ibi
1141 3633 1449 3704 nequissimi
1474 3634 1711 3688 habitare
1734 3650 1841 3688 non
1863 3635 2049 3690 sinun-

462 3738 568 3782 tur.
599 3727 771 3798 Eligat
799 3726 957 3782 modo
984 3726 1074 3797 qui
1106 3726 1225 3781 talis
1245 3734 1347 3793 est,
1382 3726 1472 3781 ubi
1490 3726 1757 3783 desideret
1785 3727 2043 3798 habitare,

461 3835 583 3875 cum
613 3830 821 3889 tempus
844 3829 927 3874 est
952 3828 1011 3873 ut
1039 3819 1206 3890 possit
1235 3819 1448 3874 mutari.

492 3918 497 3925 '
532 3908 760 3965 CAPUT
800 3908 888 3964 IV.
907 3940 979 3950 —
1005 3911 1060 3965 Δ.
1105 3907 1456 3966 Habitationes
1479 3910 1613 3976 dum,
1643 3912 1694 3966 in
1716 3913 1851 3985 igne,
1877 3923 1965 3969 aut
1994 3917 2048 3970 in

459 4017 634 4072 regno.
664 3999 773 4054 Pro
801 4018 1011 4068 corpore
1046 4012 1287 4073 quantum
1322 4004 1541 4058 timetur.
1574 4005 1703 4059 Dure
1731 4006 1925 4077 quippe
1953 4007 2049 4062 ha-

457 4093 745 4149 bitationes
773 4104 927 4160 sunt;
970 4110 1071 4148 una
1116 4098 1167 4148 in
1214 4096 1333 4164 igne
1374 4104 1594 4161 aeterno,
1640 4097 1739 4150 alia
1787 4098 1839 4152 in
1885 4114 2047 4169 regno

460 4195 684 4240 aeterno.
719 4185 847 4239 Puta
874 4186 998 4255 quia
1020 4185 1071 4239 in
1105 4186 1226 4256 igne
1251 4196 1454 4242 aeterno
1484 4187 1638 4243 aliter
1660 4190 1770 4257 ille,
1790 4190 2046 4249 aliterille

464 4278 885 4347 torquebantur:
918 4277 989 4331 ibi
1016 4288 1170 4332 erunt
1192 4288 1390 4342 tamen,
1423 4280 1493 4334 ibi
1520 4296 1708 4336 omnes
1729 4283 2044 4339 cruciabun-

465 4378 580 4434 tur;
605 4367 778 4421 minus
807 4366 917 4433 ille,
949 4367 1070 4436 plus
1092 4368 1199 4423 ille.
1233 4368 1365 4435 Quia
1394 4370 1721 4428 tolerabilius
1746 4374 1847 4429 erit
1874 4374 2046 4431 Sodo-

459 4474 563 4514 mae
590 4459 643 4512 in
668 4457 756 4513 die
777 4457 983 4528 judicii,
1014 4474 1169 4529 quam
1192 4461 1340 4516 alteri
1368 4462 1564 4518 civitati
1590 4463 1802 4535 (Matth.
1826 4484 1878 4535 x,
1916 4469 2001 4541 15)
2025 4489 2043 4526 :

458 4558 514 4606 ct
532 4551 744 4621 quidam
777 4550 1107 4605 circumeunt
1149 4567 1295 4607 mare
1334 4560 1390 4608 et
1417 4561 1633 4622 terram,
1670 4554 1849 4613 facere
1879 4575 2041 4615 unum

458 4644 805 4713 proselytum,
834 4657 993 4713 quem
1036 4658 1156 4699 cum
1196 4642 1439 4711 fecerint,
1486 4645 1686 4702 faciunt
1724 4664 1846 4704 eum
1873 4651 2040 4706 tilium

454 4734 711 4803 gehenna:
738 4733 901 4805 duplo
936 4749 1095 4804 quam
1133 4744 1256 4789 sunt
1292 4736 1393 4806 ipsi
1425 4735 1532 4811 (Id.
1581 4755 1732 4804 χχιιι,
1764 4739 1875 4813 15).
1908 4742 2039 4798 Puta

453 4827 575 4896 quia
602 4826 691 4880 alii
719 4825 901 4895 duplo,
930 4826 1021 4880 alii
1064 4826 1285 4897 simple;
1326 4837 1452 4899 puta
1481 4830 1605 4899 quia
1644 4831 1733 4885 alii
1765 4833 1909 4902 plus,
1949 4834 2038 4890 alii

451 4918 661 4972 minus:
686 4934 791 4972 non
821 4927 905 4974 est
922 4919 1070 4989 regio
1094 4920 1182 4975 ubi
1215 4920 1305 4975 tibi
1333 4923 1493 4993 eligas
1521 4923 1716 4979 locum.
1755 4925 2036 4994 Quaecum-

450 5026 554 5078 que
573 5010 643 5064 ibi
667 5010 873 5064 mitiora
904 5019 1167 5066 tormenta
1194 5021 1337 5081 sunt,
1369 5015 1545 5085 pejora
1572 5026 1713 5085 sunt,
1741 5034 1898 5088 quam
1918 5037 2037 5092 qum

453 5102 708 5157 formidas
734 5104 786 5157 in
814 5103 914 5157 isto
954 5104 1169 5158 smculo.
1202 5104 1385 5176 Cogita
1425 5107 1692 5176 quomodo
1743 5120 1956 5179 tremas,
1989 5112 2037 5167 si

454 5192 548 5246 tibi
583 5193 772 5263 aliquis
799 5193 1168 5261 calumnietur,
1209 5211 1277 5251 ne
1305 5197 1531 5253 mittaris
1567 5199 1620 5252 in
1650 5214 1951 5256 carcerem:
1981 5211 2036 5258 et

452 5295 508 5338 tu
548 5285 661 5353 ipse
701 5296 883 5341 contra
916 5294 969 5341 te
1009 5288 1149 5343 male
1176 5289 1328 5355 vivis,
1376 5299 1430 5345 ut
1474 5291 1700 5346 mittaris
1739 5294 1790 5348 in
1822 5295 2032 5365 ignem?

447 5376 845 5444 Contremiscis,
866 5380 1218 5447 conturbaris,
1245 5382 1508 5452 pallescis,
1532 5383 1598 5438 ad
1615 5384 1894 5442 ecclesiam
1912 5403 2032 5443 cur-

448 5469 540 5529 ris.
565 5469 870 5538 episcopum
909 5470 1091 5528 videre
1132 5472 1421 5539 desideras,
1453 5475 1520 5531 ad
1551 5476 1714 5546 pedes
1739 5478 1852 5549 ejus
1878 5481 2029 5536 volu-

446 5560 597 5614 taris.
628 5560 847 5627 Quaarit,
877 5565 1072 5632 quare?
1099 5563 1288 5621 Libera
1318 5583 1423 5636 me,
1447 5568 1640 5639 inquis.
1668 5570 1802 5638 Quid
1827 5574 2030 5644 agitur?

446 5650 590 5705 Ecce
614 5650 702 5705 ille
727 5650 856 5706 mihi
882 5654 1250 5711 calumniatur.
1282 5658 1350 5714 Et
1378 5660 1500 5730 quid
1532 5662 1625 5716 tibi
1655 5661 1889 5719 facturus
1912 5668 2026 5722 est?

443 5740 689 5809 Domine,
716 5743 1016 5812 concutior;
1049 5747 1293 5818 Domine,
1325 5750 1378 5806 in
1404 5766 1670 5810 carcerem
1698 5757 1906 5826 mittor;
1928 5761 2027 5816 mi-

443 5846 625 5897 serere
652 5834 781 5905 inici,
808 5833 969 5891 libera
994 5852 1097 5895 me.
1123 5839 1262 5896 Ecce
1288 5847 1552 5916 quomodo
1577 5847 1790 5903 timetur
1820 5867 2019 5921 carcer,

1712 396 1791 454 .S.
1834 396 2197 455 AUCUSTINI
2234 397 2542 455 EPISCOPl
2630 448 2633 453 .
3538 458 3555 465 -
3621 418 3708 478 330

2182 511 2447 582 quomodo
2462 512 2689 584 timetur
2714 513 3014 583 conclusio;
3042 524 3095 573 et
3121 532 3227 574 non
3262 520 3467 582 timetur
3486 530 3707 600 gehennae

2181 606 2394 661 exustio
2411 607 2424 661 !
2450 606 2748 675 Postremo,
2766 609 2977 679 quando
2992 619 3212 682 augetur
3228 614 3504 689 calamitas,
3520 631 3569 678 et
3584 641 3711 695 pres-

2178 711 2301 751 sura
2329 697 2484 752 saevit
2501 699 2751 767 atrocior,
2776 708 2829 755 et
2849 717 3014 772 usque
3029 702 3096 758 ad
3112 713 3329 762 mortem
3349 713 3507 778 smvit,
3529 719 3712 786 quando

2177 786 2374 842 bonum
2399 788 2610 845 videtur
2634 790 2834 847 homini
2862 808 2928 859 ne
2956 795 3231 864 moriatur,
3258 814 3325 855 ne
3342 804 3614 877 occidatur,
3630 812 3714 868 de.

2176 875 2305 933 bere
2331 880 2571 935 succurri
2592 896 2779 938 omnes
2798 883 3046 953 clamant,
3070 887 3324 957 adjutoria
3351 903 3529 951 cuncta
3548 875 3715 969 implo-

2175 978 2401 1039 rantur;
2454 974 2765 1041 subvenite,
2815 978 3015 1033 currite
3063 987 3277 1049 propter
3317 984 3554 1042 animam.
3599 989 3718 1048 Tota

2176 1066 2512 1135 exaggeratio
2536 1068 2852 1124 calamitatis
2880 1079 2981 1139 est,
3010 1072 3131 1142 quia
3155 1071 3366 1142 dicitur,
3397 1087 3598 1148 propter
3621 1084 3719 1139 ani-

2173 1171 2336 1211 mam.
2367 1158 2792 1216 Succurrendum
2817 1170 2897 1218 est
2926 1164 3160 1234 quidem,
3186 1181 3284 1222 nec
3309 1166 3428 1223 huic
3456 1170 3618 1226 timori
3635 1174 3719 1230 ad-

2167 1250 2424 1320 jutorium
2468 1252 2871 1325 denegandum:
2897 1255 3197 1313 faciendum
3245 1259 3384 1330 quod
3411 1260 3521 1317 fieri
3544 1274 3716 1334 potest,

2171 1356 2203 1398 a
2228 1358 2333 1413 quo
2356 1353 2552 1414 potest.

2240 1434 2467 1494 CAPUT
2508 1437 2572 1494 V.
2603 1469 2675 1480 —
2698 1440 2752 1496 5.
2793 1439 2937 1498 Mors
2979 1444 3165 1499 animae
3214 1445 3330 1515 plus
3356 1447 3568 1504 timenda
3591 1467 3722 1520 quam

2170 1531 2415 1599 corporis.
2447 1530 2823 1589 Verumtamen
2864 1550 2965 1605 ego
3002 1536 3330 1609 interrogare
3373 1539 3491 1596 volo
3533 1543 3735 1613 pericli-x

2168 1629 2393 1690 tantem,
2435 1632 2489 1679 et
2538 1624 2639 1680 isto
2679 1627 2894 1684 nomine
2921 1643 3038 1684 mea
3067 1629 3273 1686 viscera
3298 1624 3724 1703 commoventem;

2167 1715 2416 1783 quoniam
2458 1715 2604 1781 dicit,
2646 1717 2813 1774 Curre
2851 1730 3067 1791 propter
3106 1723 3397 1778 animam‘.
3426 1725 3593 1783 Facile
3618 1727 3727 1784 huic

2168 1819 2267 1876 ego
2311 1807 2643 1876 respondeo:
2673 1809 2785 1880 Ego
2827 1811 3043 1881 quidem
3084 1827 3244 1869 curro
3290 1825 3503 1885 propter
3537 1832 3728 1874 carnem

2168 1904 2344 1962 tuam;
2379 1899 2578 1953 utinam
2608 1909 2663 1954 tu
2692 1917 2935 1958 curreres
2977 1916 3195 1974 propter
3221 1907 3452 1962 animam
3487 1916 3638 1964 tuam.
3671 1910 3731 1966 Et

2165 1993 2221 2040 tu
2242 1990 2454 2044 noveris
2475 1990 2597 2060 quia
2624 2001 2841 2063 propter
2878 2008 3071 2064 corpus
3110 2003 3261 2050 tuum
3291 2013 3471 2064 curro,
3496 2016 3596 2054 non
3622 2016 3731 2071 pro-

2165 2084 2284 2146 pter
2308 2079 2538 2134 animam
2577 2088 2739 2136 tuam.
2780 2083 2966 2141 Melius
2991 2085 3188 2141 audio'
3214 2086 3488 2144 Christum
3515 2107 3631 2147 vera
3656 2093 3729 2147 di-

2162 2179 2391 2238 centem,
2433 2188 2592 2243 quam
2635 2183 2687 2230 te
2733 2176 2923 2233 timore
2965 2178 3097 2234 falso
3141 2192 3582 2239 murmurantem.
3629 2184 3732 2255 lpse

2162 2261 2303 2316 enim
2334 2263 2588 2320 Dominus
2612 2265 2772 2321 dicit:
2800 2266 2975 2322 Nolite
2998 2270 3172 2325 timere
3202 2288 3288 2326 eos
3318 2274 3403 2341 qui
3419 2290 3598 2345 corpus
3612 2277 3731 2331 occi-

2161 2351 2307 2419 dunt,
2321 2354 2543 2409 animam
2553 2367 2720 2411 autem
2732 2374 2832 2413 non
2849 2363 3297 2429 possuntoccidere
3320 2362 3531 2437 (Matth.
3554 2383 3611 2434 ι,
3626 2365 3731 2441 28).

2159 2442 2317 2500 Certe
2340 2454 2555 2515 prepter
2570 2448 2801 2504 animam
2825 2460 2968 2506 tuam
2985 2468 3070 2509 me
3086 2453 3167 2508 vis
3183 2470 3405 2511 currere
3427 2475 3440 2511 :
3459 2472 3579 2515 ecce
3591 2474 3732 2529 quem

2160 2537 2336 2605 times,
2362 2546 2417 2593 et
2440 2539 2540 2594 sub
2565 2540 2717 2611 cujus
2742 2544 3253 2603 comminationibus
3278 2549 3612 2619 expallescis,
3641 2566 3736 2607 non

2161 2637 2336 2698 potest
2371 2632 2615 2688 occidere
2658 2635 2889 2690 animam
2923 2646 3098 2692 tuam:
3129 2653 3304 2711 usque
3333 2641 3402 2696 ad
3432 2656 3619 2711 corpus
3643 2657 3733 2698 sa:-

2158 2722 2252 2790 vit,
2301 2732 2356 2777 tu
2399 2725 2509 2779 noli
2552 2726 2739 2782 saevire
2778 2728 2830 2782 in
2872 2729 3103 2785 animam
3134 2738 3309 2787 tuam.
3344 2733 3429 2789 Ab
3468 2734 3558 2790 illo
3584 2734 3737 2791 occidi

2158 2830 2263 2868 non
2296 2824 2488 2885 potest,
2515 2832 2546 2872 a
2585 2826 2636 2873 te
2673 2828 2876 2890 potest;
2908 2836 3013 2877 non
3053 2822 3263 2893 lancea,
3293 2825 3392 2882 sed
3420 2827 3610 2898 lingua.
3640 2826 3735 2881 lni-

2157 2906 2325 2961 micus
2351 2909 2439 2978 qui
2470 2918 2520 2965 te
2549 2913 2792 2980 percutit,
2818 2913 2934 2968 finit
2959 2914 3094 2970 hanc
3110 2920 3282 2973 vitam
3306 2936 3320 2973 :
3348 2918 3421 2975 Os
3441 2931 3601 2976 autem
3620 2920 3738 2991 quod

2158 2999 2409 3065 mentitur,
2444 3002 2626 3056 occidit
2649 3004 2872 3058 animam
2900 3004 3052 3078 (Sap.
3082 3023 3120 3073 ι,
3159 3009 3279 3081 11).
3302 3010 3484 3067 Exhis
3499 3027 3621 3082 ergo
3634 3026 3738 3082 quae

2156 3087 2213 3140 in
2239 3087 2341 3143 hoc
2358 3096 2599 3159 tempore
2619 3091 2863 3149 homines
2887 3097 3095 3165 timent,
3117 3102 3421 3172 conjiciunt
3436 3120 3552 3174 quae
3572 3105 3739 3175 timere

2155 3178 2404 3235 debeant.
2433 3182 2604 3239 Timet
2647 3187 2789 3241 enim
2818 3202 3108 3258 carcerem,
3143 3202 3203 3249 et
3231 3210 3342 3250 non
3383 3197 3532 3256 timet
3556 3197 3738 3273 gehen-

2156 3273 2314 3328 nam?
2344 3274 2516 3331 Timet
2536 3280 2942 3349 qumstionarios
2969 3292 3227 3358 tortores,
3262 3301 3322 3348 et
3349 3308 3458 3349 non
3501 3294 3643 3350 timet
3666 3296 3739 3349 in-

2154 3362 2386 3422 ferna’les
2405 3370 2656 3439 angelos?
2673 3372 2846 3429 Timet
2859 3378 3153 3434 cruciatum
3176 3385 3556 3454 temporalem,
3580 3393 3739 3441 etnon

2154 3457 2307 3514 timet
2328 3476 2513 3530 poenas
2536 3464 2671 3534 ignis
2691 3468 2910 3522 interni?
2929 3469 3216 3530 Postremo
3238 3476 3399 3534 timet
3415 3477 3484 3534 ad
3497 3477 3741 3534 modicum

2154 3552 2309 3617 mori,
2344 3563 2397 3609 et
2426 3570 2530 3610 non
2565 3557 2713 3613 timet
2740 3559 2792 3614 in
2822 3569 3080 3618 aeternum
3111 3567 3298 3622 mori?

2224 3644 2277 3699 6.
2326 3643 2441 3725 Vita
2470 3649 2657 3704 animi:
2691 3659 2736 3705 et
2779 3652 2881 3705 vita
2921 3656 3152 3725 corporis
3206 3659 3369 3715 unde.
3417 3660 3611 3716 Animae
3653 3659 3742 3714 vita

2154 3734 2310 3791 Deus.
2344 3724 2435 3792 Ille
2476 3740 2567 3809 qui
2610 3749 2660 3795 te
2698 3742 2973 3799 occisurus
3002 3724 3104 3814 est,
3155 3765 3329 3820 quem
3381 3754 3558 3821 times,
3602 3767 3743 3823 quem

2153 3830 2507 3899 exhorrescis,
2548 3848 2704 3903 quem
2744 3833 2901 3906 fugis,
2927 3853 2959 3892 a
2982 3839 3140 3909 cujus
3175 3842 3380 3900 timore
3420 3860 3530 3900 non
3572 3841 3744 3900 sineris

2153 3919 2406 3989 dormire,
2432 3932 2485 3978 et
2511 3924 2684 3993 ipsum
2713 3925 2766 3980 in
2796 3929 2996 3983 somnis
3017 3930 3061 3986 si
3082 3931 3269 4000 vides,
3298 3952 3428 3990 cum
3458 3935 3742 4002 dormieris,

2152 4017 2486 4085 expavescis,
2512 4018 2638 4087 quid
2665 4028 2746 4074 est
2772 4018 3003 4078 facturus
3034 4023 3169 4079 tibi?
3210 4026 3554 4085 Exclusurus
3588 4025 3746 4084 estde

2151 4122 2310 4164 carne
2341 4118 2426 4164 tua
2465 4110 2693 4167 animam
2727 4122 2904 4170 tuam:
2930 4117 3105 4171 anima
3140 4128 3234 4175 tua
3264 4123 3491 4178 exclusa
3523 4139 3625 4194 quo
3648 4129 3743 4188 eat,

2149 4200 2288 4256 vide.
2318 4201 2498 4272 Neque
2527 4204 2667 4259 enim
2701 4214 2873 4274 potest
2915 4208 3006 4263 ille
3033 4210 3201 4267 aliter
3231 4229 3462 4271 carnem
3496 4225 3635 4272 tuam
3661 4227 3744 4269 oc-

2148 4292 2347 4359 cidere,
2393 4295 2494 4350 nisi
2532 4294 2654 4352 inde
2678 4299 2925 4355 excludat
2949 4302 3189 4359 animam
3239 4315 3416 4375 tuam,
3467 4326 3565 4381 per
3603 4322 3746 4378 quam

2146 4384 2277 4438 vivit
2293 4400 2419 4440 caro
2440 4394 2546 4440 tua.
2572 4387 2859 4445 Praesentia
2883 4392 3077 4463 quippe
3093 4396 3306 4454 animae
3336 4409 3446 4455 tuae
3468 4416 3594 4456 caro
3611 4401 3745 4464 vivit,

2147 4485 2203 4532 et
2231 4477 2483 4548 quamdiu
2511 4480 2563 4534 in
2593 4496 2755 4539 carne
2783 4493 2869 4538 tua
2902 4500 3142 4553 praesens
3181 4500 3272 4545 est
3311 4494 3494 4547 anima
3526 4503 3630 4559 tua,
3661 4508 3748 4548 ne-

2149 4583 2299 4624 cesse
2328 4580 2412 4626 est
2438 4580 2492 4626 ut
2521 4573 2662 4628 vivat
2687 4589 2812 4629 caro
2838 4584 2945 4631 tua.
2976 4576 3069 4633 ille
3092 4593 3288 4637 autem
3319 4585 3417 4654 qui
3448 4595 3591 4640 tuam
3622 4600 3751 4639 mor-

2147 4670 2256 4727 tem
2279 4665 2486 4731 qumrit,
2515 4665 2711 4735 ejicere
2733 4669 2841 4724 vult
2866 4669 2934 4726 de
2954 4686 3116 4728 carne
3152 4684 3251 4731 tua
3273 4678 3448 4733 vitam
3474 4688 3637 4745 tuam,
3661 4695 3750 4749 qua

2144 4753 2278 4807 vivit
2301 4769 2426 4808 caro
2449 4764 2552 4809 tua.

2214 4845 2439 4902 CAPUT
2480 4848 2566 4902 Vl.
2584 4879 2657 4890 —
2674 4849 2854 4918 Putas,
2880 4869 2985 4909 non
3008 4863 3093 4911 est
3121 4858 3316 4931 aliqua
3343 4863 3479 4931 vita,
3509 4878 3612 4934 qua
3640 4861 3754 4916 vivit

2143 4937 2256 5008 ipsa
2282 4939 2451 4993 anima
2479 4944 2607 4996 tua?
2632 4943 2724 4998 Est
2768 4945 2911 5000 enim
2953 4949 3131 5005 anima
3183 4953 3303 5009 vita
3354 4957 3629 5028 quaedam,
3658 4967 3754 5026 qua

2143 5022 2272 5085 vivit
2292 5047 2416 5087 caro
2437 5042 2542 5089 tua.
2568 5036 2748 5105 Putas,
2772 5040 2914 5095 nulla
2940 5042 3044 5097 alia
3071 5044 3187 5101 vita
3223 5058 3333 5116 est,
3360 5022 3472 5122 qua
3503 5022 3757 5119 vivitipsa.

2140 5124 2318 5179 anima
2349 5134 2468 5186 tua:
2495 5138 2586 5183 aut
2608 5132 2876 5199 quomodo
2903 5132 3062 5191 habet
3099 5151 3242 5195 caro
3287 5151 3385 5198 tua
3421 5144 3611 5212 vitam,
3642 5141 3757 5198 ani-

2141 5229 2283 5269 mam
2309 5232 2411 5286 qua
2442 5218 2570 5273 vivit
2594 5234 2719 5276 caro
2746 5233 2855 5289 tua,
2886 5224 2944 5279 tit
2971 5233 3025 5282 et
3050 5226 3172 5296 ipsa
3216 5233 3411 5289 anima
3445 5245 3557 5304 tua,
3588 5244 3646 5291 ut
3670 5234 3760 5291 ha-

2136 5306 2261 5362 beat
2279 5308 2508 5378 aliquam
2533 5311 2695 5366 vitam
2720 5314 2907 5369 suam?
2925 5324 2978 5371 et
2998 5322 3287 5387 quomodo
3313 5340 3473 5395 caro,
3497 5341 3623 5383 cum
3650 5340 3759 5382 mo-

2137 5399 2294 5467 ritur,
2339 5402 2576 5472 exspirat
2604 5405 2835 5461 animam
2865 5409 3028 5463 vitam
3063 5405 3267 5480 suam;
3319 5417 3433 5474 sic'
3458 5428 3518 5476 et
3561 5420 3757 5487 anima,

2137 5495 2349 5564 quando
2379 5500 2621 5563 moritur,
2658 5502 2893 5571 exspirat
2911 5503 3147 5575 aliquam
3176 5509 3356 5565 vitam
3382 5516 3585 5576 suam?
3605 5515 3660 5571 Si
3682 5514 3759 5570 in-

2135 5587 2439 5643 venerimus
2467 5605 2585 5660 quas
2626 5591 2694 5647 sit
2732 5591 2848 5648 base
2875 5594 3001 5662 vita,
3039 5610 3155 5652 non
3186 5604 3456 5673 corporis
3494 5604 3597 5676 tui,
3627 5604 3760 5679 quod

2199 5742 2216 5813 ξ
2239 5747 2312 5813 gr.
2338 5742 2482 5813 pugil.
2500 5752 2618 5795 Ven.
2643 5753 2770 5806 Lov.,
2794 5747 2983 5801 Ctm‘ite
3006 5757 3215 5813 propter
3240 5757 3497 5813 enim.
3562 5767 3622 5813 ιι.

2198 5805 2485 5889 ²“Ετ..ι.υέ;‹].
2512 5815 2649 5889 ven.,
2673 5815 2729 5881 Et
2751 5805 2801 5861 ut
2822 5805 3014 5889 nuperis
3027 5805 3759 5889 ηιείίξσρνορὶὶίῇ-ἓᾶριὲιιηιηι

2132 5876 2294 5926 curro,
2320 5878 2411 5916 non
2427 5876 2623 5935 propter
2644 5874 2855 5925 am'mam
2877 5881 3027 5938 tuam,
3046 5874 3234 5930 melius
3256 5874 3439 5938 audio.
3512 5874 3576 5936 'Il.
