4108 6336
371 355 464 417 εει
1491 330 1497 337 ’
1774 342 2002 402 SEItMO
2035 342 2213 400 CLXI.

374 482 454 530 est
477 470 652 528 anima
679 478 796 536 tua;
826 468 920 524 sed
946 468 1056 524 vita
1079 467 1202 522 vitm
1223 464 1463 536 corporis
1480 463 1577 531 tui,
1601 477 1702 519 aoc
1720 470 1822 528 est,
1842 461 1945 515 vita

374 568 560 622 anima:
589 573 727 619 tute:
754 564 798 617 si
829 562 1184 617 invenerimus
1208 575 1349 624 eam,
1379 575 1444 615 ex
1475 558 1575 614 hac
1622 566 1812 621 morte,
1842 571 1944 627 qua

377 659 523 712 times
554 670 618 711 ne
644 655 711 710 de
737 670 897 710 carne
926 654 1170 723 ejiciatur
1193 651 1372 707 anima
1393 659 1501 716 tua,
1529 658 1658 721 puto
1682 650 1801 720 quia
1827 649 1945 719 plus

375 749 530 803 debes
557 748 742 801 limere
772 746 909 799 illam
937 754 1183 809 mortem,
1214 758 1281 798 ne
1308 744 1413 798 vita
1438 743 1630 797 anima:
1655 750 1759 797 tua:
1779 742 1945 812 proji-

373 842 537 896 ciatur
572 839 639 894 de
682 839 858 893 anima
899 846 1007 892 tua.
1052 838 1292 891 Breviter
1332 851 1462 905 ergo
1505 836 1712 891 dicam:
1739 844 1793 890 et
1819 834 1945 905 quid

375 930 550 984 nntltis
598 928 818 983 teneor?
861 928 976 981 Vita
1023 927 1260 996 corporis
1288 928 1460 980 anima
1493 934 1595 993 est,
1620 927 1724 980 vita
1754 926 1944 980 anima:

373 1022 508 1076 Deus
545 1030 647 1077 est.
702 1019 929 1089 Spiritus
971 1019 1063 1072 Dei
1094 1018 1289 1072 habitat
1318 1018 1369 1071 in
1396 1018 1591 1083 anima,
1620 1026 1675 1071 et
1704 1031 1797 1086 per
1823 1016 1942 1070 ani-

372 1128 504 1166 mam
535 1113 585 1166 in
614 1127 856 1181 corpore,
900 1119 956 1165 ut
989 1119 1042 1165 et
1076 1125 1299 1179 corpora
1331 1118 1508 1163 nostra
1553 1109 1805 1178 templum
1838 1108 1944 1162 sint

370 1205 595 1274 Spiritus
624 1203 813 1269 sancti,
845 1218 1001 1273 quem
1043 1202 1299 1256 habemus
1341 1216 1372 1255 a
1418 1200 1544 1254 Deo.
1600 1199 1759 1253 Venit
1800 1199 1941 1254 enim

370 1294 591 1362 Spiritus
611 1293 677 1347 ad
702 1292 932 1347 animam
957 1302 1189 1346 nostram
1214 1310 1226 1345 :
1249 1291 1369 1361 quia
1391 1289 1621 1344 charitas
1643 1289 1733 1344 Dei
1754 1288 1942 1343 dilfusa

368 1398 445 1441 est
469 1388 519 1441 in
550 1387 801 1441 cordibus
825 1385 1023 1441 nostris
1051 1400 1147 1455 per
1174 1384 1426 1455 Spiritum
1453 1393 1714 1446 sanctum,
1738 1383 1825 1453 qui
1850 1382 1945 1437 da-

370 1490 450 1533 tus
477 1489 560 1533 est
585 1480 739 1534 nobis
769 1479 944 1533 (Rom.
972 1496 1026 1544 v,
1057 1477 1143 1549 5);
1174 1487 1228 1534 et
1249 1486 1414 1532 totum
1443 1477 1675 1547 possidet
1693 1477 1781 1548 qui
1802 1476 1944 1546 prin-

369 1574 537 1643 cipale
569 1581 731 1627 tenet.
760 1572 813 1626 In
841 1581 891 1628 te
915 1573 1109 1643 quippe
1132 1572 1258 1625 illud
1282 1571 1627 1641 principatur,
1660 1568 1797 1639 quod
1827 1582 1945 1623 me-

367 1666 465 1720 lius
510 1672 614 1718 est.
661 1663 872 1718 Tenens
915 1663 1057 1718 Deus
1099 1662 1238 1733 quod
1270 1662 1460 1716 melius
1505 1672 1610 1726 est,
1640 1660 1691 1714 id
1720 1668 1821 1722 est,
1852 1673 1945 1714 cor

369 1765 532 1821 tuum,
565 1763 795 1810 mentem
826 1762 989 1818 tuam,
1012 1755 1242 1808 animam
1264 1759 1434 1819 tuam,
1462 1750 1698 1821 profecto
1718 1765 1813 1819 per
1833 1764 1945 1804 me-

368 1850 549 1904 liorem
580 1848 813 1918 possidet
835 1856 890 1903 et
915 1847 1238 1912 inferiorem,
1272 1846 1413 1916 quod
1441 1856 1522 1900 est
1549 1858 1741 1917 corpus
1771 1851 1942 1898 tuum.

366 1941 562 1997 Saaviat
593 1942 1033 2013 igiturinimicus,
1067 1941 1295 1994 minetur
1319 1948 1570 2002 mortem,
1590 1937 1747 1992 faciat
1763 1936 1805 1990 si
1824 1951 1947 2005 per-

365 2036 612 2098 mittitur,
648 2034 895 2089 excludat
920 2032 987 2087 de
1006 2047 1166 2086 carne
1184 2031 1413 2085 animam
1446 2037 1624 2084 tuam:
1656 2028 1828 2082 anima
1855 2034 1944 2080 tua

364 2142 466 2182 non
496 2125 744 2181 excludat
769 2141 799 2179 a
829 2141 887 2179 se
913 2124 1075 2179 vitam
1098 2138 1265 2177 suam.
1299 2122 1352 2175 Si
1380 2131 1523 2177 recte
1542 2121 1762 2190 plangis,
1782 2128 1834 2173 et
1853 2134 1948 2187 pu-

363 2230 438 2275 tas
466 2228 521 2273 te
567 2217 938 2273 miserabiliter
980 2217 1159 2272 dicere
1202 2215 1404 2287 potenti
1436 2214 1648 2268 inimico
1676 2222 1786 2278 tuo,
1826 2211 1945 2266 Noli

360 2311 545 2376 ferire,
586 2326 745 2382 parce
784 2309 1021 2381 sanguini
1053 2324 1204 2363 meo:
1234 2322 1339 2362 non
1366 2307 1455 2360 tibi
1484 2306 1612 2361 dicit
1651 2307 1809 2369 Deus,
1845 2303 1945 2357 Mi-

359 2420 528 2458 serere
549 2403 729 2455 animm
758 2410 857 2454 tute
884 2400 1085 2471 placens
1111 2398 1216 2452 Deo
1242 2397 1425 2468 (Eccli.
1456 2412 1593 2461 xxx,
1610 2394 1739 2466 24)?
1756 2396 1945 2449 Anima

362 2503 445 2548 tua
469 2493 613 2548 forte
634 2492 791 2546 dicit:
821 2491 966 2560 Roga
996 2490 1163 2549 illum.
1188 2504 1255 2544 ne
1276 2488 1456 2552 feriat;
1482 2503 1602 2541 nam
1633 2486 1841 2540 dimitto
1872 2494 1943 2540 te.

361 2586 415 2644 Si
442 2586 590 2641 enim
622 2584 961 2655 percusserit,
990 2596 1205 2636 manere
1221 2589 1395 2636 tecum
1418 2595 1523 2634 non
1541 2593 1775 2648 possum.
1799 2576 1947 2647 Roga

364 2696 430 2736 ne
460 2680 640 2745 feriat,
672 2679 715 2733 si
741 2678 821 2731 vis
840 2685 898 2731 ut
917 2691 1022 2731 non
1053 2684 1102 2730 te
1138 2674 1418 2730 dimittam.
1447 2672 1575 2742 Qua:
1603 2671 1695 2725 tibi
1725 2670 1870 2735 dicit,
1900 2668 1945 2726 si

361 2773 439 2827 vis
460 2780 523 2826 ut
549 2756 651 2825 non
676 2779 725 2823 te
754 2766 1052 2823 dimittam?
1077 2767 1153 2821 Ttt
1177 2766 1289 2836 ipse
1310 2783 1322 2819 :
1348 2774 1403 2819 tu
1428 2764 1567 2818 enim
1586 2759 1683 2832 qui
1693 2761 1944 2831 loqueris,

363 2864 542 2917 anima
561 2876 636 2916 es.
662 2860 717 2916 Si
745 2874 872 2929 ergo
898 2857 1218 2929 percusserit
1233 2870 1470 2919 carnem,
1492 2862 1545 2906 tu
1564 2852 1720 2922 fugis,
1739 2860 1793 2905 tu
1811 2852 1944 2915 exis,

365 2965 419 3010 tu
445 2955 666 3023 migras,
689 2951 830 3021 jacet
854 2959 992 3004 terra
1024 2950 1076 3003 in
1105 2954 1264 3002 terra.
1291 2946 1390 3001 Ubi
1410 2946 1513 3000 erit
1538 2944 1675 3014 quod
1696 2941 1949 2997 animavit

365 3043 601 3100 terram?
625 3040 763 3113 quod
791 3040 916 3095 flatu
939 3040 1031 3095 Dei
1057 3038 1148 3092 tibi
1174 3038 1353 3093 datum
1374 3044 1474 3099 est,
1504 3035 1589 3089 ubi
1611 3034 1744 3090 erit?
1768 3033 1822 3088 Si
1841 3047 1947 3087 non

364 3134 571 3191 elllavit
599 3134 758 3189 vitam
789 3146 960 3195 suam,
994 3129 1042 3184 id
1073 3137 1174 3193 est,
1220 3128 1387 3183 Deum
1428 3141 1603 3192 suum,
1648 3124 1703 3179 in
1731 3124 1819 3179 illo
1848 3123 1949 3177 erit

364 3241 525 3296 quem
553 3240 656 3279 non
687 3223 934 3293 perdidit,
965 3222 1017 3276 in
1048 3221 1137 3274 illo
1158 3220 1259 3273 erit
1281 3233 1437 3288 quem
1456 3230 1560 3271 non
1576 3231 1604 3269 a
1627 3230 1687 3270 se
1702 3213 1944 3269 exclusit.

365 3317 421 3372 Si
450 3326 627 3371 autem
659 3316 992 3383 obtemperas
1022 3310 1313 3366 inﬁrmitati
1355 3309 1546 3363 animae
1589 3315 1711 3373 tuae,
1752 3305 1947 3361 dicenti

367 3410 481 3473 tibi,
515 3409 679 3473 Ferit,
723 3418 775 3463 et
813 3406 1019 3461 dimitto
1046 3412 1130 3468 te;
1164 3418 1268 3457 non
1299 3402 1452 3457 times
1481 3401 1652 3457 Deum
1679 3399 1945 3455 dicentem

366 3499 481 3563 tibi,
504 3499 722 3562 Peccas,
751 3504 804 3551 et
829 3496 1036 3549 dimitto
1059 3494 1143 3548 te?

436 3587 665 3643 CAPUT
705 3585 904 3640 Vll.—
930 3586 979 3638 7.
1021 3583 1196 3639 Timor
1223 3598 1380 3637 vanus
1415 3590 1462 3635 et
1499 3582 1649 3636 timor
1674 3581 1831 3635 utilis.
1874 3581 1949 3636 De

366 3680 561 3732 timore
585 3691 722 3730 vano
752 3678 993 3730 timorem
1044 3675 1225 3731 utilem
1252 3674 1540 3743 capiamus.
1571 3673 1756 3728 Timor
1780 3688 1949 3730 vanus

365 3779 452 3825 est
477 3770 710 3823 omnium
734 3768 1007 3824 hominum
1034 3768 1329 3824 timentium
1351 3767 1594 3822 amittere
1617 3767 1943 3836 temporalia,

366 3861 684 3932 quandoque
725 3863 1154 3930 migraturorum,
1185 3869 1239 3914 et
1278 3859 1509 3930 migrare
1549 3858 1945 3927 trepidantium,

369 3952 660 4007 volentium
688 3967 899 4021 semper
926 3951 1138 4006 dill‘erre
1166 3949 1305 4021 quod
1336 3965 1437 4004 non
1468 3958 1689 4020 possunt
1716 3950 1945 4005 auferre.

371 4043 551 4097 Vanus
577 4052 661 4097 est
687 4045 786 4098 iste
828 4044 985 4097 timor
1012 4042 1321 4097 hominum:
1345 4050 1400 4097 et
1430 4052 1603 4096 tamen
1633 4052 1736 4106 est,
1773 4051 1825 4097 et
1851 4058 1946 4098 ve-

367 4132 593 4188 hemens
620 4143 720 4199 est,
753 4141 807 4188 et
829 4133 1004 4187 resisti
1024 4133 1070 4187 ei
1098 4147 1203 4187 non
1236 4139 1429 4202 potest.
1456 4132 1590 4187 Hinc
1614 4132 1945 4202 increpandi,

371 4225 495 4278 hinc
523 4223 856 4295 objurgandi,
888 4216 1011 4277 hinc
1048 4221 1348 4293 plangendi,
1378 4222 1501 4276 hinc
1526 4222 1737 4292 lugendi
1778 4222 1949 4277 homi-

368 4333 487 4383 nes,
522 4319 766 4371 timentes
792 4316 946 4379 mori,
972 4324 1026 4369 et
1054 4314 1184 4368 nihil
1214 4313 1356 4368 aliud
1385 4322 1622 4383 agentes,
1649 4314 1746 4367 nisi
1777 4315 1948 4368 serius

369 4410 525 4464 mori.
554 4408 728 4477 Quare
764 4424 867 4461 non
898 4415 1061 4477 agunt
1085 4421 1187 4461 non
1216 4404 1385 4459 mori?
1407 4404 1666 4472 Quoniam
1695 4404 1948 4474 quidquid

369 4509 552 4570 agunt,
588 4514 691 4553 non
724 4497 959 4553 efﬁciunt
980 4505 1158 4551 utnon
1184 4497 1496 4551 moriantur.
1520 4495 1749 4550 Possunt
1771 4504 1947 4550 autem

369 4592 569 4662 aliquid
598 4608 774 4662 agere,
806 4606 909 4661 quo
938 4590 1166 4645 efﬁciant
1206 4599 1266 4645 ut
1308 4604 1575 4660 nunquam
1619 4588 1948 4643 moriantur?

368 4682 527 4740 Nullo
554 4683 732 4736 modo.
782 4682 1005 4736 Prorsus
1046 4679 1296 4751 quidquid
1323 4679 1514 4749 egeris,
1541 4687 1948 4749 quantumcum-

369 4791 473 4846 que
500 4775 876 4845 invigilaveris,
923 4789 1254 4844 quocumque
1299 4773 1511 4843 fugeris,
1557 4773 1951 4843 qu:r1ibetmu-

370 4868 604 4922 nimenta
636 4866 930 4936 qumsieris,
962 4865 1284 4935 quibuslibet
1326 4864 1522 4919 divitiis
1552 4872 1604 4918 te
1630 4862 1945 4930 redemeris,

370 4958 693 5029 quibuslibet
720 4957 1094 5013 calliditatibtts
1124 4958 1329 5012 hostem
1360 4955 1641 5021 fefelleris;
1670 4971 1774 5010 non
1810 4955 1950 5011 fallis

371 5048 595 5105 febrem.
626 5049 765 5103 Nihil
799 5049 939 5103 enim
970 5047 1111 5101 aliud
1159 5048 1289 5117 agis,
1324 5056 1380 5101 ut
1419 5062 1522 5101 non
1568 5048 1673 5100 cito
1700 5048 1767 5101 ab
1794 5046 1951 5103 hoste

371 5140 638 5206 moriaris,
670 5139 771 5194 nisi
811 5147 865 5193 ut
905 5138 1075 5193 serius
1123 5137 1406 5207 aliquando
1434 5152 1466 5192 a
1508 5136 1654 5193 febre
1682 5137 1947 5193 moriaris.

374 5230 549 5286 Habes
571 5229 711 5302 quod
734 5244 879 5300 agas,
901 5239 961 5283 ut
984 5243 1247 5298 nunquam
1269 5228 1530 5283 moriaris.
1561 5227 1615 5283 Si
1639 5227 1792 5282 times
1808 5243 1952 5281 mor-

356 5330 503 5388 ,tem,
532 5337 651 5376 ama
680 5322 864 5375 vitam.
897 5318 1014 5375 Vita
1041 5327 1127 5373 tua
1162 5319 1299 5373 Deus
1323 5328 1423 5386 est,
1452 5318 1556 5373 vita
1593 5327 1684 5373 tua
1711 5316 1951 5374 Christus

376 5421 478 5479 est,
503 5412 610 5467 vita
631 5419 722 5467 tua
747 5411 975 5482 Spiritus
996 5420 1209 5466 sanctus
1232 5418 1335 5465 est.
1362 5409 1475 5464 Non
1505 5408 1579 5464 illi
1616 5410 1794 5479 places
1812 5409 1952 5465 male

375 5505 601 5577 agendo.
630 5506 912 5576 Templum
955 5505 1229 5560 ruinosum
1254 5517 1360 5557 non
1387 5502 1664 5569 inhabitat,
1697 5504 1951 5573 templum

378 5597 648 5653 sordidum
675 5612 779 5652 non
798 5597 1108 5668 ingreditur.
1126 5595 1231 5651 Sed
1252 5609 1403 5665 geme
1431 5593 1497 5648 ad
1523 5593 1691 5660 illum,
1719 5601 1776 5649 ut
1799 5610 1954 5651 mun-

377 5688 467 5744 det
493 5689 595 5745 sibi
622 5690 829 5755 locum;
870 5704 1025 5760 geme
1052 5689 1119 5743 ad
1145 5689 1316 5754 illum,
1347 5696 1406 5742 ut
1430 5687 1654 5742 aedificet
1693 5688 1951 5758 templum

378 5776 511 5837 sibi:
539 5780 681 5854 quod
709 5790 768 5837 tu
795 5780 1117 5849 destruxisti,
1142 5781 1255 5851 ipse
1278 5786 1587 5847 construat;
1610 5780 1750 5852 quod
1777 5788 1831 5836 tu
1855 5796 1951 5837 ex-

2049 458 2361 522 terminasti,
2397 459 2511 530 ipse.
2542 460 2818 529 reformet;
2845 461 2989 533 quod
3015 474 3070 520 tu
3099 464 3357 537 deiecisti,
3381 467 3494 539 ipse
3518 470 3629 525 eri-

2046 559 2157 620 gat.
2180 549 2358 606 Clama
2383 552 2449 605 ad
2473 553 2657 620 Deum,
2686 555 2855 609 clama
2884 556 3123 623 interius,
3148 558 3317 613 clama
3343 559 3429 614 ubi
3456 559 3626 616 audit:

2046 642 2169 713 quia
2196 651 2251 697 et
2276 642 2344 697 ibi
2369 658 2571 713 peccas,
2608 644 2697 699 ubi
2723 646 2893 712 videt;
2925 646 2997 702 ibi
3022 647 3212 715 clama,
3242 648 3328 703 ubi
3353 648 3519 706 audit.
3612 694 3618 703 .

2119 736 2173 792 8.
2218 735 2416 790 Timore
2435 753 2594 808 paena:
2613 739 2803 792 malum
2823 757 2923 793 non
2941 742 3155 812 faciens,
3178 742 3402 796 nondum
3418 742 3632 799 laudan-

2047 826 2164 882 dus.
2202 826 2454 882 Cebenna:
2498 829 2646 884 timor
2683 830 2750 883 ad
2773 831 2895 900 quid
2924 832 3081 885 utilis.
3128 831 3194 886 Et
3234 849 3352 888 cum
3384 834 3630 891 timorem

1993 958 2001 963 υ
2047 920 2367 986 correxeris,
2396 929 2448 974 et
2475 922 2671 976 utiliter
2698 922 2884 977 timere
2907 926 3154 993 cmperis,
3181 941 3285 979 non
3308 929 3629 997 temporales

2048 1012 2333 1078 cruciatus,
2365 1013 2459 1067 sed
2488 1014 2671 1067 :eterui
2703 1014 2837 1084 ignis
2866 1016 3141 1084 supplicia,
3184 1026 3237 1071 et
3283 1018 3401 1073 ideo
3424 1019 3630 1076 adulter

2049 1120 2155 1158 non
2205 1103 2402 1160 fueris:
2426 1105 2551 1161 hinc
2576 1106 2717 1160 enim
2748 1106 3111 1176 loquebamur,
3143 1119 3357 1179 propter
3394 1112 3628 1180 Aposto-

2049 1192 2181 1258 lum,
2213 1196 2299 1265 qui
2345 1195 2497 1259 dixit,
2530 1195 2755 1267 Corpora
2784 1206 2944 1250 vestra
2992 1201 3209 1252 membra
3253 1198 3440 1255 Christi
3468 1212 3627 1258 sunt:

2048 1304 2168 1345 cum
2199 1305 2325 1361 ergo
2357 1290 2474 1346 ideo
2511 1290 2719 1346 adulter
2746 1306 2864 1346 esse
2894 1306 3001 1346 non
3026 1294 3272 1360 caperis,
3305 1295 3428 1364 quia
3469 1296 3625 1351 times

2046 1379 2235 1435 ardere
2263 1381 2314 1435 in
2337 1380 2456 1451 igne
2477 1381 2823 1451 sempiterno,
2844 1382 3077 1435 nondum
3098 1382 3388 1438 laudandus
3409 1401 3493 1451 es;
3521 1402 3628 1442 non
3716 1436 3730 1447 .

2046 1473 2258 1543 quidem
2290 1474 2359 1528 ita
2388 1473 2667 1541 dolendus,
2693 1484 2751 1529 ut
2776 1483 2919 1542 ante,
2941 1475 3036 1530 sed
3063 1485 3237 1531 tamen
3258 1478 3491 1534 nondum
3514 1480 3629 1536 lau-

2047 1566 2271 1622 dandus.
3618 1624 3623 1631 ,

2117 1656 2340 1712 CAPUT
2379 1658 2757 1728 Vll|.—Quid
2801 1661 2943 1717 enim
2990 1675 3237 1732 magnum
3288 1670 3391 1729 est,
3438 1664 3628 1721 timere

2049 1750 2298 1819 poenam?
2326 1752 2569 1822 Magnum
2594 1763 2695 1819 est,
2725 1755 2817 1810 sed
2845 1770 3023 1810 amare
3047 1755 3325 1825 justitiam.
3355 1756 3629 1828 Interrogo

2049 1848 2120 1906 te,
2167 1849 2222 1895 et
2266 1841 2476 1897 invenio
2503 1851 2568 1898 te.
2607 1844 2685 1899 Tu
2729 1845 2929 1913 inspice
2956 1846 3423 1916 interrogationem
3454 1864 3627 1903 meam

2048 1941 2347 1999 sonantem,
2373 1942 2426 1988 et
2456 1934 2535 1989 fac
2564 1934 2631 1990 de
2659 1944 2706 1989 te
2728 1936 2841 2005 ipso
2866 1936 3328 2006 interrogationem
3361 1939 3625 1997 silentem.

2050 2021 2176 2077 Dico
2202 2038 2328 2092 ergo
2358 2024 2450 2078 tibi
2470 2042 2483 2079 :
2507 2024 2746 2081 Libidine
2770 2040 2889 2081 cum
2909 2028 3075 2082 victus
3100 2028 3264 2083 habes
3288 2031 3619 2086 consentien-

2051 2121 2176 2177 tem,
2207 2130 2370 2184 quare
2399 2130 2501 2169 non
2529 2118 2815 2171 committis
2853 2119 3201 2174 adulterium?
3231 2121 3296 2175 Et
3332 2122 3627 2190 responde-

2049 2203 2165 2259 bis:
2190 2205 2321 2271 Quia
2363 2206 2523 2262 timeo
2557 2207 2883 2278 gehennam,
2931 2211 3093 2264 timco
3133 2212 3447 2281 supplicium
3493 2214 3627 2283 ignis

2048 2298 2252 2360 aeterni,
2277 2298 2439 2351 timeo
2459 2299 2712 2368 judicium
2732 2299 2948 2368 Christi,
2981 2304 3142 2357 timeo
3179 2305 3482 2360 societatem
3508 2307 3628 2359 dia-

2050 2386 2180 2453 boli,
2214 2406 2279 2443 ne
2308 2391 2495 2460 puniar
2519 2392 2585 2443 ab
2612 2392 2723 2459 illo,
2753 2401 2808 2447 et
2832 2410 2952 2449 cum
2985 2392 3077 2448 illo
3097 2395 3330 2450 ardeam.
3360 2397 3530 2464 Quid?
3549 2398 3629 2452 di-

2049 2490 2232 2535 cturus
2273 2496 2412 2548 sum,
2460 2483 2594 2537 Male
2633 2485 2822 2539 times?
2865 2487 3130 2556 quomodo
3171 2489 3260 2541 tibi
3292 2488 3530 2544 dicebam
3560 2491 3629 2546 de

2049 2572 2379 2638 adversario,
2406 2575 2527 2644 quia
2558 2577 2825 2646 quaerebat
2854 2594 3046 2647 corpus
3078 2589 3219 2633 tuutn
3251 2582 3514 2638 occidere.
3548 2583 3628 2640 ibi

2049 2667 2192 2720 enim
2221 2675 2365 2721 recte
2392 2667 2652 2728 dicebam.
2675 2668 2805 2723 Male
2837 2670 3008 2733 times,
3039 2687 3280 2727 sccurmn
3307 2682 3356 2728 te
3388 2673 3508 2731 fecit
3528 2677 3630 2731 Do-

2050 2759 2226 2813 minus
2256 2768 2394 2824 tuus,
2424 2760 2636 2816 dicens:
2664 2760 2836 2816 Nolite
2861 2764 3031 2817 timere
3059 2781 3140 2818 eos
3165 2766 3252 2834 qui
3280 2760 3461 2833 corpus
3490 2769 3627 2822 occi-

2050 2852 2195 2905 dunt.
2227 2851 2382 2908 Modo
2408 2868 2526 2907 cum
2557 2853 2691 2909 dicis
2714 2854 2863 2919 mihi,
2893 2854 3199 2911 Gehennam
3230 2858 3408 2924 timeo,
3440 2860 3630 2917 ardere

2051 2942 2234 3008 timeo,
2263 2943 2316 2998 in
2342 2954 2598 2999 aeternum
2634 2946 2804 3016 puniri
2835 2949 3029 3003 timeo:
3058 2948 3179 3018 quid
3208 2950 3441 3005 dicturus
3470 2954 3629 3007 sunt?

2053 3032 2185 3087 Male
2213 3034 2403 3088 times?
2448 3051 2583 3090 vane
2613 3037 2801 3092 times?
2827 3038 2943 3093 Non
2981 3040 3171 3104 audeo,
3203 3042 3631 3113 quandoquidem

2050 3127 2166 3197 ipse
2193 3127 2447 3182 Dominus
2475 3130 2653 3185 ablato
2680 3130 2889 3198 timore,
2920 3132 3145 3203 subjecit
3171 3134 3441 3202 timorem;
3460 3137 3643 3202 etait,-

2051 3218 2139 3273 ubi
2169 3218 2326 3285 dixit,
2354 3219 2523 3274 Nolite
2546 3221 2718 3275 timere
2737 3239 2820 3277 eos
2841 3224 2927 3293 qui
2942 3240 3122 3295 corpus
3143 3225 3395 3292 occidunt,
3416 3237 3461 3281 et
3488 3214 3629 3298 post-

2050 3326 2110 3364 ea
2146 3328 2245 3365 non
2280 3312 2462 3366 habent
2481 3314 2603 3383 quid
2623 3314 2813 3383 faciant
2836 3331 2851 3367 :
2875 3315 2963 3369 sed
3005 3333 3117 3370 eum
3145 3318 3328 3383 timete,
3359 3322 3443 3389 qui
3481 3321 3628 3376 habet

2053 3411 2341 3472 potestatem
2372 3413 2417 3456 et
2456 3420 2641 3472 corpus
2670 3414 2714 3458 et
2740 3406 2959 3458 animam
3000 3406 3222 3463 occidere
3257 3410 3307 3463 in
3351 3412 3629 3481 gehennam

2050 3493 2221 3564 ignis:
2248 3494 2317 3545 ita
2342 3493 2454 3546 dico
2483 3495 2638 3556 vobis,
2669 3495 2799 3549 hunc
2822 3497 2988 3550 timete
3013 3496 3163 3567 (Luc.
3187 3516 3280 3564 xu,
3308 3502 3362 3567 4,
3386 3501 3461 3573 5).
3494 3502 3625 3558 Cum

2050 3600 2179 3655 ergo
2208 3586 2460 3639 Dominus
2482 3586 2723 3640 timorem
2754 3588 3052 3655 incusserit,
3084 3598 3137 3643 et
3169 3591 3509 3648 vehementer
3535 3595 3620 3650 in-

2052 3676 2297 3742 cusserit,
2323 3686 2375 3731 et
2400 3677 2689 3745 repetendo
2715 3678 2935 3732 verbum
2964 3681 3431 3737 connninationem
3454 3685 3627 3753 gemi—

2052 3770 2275 3827 naverit.
2308 3769 2543 3825 dicturus
2570 3786 2669 3840 ego
2705 3786 2843 3835 sum,
2874 3772 3006 3828 Male
3047 3774 3237 3829 times?
3278 3775 3381 3830 ista
3414 3793 3516 3831 non
3547 3778 3630 3833 di-

2052 3873 2191 3913 cam.
2221 3859 2381 3915 Plane
2410 3862 2557 3927 time,
2606 3862 2733 3916 nihil
2768 3863 2957 3917 melius
3007 3866 3193 3931 times;
3226 3866 3354 3922 nihil
3382 3878 3464 3923 cst
3486 3871 3627 3939 quod

2051 3950 2220 4020 magis
2250 3950 2439 4005 timere
2464 3950 2680 4006 debeas.
2711 3951 2815 4007 Sed
2847 3954 3110 4025 interrogo
3136 3964 3221 4012 te:
3252 3956 3307 4013 Si
3333 3973 3435 4013 non
3474 3968 3525 4014 te
3547 3961 3628 4015 vi-

2052 4039 2203 4095 deret
2224 4040 2384 4106 Deus,
2417 4041 2627 4111 quando
2650 4041 2799 4107 facis,
2834 4059 2932 4098 nec
2958 4046 3234 4114 quisquam
3270 4058 3319 4103 te
3347 4050 3632 4105 convince-

2051 4141 2133 4187 ret
2160 4132 2211 4186 in
2234 4131 2436 4200 judicio
2476 4133 2638 4200 illius,
2685 4134 2927 4191 faceres?
2965 4136 3059 4200 Tu,
3092 4146 3142 4192 te
3171 4139 3310 4194 vide.
3340 4140 3453 4195 Non
3485 4144 3627 4198 enim

2052 4231 2203 4294 potes
2246 4224 2311 4277 ad
2356 4225 2516 4279 verba
2547 4226 2723 4279 omnia
2772 4241 2889 4281 mea
2938 4228 3277 4298 respondere,
3327 4231 3529 4303 inspice
3575 4244 3629 4291 te

2051 4314 2246 4385 ipsum.
2281 4314 2541 4371 Faceres?
2581 4316 2635 4372 Si
2667 4316 2887 4385 faceres,
2918 4334 3043 4389 ergo
3073 4334 3282 4389 pmnam
3320 4323 3493 4390 times,
3536 4340 3629 4381 ca-

2053 4407 2284 4461 stitatem
2320 4407 2554 4462 nondmn
2585 4424 2753 4474 amas,
2784 4409 3096 4465 charitatem
3144 4413 3377 4468 nondum
3424 4415 3625 4472 habes:

2052 4497 2315 4553 serviliter
2345 4500 2535 4562 times;
2583 4497 2809 4553 formido
2851 4509 2932 4555 est
2966 4502 3111 4569 ntali,
3154 4505 3384 4559 nondum
3415 4506 3629 4563 dilectio

2053 4589 2233 4668 boni‘.
2268 4589 2373 4645 Sed
2418 4591 2543 4645 time
2574 4599 2771 4656 tamen,
2805 4601 2860 4646 ut
2886 4593 2980 4647 ista
3010 4593 3237 4649 formido
3261 4600 3519 4653 custodiat
3553 4610 3624 4667 te,

2051 4688 2109 4735 ut
2135 4680 2387 4750 perducat
2409 4681 2474 4735 ad
2496 4680 2855 4738 dilectionem.
2885 4683 3068 4739 Timor
3092 4686 3230 4739 enim
3257 4687 3376 4752 iste,
3408 4704 3513 4758 quo
3532 4706 3626 4761 ge-

2052 4773 2283 4830 hennam
2326 4775 2504 4841 times,
2532 4783 2586 4829 et
2615 4774 2735 4830 ideo
2764 4777 2899 4829 mala
2940 4791 3045 4830 non
3089 4777 3236 4843 facis,
3276 4780 3509 4835 continet
3541 4793 3625 4848 te;

2052 4875 2106 4921 et
2130 4866 2208 4921 sic
2230 4866 2490 4921 volentem
2522 4881 2742 4935 peccare
2770 4868 3001 4921 animum
3021 4868 3321 4923 interiorem
3352 4886 3454 4924 non
3481 4872 3627 4929 sinit.

2054 4957 2149 5011 Est
2177 4957 2317 5010 enim
2346 4955 2557 5026 quidam
2588 4967 2768 5011 custos
2796 4956 2973 5025 timor,
3019 4960 3168 5028 quasi
3196 4959 3511 5030 ptedagogus
3550 4965 3628 5020 le-

2052 5049 2161 5120 gis;
2186 5049 2359 5103 littera
2385 5057 2468 5104 est
2492 5050 2721 5117 minans,
2751 5050 2982 5106 nondum
3008 5052 3173 5121 gratia
3198 5052 3407 5121 juvans.
3434 5055 3628 5112 Custo-

2053 5140 2164 5195 diat
2202 5150 2377 5196 tamen
2417 5149 2467 5197 te
2502 5142 2662 5198 timor
2690 5142 2808 5210 iste,
2841 5142 2968 5197 dum
3000 5158 3103 5197 non
3134 5144 3263 5200 facis
3295 5149 3547 5211 timendo,
3576 5159 3631 5207 et

2053 5233 2232 5288 veniet
2256 5232 2514 5300 charitas;
2546 5232 2705 5288 intrat
2745 5234 2798 5288 in
2836 5250 2930 5290 cor
2955 5241 3231 5307 tuum’,et
3257 5249 3509 5310 quantum
3542 5242 3629 5297 illa

2055 5323 2235 5390 intrat,
2265 5332 2464 5377 tantum
2497 5323 2655 5378 timor
2677 5322 2805 5378 exit.
2845 5323 3028 5381 Timor
3052 5329 3192 5383 enim
3228 5329 3279 5385 id
3319 5332 3527 5401 agebat,
3560 5348 3629 5389 ne

2054 5414 2256 5470 iaceres
2280 5431 2294 5467 :
2317 5414 2547 5469 charitas
2574 5413 2627 5468 id
2656 5414 2782 5485 agit,
2809 5423 2869 5471 ut
2888 5417 3027 5473 nolis
3050 5417 3246 5490 facere,
3269 5421 3431 5478 etiam
3460 5424 3506 5479 si
3531 5426 3631 5480 im-

2057 5523 2197 5580 pune
2217 5508 2389 5578 possis
2414 5506 2713 5563 admittere.

2118 5669 2135 5698 ι
2162 5665 2386 5729 Plerique
2404 5672 2533 5726 uss,
2557 5666 2769 5720 nondum
2790 5667 3040 5722 delectatio
3057 5670 3183 5725 boni.

2059 5790 2071 5803 .
2160 5730 2235 5803 sic
2255 5733 2453 5803 Αφηιξιή,
2469 5735 2521 5803 et
2541 5729 2756 5780 nonnulli
2774 5738 2881 5783 Mss.
2907 5740 2964 5784 At
2984 5740 3115 5797 Lov.,
3135 5742 3182 5787 et
3201 5740 3358 5787 vernat
3388 5734 3621 5793 chartam.

2050 5793 2196 5843 intret
2216 5793 2267 5841 in
2290 5802 2373 5841 cor
2389 5793 2539 5839 tantm.
