4108 6336
423 378 528 436 885

928 511 1156 569 SERMO
1193 510 1376 591 cura
1401 510 1499 587 (a).

446 674 504 729 De
528 672 688 727 verbis
715 669 941 741 Apostoli
963 712 977 737 ,
1010 670 1179 725 Omne
1210 680 1483 739 peccatum
1524 667 1892 739 quodcumque
1938 663 2010 718 fc‘

501 764 632 819 cerit
668 754 845 829 homo,
887 774 1033 817 extra
1077 748 1270 832 corpus
1295 771 1407 826 est;
1447 761 1533 830 qui
1574 768 1749 813 autem
1793 757 2018 811 fornica-

506 836 590 909 tur
615 897 627 917 ,
660 856 709 909 in
754 870 946 923 corpus
986 853 1256 923 proprium
1303 858 1504 921 peccat.
1552 850 1571 917 l
1611 848 1728 905 Cor.
1762 865 1876 919 cap.
1920 840 1973 901 vi
1998 888 2012 912 ,

520 948 593 1017 ῖ.
625 942 780 1003 9-20.

1034 1133 1411 1173 FRAGMENTUM.

505 1276 554 1329 1.
604 1274 831 1344 Difficilis
878 1278 1084 1346 quaestio
1134 1291 1195 1328 ea:
1240 1274 1398 1328 verbis
1472 1274 1721 1345 Apostoli.
1780 1273 2017 1340 Quaestio

435 1365 498 1419 de
526 1365 761 1433 Epistula
785 1366 1179 1423 Corinthiorum
1208 1366 1344 1420 beati
1378 1366 1519 1420 Pauli
1547 1365 1791 1434 apostoli,
1820 1365 1909 1418 ubi
1937 1365 2020 1419 di—

435 1462 505 1513 cit
528 1501 542 1524 ,
577 1458 737 1526 anne
765 1468 1018 1529 peccatum
1053 1458 1398 1528 quodcumque
1440 1460 1609 1528 fecerit
1644 1460 1793 1511 homo
1818 1500 1832 1523 ,
1876 1468 2019 1509 extra

440 1534 621 1621 corpus
661 1561 771 1616 est;
801 1552 884 1619 qui
910 1561 1076 1603 autem
1108 1552 1418 1622 fornicatur,
1460 1551 1509 1603 in
1540 1566 1723 1617 corpus
1756 1552 2016 1619 proprium

439 1652 642 1712 peccat;
676 1643 852 1697 nescio
880 1644 923 1695 si
958 1644 1123 1711 possit
1154 1642 1219 1699 ad
1260 1642 1513 1711 liquidum
1541 1642 1799 1709 dissolvi,
1833 1657 2016 1711 quam-

437 1735 513 1787 vis
543 1735 726 1803 p05sit,
756 1735 989 1789 donante
1028 1734 1275 1799 Domino,
1301 1733 1497 1803 aliquid
1526 1734 1647 1788 inde
1679 1734 2019 1802 probabiliter

433 1825 534 1895 dici
562 1844 576 1881 :
608 1828 674 1893 ita
697 1829 836 1895 enim
862 1826 1117 1896 profunda
1141 1835 1243 1882 est.
1271 1826 1402 1885 Nam
1425 1842 1542 1880 cum
1571 1827 1815 1895 superius
1847 1827 1896 1880 in
1928 1842 2019 1881 ea-

434 1906 551 1973 dem
586 1919 819 1988 Epistula
851 1919 1136 1988 Apostolus
1165 1918 1386 1983 diceret,
1418 1917 1590 1972 Nolite
1619 1933 1832 1971 errare:
1865 1934 2019 1988 neque

433 2010 781 2081 fornicatores,
812 2027 969 2080 neque
997 2009 1147 2071 idolis
1168 2012 1451 2075 servientes,
1482 2026 1640 2080 neque
1658 2010 1896 2076 adulteri,
1930 2024 2019 2066 ne-

432 2120 525 2173 que
552 2103 748 2169 molles,
775 2121 934 2174 neque
960 2105 1296 2158 masculorum
1326 2103 1671 2158 concubitores
1690 2146 1703 2169 ,
1749 2119 1907 2175 neque
1936 2109 2019 2176 fu-

432 2213 531 2262 res,
567 2213 724 2266 neque
752 2197 911 2262 avari,
946 2214 1102 2269 neque
1127 2198 1329 2264 ebriosi,
1358 2210 1514 2265 neque
1548 2198 1780 2251 maledici
1807 2240 1819 2263 ,
1865 2214 2021 2269 neque

432 2304 640 2355 rapaces
665 2304 872 2359 regnum
898 2287 995 2345 Dei
1018 2288 1336 2357 possidebunt
1364 2305 1384 2342 :
1413 2299 1464 2343 et
1493 2290 1646 2358 paulo
1672 2300 1809 2359 p05t,
1848 2289 2020 2344 Nesci-

434 2380 497 2434 tis
518 2422 532 2445 ,
562 2380 662 2451 ait,
692 2380 927 2450 quoniam
970 2397 1183 2450 corpora
1207 2391 1369 2435 vestra
1394 2382 1613 2435 membra
1652 2392 1766 2435 sunt
1792 2380 2018 2437 Christi?

436 2472 637 2526 Tollens
663 2490 778 2544 ergo
807 2472 1028 2527 membra
1062 2474 1277 2540 Christi,
1310 2475 1496 2545 faciam
1533 2475 1756 2528 membra
1798 2476 2020 2529 meretri-

434 2566 504 2618 cis
523 2564 548 2619 ?
567 2566 725 2619 Absit.
753 2566 827 2631 An
856 2566 1054 2619 nescitis
1074 2566 1191 2636 quia
1211 2567 1297 2636 qui
1317 2566 1539 2620 adliceret
1570 2567 1831 2628 meretrici,
1859 2583 2020 2620 unum

434 2674 617 2729 corpus
647 2660 764 2719 est?
795 2658 956 2715 Erunt
986 2660 1139 2724 enim,
1166 2660 1356 2728 inquit,
1382 2660 1482 2713 duo
1512 2660 1562 2713 in
1590 2676 1740 2713 carne
1768 2676 1887 2714 una.
1919 2660 2025 2724 Qui

433 2759 597 2804 autem
623 2750 844 2806 adliceret
872 2750 1108 2816 Domino,
1138 2769 1268 2806 unus
1286 2752 1493 2820 spiritus
1520 2761 1613 2821 est.
1650 2750 1833 2822 Fugite
1860 2753 2020 2822 forni-

433 2844 678 2897 cationem
702 2861 719 2897 :
747 2853 904 2913 attpte
936 2846 1004 2902 ibi
1034 2845 1330 2914 subjunxit,
1367 2845 1529 2900 Omne
1560 2855 1820 2915 peccatum
1854 2847 2016 2915 quod-

432 2952 640 3005 cumque
664 2939 833 3006 fecerit
861 2937 1029 3004 homo,
1053 2947 1196 2991 extra
1223 2953 1404 3003 corpus
1432 2948 1537 3002 est;
1560 2938 1645 3008 qui
1669 2947 1835 2991 autent
1861 2938 2021 3008 forni-

431 3037 593 3091 catur,
630 3028 681 3079 in
711 3044 892 3099 corpus
914 3029 1174 3099 proprium
1203 3039 1392 3100 peccat.
1428 3029 1503 3083 An
1541 3025 2031 3100 nescitisquiacor“

434 3136 527 3189 pus
576 3128 829 3189 vestrum,
878 3121 1123 3191 templum
1163 3122 1217 3176 in
1256 3121 1392 3176 vobis
1442 3121 1668 3192 Spiritus
1702 3122 1862 3175 sancti
1904 3129 2014 3189 est,
2086 3146 2092 3156 ο
2126 3121 2244 3184 "fw
2274 3121 2302 3135 ““
2337 3121 2598 3185 “’¹¹“¹ἶ“¹¹
2627 3121 2929 3186 ν¹¹⁹η“”’,¹¹ξ⁹
2972 3121 3087 3171 Ὗνν
3111 3121 3205 3187 fit"
3235 3121 3325 3171 “'7’
3361 3121 3545 3186 V""."“°
3570 3121 3710 3137 ⁸⁴⁰⁵““

434 3228 574 3255 ηιιρηι
608 3213 795 3255 Imbplic
833 3230 864 3255 η
912 3212 1013 3255 ΠΜ)
1094 3223 1139 3255 pl
1181 3230 1279 3255 nni:
1312 3216 1427 3255 mli;
1459 3216 1605 3255 nocui
1633 3215 1655 3252 9
1691 3213 1861 3255 anti
1888 3216 2017 3255 mn'm
2084 3212 2088 3219 ’
2124 3171 2287 3227 bimus
2313 3184 2427 3229 (mle
2457 3175 2680 3229 "unum!
2705 3173 2911 3241 Cllnsn’
2944 3186 2997 3229 ul
3021 3184 3231 3244 recipiat
3260 3192 3596 3247 unusqmsque
3634 3193 3711 3231 ³8⁸

431 3228 575 3282 quem
606 3213 795 3277 habetis
833 3230 864 3265 a
906 3212 1013 3279 Deo
1035 3255 1048 3277 ,
1094 3223 1139 3275 et
1181 3230 1281 3268 non
1312 3216 1427 3269 estis
1459 3216 1605 3269 vestri
1630 3215 1655 3268 ?
1688 3213 1861 3285 Empti
1888 3216 2019 3269 enim

433 3306 549 3358 estis
600 3306 759 3375 pretio
808 3288 989 3376 magno
1022 3322 1039 3360 :
1069 3307 1356 3381 glorificate
1406 3318 1451 3360 et
1500 3317 1695 3377 portate
1740 3308 1907 3361 Deum
1960 3310 2020 3363 in

432 3412 642 3465 corpore
682 3407 839 3450 vestro
864 3380 1022 3450 {cum
1061 3412 1187 3465 ergo
1223 3399 1385 3451 rnnlta
1432 3407 1483 3450 et
1520 3397 1783 3451 horrenda
1827 3399 1875 3451 in
1918 3397 2020 3452 hoc

432 3490 663 3558 capitulo
690 3492 833 3557 prius
857 3499 1223 3543 emunerasset
1255 3489 1527 3543 hominum
1563 3500 1798 3559 peccata,
1827 3490 2019 3560 quibus

436 3595 539 3634 non
572 3581 780 3635 dabitur
806 3592 1023 3651 regnum
1052 3582 1162 3645 Dei,
1187 3597 1303 3650 quae
1333 3592 1507 3635 tamen
1541 3584 1749 3637 nonnisi
1783 3598 1877 3652 per
1895 3599 2017 3637 cor-

434 3688 533 3741 pus
569 3674 856 3742 perpetrari
903 3674 968 3727 ab
1003 3674 1306 3729 hominibus
1339 3683 1590 3741 possunt;
1641 3675 1780 3743 quod
1827 3690 2020 3743 corpus

435 3769 616 3836 utique
640 3766 749 3835 jam
782 3765 1036 3831 fidelium,
1064 3767 1316 3839 templum
1345 3780 1464 3820 esse
1493 3766 1619 3819 dicit
1642 3765 1868 3835 Spiritus
1898 3782 2021 3821 san-

434 3858 524 3923 cti,
554 3872 711 3926 quem
743 3856 997 3910 habemus
1027 3872 1055 3910 a
1088 3857 1227 3919 Deo;
1271 3857 1487 3924 ipsaque
1517 3858 1753 3910 membra
1782 3859 2021 3926 corporis

434 3951 623 4013 nostri,
651 3949 888 4005 membra
919 3964 1038 4004 esse
1063 3957 1331 4004 asseverat
1363 3948 1563 4003 Christi
1586 3966 1597 4001 :
1626 3952 1694 4003 de
1717 3950 1905 4019 quibus
1932 3966 2019 4004 ar-

432 4041 642 4112 guendo
678 4049 733 4103 et
760 4040 987 4109 quodam
1033 4041 1191 4095 modo
1232 4039 1629 4110 interrogando,
1674 4042 1783 4093 ait:
1816 4039 2020 4095 Tollens

435 4149 552 4201 ergo
598 4138 817 4186 membra
858 4131 1065 4197 Christi,
1101 4131 1285 4202 faciam
1326 4133 1545 4185 membra
1591 4132 1904 4186 meretricis?
1938 4148 2022 4188 rc-

435 4223 812 4293 sponderitque
861 4224 981 4289 sibi,
1026 4224 1203 4287 Absit;
1244 4224 1527 4293 subjungat
1568 4224 1741 4280 adhuc
1779 4235 1831 4279 et
1858 4226 2016 4293 dicat,

437 4315 658 4381 Nescitis
692 4316 928 4385 quoniam
968 4316 1053 4386 qui
1092 4316 1311 4370 adliceret
1344 4316 1609 4378 meretrici,
1648 4328 1805 4370 unum
1839 4334 2021 4388 corpus

435 4407 696 4461 est.Erunt
728 4407 876 4471 enim,
910 4407 1089 4476 inquit,
1131 4407 1232 4459 duo
1263 4408 1314 4460 in
1361 4423 1512 4462 carne
1558 4424 1660 4461 una
1687 4424 1705 4461 :
1730 4410 1815 4479 qui
1855 4418 2021 4464 autem

435 4498 659 4552 adhaeret
686 4497 923 4567 Domino,
954 4514 1083 4551 unus
1112 4498 1319 4565 spiritus
1348 4509 1454 4561 est;
1485 4508 1538 4552 ct
1580 4499 1881 4571 concludat,
1911 4500 2023 4555 Fu-

437 4591 538 4661 gite
555 4590 935 4659 fornicationem
955 4590 1231 4658 :sequitur
1254 4600 1426 4644 tamen
1451 4591 1585 4660 ipse,
1615 4600 1668 4645 et
1688 4592 1835 4659 dicit,
1863 4590 2024 4648 Omne

436 4694 701 4752 peccatum
736 4666 1081 4755 quodcitirtque
1119 4683 1290 4753 fecerit
1330 4685 1496 4751 homo,
1538 4694 1679 4739 extra
1707 4702 1887 4757 corpus
1915 4699 2023 4753 est;

436 4775 522 4844 qui
550 4784 713 4827 autem
737 4775 1032 4845 fornicatur,
1061 4774 1112 4827 in
1144 4790 1329 4845 corpus
1359 4776 1619 4844 proprium
1642 4786 1850 4845 peccat;
1872 4779 2022 4847 quasi

436 4881 566 4921 vero
603 4866 690 4921 illa
723 4882 839 4936 quae
864 4864 1217 4937 dinumeravit
1241 4875 1476 4934 peccata,
1506 4867 1705 4933 dicens,
1740 4868 1915 4923 Nolite
1939 4888 2022 4924 er-

436 4974 550 5012 rare
580 4974 599 5011 :
625 4974 781 5027 neque
808 4957 1155 5028 fornicatores,
1189 4973 1346 5026 neque
1372 4956 1523 5012 idolis
1543 4959 1832 5023 servientes,
1867 4977 2023 5029 neque

436 5049 674 5114 adulteri,
712 5064 868 5110 neque
898 5047 1090 5112 molles,
1117 5063 1271 5113 neque
1291 5048 1630 5102 masculorum
1657 5050 2020 5119 concubitores,

435 5155 595 5210 neque
621 5144 778 5210 fures,
815 5155 972 5213 neque
997 5139 1156 5199 avari,
1182 5155 1337 5207 neque
1363 5141 1561 5204 ebriosi,
1595 5157 1749 5210 neque
1770 5142 2020 5209 maledici,

436 5247 595 5297 neque
612 5247 840 5299 rapaces,
864 5246 1072 5300 regnum
1092 5228 1189 5281 Dei
1219 5218 1575 5298 possidebunt;
1616 5232 1713 5285 ista
1740 5232 1917 5286 omnia
1942 5232 2022 5287 fa-

436 5321 619 5377 cinora
659 5329 712 5395 et
738 5322 952 5393 ﬂagitia,
997 5321 1251 5389 numquid
1297 5322 1507 5376 nonnisi
1551 5337 1643 5391 per
1685 5337 1879 5391 corpus
1907 5322 2019 5379 ﬁeri

435 5425 527 5469 aut
568 5415 804 5469 exerceri
846 5413 1140 5485 possunt‘?
1180 5412 1308 5481 Quis
1341 5414 1442 5469 hoc
1483 5415 1596 5471 sani
1635 5415 1825 5485 capitis
1862 5414 2023 5471 homo

434 5588 695 5701 witrprte,
718 5585 951 5673 numquid
973 5584 1067 5639 nisi
1088 5600 1175 5650 per
1198 5599 1372 5671 corpus
1407 5586 1517 5659 ﬁeri
1544 5595 1625 5641 aut
1660 5591 1882 5645 exerceri
1910 5605 2022 5658 pos-

494 5733 571 5802 (a)
595 5733 735 5791 Alias,
758 5731 1082 5802 fragmentum
1110 5733 1143 5781 3
1166 5733 1217 5783 in
1235 5735 1430 5802 Eugypii
1448 5733 1737 5787 mllectlone
1767 5747 2021 5802 repertum

433 5800 493 5860 et
506 5796 703 5860 citatum
728 5807 756 5844 a
776 5794 911 5845 Floro
931 5795 987 5844 ad
1012 5802 1029 5844 1
1062 5802 1178 5860 por.
1202 5812 1266 5846 vt.
1621 5808 1699 5851 est
1726 5802 1784 5852 ad
1821 5794 1929 5854 iis.
1970 5812 2024 5856 et

432 5856 546 5906 md.
566 5856 615 5905 in
634 5870 862 5907 sermone
886 5857 1184 5916 praecedenti
1205 5859 1345 5910 modo
1366 5856 1664 5920 designatos.

1846 365 2074 425 SERMO
2109 366 2311 461 CLXII.

2124 488 2433 557 negaverit?
2484 492 2679 581 Totum
2724 496 2921 577 quippe
2962 499 3122 573 istum
3174 501 3346 563 locum
3396 503 3711 575 Apostolus,

2123 591 2338 650 propter
2384 583 2554 652 ipsum
2583 603 2776 657 corpus
2813 591 2926 671 jam.
2948 602 3180 671 emptum
3213 595 3383 666 pretio
3413 612 3624 668 magno,
3658 599 3711 653 id

2123 683 2224 738 est,
2255 674 2451 731 Christi
2482 683 2737 763 sanguine
2765 668 3019 752 pretioso,
3054 668 3306 759 templum
3333 689 3559 759 Spiritus
3582 708 3708 747 san~

2121 766 2191 837 cti
2220 766 2413 823 factum
2443 786 2470 825 a
2516 773 2755 842 Domino,
2800 791 2866 831 ne
2898 778 3089 834 talibus
3121 779 3331 853 ﬂagitiis
3360 783 3706 853 pollueretur,

2123 858 2214 933 sed
2247 854 2419 929 potius
2455 863 2760 921 inviolatum
2796 852 3043 939 tanquam
3086 852 3177 926 Dei
3212 873 3565 933 habitaculum
3594 892 3709 931 scr-

2124 960 2359 1013 voretur,
2397 954 2583 1023 agebat
2627 966 2680 1010 ct
2725 940 3059 1035 defendebat.
3107 944 3447 1035 Quare'ergo
3491 968 3710 1037 subjun-

2122 1060 2245 1114 gcre
2272 1046 2436 1101 voluit
2462 1047 2581 1115 hoc,
2615 1051 2751 1105 unde
2782 1052 3009 1109 dillieilis
3039 1058 3262 1127 quiestio
3285 1070 3622 1127 nasceretur;
3656 1063 3705 1117 id

2123 1146 2221 1201 est,
2270 1150 2325 1192 ut
2372 1140 2590 1209 diceret,
2640 1142 2800 1197 Omne
2843 1158 3101 1215 peccatum
3141 1150 3489 1221 quodcumque
3534 1154 3707 1222 fecerit

2125 1229 2290 1291 homo.
2325 1242 2465 1285 ea'tra
2505 1251 2685 1305 corpus
2715 1245 2821 1300 est;
2850 1239 2941 1313 qui
2964 1249 3129 1291 autem
3162 1242 3462 1311 fornicatur,
3504 1244 3557 1297 in
3593 1260 3707 1298 εον-
3774 1236 3777 1240 ’

2125 1338 2217 1387 pus
2250 1339 2394 1375 suum
2439 1334 2785 1393 peccauerim
2830 1328 2939 1382 sive
2983 1328 3092 1397 ipsa
3124 1329 3417 1403 fornicatio,
3449 1335 3560 1389 sive
3603 1335 3705 1388 alia
3773 1336 3779 1351 ί

2125 1412 2448 1481 hujnsmodi,
2479 1433 2596 1486 qua:
2620 1419 2827 1472 nonnisi
2855 1436 2947 1488 per
2968 1436 3160 1491 corpus
3192 1424 3322 1495 ﬁunt
3350 1435 3565 1496 peccata
3598 1434 3709 1482 tur-

2125 1506 2346 1575 pitudini
2383 1517 2435 1563 et
2467 1508 2799 1567 fornicationi
2842 1514 3126 1581 simillima,
3158 1518 3364 1571 nonnisi
3410 1535 3503 1588 per
3535 1521 3704 1591 ipsum

2122 1613 2315 1683 corpus
2356 1612 2607 1672 gerantur
2636 1613 2793 1683 atque
2822 1606 3213 1661 exerceantur?
3243 1608 3376 1675 Quid
3407 1612 3588 1664 enim?
3612 1627 3710 1681 po-

2126 1682 2315 1748 teritne
2346 1710 2463 1750 esse
2506 1698 2765 1771 quispiam
2797 1698 2874 1769 (ut
2916 1710 3107 1755 cmtera
3142 1703 3385 1771 superius
3416 1716 3704 1760 memorata

2125 1786 2349 1869 taceam)
2379 1785 2482 1853 fur,
2516 1790 2595 1843 vel
2640 1789 2902 1867 ebriosus,
2937 1793 3021 1863 vel
3050 1793 3358 1859 maledicus,
3400 1776 3485 1851 vel
3521 1813 3703 1866 rapax,

2122 1888 2269 1959 estra
2297 1881 2657 1949 operationem
2687 1885 2926 1951 corporis
2960 1884 3159 1954 hujus?
3198 1886 3449 1954 Quamvis
3475 1905 3572 1945 nec
3598 1891 3706 1959 ipsa

2123 1969 2420 2024 idololatria
2448 1989 2616 2053 neque
2651 1975 2761 2044 ipsa
2790 1977 3030 2051 avaritia,
3062 1987 3258 2048 printer
3288 1981 3558 2035 servitium
3584 1997 3708 2036 cor-

2122 2061 2269 2131 poris
2299 2062 2453 2131 hujus
2482 2067 2673 2135 poterit
2699 2067 2764 2121 ad
2792 2084 2941 2141 usum
2976 2070 3305 2141 fructumque
3343 2087 3497 2128 suum
3525 2088 3711 2143 perve-

2126 2154 2260 2208 nire.
2289 2155 2426 2227 Quid
2458 2167 2539 2213 est
2568 2174 2716 2235 ergo,
2748 2159 2908 2214 Omne
2930 2174 3188 2231 peccatum
3208 2165 3551 2235 quodcumque
3582 2171 3711 2239 fece-

2123 2246 2187 2298 rit
2222 2250 2391 2313 homo,
2431 2260 2571 2325 ecetra
2615 2268 2798 2323 corpus
2837 2263 2944 2319 est;
2988 2255 3075 2325 qui
3113 2264 3278 2308 autent
3313 2256 3613 2326 fornicatur,
3657 2261 3710 2314 in

2124 2355 2309 2423 corpus
2336 2344 2597 2411 praprium
2624 2344 2831 2413 peccat?
2853 2344 3108 2419 Primum,
3132 2348 3253 2433 quia
3286 2348 3335 2407 in
3362 2365 3586 2418 corpore
3608 2352 3710 2406 isto

2126 2429 2287 2503 homo
2314 2435 2650 2513 constitutus,
2680 2436 2933 2513 quidquid
2961 2438 3076 2511 solo
3116 2429 3317 2494 emtum
3359 2441 3535 2496 animo
3561 2452 3710 2511 pote-

2125 2525 2194 2577 rit
2223 2510 2403 2594 inique
2431 2510 2829 2605 concupiscere,
2860 2528 2965 2607 dici
2994 2520 3099 2583 non
3138 2539 3309 2601 potest
3339 2544 3485 2587 extra
3518 2510 3709 2602 corpus

2124 2614 2228 2699 hoc
2254 2614 2523 2673 hominem
2553 2604 2749 2697 facere,
2782 2604 2901 2674 cum
2930 2604 3141 2677 constet
3175 2639 3295 2677 cum
3322 2625 3518 2685 carnali
3550 2640 3709 2680 sensu

2125 2698 2178 2763 et
2206 2698 2707 2780 carnaliprudentia
2754 2716 2853 2793 hoc
2878 2728 3056 2791 agere,
3091 2714 3192 2768 isto
3222 2716 3394 2770 adhuc
3422 2717 3711 2772 circumse-

2124 2814 2269 2883 ptum
2296 2819 2538 2887 corpore.
2566 2790 2695 2879 Nam
2724 2790 2777 2860 et
2800 2806 2943 2887 quod
2972 2806 3022 2861 in
3061 2807 3272 2879 Psahno
3311 2807 3563 2877 scriptum
3602 2818 3706 2875 est,

2124 2892 2266 2948 Dixit
2295 2896 2478 2965 impius
2499 2897 2549 2949 in
2576 2897 2725 2975 corde
2745 2915 2854 2977 suo,
2888 2897 3007 2973 Non
3029 2906 3100 2952 est
3124 2899 3258 2973 Deus
3282 2898 3449 2972 (Psul.
3477 2916 3585 2964 xm,
3621 2901 3707 2971 1):

2126 2986 2265 3042 idem
2298 2974 2481 3069 beatus
2513 2989 2706 3047 Paulus
2731 2974 3002 3063 apostolus
3028 2974 3131 3044 non
3163 2992 3329 3067 potuit
3357 2992 3533 3061 utique
3558 3007 3711 3062 sepa-

2125 3097 2244 3135 rare
2274 3097 2302 3135 a
2326 3070 2598 3152 corporali
2626 3068 2810 3152 opere,
2842 3083 2929 3136 illo
2969 3083 3087 3159 loco
3119 3083 3205 3159 ubi
3235 3086 3325 3147 ait,
3361 3084 3545 3138 Omnes
3570 3095 3710 3137 asta-

2123 3270 2343 3322 cundum
2372 3287 2431 3324 ea
2451 3286 2564 3341 qute
2592 3286 2679 3338 per
2699 3287 2884 3340 corpus
2909 3271 3080 3349 gessit,
3113 3272 3212 3325 sive
3238 3270 3441 3335 bonum,
3474 3270 3574 3323 sive
3604 3286 3713 3323 ma-

2126 3364 2229 3414 lum
2257 3362 2317 3434 (ll
2346 3362 2461 3417 Cor.
2488 3380 2538 3430 v,
2569 3363 2675 3433 10).
2708 3366 2840 3439 Quia
2866 3364 3110 3437 videlicet
3150 3363 3359 3417 nonnisi
3401 3363 3451 3416 in
3480 3377 3706 3432 corpore

2125 3455 2441 3525 c0nstitutus
2468 3452 2659 3521 impius
2688 3454 2858 3522 potuit
2884 3454 3081 3519 dicere,
3118 3452 3237 3507 Non
3262 3463 3335 3507 est
3366 3452 3514 3521 Deus.
3544 3453 3612 3509 Ut
3634 3463 3715 3507 ta-

2125 3530 2271 3595 ceam
2300 3530 2436 3621 quod
2466 3528 2639 3596 inalia
2668 3528 2899 3612 Epistola
2931 3544 3041 3612 ipse
3069 3544 3261 3621 Doctor
3283 3543 3527 3620 Gentium
3559 3544 3709 3611 dicit,

2126 3616 2402 3702 Manifesta
2429 3644 2595 3687 autem
2615 3626 2729 3688 sunt
2755 3652 2907 3706 Opera
2928 3637 3094 3690 carnis
3114 3652 3131 3689 :
3152 3645 3204 3691 et
3232 3637 3557 3706 exsequitur,
3582 3636 3710 3702 Quae

2125 3737 2238 3779 sunt
2261 3729 2639 3797 fornicationes,
2670 3729 3019 3790 immunditite,
3055 3727 3290 3791 luxuriat,
3331 3728 3587 3796 veneﬁcia,
3613 3728 3713 3782 ini-

2125 3818 2347 3884 micitite,
2387 3820 2746 3889 contentiones,
2786 3819 3155 3883 aemulationes,
3201 3820 3563 3886 animositates,
3597 3806 3710 3876 dis-

2126 3911 2400 3975 sensiones,
2433 3912 2667 3979 hwreses,
2711 3914 2930 3979 invidiw,
2976 3911 3251 3975 ebrietates,
3296 3922 3339 3965 et
3380 3912 3456 3979 his
3490 3912 3712 3977 similia;

2126 4017 2237 4069 qure
2266 4003 2483 4071 prtedico
2512 4001 2670 4070 vobis,
2697 4003 2825 4058 sicut
2851 4003 3083 4073 prtedixi,
3115 4004 3235 4073 quia
3264 4003 3351 4072 qui
3379 4002 3503 4055 talia
3531 4011 3709 4072 agunt,

2127 4109 2335 4162 regnum
2359 4090 2454 4144 Dei
2488 4109 2589 4145 non
2631 4092 2958 4169 possidebunt
2994 4092 3184 4165 (Calat.
3217 4109 3266 4156 ν,
3302 4092 3508 4169 19—21).
3546 4092 3712 4170 Nunt-

2127 4185 2251 4257 quid
2297 4174 2439 4263 enim
2479 4203 2582 4263 non
2616 4187 2826 4263 videtur
2869 4186 3020 4263 nobis
3051 4197 3197 4239 extra
3237 4200 3431 4256 corpus
3467 4184 3579 4239 ﬁeri
3609 4200 3714 4241 cze-

2130 4288 2241 4331 tera
2276 4260 2506 4353 illa
2545 4256 2617 4354 ibi
2658 4258 3427 4354 imterposuit,mniulationes,
3457 4277 3713 4343 animosi-

2132 4381 2285 4438 tates,
2314 4352 2696 4451 dissensiones,
2728 4354 2971 4449 invidias,
3002 4369 3269 4465 ha‘reses
3299 4378 3354 4424 ct
3383 4378 3559 4445 tatnen
3588 4384 3714 4445 ope-

2130 4463 2275 4541 ribus
2318 4464 2495 4543 carnis
2544 4464 2645 4541 ista
2688 4464 2865 4541 tribuit
2910 4460 3106 4541 Doctor
3144 4462 3390 4539 Gentium
3425 4462 3475 4535 in
3521 4460 3623 4514 ﬁde
3662 4470 3717 4515 et

2128 4542 2375 4635 veritate.
2404 4558 2541 4631 Quid
2584 4568 2665 4636 est
2699 4574 2846 4630 ergo,
2892 4558 3052 4611 Omne
3080 4568 3335 4627 peccatum
3371 4554 3717 4625 quodcumque

2130 4652 2300 4727 fecerit
2331 4653 2497 4725 homo,
2530 4662 2673 4727 extra
2711 4668 2896 4727 corpus
2926 4662 3031 4718 est;
3074 4660 3127 4706 et
3157 4665 3316 4705 unum
3349 4647 3713 4723 tantummodo

2130 4722 2495 4821 fornicationis
2544 4752 2816 4831 peccatum
2867 4745 3183 4821 nominans,
3239 4743 3310 4809 ait
3349 4759 3364 4797 :
3409 4740 3509 4811 Qui
3550 4749 3715 4823 autem

2130 4829 2428 4904 fornicatur,
2460 4837 2511 4889 in
2537 4829 2719 4906 corpus
2749 4838 3008 4908 proprium
3033 4834 3244 4906 peccat?

2201 4928 2254 4983 2.
2299 4910 2507 4984 δοιαιὶοί
2556 4929 2883 5003 difﬁcultatis.
2917 4928 3019 4984 Cur
3064 4930 3173 4983 sola
3218 4926 3485 4999 fornicatio
3531 4926 3715 4979 dicitur

2133 5006 2388 5085 peccatum
2434 5022 2487 5075 in
2517 5037 2701 5089 corpus
2746 5022 3025 5095 proprium.
3069 5022 3304 5090 Apparet
3347 5019 3505 5091 igitur
3548 5018 3716 5072 cuivis

2136 5098 2381 5169 tardowet
2422 5115 2669 5179 obtunso,
2716 5129 2871 5185 quam
2919 5113 2985 5166 sit
3032 5112 3129 5187 ista
3181 5111 3405 5187 quaestio
3443 5108 3713 5163 dil‘ticilis:

2131 5222 2288 5276 quam
2313 5188 2567 5279 Dominus
2591 5207 2689 5285 pia:
2715 5204 2992 5285 intentioni
3019 5212 3235 5281 nostra),
3264 5203 3306 5255 si
3331 5201 3716 5293 aliquantulum
3738 5194 3741 5197 ¹

2133 5290 2379 5381 dignatus
2404 5298 2562 5353 fuerit
2586 5299 2915 5357 dilucescere
2950 5304 3108 5365 atque
3137 5290 3395 5360 revelare,
3426 5293 3716 5369 poterimus

2131 5392 2331 5463 aliquid
2352 5391 2735 5446 rationabiliter
2753 5389 2952 5446 dicere.
2976 5388 3192 5443 Videtur
3209 5388 3349 5442 enim
3375 5387 3559 5442 beatus
3578 5390 3614 5439 Λ
3626 5401 3717 5455 po-

2131 5464 2321 5563 Stolus,
2345 5484 2397 5538 in
2420 5464 2526 5563 quo
2552 5482 2868 5561 loquebatur
2886 5479 3149 5545 Christus,
3173 5486 3265 5533 aut
3291 5492 3612 5547 exaggerare
3635 5490 3720 5557 vo-

2132 5578 2294 5632 luisse
2331 5574 2699 5631 fornicationis
2728 5574 2926 5629 malum
2959 5588 3117 5642 super
3155 5581 3346 5625 castora
3386 5569 3561 5623 omnia
3595 5582 3719 5638 pec-

2131 5681 2269 5734 cata,
2301 5684 2417 5737 quce
2460 5668 2559 5721 etsi
2589 5681 2685 5736 per
2720 5681 2915 5734 corpus
2946 5662 3376 5741 committantur;
3405 5676 3509 5714 non
3538 5669 3717 5713 tamen

2130 5764 2367 5818 animum
2390 5761 2681 5817 humanum
2708 5742 3149 5829 concupiscentia}
3171 5752 3369 5809 carnali
3395 5751 3467 5806 ita
3482 5748 3719 5806 efﬁciunt

2132 5840 2448 5912 obstrictum
2465 5863 2519 5911 et
2538 5853 2847 5921 obnoxium,
2872 5845 3319 5923 quemadmodum
3338 5845 3393 5903 in
3416 5844 3532 5903 solo
3552 5854 3717 5913 opere
