4108 6336
439 326 548 385 887

436 436 806 497 fornicationis
827 436 1143 509 corporalis,
1170 432 1506 492 commisceri
1534 430 1660 489 facit
1677 430 1912 487 animum
1934 429 2018 485 vis

438 532 629 604 ingens
656 531 888 587 libidinis
912 541 1032 587 cum
1061 530 1178 601 ipso
1206 543 1451 601 corpore,
1478 536 1535 585 et
1561 542 1726 583 unum
1751 542 1873 583 cum
1903 526 2020 597 ipso

439 626 667 697 quodam
694 623 853 679 modo
878 623 1191 695 agglutinari
1218 631 1273 679 et
1292 621 1597 678 devinctum
1632 636 1785 687 esse;
1818 620 1871 675 in
1899 628 2019 675 tan-
2056 686 2061 693 ,

439 728 550 772 tum
573 724 629 772 ut
650 716 779 771 nihil
805 716 948 771 aliud
976 717 1091 786 ipso
1110 723 1381 772 momento
1397 723 1452 771 et
1473 714 1841 785 experimento
1864 711 2019 783 hujus

438 817 546 864 tam
586 809 761 879 magni
790 807 971 880 ﬂagitii
1010 807 1245 879 cogitare
1272 807 1477 862 homini
1515 807 1689 872 liceat,
1719 813 1808 860 aut
1846 805 2020 859 inten-
2056 886 2059 891 _

437 902 587 967 dere,
612 903 711 957 nisi
738 903 880 973 quod
910 902 1123 957 sibimet
1149 902 1349 958 addicit
1377 909 1635 961 mentem.
1663 915 1821 972 quam
1847 898 2018 970 capti-

435 1009 556 1049 vam
583 994 760 1049 subdit
789 995 900 1064 ipsa
939 995 1259 1062 submersio,
1288 1003 1343 1051 et
1385 994 1615 1067 quodam
1646 993 1805 1050 modo
1829 992 2017 1047 absor~

437 1088 547 1157 ptio
580 1086 814 1141 libidinis
841 1096 895 1141 et
919 1088 1366 1158 concupiscentiae
1392 1086 1655 1150 carnalis;
1685 1094 1741 1141 ut
1766 1085 1869 1140 hoc
1895 1097 2018 1139 esse

434 1180 672 1233 videatur
710 1178 853 1248 quod
882 1179 1079 1234 dictum
1127 1188 1229 1245 est,
1284 1180 1384 1248 Qui
1410 1189 1575 1233 autem
1617 1177 1917 1248 fornicatur,
1963 1180 2017 1228 in

392 1310 395 1311 ν
430 1284 614 1338 corpus
639 1270 901 1339 proprium
925 1280 1096 1340 peccat
1122 1287 1142 1325 :
1169 1271 1291 1341 quia
1313 1279 1437 1325 tunc
1468 1270 1524 1324 ﬁt
1549 1268 1759 1339 proprie
1789 1277 1842 1322 et
1863 1265 2017 1320 fami-

430 1358 633 1414 liariter
677 1375 889 1415 servum
919 1362 1160 1432 corporis
1201 1378 1296 1417 cor
1334 1360 1566 1416 hominis
1596 1358 1922 1425 fornicantis,
1960 1356 2016 1411 in

430 1457 672 1518 tempore
715 1452 944 1508 maxime
983 1453 1149 1522 ipsius
1195 1453 1532 1523 nequissima:
1567 1450 1928 1521 operationis:
1961 1448 2015 1503 in

432 1549 636 1596 tantum
662 1550 720 1597 ul
744 1543 858 1613 ipse
884 1543 1172 1614 Apostolus
1198 1543 1509 1600 inculcatius
1532 1543 1717 1597 volens
1740 1554 2013 1596 commen-

431 1634 560 1689 dare
584 1635 877 1690 cavendum
911 1634 1213 1689 hominibus
1243 1634 1343 1688 hoc
1378 1634 1596 1697 malum,
1634 1632 1849 1698 dixerit,
1891 1630 2016 1685 Tol-

431 1725 539 1780 lens
575 1742 694 1796 ergo
718 1726 939 1779 membra
976 1725 1180 1792 Christi,
1223 1727 1408 1798 faciam
1444 1725 1667 1779 membra
1705 1722 2015 1777 meretricis?

430 1825 793 1872 etexsecrans
835 1826 993 1888 atque
1028 1817 1298 1872 detestans
1337 1817 1693 1887 responderit,
1740 1814 1902 1869 Absit.
1933 1813 2013 1868 An

430 1910 652 1977 nescitis,
694 1910 882 1981 inquit,
913 1911 1149 1979 quoniam
1184 1910 1271 1981 qui
1298 1909 1521 1964 adliceret
1562 1908 1812 1962 meretrici
1855 1923 2014 1960 unum

429 2019 613 2073 corpus
652 2004 762 2058 est?
804 2002 970 2056 Erunt
1021 2004 1175 2068 enim,
1223 2004 1402 2074 inquit,
1453 2003 1552 2056 duo
1596 2003 1651 2055 in
1695 2017 1846 2054 carne
1886 2016 2008 2054 una.

403 2093 694 2176 _Numquid
720 2093 820 2149 hoc
859 2101 1037 2164 posset
1061 2094 1165 2149 dici
1194 2094 1261 2150 de
1302 2095 1420 2149 aliis
1451 2103 1609 2164 atque
1644 2093 1763 2149 aliis
1789 2093 2011 2163 quibus-
2062 2130 2069 2131 γ

428 2200 657 2256 cumque
702 2185 1026 2241 facinoribus
1074 2178 1391 2258 hominum?
1445 2185 1693 2240 Liberum
1744 2192 1828 2240 est
1868 2184 2011 2238 enim

427 2277 606 2331 animo
634 2276 867 2332 humano
895 2277 947 2331 in
973 2278 1091 2333 aliis
1115 2278 1411 2348 quibusque
1435 2276 1749 2342 sceleribus,
1774 2284 1828 2330 et
1847 2292 2010 2331 unum

427 2370 627 2440 aliquid
663 2385 848 2426 eorum
874 2372 1102 2441 operari,
1126 2380 1269 2427 eteo
1296 2372 1412 2441 ipso
1440 2380 1682 2440 tempore
1717 2370 1841 2425 alibi
1867 2370 2014 2441 cogi-

427 2465 629 2521 tatione
673 2466 941 2521 distendi:
975 2465 1117 2537 quod
1164 2466 1217 2521 in
1262 2465 1625 2521 fornicationis
1678 2464 1793 2534 ipso
1846 2479 2013 2535 opere

425 2568 583 2631 atque
609 2570 847 2630 tempore
872 2574 978 2615 non
1004 2561 1128 2616 licet
1154 2560 1354 2626 animo,
1385 2559 1449 2614 ad
1480 2557 1622 2614 aliud
1643 2557 1842 2629 aliquid
1868 2558 2013 2630 cogi—

426 2653 643 2707 tandum
673 2652 894 2709 liberum
933 2667 1070 2708 esse.
1105 2652 1195 2708 Sic
1218 2653 1359 2707 enim
1395 2660 1537 2707 totus
1568 2651 1727 2717 homo
1752 2649 2011 2706 absorbe-

426 2751 513 2798 tur
536 2744 603 2798 ab
634 2745 748 2814 ipso
785 2744 914 2798 etin
945 2744 1061 2814 ipso
1086 2758 1333 2813 corpore,
1356 2751 1414 2798 ut
1433 2746 1544 2812 jam
1571 2742 1673 2797 dici
1708 2757 1814 2796 non
1844 2742 2013 2812 possit

425 2836 543 2906 ipse
584 2837 794 2891 animus
835 2851 964 2892 suus
1000 2851 1151 2898 esse;
1199 2835 1295 2890 sed
1336 2834 1495 2890 simul
1535 2842 1678 2888 totus
1714 2832 1877 2888 homo
1906 2832 2011 2887 dici

422 2929 595 3000 possit
618 2930 759 3000 quod
783 2944 908 2985 caro
933 2930 1023 2995 sit,
1053 2938 1106 2985 et
1130 2929 1345 2999 spiritus
1370 2927 1570 2983 vadens
1600 2934 1653 2982 et
1689 2942 1798 2982 non
1824 2942 2009 2982 rever-

424 3030 545 3076 tens
570 3020 737 3093 (Psal.
758 3039 959 3087 Lxxrn,
976 3022 1090 3094 39).
1119 3021 1208 3078 Sic
1230 3037 1356 3093 ergo
1382 3036 1665 3092 possumus
1690 3021 2006 3091 intelligere,

430 3114 552 3183 quia
599 3130 744 3168 onme
785 3124 1040 3183 peccatum
1069 3116 1419 3187 quodcumque
1460 3116 1631 3188 fecerit
1666 3115 1836 3182 homo,
1866 3128 2011 3171 extra
2077 3162 2084 3171 .

424 3222 607 3277 corpus
637 3215 743 3273 est;
787 3207 872 3277 qui
898 3217 1065 3261 autem
1103 3209 1406 3278 fornicatur,
1438 3208 1491 3261 in
1522 3224 1704 3277 corpus
1744 3209 2010 3278 proprium

425 3307 597 3368 peccat
636 3306 742 3353 :ut
780 3297 1042 3365 videatur,
1086 3308 1145 3353 ut
1188 3298 1327 3363 dixi,
1374 3298 1660 3368 Apostolus
1704 3298 1759 3353 in
1806 3308 2008 3354 tantum

422 3402 743 3458 exaggerare
760 3388 992 3443 voluisse
1014 3388 1378 3444 fornicationis
1395 3390 1611 3455 malum,
1636 3391 1763 3443 utin
1786 3405 2006 3460 campa-

409 3480 629 3536 ratione
653 3479 810 3550 hujus
851 3478 1236 3548 fornicationis,
1267 3491 1461 3537 ctetera
1500 3491 1651 3537 extra
1687 3497 1882 3552 corpus
1911 3482 2008 3537 ha-

422 3574 594 3631 beuda
638 3591 757 3633 esse
802 3576 1015 3631 duxerit
1057 3591 1402 3647 quaecumque
1451 3584 1695 3645 peccata;
1744 3575 1860 3631 solo
1908 3574 2010 3631 hoc

421 3668 788 3724 tantummodo
816 3667 1181 3724 fornicationis
1228 3670 1369 3722 malo
1413 3668 1463 3721 in
1510 3682 1703 3736 corpus
1734 3667 2005 3738 proprium

417 3760 629 3831 peccari
658 3760 871 3825 dixerit,
904 3761 1026 3831 quia
1055 3760 1257 3829 majore
1284 3758 1517 3814 libidinis
1543 3758 1754 3823 ardore,
1784 3775 1890 3829 quo
1912 3775 2004 3815 su-

418 3851 599 3922 perior
624 3852 800 3906 nullus
842 3860 943 3915 est,
972 3852 1214 3919 voluptas
1251 3851 1417 3922 ipsius
1446 3850 1685 3920 corporis
1722 3859 1867 3906 tenet
1895 3866 2007 3907 ser-

417 3956 568 4007 vum,
601 3941 869 4013 efficitque
897 3943 1184 4013 captivum.

492 4032 548 4087 3.
593 4031 852 4088 Generalis
893 4034 1182 4105 fornicatio,
1241 4050 1339 4106 qua
1381 4050 1482 4088 non
1530 4033 1821 4088 adiiceretur
1872 4032 2003 4089 Deo.

419 4125 548 4183 Haec
568 4125 704 4179 dicta
731 4126 838 4180 sint
865 4126 930 4180 de
950 4127 1163 4195 sneciali
1187 4125 1539 4182 fornicatione
1558 4125 1716 4195 hujus
1741 4128 2003 4197 corporis.

418 4217 619 4274 Verum
649 4218 770 4286 quia
800 4216 904 4273 non
955 4220 1126 4274 solum
1171 4218 1447 4274 fornicatio
1488 4219 1543 4272 in
1576 4220 1748 4274 'sacris
1792 4220 2006 4277 Litteris

421 4309 743 4381 specialiter,
771 4309 866 4365 sed
890 4310 1046 4364 etiam
1076 4309 1395 4381 generaliter
1419 4309 1662 4380 arguitur
1685 4318 1739 4365 et
1765 4311 2007 4368 nomina-

416 4410 537 4468 tur;
569 4416 844 4468 conemur,
876 4402 985 4456 Deo
1013 4401 1318 4472 adjuvante,
1350 4412 1405 4457 et
1438 4401 1561 4457 hinc
1587 4402 1785 4474 aliquid
1808 4405 2005 4474 proba-

417 4495 599 4551 biliter
627 4495 824 4551 dicere.
853 4494 1129 4550 Generalis
1169 4494 1328 4565 igitur
1371 4493 1650 4549 fornicatio
1679 4505 1861 4565 aperte
1888 4510 2004 4551 ma—

418 4587 700 4644 nifestatur
740 4588 794 4642 in
826 4587 1057 4654 Psalmo,
1102 4586 1193 4640 ubi
1221 4585 1414 4641 dicitur
1441 4604 1454 4640 :
1484 4587 1735 4653 Quoniam
1769 4603 1878 4642 ecce
1919 4589 2007 4657 qui

419 4683 567 4754 longe
602 4698 655 4736 se
679 4681 873 4754 faciunt
898 4697 929 4734 a
972 4688 1038 4743 te,
1087 4678 1352 4749 peribunt;
1384 4679 1646 4749 perdidisti
1687 4696 1882 4733 omnem
1919 4681 2007 4749 qui

420 4774 705 4845 fornicatur
731 4772 819 4826 abs
846 4780 910 4826 te.
943 4770 1040 4827 Ubi
1080 4771 1488 4840 subsequenter,
1530 4770 1764 4841 qualiter
1793 4772 1888 4826 ista
1919 4787 2006 4843 ge-

421 4866 621 4922 neralis
652 4864 931 4920 fornicatio
952 4863 1102 4920 evadi
1133 4873 1188 4918 et
1214 4862 1372 4934 effugi
1418 4864 1609 4933 possit,
1650 4862 1889 4933 adjunxit
1925 4864 2007 4919 di-

418 4974 573 5016 cens:
598 4956 727 5011 Mihi
746 4967 915 5011 autem
930 4957 1187 5010 adhaerere
1209 4953 1323 5009 Deo
1346 4956 1530 5010 bonum
1546 4965 1618 5010 est
1642 4954 1810 5030 (Psal.
1838 4971 2002 5024 Lxxu,

416 5051 509 5119 27,
523 5050 636 5121 28).
661 5049 937 5106 Utexinde
954 5048 1107 5105 facile
1121 5049 1478 5112 advertamus,
1494 5047 1635 5102 illam
1652 5062 1771 5103 esse
1785 5063 2007 5119 genera-

417 5147 524 5204 lem
555 5144 957 5200 fornicationem
995 5144 1187 5198 animae
1216 5142 1481 5210 humanae,
1524 5156 1627 5213 qua
1671 5157 1778 5196 non
1822 5141 2004 5197 adhae-

417 5257 547 5298 rens
572 5242 796 5311 quisque
822 5240 952 5306 Deo,
983 5237 1220 5295 adhaeret
1244 5238 1462 5293 mundo.
1496 5235 1649 5292 Unde
1676 5236 1859 5291 beatus
1879 5250 2005 5306 apo-

421 5334 588 5389 stolus
617 5332 850 5388 Joannes
890 5330 1019 5387 dicit
1050 5349 1062 5384 :
1089 5331 1148 5386 Si
1184 5331 1296 5401 quis
1337 5329 1567 5384 dilexerit
1604 5327 1864 5393 mundum,
1890 5326 2008 5380 dite.

423 5428 523 5482 ctio
554 5425 724 5480 Patris
752 5442 852 5479 non
882 5426 1025 5480 estin
1067 5440 1124 5478 eo
1154 5422 1197 5491 (ι
1216 5423 1371 5477 Joan.
1407 5438 1465 5487 η,
1495 5422 1607 5492 15).
1645 5420 1713 5475 Ει
1736 5418 2007 5490 apostolus

422 5520 653 5578 Iacobus
698 5518 827 5572 dicit
866 5516 1155 5583 :Adulteri,
1191 5516 1389 5570 nescitis
1430 5514 1547 5586 quia
1591 5512 1813 5567 amicitia
1857 5511 2008 5584 hujus

424 5613 602 5671 mundi
638 5610 840 5665 inimica
886 5617 956 5662 est
997 5607 1105 5662 Deo
1142 5606 1345 5673 (Jacobi
1374 5623 1449 5674 tv,
1476 5606 1568 5679 4)?
1607 5604 1844 5661 Breviter
1879 5616 2007 5674 ergo

429 5706 701 5763 deﬁnitum
733 5708 833 5763 est,
867 5715 974 5754 non
1003 5715 1161 5770 posse
1191 5700 1386 5756 habere
1409 5698 1744 5755 dilectionem
1772 5696 1887 5762 Dei,
1919 5694 2009 5765 qui

425 5796 672 5855 habuerit
695 5792 1034 5848 dilectionem
1075 5791 1293 5858 mundi;
1332 5798 1387 5847 et
1422 5790 1693 5849 inimicum
1736 5803 1856 5848 esse
1885 5785 2003 5860 Dei,

1674 315 1734 374 s.
1771 312 2136 393 AUGUSTINI
2175 312 2477 370 EPlSCOPl

3578 324 3721 389 .888

2127 429 2216 500 qui
2241 429 2442 485 amicus
2469 443 2590 486 esse
2615 430 2843 488 voluerit
2871 432 3073 489 mundi.
3104 433 3186 490 Ad
3218 434 3323 491 hoc
3357 435 3519 492 etiam
3549 442 3718 509 perti—

2127 531 2219 577 net
2255 522 2397 593 quod
2441 522 2696 579 Dominus
2726 525 2778 580 in
2818 525 3112 597 Evangelio
3144 526 3273 582 dicit
3294 546 3312 593 ‘z
3349 527 3515 583 Nemo
3549 541 3713 602 potest

2116 614 2319 680 duobus
2347 615 2564 671 dominis
2605 618 2826 673 servire:
2853 627 2942 672 aut
2980 620 3112 674 enim
3154 638 3309 674 unum
3346 621 3462 676 odio
3489 622 3709 692 habebit,

2126 718 2174 763 et
2196 708 2413 763 alterum
2440 709 2652 780 diliget;
2687 717 2776 763 aut
2812 726 2967 764 unum
2997 711 3233 781 patietur,
3264 721 3315 766 et
3350 713 3565 768 alterum
3593 732 3717 769 con-

2126 809 2328 857 temnet.
2389 803 2456 857 Et
2505 802 2817 858 concludit:
2848 801 2971 858 Non
3013 806 3221 875 potestis
3262 804 3373 860 Deo
3428 808 3613 862 servire
3664 819 3716 864 et

2125 909 2425 948 mammona:
2454 893 2664 966 (Matth.
2691 910 2764 960 vi,
2795 894 2907 961 24).
2936 893 3040 950 Ista
3067 904 3150 951 est
3183 911 3310 967 ergo
3334 899 3620 969 generalis,
3655 907 3717 955 ut

2125 987 2323 1043 dictum
2363 996 2464 1055 εει,
2506 988 2698 1044 anima:
2739 988 3033 1056 fornicatio,
3077 990 3257 1045 omnia
3292 992 3511 1047 omnino
3553 993 3608 1047 in
3651 1007 3717 1049 se

2122 1069 2568 1150 continens,’qua
2617 1095 2724 1134 non
2760 1080 3063 1136 adlueretur
3098 1081 3227 1150 Deo,
3250 1081 3378 1137 dum
3406 1082 3715 1140 adhmretur

2124 1169 2367 1225 mundo:
2398 1178 2457 1226 ut
2508 1171 2586 1227 sic
2630 1171 2789 1226 etiam
2838 1171 3135 1243 intelligere
3183 1173 3475 1240 valeamus,
3519 1189 3718 1231 secun-

2122 1260 2249 1317 dum
2282 1262 2437 1318 istam
2481 1264 2783 1334 generalem
2816 1264 3236 1329 fornicationem,
3268 1265 3410 1336 quod
3449 1266 3525 1322 ait
3566 1268 3718 1338 Apo-

2123 1354 2319 1421 stolus,
2379 1354 2539 1409 Omne
2582 1364 2847 1424 peccatum
2897 1357 3246 1429 quodcumque
3297 1359 3472 1431 fecerit
3525 1360 3710 1428 homo,

2121 1453 2264 1499 extra
2291 1461 2475 1516 corpus
2502 1457 2613 1513 est;
2640 1449 2728 1519 qui
2752 1457 2918 1502 autem
2947 1449 3246 1521 fornicatur,
3282 1450 3338 1503 in
3372 1466 3557 1522 corpus
3585 1467 3716 1522 pro-

2122 1538 2289 1608 prium
2309 1548 2505 1609 peccat.
2536 1540 2671 1608 Quia
2709 1541 2755 1596 si
2793 1557 2900 1596 non
2924 1540 3217 1598 fornicetur
3248 1544 3427 1599 anima
3456 1543 3710 1613 humana,

2120 1629 2442 1688 adhaerendo
2466 1632 2597 1701 Deo,
2626 1649 2727 1689 nec
2759 1634 3085 1691 adhaerendo
3109 1636 3328 1704 mundo,
3360 1652 3714 1709 quaecumque

2120 1721 2220 1776 alia
2251 1733 2488 1793 peccata,
2524 1739 2553 1779 a
2590 1728 3023 1798 concupiscentia
3062 1731 3265 1784 carnali
3289 1745 3510 1800 prorsus
3537 1732 3713 1788 aliena

2119 1814 2353 1883 potuerit
2387 1831 2488 1886 pro
2527 1816 2640 1887 ipsa
2683 1817 2968 1889 fragilitate
3017 1822 3377 1889 mortalitatis,
3419 1823 3506 1879 vel
3553 1824 3715 1895 ignoo

2118 1905 2309 1974 rando,
2338 1908 2423 1963 vel
2449 1909 2785 1981 negligendo,
2815 1911 2902 1966 vel
2931 1912 3319 1980 obliviscendo,
3352 1914 3437 1969 vel
3484 1930 3592 1970 non
3637 1917 3715 1972 iu-

2064 2036 2069 2037 κ
2121 1997 2406 2069 telligendo
2433 1999 2594 2055 homo
2633 2001 2931 2066 incurrere,
2966 2002 3070 2059 hoc
3111 2006 3181 2059 sit
3205 2005 3347 2076 quod
3375 2005 3573 2062 dictum
3604 2018 3707 2075 est,

2123 2088 2284 2144 Omne
2304 2100 2562 2162 peccatum
2585 2094 2933 2164 quodcumque
2953 2095 3125 2165 fecerit
3155 2098 3326 2164 homo,
3359 2109 3502 2154 extra
3526 2116 3712 2170 corpus

2118 2190 2191 2237 est
2214 2184 2377 2254 :quia
2421 2186 2626 2241 nullum
2653 2186 2740 2242 hic
2783 2189 3079 2268 corporalis
3103 2189 3187 2245 vel
3227 2191 3538 2261 temporalis
3580 2206 3714 2247 con-

2118 2277 2458 2346 cupiscentiae
2487 2289 2762 2349 peceatum
2804 2282 3003 2352 poterit
3037 2283 3303 2353 reperiri;
3330 2284 3473 2340 unde
3517 2285 3711 2341 merito

2118 2378 2270 2426 extra
2299 2385 2495 2441 corpus
2521 2387 2640 2429 esse
2677 2374 2950 2445 quodlibet
2975 2376 3083 2431 tale
3108 2386 3403 2447 peccatum,
3430 2376 3533 2432 dici
3560 2377 3712 2433 vide-

2119 2469 2224 2516 tur.
2251 2461 2405 2531 Quod
2428 2463 2473 2518 si
2486 2463 2773 2520 adhaerens
2794 2466 2995 2521 mundo
3016 2468 3316 2523 mundanus
3341 2467 3521 2535 homo,
3554 2469 3713 2540 longe

2117 2570 2180 2611 se
2216 2555 2341 2610 facit
2379 2571 2408 2609 a
2450 2556 2582 2624 Deo,
2630 2557 2942 2613 fornieando
2983 2559 3052 2615 ah
3091 2560 3208 2629 ipso
3235 2559 3366 2625 Deo,
3414 2563 3469 2614 in
3515 2575 3711 2631 corpus

2062 2660 2067 2663 '
2119 2647 2391 2718 proprium
2428 2656 2653 2718 peccat:
2683 2649 2806 2719 quia
2853 2650 3120 2723 corporali
3170 2650 3602 2721 concupiscentia
3654 2651 3711 2706 in

2117 2754 2343 2811 qumque
2371 2742 2681 2812 temporalia
2709 2750 2765 2798 et
2791 2743 3046 2808 carnalia,
3085 2743 3284 2799 carnali
3314 2759 3476 2800 sensu
3500 2753 3556 2800 et
3580 2760 3710 2815 pru-

2116 2830 2294 2887 dentia
2338 2833 2602 2890 humanus
2650 2835 2860 2891 animus
2911 2835 3156 2902 trahitur,
3195 2843 3353 2906 atque
3399 2836 3712 2893 distrahitur

2072 2962 2077 2967 η
2117 2932 2380 2980 creaturae
2418 2927 2657 2983 serviens
2684 2928 2865 2999 potius
2889 2942 3047 3000 quam
3082 2928 3345 2998 Creatori,
3373 2931 3463 3001 qui
3491 2940 3574 2986 est
3616 2929 3710 2987 be-

2079 3048 2085 3054 ο
2116 3016 2361 3074 nedietus
2381 3019 2432 3073 in
2460 3020 2674 3076 saecula.

2187 3111 2241 3164 4.
2282 3110 2514 3181 Apostoli
2559 3112 2906 3182 interpretatio
2946 3113 3154 3185 duplex.
3201 3113 3291 3171 Sic
3334 3128 3482 3186 ergo.
3536 3132 3706 3187 quan-

2118 3210 2229 3257 tum
2252 3202 2386 3258 mihi
2415 3203 2642 3270 videtur,
2666 3205 2809 3259 salva
2834 3204 2956 3271 ﬁde,
2989 3205 3212 3277 intelligi
3234 3215 3411 3277 potest
3432 3209 3707 3280 utriusque

2117 3294 2482 3353 fornicationis
2507 3298 2729 3366 malum,
2759 3306 2865 3353 tam
2889 3298 3158 3369 specialis,
3180 3314 3342 3370 quam
3368 3302 3703 3366 universalis,

2116 3385 2171 3441 in
2200 3387 2301 3442 hoc
2328 3404 2435 3442 uno
2460 3389 2690 3459 capitulo
2730 3390 2861 3445 tanti
2889 3398 2944 3445 et
2987 3398 3092 3444 tam
3124 3392 3301 3462 magni
3330 3391 3586 3459 doctoris,
3615 3392 3704 3449 ubi

2115 3479 2207 3542 ait.
2250 3478 2411 3535 Omne
2457 3490 2713 3552 peccatum
2756 3481 3103 3552 quodcumque
3128 3482 3299 3551 fecerit
3333 3482 3513 3549 homo,
3563 3492 3705 3538 extra

2116 3588 2300 3643 corpus
2343 3582 2451 3637 est;
2476 3574 2562 3643 qui
2597 3581 2765 3626 autem
2794 3573 3093 3645 fornicatur,
3125 3573 3179 3627 in
3223 3589 3409 3646 corpus
3438 3575 3705 3644 proprium

2117 3673 2329 3735 peccat:
2357 3672 2415 3718 ut
2441 3673 2532 3719 aut
2549 3665 2886 3736 exaggeratio
2916 3664 3053 3720 facta
3078 3666 3148 3719 sit
3175 3667 3243 3721 ab
3263 3668 3519 3737 Apostolo
3545 3667 3705 3737 hujus

2114 3755 2364 3827 specialis
2391 3755 2779 3824 fornicationis,
2807 3772 2910 3828 qua
2951 3757 3004 3812 in
3043 3772 3237 3826 corpus
3274 3759 3547 3828 pr0prium
3575 3774 3701 3829 pec-

2113 3850 2225 3905 cari
2255 3840 2399 3905 recte
2426 3849 2767 3919 intelligitur;
2810 3850 2934 3919 quia
2963 3864 3224 3918 nusquam
3253 3849 3331 3904 sic
3372 3858 3511 3904 totus
3542 3850 3703 3905 homo

2082 3944 2356 4015 corporis
2406 3943 2571 4013 ipsius
2611 3942 2870 4012 voluptati
2920 3941 3201 4009 addicitur,
3257 3949 3311 3997 et
3359 3943 3704 3998 iuefl'ahiliter

2113 4035 2199 4091 vel
2242 4034 2612 4091 inevitabiliter
2646 4032 2895 4104 affigitur,
2929 4042 2986 4089 ut
3024 4033 3078 4088 in
3108 4035 3506 4104 comparatione
3544 4034 3702 4105 hujus

2116 4132 2245 4184 tanti
2273 4128 2420 4193 mali,
2451 4137 2643 4183 extera
2674 4134 2889 4198 peccata
2930 4137 3079 4182 extra
3107 4141 3301 4197 corpus
3326 4142 3446 4183 esse
3480 4126 3704 4183 videan-

2115 4226 2218 4284 tur,
2249 4218 2455 4274 etiamsi
2495 4233 2590 4288 per
2616 4232 2810 4287 corpus
2836 4226 3208 4273 exerceantur.
3238 4218 3703 4287 Quemadmodum

2114 4313 2279 4368 solius
2320 4303 2691 4367 fornicationis
2732 4312 2812 4365 vis
2840 4310 3083 4381 quaedam
3112 4310 3412 4380 imperiosae
3442 4312 3699 4379 libidinis,

2114 4404 2404 4460 conditioni
2443 4418 2553 4458 suae
2594 4402 2791 4465 subdit,
2823 4402 3203 4473 propriumque
3240 4404 3407 4474 ipsius
3454 4406 3699 4475 corporis

2084 4498 2436 4568 'mancipium
2482 4498 2771 4567 pessimum
2811 4496 2955 4564 facit,
2987 4508 3226 4567 tempore
3266 4499 3495 4553 maxime
3532 4499 3703 4567 ipsius

2114 4590 2553 4646 immundissimte
2603 4591 2960 4661 operationis;
3026 4599 3085 4646 ut
3134 4591 3276 4646 aliud
3329 4592 3458 4663 quid
3507 4602 3704 4661 prreter

2113 4685 2255 4756 quod
2284 4686 2392 4755 agit
2420 4685 2472 4739 in
2510 4685 2623 4755 ipso
2652 4699 2897 4756 corpore,
2941 4700 3049 4740 non
3077 4686 3147 4740 sit
3184 4686 3409 4742 liberum
3453 4685 3702 4740 humana:

2112 4776 2283 4832 menti
2310 4775 2397 4830 vel
2427 4775 2681 4846 cogitare,
2704 4776 2787 4831 vel
2813 4776 3110 4832 intendere.
3136 4776 3189 4831 Si
3216 4786 3394 4832 autem
3421 4777 3580 4831 etiam
3607 4792 3703 4845 ge-

2088 4865 2349 4922 neralem
2391 4865 2692 4936 signiﬁeare
2725 4867 2896 4922 voluit
2938 4868 3227 4939 Apostolus
3270 4866 3700 4935 fornicationem,

2113 4967 2330 5031 propter
2355 4973 2513 5030 quam
2538 4959 2737 5014 dixisse
2766 4959 3026 5025 videatur,
3063 4959 3225 5014 Omne
3249 4969 3508 5030 peccatum
3535 4958 3700 5028 quod-

2114 5071 2325 5128 cumque
2350 5054 2524 5127 fecerit
2561 5054 2729 5118 homo,
2766 5062 2910 5107 extra
2936 5070 3119 5125 corpus
3147 5062 3218 5107 est
3235 5068 3255 5113 ;
3279 5053 3367 5123 qui
3393 5060 3561 5106 autem
3596 5054 3708 5123 for-

2113 5148 2330 5215 nicatur,
2369 5147 2424 5200 in
2465 5162 2647 5216 corpus
2675 5146 2936 5217 proprium
2972 5154 3143 5218 peccat
3168 5161 3186 5200 :
3211 5145 3289 5200 sic
3331 5143 3702 5214 accipiendum

2114 5247 2197 5294 est
2236 5246 2294 5295 et
2325 5237 2746 5309 intelligendum,
2791 5246 2849 5291 ut
2888 5239 3110 5307 quisque
3146 5235 3273 5290 dum
3317 5251 3423 5290 non
3464 5233 3702 5289 adhaeret

2096 5329 2246 5395 Deo,
2268 5328 2358 5400 qui
2396 5327 2634 5384 adhaeret
2676 5327 2896 5394 mundo,
2930 5328 3107 5385 omnia
3137 5327 3447 5397 temporalia
3475 5325 3702 5396 diligens

2092 5432 2168 5478 -ει
2193 5421 2598 5492 concupiscens,
2629 5421 2820 5477 merito
2848 5421 2906 5486 in
2930 5435 3126 5491 corpus
3165 5420 3436 5491 proprium
3478 5432 3702 5489 peccare

2115 5514 2342 5582 dicatur,
2373 5514 2423 5569 id
2454 5522 2556 5581 est,
2586 5514 2852 5569 universae
2894 5511 3340 5583 concupiscentia».
3378 5510 3576 5566 carnali
3605 5509 3702 5563 deo

2096 5607 2258 5663 ‘ditus
2287 5616 2340 5661 et
2367 5604 2611 5661 subditus
2639 5606 2827 5669 factus,
2851 5613 3100 5675 tauquam
3132 5613 3274 5659 totus
3301 5612 3563 5658 creatum
3588 5615 3703 5655 ser-

2116 5716 2212 5755 vus
2241 5701 2308 5754 ab
2336 5700 2451 5769 ipso
2475 5697 2730 5754 Creatore
2749 5699 2976 5762 alienus,
3000 5713 3095 5768 per
3119 5698 3262 5753 illam
3288 5698 3493 5753 initium
3522 5696 3701 5751 omnis

2118 5794 2321 5864 peccati
2342 5792 2667 5861 superbiam,
2696 5792 2847 5863 cujus
2867 5791 3112 5863 superbia:
3135 5791 3334 5846 initium
3361 5800 3458 5859 est,
3495 5798 3549 5846 ut
3570 5789 3701 5845 scri-
