4108 6336
344 284 450 345 889

347 408 495 468 ptum
520 406 623 463 est,
660 405 945 470 apostatare
982 413 1015 453 a
1038 396 1149 453 Deo
1183 395 1368 467 (Eccli.
1395 412 1452 465 x,
1482 395 1571 464 l5,
1601 390 1712 466 14).
1754 393 1801 449 Α
1829 407 1935 464 quo

345 490 580 563 generali
625 488 988 546 fornicationis
1025 490 1169 547 malo
1214 490 1439 563 quisque
1486 489 1714 555 alienus,
1760 485 1933 557 quod-

347 597 574 653 cumque
598 582 743 638 aliud
782 592 1055 653 peccatum
1081 585 1315 654 potuerit
1342 592 1399 637 ut
1427 581 1589 637 homo
1616 579 1935 651 corruptibi-

348 676 415 731 lis
444 675 616 731 adliuc
637 684 692 731 et
718 676 957 732 mortalis
985 677 1275 743 incurrere,
1307 676 1409 729 hoc
1436 676 1762 746 intelligatur
1785 681 1932 728 extra

346 782 540 837 corpus
584 782 738 834 esse;
775 766 827 822 id
871 777 972 834 est,
1023 776 1172 822 extra
1208 782 1480 837 corporea:
1528 775 1583 821 et
1625 765 1934 835 temporalis

347 860 523 913 omnis
568 859 1013 929 concupiscentiae
1053 859 1272 927 malum,
1317 859 1546 914 alienum
1587 872 1728 924 esse,
1778 867 1931 911 extra

346 966 563 1021 corpus,
593 960 647 1005 ut
672 967 816 1024 saepe
842 951 1041 1006 dictum
1071 961 1176 1018 est,
1196 966 1335 1007 esse.
1369 948 1762 1005 Tantummodo
1788 948 1931 1003 enim

346 1046 577 1101 carnalis
606 1054 661 1100 et
686 1046 952 1116 generalis
979 1045 1422 1115 concupiscentia:
1457 1044 1596 1098 malo
1621 1058 1717 1114 per
1754 1040 1933 1096 omnia

350 1137 641 1194 fornicatur
689 1140 860 1193 anima
907 1153 936 1193 a
984 1138 1117 1203 Deo,
1169 1147 1418 1207 tanquam
1469 1135 1838 1205 corporalibus
1882 1141 1935 1188 et

351 1232 728 1302 temporalibus
753 1230 1034 1286 desideriis
1076 1238 1132 1285 et
1171 1228 1612 1285 delectationibus
1652 1227 1849 1297 illigata
1880 1233 1934 1280 et

350 1324 619 1389 devincta,
650 1324 702 1377 in
729 1338 922 1392 corpus
948 1322 1219 1394 proprium
1248 1327 1448 1391 peccat,
1482 1319 1633 1391 cujus
1661 1319 1935 1373 universa-

353 1414 471 1468 litcr
513 1413 959 1483 concupiscentite
998 1413 1253 1475 serviens,
1286 1411 1594 1466 incurvatur
1623 1409 1841 1475 mundo,
1881 1416 1936 1464 et

352 1507 657 1561 alienatura
690 1506 797 1560 Deo
826 1522 839 1558 :
870 1505 1010 1575 quod
1036 1513 1137 1571 est,
1172 1514 1228 1558 ut
1252 1504 1449 1561 dictum
1477 1512 1579 1569 est,
1610 1501 1819 1556 Initium
1846 1518 1932 1555 su-

354 1598 537 1666 perbia:
560 1598 794 1661 hominis,
814 1606 1101 1666 apostatare
1119 1614 1149 1649 a
1169 1596 1295 1651 Deo.
1317 1597 1541 1667 PrOpter
1555 1595 1693 1666 quod
1715 1608 1936 1665 genera-

362 1690 425 1743 lis
464 1688 827 1742 fornicationis
869 1688 1161 1743 cavendum
1209 1690 1427 1755 malum,
1479 1688 1668 1743 beatus
1704 1687 1935 1741 Joannes

351 1781 622 1847 admonet,
662 1780 883 1835 dicens:
918 1779 1092 1834 Nolite
1133 1781 1340 1852 diligere
1369 1779 1636 1843 mundum,
1678 1794 1834 1848 neque
1872 1794 1933 1832 ea

351 1890 458 1945 qua:
488 1881 602 1926 sunt
623 1874 673 1925 in
700 1872 923 1939 mundo;
944 1872 1182 1942 quoniam
1210 1887 1321 1942 qua:
1342 1872 1394 1924 in
1418 1871 1608 1925 mundo
1642 1880 1778 1937 sunt,
1806 1886 1930 1924 con-

349 1965 660 2035 cupiscentia
693 1964 859 2017 carnis
900 1971 993 2029 est,
1036 1972 1083 2016 et
1126 1963 1531 2031 concupiscentia
1570 1962 1851 2025 oculorum,
1889 1969 1936 2015 et

348 2057 552 2110 ambitio
584 2053 779 2120 seaculi,
818 2070 930 2125 qua:
960 2070 1059 2107 non
1094 2063 1169 2108 est
1210 2070 1272 2108 ea:
1303 2052 1478 2119 Patre,
1512 2052 1598 2109 sed
1637 2069 1697 2107 ea:
1723 2051 1931 2106 mundo.

350 2148 416 2202 Et
446 2148 663 2201 mundus
695 2147 894 2213 transit,
927 2156 973 2201 et
1014 2148 1418 2219 concupiscentia
1448 2147 1579 2216 ejus.
1632 2146 1731 2214 Qui
1770 2154 1936 2199 autem

349 2241 521 2313 fecerit
550 2239 857 2294 voluntatem
878 2238 993 2305 Dei,
1017 2249 1184 2292 manet
1204 2240 1256 2293 in
1274 2248 1535 2304 wternum,
1569 2238 1698 2291 sicut
1722 2238 1809 2291 ille
1828 2253 1938 2290 ma-

350 2343 433 2388 net
473 2335 525 2387 in
553 2342 795 2387 wternum
819 2332 861 2405 (I
890 2330 1049 2386 Joan.
1073 2347 1132 2395 ll,
1159 2348 1249 2395 xv,
1292 2328 1405 2400 17).
1438 2331 1539 2385 ista
1568 2345 1696 2400 ergo
1725 2328 1938 2384 dilectio

350 2425 555 2490 mundi,
579 2441 697 2496 qum
743 2426 1095 2479 universalem
1128 2424 1181 2478 in
1209 2438 1267 2478 se
1292 2423 1779 2493 concupiscentiam
1805 2436 1936 2475 con-

356 2520 492 2574 tinet
531 2518 736 2583 mundi,
782 2517 1047 2589 generalis
1090 2525 1171 2572 est
1213 2515 1511 2582 fornicatio,
1543 2527 1646 2585 qua
1690 2524 1940 2583 peccatur

351 2610 408 2665 in
434 2624 626 2678 corpus
648 2608 953 2679 proprium;
980 2622 1045 2662 eo
1065 2606 1207 2678 quod
1232 2606 1478 2661 omnibus
1499 2604 1865 2675 corporalibus
1886 2613 1940 2658 et

349 2703 647 2760 visibilibus
676 2711 729 2756 et
770 2700 1152 2772 temporalibus
1178 2699 1458 2755 desideriis
1487 2706 1543 2753 et
1582 2695 1939 2766 voluptatibus

353 2798 617 2853 humanus
658 2795 1018 2851 indesinenter
1058 2794 1226 2848 servit
1253 2794 1484 2858 animus,
1517 2792 1585 2846 ab
1616 2792 1744 2861 ipso
1774 2790 1938 2846 Crea-

354 2898 469 2945 tore
494 2889 867 2945 universorum
895 2887 1166 2943 desolatus
1203 2893 1362 2957 atque
1388 2884 1693 2940 derelictus.

825 3067 1057 3125 SEBMO
1090 3066 1331 3123 CLXlll‘
1361 3065 1460 3140 (a).

356 3229 439 3286 De
459 3231 618 3287 verbis
643 3231 892 3302 Apostoli,
918 3230 1120 3300 Spiritu
1148 3229 1439 3296 ambulate,
1470 3237 1524 3284 et
1560 3228 1943 3300 concupiscen-

394 3323 494 3378 tias
520 3324 698 3380 carnis
726 3338 794 3378 ne
817 3322 1165 3393 perfeceritis.
1196 3319 1367 3376 Galat.
1399 3337 1515 3392 cap.
1535 3336 1593 3389 v,
1628 3322 1664 3393 ᾗ
1691 3321 1903 3378 ,16-21.

479 3480 679 3530 Habitus
698 3480 748 3529 in
761 3478 956 3530 Basilica
976 3481 1245 3531 Honoriana
1266 3486 1358 3529 vm
1378 3479 1470 3530 cal.
1493 3481 1706 3532 octobrts
1726 3482 1816 3546 (b).

428 3603 656 3661 CAPUT
712 3604 995 3661 PRIMUM.
1042 3635 1113 3645 —-
1156 3607 1208 3660 1.
1261 3606 1456 3679 Templi
1518 3619 1667 3663 antea
1741 3614 1945 3683 profani

359 3698 633 3752 dedicatio.
657 3696 713 3752 Si
744 3698 1164 3763 consideremus,
1191 3699 1401 3766 fratres,
1432 3709 1556 3756 ante
1580 3703 1803 3772 gratiam
1836 3704 1944 3760 Do-

356 3788 491 3842 mini
519 3787 643 3859 quid
671 3787 945 3855 fuerimus,
978 3801 1031 3843 et
1057 3805 1152 3859 per
1179 3791 1404 3861 gratiam
1437 3791 1643 3847 Domini
1673 3794 1798 3864 quid
1827 3810 1945 3851 esse

358 3882 716 3952 cmperimus;
747 3882 986 3951 profecto
1022 3883 1320 3937 invenimus
1357 3885 1479 3955 quia
1524 3884 1662 3939 sicut
1702 3884 1945 3944 homines
2022 3887 2027 3893 ’

358 3975 415 4029 in
442 3975 634 4030 melius
662 3984 1081 4040 commutantur,
1112 3976 1180 4030 ita
1211 3977 1370 4031 etiam
1400 3985 1657 4033 terrarum
1688 3980 1802 4036 loca
1827 3997 1947 4051 qua:

361 4068 507 4139 prius
535 4079 720 4122 contra
751 4067 847 4123 Dei
872 4070 1091 4139 gratiam
1120 4068 1349 4136 fuerunt,
1370 4086 1510 4125 nunc
1532 4070 1624 4126 Dei
1646 4073 1827 4143 gratias
1853 4074 1946 4130 de-

360 4160 623 4215 dicantur.
655 4159 767 4215 Nos
805 4161 936 4215 enim
960 4201 976 4227 ,
1018 4161 1156 4215 sicut
1194 4161 1321 4215 dicit
1350 4163 1657 4231 Apostolus,
1706 4166 1948 4236 templum
2016 4158 2023 4164 ’

363 4252 460 4307 Dei
486 4254 581 4306 vivi
606 4270 815 4318 sumus;
844 4262 1049 4324 propter
1067 4255 1202 4325 quod
1232 4254 1355 4308 dicit
1381 4254 1539 4321 Deus,
1566 4254 1866 4312 Inhabitabo
1895 4259 1947 4313 in

362 4348 487 4414 illis,
524 4358 571 4402 et
600 4348 949 4402 deambulabo.
992 4348 1121 4415 Qua:
1165 4358 1341 4403 autem
1388 4348 1473 4403 hic
1506 4349 1785 4406 simulacra
1828 4350 1946 4406 fue-

362 4449 507 4506 runt,
540 4441 624 4510 ﬁgi
667 4449 962 4523 noverant,
1005 4440 1277 4496 ambulare
1304 4457 1410 4495 non
1444 4451 1720 4497 noverant.
1754 4444 1947 4498 Deam-

364 4532 512 4587 bulat
535 4541 711 4587 autem
740 4533 791 4587 in
819 4533 972 4588 nobis
1000 4534 1278 4604 przesentia
1307 4532 1616 4603 majestatis,
1646 4535 1689 4588 si
1720 4535 1949 4590 latitudi-

366 4639 486 4678 nem
516 4624 777 4680 invenerit
804 4626 1098 4680 cbaritatis.
1128 4625 1210 4680 Ad
1238 4626 1338 4680 hoc
1361 4641 1460 4681 nos
1485 4627 1774 4683 exhortans
1799 4629 1947 4698 Apo-

363 4717 532 4771 stolus
563 4718 671 4771 ait:
704 4717 1004 4772 Dilatamini
1025 4760 1040 4784 ,
1089 4735 1150 4772 ne
1188 4720 1299 4773 sitis
1330 4721 1518 4791 jugum
1560 4721 1791 4776 ducentes
1832 4739 1948 4777 cum

364 4808 755 4880 inﬁdelibusUl
786 4808 902 4864 Cor.
946 4826 1019 4872 v1.
1063 4811 1169 4878 l6,
1215 4812 1321 4877 15,
1368 4813 1499 4884 14).
1546 4812 1600 4868 Si
1644 4814 1945 4883 dilatemur,

365 4901 669 4956 tlcambulat
696 4904 748 4957 in
779 4903 931 4958 nobis
958 4903 1097 4959 Deus
1124 4922 1136 4957 :
1168 4905 1261 4959 sed
1289 4914 1344 4958 ut
1370 4905 1674 4975 dilatemur,
1702 4918 1951 4979 operetur

366 4992 479 5060 ipse
526 4994 683 5048 Deus.
716 4992 772 5049 Si
802 4995 944 5050 enim
985 4995 1316 5051 latitudinem
1358 4997 1588 5077 charitas
1626 4999 1789 5065 facit,
1832 5017 1951 5071 qua:

367 5100 470 5140 non
504 5087 649 5142 novit
675 5089 974 5159 angustias;
1006 5088 1179 5144 videte
1217 5091 1338 5160 quia
1382 5091 1523 5147 Deus
1563 5092 1665 5147 sibi
1704 5094 1756 5147 in
1798 5094 1953 5151 nobis

368 5179 698 5236 latitudinem
728 5181 871 5247 facit,
904 5183 1020 5252 ipso
1046 5181 1255 5237 dicente
1284 5184 1563 5253 Apostolo,
1593 5184 1828 5240 Charitas
1854 5185 1951 5241 Dei

369 5269 559 5339 diffusa
604 5282 674 5328 est
713 5274 769 5329 in
806 5273 1040 5329 cordibus
1081 5274 1267 5328 nostris
1310 5291 1397 5345 per
1433 5275 1683 5347 Spiritum
1724 5285 1953 5332 sanctum

1630 5392 1653 5403 Α

431 5434 446 5451 ⁹
474 5434 740 5497 Castigatus
768 5434 826 5484 ad
851 5447 881 5484 a
901 5434 985 5483 bu.
1012 5432 1074 5484 cl.
1098 5435 1176 5485 eb.
1197 5433 1230 5484 f.
1255 5433 1314 5485 fs.
1334 5447 1385 5499 g.
1410 5432 1471 5485 lr.
1494 5448 1559 5485 ω.
1585 5448 1659 5499 pr.
1684 5448 1775 5485 rm.
1795 5435 1875 5486 vd.
1902 5443 1956 5488 et
2004 5438 2011 5443 ’

366 5496 640 5547 ldAmJ-lr.
670 5504 769 5545 Par.
795 5504 903 5547 Lov.
1340 5496 1359 5499 '
1586 5496 1630 5544 ”.

429 5560 504 5681 ἔα)
536 5557 675 5629 Alias,
700 5560 764 5609 de
789 5561 955 5609 Verbis
977 5560 1182 5623 Apostoli
1203 5561 1250 5610 5.

451 5622 500 5681 b)
621 5634 669 5669 lt]
709 5629 909 5671 ttomano
932 5624 1095 5672 codice
1119 5637 1250 5672 manu

451 5622 500 5682 b)
621 5621 669 5669 in
709 5629 909 5686 Humano
932 5621 1095 5672 codice
1119 5624 1437 5686 manuscripto
1464 5630 1544 5673 PP.
1568 5625 1955 5677 Cisterciensium
2004 5622 2009 5626 ’

368 5690 412 5732 s.
437 5687 600 5734 crucis
636 5688 685 5735 in
722 5685 1006 5734 Jerusalem.
1043 5688 1164 5736 citat
1205 5688 1332 5736 hunc
1359 5685 1646 5738 sermonem
1670 5687 1955 5740 Florusadt

370 5755 477 5798 Cor.
504 5761 589 5810 xv,
613 5755 665 5797 et
683 5746 830 5798 Galat.
854 5762 903 5798 ν.

1751 275 1983 335 SERMO
2018 276 2243 335 CLXIII.

3519 287 3626 349 890

2040 392 2128 462 qui
2158 392 2305 446 datus
2330 400 2403 448 est
2430 394 2571 449 nobis
2594 394 2789 467 (Rom.
2821 412 2876 465 ν,
2904 395 2991 471 5).
3022 397 3252 471 Propter
3280 397 3416 456 hanc
3438 399 3626 458 latitu—

2044 482 2242 550 dinem,
2272 485 2507 554 inquam,
2537 486 2588 542 in
2615 488 2768 544 nobis
2796 488 3103 545 deambulat
3130 490 3288 548 Deus.

2111 576 2336 634 CAPUT
2375 577 2439 633 ll.
2477 609 2549 619 —
2579 580 2632 634 2.
2662 579 2726 635 In
2757 582 2922 647 nobis,
2962 585 3033 637 uti
3074 584 3125 637 in
3165 585 3380 656 profano
3418 587 3625 658 templo,

2014 671 2144 723 "alia
2171 669 2471 740 deiicienda,
2504 672 2608 725 alia
2637 674 2997 729 consecranda.
3038 675 3194 730 Modo
3223 677 3463 746 Apostoli
3504 679 3627 750 Epi-
3657 674 3665 682 ’

2040 762 2175 816 stola
2202 776 2322 816 cum
2355 763 2692 831 recitaretur,
2725 766 3023 821 audivimus
3058 786 3070 820 :
3114 766 3311 839 Spiritu
3353 770 3625 835 ambulate,

2041 861 2088 906 et
2134 853 2563 924 concupiscentias
2609 857 2777 911 carnis
2820 874 2884 911 ne
2936 859 3262 931 perfeceritis.
3316 859 3448 915 Caro
3496 863 3628 916 enim

2040 945 2345 1014 concupiscit
2383 934 2623 1000 adversus
2652 948 2902 1017 spiritum,
2931 958 2975 1002 et
3005 951 3211 1019 spiritus
3236 951 3474 1007 adversus
3509 971 3628 1008 car-

2040 1053 2172 1091 nem.
2205 1035 2332 1091 Hazc
2368 1038 2500 1091 enim
2528 1039 2756 1104 invicem,
2802 1040 3151 1109 adversantur;
3187 1053 3239 1097 ut
3281 1062 3383 1099 non
3417 1063 3475 1099 ea
3519 1062 3633 1117 qua:

2039 1130 2189 1183 vultis
2222 1130 2443 1203 faciatis.
2478 1130 2761 1201 Baptizatis
2791 1132 3000 1187 dicebat
3036 1153 3049 1189 :
3091 1136 3185 1189 sed
3232 1137 3483 1206 templum
3536 1138 3628 1192 Dei

2039 1223 2213 1278 adhuc
2244 1224 2570 1294 tedilicabat,
2598 1226 2834 1281 nondum
2868 1226 3167 1285 dedicabat.
3200 1230 3408 1299 Videte,
3440 1232 3630 1288 fratres

2040 1317 2167 1382 mei,
2194 1317 2642 1387 quemadmodum
2672 1334 2791 1373 cum
2821 1318 2935 1373 loca
2969 1320 3080 1390 ipsa
3118 1329 3327 1376 terrena
3359 1324 3408 1377 in
3442 1325 3631 1380 melius

2039 1416 2448 1475 convertuntur,
2469 1410 2571 1464 alia
2596 1410 2884 1465 diruuntur
2903 1422 3062 1481 atque
3090 1411 3422 1483 franguntur,
3449 1415 3549 1469 alia
3577 1416 3628 1469 in

2040 1501 2287 1557 meliores
2312 1520 2439 1557 usus
2465 1512 2893 1569 commutantur;
2921 1506 2999 1560 sic
3024 1514 3077 1560 et
3100 1521 3197 1560 nos
3224 1523 3424 1561 smnus.
3457 1508 3629 1577 Opera

2039 1594 2217 1648 carnis
2247 1593 2466 1650 fuerunt
2493 1596 2546 1650 in
2576 1596 2751 1651 nobis.
2798 1597 3036 1653 Audistis
3078 1613 3198 1652 cum
3240 1613 3630 1654 commemora-

2040 1695 2227 1740 rentur
2249 1704 2262 1740 :
2284 1686 2561 1759 Manifesta
2580 1697 2745 1742 autem
2761 1689 3091 1760 sunt,inqnit
3106 1732 3119 1756 ,
3145 1706 3300 1755 opera
3312 1691 3497 1756 carnis,
3520 1706 3634 1760 qua:

2040 1786 2156 1830 sunt
2177 1778 2555 1847 fornicationes,
2580 1780 2929 1845 immunditiw,
2954 1781 3205 1835 idolorum
3230 1782 3468 1848 servitus,
3492 1798 3634 1835 vena-

2041 1867 2179 1937 ﬁcia,
2200 1885 2303 1923 non
2320 1869 2598 1938 beneficia,
2629 1870 2682 1925 id
2708 1880 2809 1939 est,
2833 1886 2937 1926 non
2960 1886 2990 1925 a
3007 1872 3161 1926 bonis
3182 1872 3344 1937 dicta,
3365 1871 3458 1926 sed
3482 1886 3510 1925 a
3538 1887 3631 1927 ve-

2044 1961 2225 2025 nenis;
2255 1964 2614 2028 contentiones,
2632 1963 2929 2031 inimicitiae,
2958 1964 3190 2027 hereses,
3215 1963 3438 2030 invidiae,
3477 1964 3633 2018 ebrie-

2043 2063 2188 2120 tates,
2211 2064 2254 2107 ct
2273 2054 2351 2108 his
2366 2056 2582 2121 similia;
2606 2056 2899 2127 dejicienda
2924 2065 3066 2122 sunt,
3084 2072 3187 2112 non
3207 2057 3489 2113 mutanda:
3520 2073 3635 2128 qua!

2045 2145 2290 2215 pradico,
2329 2146 2518 2216 inquit,
2546 2148 2703 2215 vobis,
2739 2150 2865 2202 sicut
2886 2149 3121 2219 prtcdixi,
3145 2151 3383 2216 quoniam
3406 2151 3491 2221 qui
3512 2151 3637 2205 talia

2042 2246 2220 2307 agunt,
2246 2255 2457 2310 regnum
2485 2238 2581 2292 Dei
2618 2257 2717 2294 non
2748 2240 3201 2312 possidebunthta
3234 2243 3284 2295 in
3310 2241 3481 2305 nobis,
3514 2250 3635 2296 tan-

2042 2345 2200 2400 quam
2222 2330 2361 2385 idola
2380 2331 2667 2402 frangenda
2690 2341 2830 2387 sunt.
2851 2331 2904 2386 ln
2924 2348 3053 2388 usus
3067 2344 3244 2389 autem
3261 2334 3510 2389 meliores
3524 2350 3637 2389 ver-

2043 2420 2199 2477 tenda
2218 2432 2341 2475 sunt
2355 2422 2465 2492 ipsa
2484 2424 2723 2493 corporis
2741 2424 2907 2479 nostri
2925 2425 3183 2489 membra,
3208 2434 3264 2479 ut
3287 2440 3405 2496 quae
3426 2426 3631 2481 servie-

2044 2510 2173 2565 bant
2186 2512 2532 2567 immunditirc
2544 2512 2871 2584 cupiditatis,
2890 2516 3317 2585 serviantgratia:
3330 2516 3624 2571 charitatis.

2116 2604 2343 2660 CAPUT
2382 2603 2547 2661 lll.—
2568 2608 2615 2662 5.
2642 2605 2943 2677 Ediﬁcatio
2972 2625 3062 2678 per
3085 2608 3260 2677 ﬁdem,
3284 2608 3530 2663 dedicatio
3549 2625 3636 2679 per

2045 2698 2486 2752 resurrectionem.
2516 2698 2623 2754 Sed
2648 2698 2824 2754 videte
2848 2699 2973 2769 quid
3000 2700 3226 2765 dixerit,
3267 2709 3321 2755 et
3356 2699 3637 2771 diligenter

2046 2789 2328 2846 advertite.
2357 2791 2597 2861 Operarii
2627 2791 2719 2847 Dei
2752 2808 2958 2859 sumus,
2985 2793 3158 2848 adhuc
3186 2794 3475 2849 :edilicatur
3503 2802 3639 2850 tem-

2047 2881 2194 2953 plum
2227 2883 2341 2938 Dei.
2371 2883 2428 2938 ln
2460 2885 2632 2954 capite
2659 2900 2755 2940 suo
2779 2885 2889 2956 jam
2914 2884 3216 2941 dedicatum
3245 2896 3359 2953 est;
3386 2888 3636 2957 quoniam

2047 2976 2308 3031 Dominus
2336 2977 2629 3033 resurrexit
2652 2992 2682 3031 a
2712 2979 2957 3043 mortuis,
2986 2977 3191 3032 devicta
3219 2986 3413 3044 morte,
3441 2990 3639 3034 morta-

2047 3069 2195 3125 litate
2224 3078 2540 3140 consumpta
2566 3070 2808 3126 ascendit
2838 3070 2892 3124 in
2918 3071 3111 3126 coelum
3139 3089 3150 3124 :
3179 3071 3299 3142 quia
3325 3072 3552 3142 scriptus
3572 3071 3641 3128 de

2048 3162 2143 3218 illo
2163 3170 2280 3218 erat
2294 3163 2537 3219 Psalmus
2555 3163 2906 3219 dedicationis
2926 3163 3136 3219 domus.
3161 3164 3285 3219 Ideo
3303 3173 3423 3235 post
3438 3165 3642 3235 passio-

2049 3269 2173 3311 nem
2190 3254 2346 3309 dicit:
2362 3253 2660 3309 Convertisti
2672 3255 2861 3309 luctum
2874 3272 3038 3309 meum
3056 3257 3109 3309 in
3124 3256 3364 3327 gaudium
3378 3256 3644 3324 milti,con‘

2050 3348 2248 3403 scidisti
2278 3365 2481 3403 saccum
2508 3365 2698 3416 meum,
2732 3358 2777 3402 et
2802 3349 3063 3403 accinxisti
3093 3365 3171 3402 me
3195 3349 3553 3419 jucunditate;
3585 3356 3642 3403 ut

2052 3442 2241 3511 psallat
2258 3443 2346 3497 tibi
2359 3444 2523 3515 gloria
2536 3460 2666 3511 mea,
2680 3453 2836 3497 etnon
2854 3460 3170 3514 compungar
3184 3442 3356 3514 (Psal.
3376 3460 3529 3512 xxix,
3547 3443 3638 3513 l2,

2053 3534 2143 3606 15)
2156 3534 2336 3589 .Faeta
2348 3543 2429 3589 est
2440 3550 2567 3604 ergo
2579 3534 2664 3588 illa
2678 3542 2798 3603 post
2813 3534 3109 3604 passionem
3125 3533 3389 3588 dedicatio
3403 3534 3454 3588 in
3471 3550 3644 3590 resur-

2051 3626 2315 3681 rectione.
2336 3626 2478 3695 Ergo
2498 3635 2552 3681 et
2577 3634 2758 3680 nostra
2785 3625 2945 3679 modo
2967 3626 3024 3679 tit
3044 3624 3323 3679 aedificatio
3341 3642 3439 3698 per
3459 3625 3640 3694 ﬁdem,

2053 3726 2113 3772 ut
2143 3718 2233 3771 liat
2257 3725 2311 3771 et
2340 3716 2452 3786 ipsa
2485 3716 2748 3771 dedicatio
2780 3733 2873 3787 per
2898 3716 3139 3771 ultimam
3168 3726 3640 3771 resurrectionem.

2055 3809 2295 3878 Denique
2320 3817 2441 3878 post
2468 3808 2625 3861 istum
2657 3808 2916 3877 psalmum
2944 3807 3296 3862 dedicationis
3318 3807 3528 3871 domus,
3551 3806 3643 3863 ubi

2053 3900 2352 3956 ostenditur
2372 3900 2707 3955 resuscitatio
2727 3900 2915 3970 capitis
2941 3902 3133 3963 nostri,
3151 3900 3285 3953 alius
3305 3906 3387 3953 est
3406 3898 3643 3969 psalmus

2053 4002 2176 4064 post
2193 3995 2373 4057 istum,
2393 4007 2495 4046 non
2508 4001 2631 4046 ante
2647 3991 2829 4058 istum,
2841 3991 2995 4061 cujus
3009 3991 3086 4045 sic
3098 3991 3254 4046 habet
3270 3990 3646 4059 tituluszouan-

2055 4086 2121 4140 do
2142 4086 2320 4140 domus
2334 4083 2681 4153 aediﬁcabatur
2717 4093 2825 4153 post
2836 4084 3196 4153 captivitatem.
3221 4082 3458 4137 Recolite
3486 4082 3648 4153 capti-

2058 4177 2295 4243 vitatem,
2331 4176 2420 4231 ubi
2448 4184 2602 4229 antea
2629 4173 2903 4241 fuerimus,
2938 4174 3148 4245 quando
3184 4182 3350 4229 totum
3388 4174 3643 4229 mundum

2053 4268 2201 4324 velut
2230 4282 2458 4322 massam
2490 4266 2783 4321 inﬁdelium
2803 4265 3046 4321 diabolus
3074 4264 3395 4334 possidebat.
3422 4250 3647 4335 Propter

2056 4359 2196 4415 hanc
2234 4358 2594 4428 captivitatem
2626 4357 2955 4426 Redemptor
2992 4357 3241 4424 advenit;
3284 4358 3513 4428 pretium
3543 4373 3643 4413 no-

2056 4458 2227 4507 strum
2255 4451 2566 4521 sanguinem
2603 4464 2755 4503 suum
2786 4448 2954 4503 fudit:
2982 4448 3099 4503 fuso
3131 4466 3227 4503 suo
3258 4451 3533 4520 sanguine,
3554 4465 3647 4506 ca-

2056 4542 2315 4614 ptivitatis
2337 4552 2534 4596 nostra:
2558 4542 2906 4595 instrumenta
2929 4541 3145 4596 delevit.
3168 4540 3296 4606 Lex,
3321 4542 3491 4612 inquit
3511 4543 3646 4611 Apo-

2057 4635 2247 4701 stolus,
2277 4633 2555 4705 spiritualis
2584 4642 2677 4695 est;
2708 4648 2797 4703 ego
2823 4641 2988 4685 autem
3017 4633 3237 4686 carnalis
3262 4648 3394 4698 sum,
3436 4647 3643 4685 venum-

2058 4726 2209 4779 datus
2234 4724 2325 4780 sub
2350 4734 2552 4796 peccato
2584 4723 2759 4795 (Rom.
2804 4738 2899 4787 vn,
2944 4724 3010 4777 14
3031 4722 3073 4794 ).
3104 4723 3274 4776 Antea
3300 4721 3398 4776 sub
3428 4731 3647 4791 peccato

2057 4816 2396 4883 venumdati,
2426 4815 2520 4869 sed
2545 4823 2726 4885 postea
2757 4816 2923 4885 gratia
2954 4814 3178 4867 liberati.
3216 4813 3343 4866 Post
3371 4812 3513 4866 illam
3553 4827 3646 4867 ca-

2008 4982 2013 4985 _
2058 4910 2375 4980 ptivitatem,
2398 4908 2587 4962 domus
2609 4907 2769 4961 modo
2793 4906 3149 4969 mdilicantur;
3176 4914 3229 4961 et
3253 4915 3309 4960 ut
3332 4905 3644 4974 aediﬁcetur,

2060 5000 2473 5072 evangelizatur.
2518 4999 2607 5053 Sic
2649 5002 2789 5054 enim
2828 4999 3010 5069 incipit
3041 4998 3282 5054 Psalmus
3313 4998 3467 5069 ipse:
3510 4997 3644 5051 Can-

2010 5086 2017 5165 ί
2062 5101 2163 5148 tate
2207 5092 2425 5145 Domino
2472 5092 2722 5145 canticum
2756 5105 2957 5145 novum.
3005 5089 3075 5145 Et
3123 5103 3190 5146 ne
3233 5097 3389 5160 putes
3430 5088 3647 5143 domum

2060 5185 2218 5241 istam
2246 5184 2297 5239 in
2320 5198 2427 5239 uno
2448 5184 2639 5254 angulo
2664 5182 2935 5249 :edilicari,
2955 5181 3091 5237 sicut
3107 5180 3372 5237 aedificant
3394 5181 3651 5236 schisma-

2064 5277 2154 5334 tici
2179 5277 2264 5333 vel
2292 5276 2566 5340 haeretici;
2595 5274 2808 5329 attende
2834 5274 2976 5344 quod
3002 5273 3278 5344 sequitur:
3310 5272 3519 5328 Caritate
3542 5262 3671 5328 Do—'

2062 5370 2221 5434 mino,
2250 5368 2416 5423 omnis
2451 5376 2585 5421 terra
2620 5363 2809 5437 (Psal.
2841 5380 2967 5432 xcv,
2998 5366 3023 5420 1
3050 5363 3092 5439 ).

2133 5460 2360 5517 CAPUT
2389 5459 2477 5515 IV.
2490 5459 2545 5514 4.
2558 5456 2688 5511 -Ν
2690 5474 2837 5512 ovum
2853 5459 3121 5511 canticum.
3138 5456 3375 5513 Salutare
3390 5456 3484 5511 Dei
3498 5456 3651 5513 Chri-

2064 5565 2169 5613 stus
2196 5556 2258 5610 ab
2282 5553 2499 5627 antiquis
2524 5551 3142 5608 desideratus.—Cantate
3166 5550 3386 5607 Domino
3403 5554 3652 5608 canticum

2064 5663 2249 5703 nouum
2274 5657 2497 5701 :contra
2519 5644 2784 5699 canticum
2808 5653 2981 5711 vetus,
3006 5644 3407 5701 Testamentum
3432 5660 3645 5712 novum,

2002 5820 2007 5825 ι
2064 5742 2188 5813 quia
2216 5742 2369 5812 prius
2395 5740 2793 5797 Testamentum
2818 5748 3012 5797 vetus:
3041 5755 3211 5797 novus
3238 5743 3419 5813 homo,
3456 5748 3518 5798 ut
3552 5739 3650 5798 de-
