3978 6442
558 338 666 399 895

557 454 823 524 conclusit,
855 456 1023 529 inquit
1039 502 1055 526 ,
1088 458 1359 531 Scriptura
1386 463 1558 518 omnia
1584 465 1677 519 sub
1698 474 1922 534 peccato,
1947 476 2001 522 ut
2025 485 2148 542 pro-

556 548 730 603 missio
752 566 815 604 ea:
838 551 941 619 ﬁde
965 551 1091 606 Iesu
1118 550 1304 607 Christi
1335 554 1546 610 daretur
1593 558 1908 616 credentibus
1951 560 2142 634 (Galat.

558 654 644 700 ut.
675 638 734 694 2i
774 650 822 694 et
848 640 964 712 22).
1011 642 1185 712 Audi,
1235 645 1457 701 daretur.
1490 648 1625 718 Quid
1665 652 1948 722 superbis?
1974 655 2143 721 Audi,

552 730 776 784 daretur.
807 732 943 801 Quid
968 736 1110 790 enim
1141 735 1324 803 habes,
1357 741 1496 810 quod
1521 757 1624 797 non
1654 745 1905 816 accepisti
1939 746 1994 821 (Ι
2023 746 2142 803 Cor.

550 838 603 877 tv
623 865 637 888 ,
671 826 725 894 7)
755 826 778 879 ?
804 826 944 898 Ergo
970 829 1089 899 quia
1112 832 1330 887 aculeus
1360 836 1549 890 mortis
1574 845 1657 892 est
1686 850 1984 909 peccatum,
2032 842 2143 896 vir-

552 917 635 962 tus
666 920 843 966 autem
900 915 1100 982 peccati
1128 917 1238 982 lex;
1275 919 1460 975 ethoc
1508 920 1573 975 de
1617 922 1755 977 bona
1810 925 2144 995 providentia

551 1003 664 1067 lui,
719 1014 774 1059 ut
804 1008 1247 1066 concluderentur
1269 1012 1513 1070 homines
1539 1016 1638 1071 sub
1658 1028 1895 1088 peccato,
1921 1010 2145 1091 etquae-

550 1104 727 1149 rea-ent
777 1097 1109 1167 adjutorem,
1156 1115 1465 1173 qurererent
1510 1109 1734 1177 gratiam
1764 1151 1779 1177 ,
1839 1122 2143 1181 quaererent

554 1184 716 1238 [lenm
741 1228 754 1251 ,
788 1203 894 1243 non
924 1190 991 1246 de
1032 1207 1126 1247 sua
1156 1194 1356 1251 virtute
1381 1210 1799 1268 praesumerent;
1823 1202 1944 1259 ideo
1978 1213 2034 1261 et
2055 1204 2141 1260 hic

549 1289 668 1328 cum
696 1278 938 1346 dixisset,
966 1282 1185 1339 Aculeus
1217 1296 1384 1342 autent
1410 1292 1589 1346 mortis
1635 1304 1895 1363 peccatum
1915 1336 1928 1359 ,
1983 1298 2141 1353 virtus

548 1378 714 1421 autem
742 1375 933 1440 peccati
959 1376 1041 1429 tea:
1076 1393 1095 1431 :
1146 1379 1273 1449 quid
1302 1382 1492 1437 times?
1543 1386 1669 1455 quid
1713 1387 1921 1444 laboras
1950 1388 1974 1442 ?
2012 1391 2138 1461 quid

545 1461 748 1515 sudas?
775 1464 910 1519 Audi
957 1468 1097 1536 quod
1127 1472 1369 1541 sequitur
1401 1491 1413 1527 :
1443 1473 1647 1530 Gratias
1670 1486 1838 1532 autem
1868 1479 1998 1548 Deo,
2053 1483 2139 1553 qui

544 1550 681 1604 dedit
733 1553 874 1609 nobis
938 1558 1196 1614 victoriam
1238 1579 1326 1631 per
1369 1562 1644 1621 Dominum
1684 1578 1909 1624 nostrum
1959 1570 2138 1628 Iesum

548 1642 803 1699 Christum
820 1645 932 1715 (Id.
948 1665 1041 1714 xv,
1062 1650 1151 1718 56,
1172 1652 1287 1725 57).
1306 1654 1465 1711 Certe
1492 1666 1545 1712 tu
1576 1658 1667 1713 tibi
1695 1659 1789 1715 das
1814 1661 2089 1717 victoriam
2112 1664 2137 1719 ?

544 1731 748 1789 Gratias
778 1735 913 1804 Deo,
954 1741 1042 1810 qui
1084 1741 1224 1796 dedit
1261 1745 1404 1800 nobis
1437 1748 1698 1804 victoriam
1740 1768 1830 1823 per
1856 1751 2136 1809 Dominum

545 1837 769 1878 nostrum
796 1826 979 1883 Iesum
1010 1830 1284 1889 Christum.

610 1914 836 1974 CAPUT
878 1920 991 1975 XII.
1022 1953 1096 1964 —
1135 1926 1224 1981 i2.
1274 1926 1624 1987 Invocandum
1672 1933 1770 1990 Dei
1797 1936 2130 2007 adjutorium.

539 2005 681 2079 Ergo
709 2026 826 2065 cum
866 2017 1096 2085 cmperis
1123 2020 1366 2077 laborare
1422 2039 1662 2096 pugnans
1695 2039 1879 2085 contra
1933 2047 2127 2090 concu-

540 2103 823 2171 piscentias
851 2111 1049 2177 carnis,
1100 2114 1290 2183 spiritu
1340 2119 1576 2187 ambula,
1624 2123 1868 2192 spiritum
1906 2126 2128 2196 invoca,

537 2194 736 2251 donum
768 2198 859 2254 Dei
887 2218 1086 2271 quaere.
1120 2205 1183 2259 Et
1209 2206 1254 2261 si
1285 2208 1368 2264 lex
1398 2209 1450 2263 in
1475 2213 1729 2269 membris
1766 2228 2025 2288 repugnat
2051 2194 2131 2275 le;

536 2287 586 2357 gi
614 2291 809 2346 mentis
834 2300 939 2346 tua:
993 2307 1236 2367 exparte
1286 2300 1558 2371 inferiori,
1597 2305 1649 2361 id
1698 2316 1801 2372 est,
1861 2325 1893 2364 a
1946 2326 2126 2380 carne,

536 2381 801 2450 captivum
831 2393 883 2440 te
910 2393 1056 2442 tenet
1082 2390 1182 2444 sub
1209 2391 1322 2463 lege
1352 2396 1555 2465 peccati
1588 2415 1601 2451 :
1634 2407 1686 2453 et
1737 2399 1839 2457 hoc
1879 2405 2131 2459 emenda-

536 2468 700 2540 bitur,
753 2475 938 2532 ethoc
968 2480 1196 2537 transiet
1237 2484 1293 2538 in
1339 2485 1458 2555 jura
1485 2488 1742 2547 victoria}.
1794 2493 1872 2549 Tu
1926 2504 2128 2552 tantum

534 2564 738 2633 clama-,
776 2577 831 2623 tu
877 2579 1078 2628 tantum
1109 2576 1315 2632 invoca.
1368 2579 1577 2650 Oportet
1619 2601 1815 2658 semper
1865 2606 2029 2659 orare,
2081 2600 2129 2646 et

534 2659 1042 2735 nonde/icere(Luc.
1076 2683 1240 2735 xvm,
1266 2671 1291 2725 1
1318 2669 1362 2743 ).
1411 2673 1600 2731 lnvoca
1643 2679 1884 2748 omnino,
1940 2681 2125 2738 invoca

532 2748 871 2818 adjutorium.
925 2757 1106 2812 Adhuc
1134 2767 1182 2813 te
1210 2761 1442 2833 loquente
1461 2808 1476 2832 ,
1528 2766 1687 2837 dicit,
1764 2770 1896 2826 Ecce
1922 2774 2124 2829 adsunt.

534 2838 661 2895 Post
687 2842 943 2917 intellige,
969 2858 1024 2904 et
1059 2851 1211 2908 audis
1255 2854 1523 2913 dicentem
1554 2862 1748 2918 animae
1779 2871 1916 2932 tute,
1967 2866 2127 2923 Salus

533 2939 621 2985 tua
648 2949 739 3004 ego
766 2951 878 2990 sum
912 2937 1085 3009 (Psal.
1116 2959 1287 3000 xxxnv
1311 2988 1326 3014 ,
1371 2948 1448 3018 5).
1479 2949 1613 3004 Cum
1641 2966 1770 3023 ergo
1809 2955 1892 3010 lex
1948 2959 2126 3014 carnis

533 3038 829 3095 repugnare
854 3034 1078 3102 coeperit
1106 3035 1208 3106 legi
1250 3039 1466 3106 mentis,
1495 3050 1551 3096 et
1580 3046 1845 3114 captivum
1888 3057 1939 3103 te
1963 3049 2126 3107 duce-

484 3181 488 3185 ,
530 3131 589 3171 re
626 3117 677 3171 in
716 3118 832 3191 lege
861 3127 1097 3192 peccati,
1138 3144 1257 3198 quae
1286 3139 1370 3185 est
1400 3131 1452 3186 in
1479 3135 1736 3191 membris
1765 3138 1867 3193 tuis
1900 3159 1912 3194 :
1959 3157 2122 3198 oran-

527 3208 598 3263 do
623 3210 730 3276 dic,
762 3216 1065 3272 conﬁtendo
1111 3219 1195 3275 dic
1217 3262 1231 3283 ,
1282 3221 1441 3277 Miser
1464 3241 1553 3296 ego
1601 3227 1771 3283 homo.
1802 3230 1940 3298 Quid
1978 3235 2120 3291 enim

528 3300 671 3356 aliud
693 3313 775 3358 est
805 3305 1005 3362 homo?
1058 3310 1196 3378 Quid
1221 3324 1295 3367 est
1342 3315 1514 3384 homo,
1555 3319 1654 3373 nisi
1682 3321 1818 3391 quod
1864 3341 2054 3381 memor
2067 3345 2121 3384 es

530 3393 640 3462 ejus
676 3393 844 3466 (Psal.
877 3414 991 3467 vm,
1021 3398 1123 3472 5)?
1164 3402 1280 3472 Dic,
1330 3403 1494 3461 Miser
1515 3425 1608 3480 ego
1636 3409 1785 3465 homo
1817 3415 1978 3485 :quia
2017 3419 2118 3475 nisi

530 3486 769 3541 venisset
813 3488 981 3546 Filius
1009 3491 1277 3562 hominis,
1330 3498 1580 3567 periisset
1627 3500 1809 3559 immo.
1866 3506 2118 3568 Exclama

524 3572 578 3628 in
608 3579 894 3647 angustiis,
928 3581 1054 3649 Quis
1071 3600 1149 3637 me
1178 3585 1406 3642 liberabit
1430 3590 1494 3648 de
1523 3607 1734 3664 corpore
1772 3599 1946 3653 mortis
2017 3603 2119 3657 hu~

512 3666 645 3737 jus?
696 3670 785 3727 ubi
811 3672 892 3728 lex
925 3674 975 3727 in
1008 3676 1264 3733 membris
1291 3681 1424 3735 meis
1448 3694 1711 3755 repugnat
1764 3687 1867 3758 legi
1917 3694 2116 3750 mentis

521 3773 674 3815 meae.
719 3760 1048 3818 Condelector
1067 3768 1207 3821 enim
1243 3769 1341 3842 legi
1364 3770 1462 3827 Dei
1503 3778 1779 3833 secundum
1826 3781 2115 3842 interiorem

518 3852 770 3908 hominem
785 3893 798 3907 .
821 3856 946 3922 Quis
974 3876 1053 3913 me
1076 3861 1299 3917 liberabit
1320 3866 1382 3920 de
1406 3883 1616 3938 corpore
1638 3873 1814 3928 mortis
1841 3874 2033 3943 hujus?
2056 3879 2112 3936 Si

521 3940 624 3997 hoc
654 3943 910 4014 ﬁdeliter,
958 3949 1004 4004 si
1048 3950 1322 4011 humiliter
1346 3956 1518 4025 dicis;
1560 3962 1837 4021 verissime
1884 3984 2111 4041 respon-

515 4032 704 4102 detur,
751 4035 927 4093 Gratia
989 4040 1087 4097 Dei
1138 4061 1226 4115 per
1286 4046 1462 4104 Iesum
1519 4050 1774 4110 Christum
1833 4058 2110 4118 Dominum

516 4138 744 4181 nostrum
805 4130 978 4201 (Rom.
1039 4150 1142 4203 vn,
1207 4137 1425 4213 22-25).
1488 4141 1743 4204 Conversi
1801 4151 1867 4206 ad
1928 4154 2109 4212 Domi-

515 4232 641 4272 num
664 4258 679 4284 ,
714 4229 817 4276 etc.

1005 4319 1234 4380 SERMO
1259 4323 1465 4383 CLXIV
1483 4329 1605 4404 ‘(a).

513 4426 594 4484 De
641 4432 801 4488 verbis
846 4435 1112 4507 Apostoli,
1170 4440 1343 4498 Galat.
1398 4462 1513 4518 cap.
1559 4427 1643 4517 vi,
1693 4451 1813 4519 2-5,
1868 4454 2101 4514 Invicem

582 4537 745 4577 onera
774 4535 948 4581 vestra
980 4539 1186 4598 portate
1218 4544 1304 4588 :et
1326 4536 1389 4590 de
1407 4537 1536 4605 istis,
1568 4540 1941 4618 Unusquisque
1964 4563 2101 4607 onus

582 4627 736 4667 suum
768 4618 1019 4685 portabit.
1047 4620 1237 4678 Contra
1263 4624 1576 4699 Donatistas,
1604 4636 1756 4704 paulo
1784 4647 1899 4709 post
1950 4641 2102 4696 habi-

579 4714 683 4757 tam
708 4706 1014 4781 Carthagine
1036 4709 1369 4773 Collationem
1398 4726 1748 4789 pronuntiatus
1769 4706 1867 4801 (ib).

576 4816 804 4875 CAPUT
834 4821 1261 4886 PRIMUM—.4.
1279 4830 1387 4887 Lea:
1414 4834 1600 4891 Christi
1619 4855 1652 4891 a
1683 4843 1994 4910 portantibus
2009 4846 2094 4902 in-

514 4906 668 4961 vicem
697 4926 852 4966 onera
876 4930 969 4970 sua
998 4917 1255 4991 impletur.
1286 4922 1486 4981 Omnes
1528 4944 1625 4984 nos
1656 4906 1750 5002 per
1776 4934 2092 5006 Apostolum

501 4999 753 5057 admonet
783 5006 1000 5076 veritas,
1027 5019 1085 5065 ut
1105 5012 1331 5070 invicem
1357 5031 1520 5074 onera
1544 5032 1723 5079 nostra
1767 5037 2040 5097 portemus
2071 5049 2086 5086 :

502 5100 553 5144 ct
576 5092 627 5146 in
656 5110 721 5148 eo
749 5096 865 5166 ipso
889 5115 995 5170 quo
1022 5117 1120 5158 nos
1140 5104 1413 5175 admonet,
1445 5119 1503 5165 ut
1528 5112 1755 5171 invicem
1786 5133 1948 5176 onera
1992 5137 2090 5179 no-

499 5191 609 5238 stra
639 5194 931 5258 portemus,
959 5208 1065 5262 quo
1084 5194 1253 5252 fructu
1276 5197 1327 5253 id
1344 5198 1598 5258 faciamus
1622 5206 1873 5278 ostendit,
1899 5212 2089 5283 adjun-

498 5288 628 5343 gens
654 5286 709 5333 et
735 5279 941 5350 dicens,
971 5282 1041 5339 Et
1060 5286 1134 5340 sic
1159 5288 1496 5362 adimplebitis
1524 5294 1682 5367 legem
1704 5296 1889 5355 Christi
1917 5319 1937 5357 :
1964 5279 2086 5376 quas

498 5380 604 5461 non
634 5367 1085 5460 implebituranisi
1112 5378 1337 5436 invicem
1376 5398 1545 5461 onera
1565 5398 1746 5444 nostra
1789 5404 2081 5461 portemus.

497 5435 628 5504 Qua:
655 5435 763 5496 sint
783 5435 955 5501 onera.
968 5449 1091 5513 ista,
1116 5460 1171 5505 et
1191 5435 1637 5521 quemadniodun‘t
1664 5435 1939 5529 portanti;
1953 5435 2079 5537 sini:

554 5571 974 5657 ‘_§astjga_tus_ad
1004 5596 1055 5657 _a.
1088 5584 1173 5635 bo.
1198 5586 1261 5637 cl.
1287 5586 1367 5640 cb.‘
1387 5588 1420 5640 f.
1444 5589 1504 5641 fs.
1528 5602 1579 5657 g.
1605 5589 1664 5644 ιτ.
1690 5607 1757 5644 m.
1783 5609 1855 5655 pr.
1879 5609 1972 5651 rm.
1997 5601 2079 5655 vd.

489 5640 543 5685 et
568 5636 627 5685 ad
652 5636 752 5688 Ani.
778 5648 849 5691 Er.
878 5651 978 5694 Par.
1004 5653 1114 5698 Lov.

573 5712 603 5747 a
648 5701 788 5764 Alias,
814 5705 879 5756 de
916 5710 1082 5760 verbis
1105 5712 1312 5775 Apostoli
1336 5713 1412 5765 ﬂ.

547 5699 624 5824 ibi
646 5768 708 5813 Ex
733 5768 910 5820 eodem
929 5783 1161 5824 sermone
1184 5777 1407 5824 numnam

480 5758 708 5876 “(0218::
733 5758 910 5820 eodem
929 5758 1165 5825 sermone
1429 5779 1672 5834 transtulit
1693 5784 1861 5837 Florus
1893 5788 1954 5838 ad
1989 5797 2078 5842 Ga-

1788 345 1847 407 S.
1887 348 2258 423 AUGUSTINI
2295 356 2601 417 EPlSCOPl

2256 475 2505 542 quoniam
2528 480 2741 549 quidem
2767 498 2954 545 omnes
2973 506 3072 562 pro
3086 498 3279 553 nostris
3305 501 3488 565 viribus
3511 521 3668 576 conari
3688 523 3764 582 de.

2253 564 2443 623 bemus
2473 571 2696 641 implere
2722 576 2893 648 legem
2919 581 3140 652 Christi,
3172 589 3442 660 adjuvante

2253 658 2422 715 nabor
2448 666 2749 723 ostendere.
2782 670 2934 739 Quod
2964 692 3051 733 me
3072 678 3539 750 demonstraturum
3553 714 3767 777 essepro.

2250 752 2427 820 posui,
2458 768 2782 818 mementote
2808 774 2867 819 ut
2884 768 3108 840 exigatis
3133 784 3222 830 :et
3240 792 3354 835 cum
3378 752 3772 865 reddiderant;

3508 841 3632 850 mw
3684 841 3771 862 ..υιι

2249 841 2462 913 petatis.
2498 848 2608 906 Hoc
2630 869 2715 908 me
2743 855 3228 923 demonstraturum
3267 887 3382 930 esse
3424 841 3665 955 proposui,
3693 895 3771 950 ad.

2245 933 2465 1005 juvante
2495 941 2717 1000 Domino
2755 948 3102 1013 intentionem
3154 976 3321 1020 meam
3347 977 3400 1024 et
3436 933 3544 1042 pror
3560 993 3636 1036 me
3654 933 3771 1041 ὀη-

2252 1030 2425 1087 tiones
2450 1044 2676 1107 vestras,
2710 1046 2960 1125 quag‘sint
2980 1064 3143 1107 onera
3173 1070 3291 1125 quae
3312 1030 3524 1123 invicem
3549 1086 3636 1128 nos
3651 1077 3774 1145 jubet

2247 1133 2306 1178 ut
2332 1136 2607 1194 portemus
2640 1136 2949 1208 Apostolus,
2990 1153 3044 1200 et
3080 1153 3514 1217 quemadmodum
3557 1133 3774 1235 portanda

2246 1216 2370 1271 sint.
2405 1219 2518 1275 Hoc
2543 1224 2585 1277 si
2609 1225 2910 1301 fecerimus,
2951 1235 3077 1292 illud
3101 1216 3188 1295 ubi
3231 1242 3452 1305 fructum
3494 1216 3672 1329 posuit,
3700 1216 3775 1322 εἶιξ

2244 1319 2435 1377 sponte
2460 1327 2834 1391 consequetur,
2863 1336 2921 1380 ut
2942 1327 3258 1399 impleamus
3283 1338 3445 1409 legem
3466 1319 3660 1405 Christi.

2313 1401 2369 1457 2.
2405 1404 2572 1463 Onera
2610 1411 2981 1487 distinguenda.
3009 1422 3143 1480 Dicit
3167 1401 3360 1501 aliquis
3386 1453 3399 1489 ε
3429 1401 3777 1505 οδεοιιῖὲόηῖηι

2241 1496 2515 1562 apostolus
2545 1500 2753 1560 locutus
2778 1515 2880 1575 est,
2920 1519 2977 1566 ut
3025 1522 3079 1568 tu
3116 1496 3326 1576 coneris
3404 1496 3648 1598 exponere
3666 1496 3778 1608 Ean

2241 1585 2349 1641 sint
2394 1589 2495 1647 ista
2542 1608 2726 1665 onera,
2776 1602 2860 1657 vel
2910 1609 3357 1675 quemadmodum
3395 1618 3607 1681 invicem
3650 1585 3783 1687 stisti-

2241 1684 2456 1740 nenda?
2477 1688 2571 1744 Est
2586 1690 2694 1747 illic
2718 1699 2962 1764 quaestio,
2989 1717 3109 1771 quae
3136 1721 3238 1762 nos
3261 1711 3401 1780 cogit
3433 1729 3586 1772 onera
3621 1720 3780 1779 distin-

2239 1791 2422 1846 guere.
2452 1782 2519 1837 Et
2544 1784 2597 1839 in
2616 1786 2731 1856 ipso
2755 1791 2953 1862 quippe
2992 1799 3227 1867 capitulo
3269 1804 3511 1864 lectionis
3548 1811 3694 1870 habes
3725 1818 3783 1873 ibi

2239 1872 2497 1941 positum,
2542 1875 2895 1955 Unusquisque
2921 1899 3093 1944 autem
3119 1898 3386 1966 proprium
3426 1917 3546 1957 onus
3581 1910 3780 1975 portabit.

2238 1961 2355 2018 Iam
2398 1981 2528 2038 ergo
2575 1975 2779 2030 occurit
2820 1981 3067 2038 sensibus
3114 1961 3347 2057 vestris,
3391 1991 3446 2048 Si
3494 1961 3786 2072 unusquisque

2238 2073 2366 2114 onus
2396 2066 2662 2134 proprium
2690 2072 2927 2141 portabit,
2955 2081 3231 2147 quomodo
3257 2084 3404 2154 dicit,
3434 2066 3643 2147 Invicem
3660 2111 3785 2151 onera

2236 2160 2397 2205 vestra
2420 2159 2652 2224 portate?
2676 2160 2787 2217 Nisi
2817 2166 2939 2235 quia
2965 2183 3127 2225 onera
3172 2173 3543 2247 distinguenda
3582 2195 3709 2254 sunt,
3734 2203 3788 2244 ne

2236 2244 2336 2301 sibi
2374 2253 2640 2307 contraria
2689 2256 2830 2326 Ιοτμιί
2884 2271 3100 2331 putetur
3161 2244 3467 2338 Apostolus.
3512 2274 3619 2332 Non
3668 2279 3785 2335 enim

2234 2335 2412 2408 longe,
2440 2357 2544 2396 non
2575 2345 2718 2401 enim
2766 2349 2817 2403 in
2848 2352 2951 2407 alia
2983 2355 3247 2425 Epistola,
3281 2378 3386 2418 non
3429 2368 3568 2422 enim
3616 2370 3664 2425 in
3709 2372 3789 2428 hac

2236 2429 2349 2500 ipsa
2378 2433 2534 2506 longe
2563 2441 2809 2508 superius
2838 2454 2930 2500 aut
2958 2446 3219 2519 inferius;
3244 2456 3339 2510 sed
3369 2457 3421 2512 in
3443 2474 3508 2514 eo
3529 2462 3637 2532 ipso
3670 2464 3785 2534 loco,

2234 2522 2305 2578 ita
2337 2533 2394 2581 ut
2418 2527 2517 2585 sibi
2541 2531 2645 2587 sint
2667 2535 2854 2592 eadem
2883 2542 3041 2596 verba
3089 2548 3364 2619 contigua,
3408 2522 3673 2625 utrumque
3710 2522 3789 2628 po:

2233 2618 2359 2685 suit,
2383 2628 2437 2675 et
2461 2624 2581 2693 quia
2611 2632 2975 2701 unusquisque
3018 2618 3299 2708 proprium
3326 2658 3460 2700 onus
3498 2618 3723 2717 portabit:
3745 2658 3789 2706 et

2232 2712 2376 2780 quod
2397 2714 2673 2775 admonuit
2695 2731 2750 2776 et
2779 2722 3021 2783 hortatus
3043 2738 3145 2799 est,
3181 2743 3240 2788 ut
3267 2712 3672 2797 invicem'onera
3706 2757 3788 2798 no-

2233 2811 2342 2857 stra
2373 2815 2666 2874 portemus.

2302 2894 2527 2955 CAPUT
2552 2901 2612 2957 ll.
2649 2906 2798 2961 -—5.
2852 2908 3073 2967 Onerum
3125 2916 3234 2971 duo
3280 2934 3485 2990 genera.
3531 2924 3640 2979 Alia
3687 2939 3793 2997 ergo

2231 3000 2353 3043 sunt
2375 3005 2561 3060 onera,
2591 2995 2644 3050 in
2681 3000 2874 3067 quibus
2900 3006 3277 3080 unusquisque
3315 3015 3587 3085 proprium
3626 2995 3787 3087 portat,

2230 3090 2332 3131 nec
2358 3087 2535 3147 portat
2563 3096 2684 3137 cum
2730 3086 2834 3141 alio
2863 3089 3017 3155 alter,
3060 3109 3164 3149 nec
3214 3099 3434 3169 projicit
3464 3102 3518 3157 in
3561 3086 3789 3169 alterum;

2227 3178 2284 3226 et
2306 3172 2410 3227 alia
2437 3184 2562 3230 sunt
2582 3191 2764 3246 onera,
2798 3181 2849 3236 in
2874 3184 3066 3253 quibus
3084 3198 3239 3246 recte
3266 3192 3404 3248 dicis
3448 3194 3611 3262 fratri,
3652 3195 3788 3251 Porto

2228 3272 2424 3332 tecum,
2454 3278 2545 3323 aut
2566 3270 2728 3327 Porto
2762 3289 2860 3343 pro
2884 3285 2956 3333 te.
3004 3278 3060 3335 Si
3112 3297 3251 3353 ergo
3295 3285 3631 3344 distinctione
3681 3301 3793 3358 opus

2225 3364 2328 3425 est,
2352 3374 2457 3413 non
2486 3371 2565 3417 est
2588 3363 2757 3420 facilis
2779 3367 3100 3426 intellectus.
3126 3374 3332 3431 Contra
3362 3393 3457 3433 eos
3476 3395 3599 3450 ergo
3616 3380 3695 3450 qui
3714 3394 3794 3449 pu-

2150 3484 2154 3488 -
2224 3446 2406 3504 labant
2432 3466 2590 3521 posse
2617 3455 2886 3513 hominem
2934 3465 3298 3525 contaminari
3342 3446 3576 3539 peccatis
3614 3468 3791 3536 alienis,

2222 3543 2503 3609 respondit
2529 3545 2839 3617 Apostolus,
2873 3550 3237 3626 Unusquisque
3261 3576 3397 3615 onus
3424 3562 3672 3633 proprium
3696 3577 3794 3632 por-

2221 3635 2365 3690 tabit.
2396 3636 2545 3702 Item,
2586 3652 2773 3699 contra
2818 3661 2913 3701 eos
2947 3649 3143 3719 quibus
3192 3669 3296 3723 per
3321 3655 3428 3713 hoc
3460 3658 3624 3728 possit
3647 3655 3793 3728 negli-

2218 3728 2395 3798 gentia
2422 3730 2745 3803 subintrare,
2776 3745 2836 3792 ut
2856 3741 3007 3809 quasi
3034 3746 3213 3799 securi
3244 3745 3377 3803 facti
3404 3750 3543 3820 quod
3563 3765 3659 3805 non
3681 3765 3792 3806 con-

2218 3820 2606 3879 taminarentur
2628 3829 2858 3896 peccatis
2884 3832 3092 3899 alienis,
3126 3838 3413 3895 neminem
3434 3848 3675 3896 curarent
3695 3854 3792 3895 cor-

2217 3908 2407 3979 rigere,
2438 3911 2666 3970 lnvicem
2694 3934 2849 3973 onera
2876 3931 3041 3977 vestra
3069 3937 3300 3995 portate.
3333 3931 3577 3987 Breviter
3600 3933 3789 3997 dictum,

2213 3999 2553 4075 breviterque
2609 4007 2917 4067 distinctum
2958 4024 3042 4070 est
3073 4034 3087 4071 :
3118 4027 3180 4074 et
3232 4032 3498 4092 quantum
3555 4023 3790 4089 existimo,

2213 4094 2694 4155 manifestationem
2724 4105 2963 4161 veritatis
2984 4122 3092 4163 non
3120 4110 3435 4182 impedivit.
3464 4115 3596 4171 Nam
3622 4126 3671 4171 et
3689 4116 3791 4171 bre-

2212 4186 2349 4243 viter
2373 4190 2618 4259 audistis,
2649 4202 2704 4249 et
2725 4196 2832 4251 cito
2861 4197 3224 4259 intellexistis.
3262 4207 3447 4263 Corda
3487 4217 3657 4265 vestra
3700 4220 3791 4262 non

2209 4278 2317 4333 vidi
2350 4297 2365 4335 :
2392 4283 2486 4338 sed
2522 4293 2687 4340 testes
2713 4289 2893 4345 cordis
2920 4306 3081 4348 voces
3118 4297 3336 4354 audivi.
3369 4301 3492 4356 Iam
3533 4317 3653 4373 ergo
3687 4310 3793 4355 tan-

2208 4386 2367 4442 quam
2397 4373 2466 4430 de
2511 4375 2797 4435 intellectis
2843 4384 3038 4450 securi,
3070 4386 3363 4459 aliquanto
3394 4393 3552 4448 latius
3585 4393 3790 4473 dissera-

2206 4478 2355 4531 mus;
2402 4480 2509 4521 nou
2540 4476 2596 4521 ut
2636 4468 3034 4543 intelligendum
3079 4477 3418 4550 insinuetur,
3445 4485 3543 4540 sed
3589 4494 3645 4540 ut
3668 4468 3789 4555 quod

2204 4555 2533 4614 intellectum
2563 4573 2667 4631 est,
2694 4568 3117 4625 commendetur.

2272 4650 2326 4704 4.
2360 4649 2471 4706 Sua
2495 4655 2675 4725 cuique
2715 4673 2888 4726 onera,
2944 4673 3172 4732 peccata.
3226 4666 3580 4727 Concionator
3618 4669 3788 4733 mundi.

2202 4737 2456 4797 Christus.
2487 4743 2665 4802 Onera
2702 4764 2823 4819 qua:
2873 4756 3246 4828 unusquisque
3299 4776 3399 4817 sua
3459 4771 3650 4835 portat,
3686 4775 3792 4834 pec-

2201 4842 2324 4887 cata
2352 4845 2498 4892 sunt.
2528 4836 2635 4893 Has
2654 4839 3048 4902 detestabilium
3070 4863 3313 4908 onerum
3346 4858 3590 4913 sarcinas
3606 4867 3793 4928 portan-

2199 4922 2342 4979 tibus
2370 4924 2698 4997 hominibus,
2729 4940 2786 4987 et
2812 4936 2913 4990 sub
2932 4938 3013 4993 eis
3038 4938 3244 4999 frustra
3264 4922 3619 5016 sudantibus,
3636 4946 3791 5005 Domi-

2196 5031 2296 5071 nus
2324 5017 2454 5073 dicit
2490 5037 2504 5076 :
2540 5019 2715 5078 Venite
2733 5025 2802 5079 ad
2820 5044 2919 5096 me,
2941 5046 3112 5088 omnes
3141 5038 3238 5107 qui
3266 5039 3524 5098 laboratis
3556 5053 3603 5097 et
3625 5039 3792 5096 onerati

2194 5110 2332 5176 estis,
2365 5120 2414 5165 et
2433 5129 2524 5183 ego
2544 5116 2767 5185 reﬁciam
2785 5121 3195 5191 vos.lQuomodo
3216 5131 3404 5189 reﬁcit
3420 5135 3651 5206 peccatis
3677 5146 3791 5190 one-

2192 5209 2360 5271 ratos,
2428 5204 2531 5259 nisi
2603 5206 2927 5280 indulgentia
2976 5226 3383 5284 peccatorum?
3422 5204 3793 5284 vConcionator

2191 5295 2394 5363 mundi,
2420 5297 2488 5353 de
2508 5299 2736 5370 quadam
2763 5307 2977 5372 specula
3000 5311 3239 5369 excelsae
3257 5321 3611 5378 auctoritatis
3634 5319 3793 5378 excla-

2189 5395 2347 5442 mat:
2404 5389 2563 5458 Audi,
2617 5408 2788 5464 genus
2829 5396 3163 5472 humanum;
3216 5410 3434 5480 audite,
3479 5415 3573 5472 lilii
3605 5416 3790 5481 Adam;

2189 5478 2333 5545 audi,
2364 5495 2534 5551 genus
2555 5484 2880 5545 laboriosum
2907 5502 2962 5548 et
2982 5494 3398 5561 infructuosum
3422 5478 3443 5561 γε
3479 5508 3634 5565 video
3656 5507 3792 5565 labo-

2186 5585 2300 5626 rem
2336 5583 2591 5642 vestrum,
2623 5579 2801 5639 videte
2838 5583 3038 5642 donum
3082 5604 3302 5652 meum.
3354 5599 3506 5669 Scio,
3558 5602 3793 5659 laboratis

2184 5670 2240 5718 et
2288 5667 2494 5721 onerati
2535 5670 2697 5736 estis;
2727 5682 2781 5727 et
2828 5677 2970 5746 quod
3006 5686 3087 5735 est
3137 5667 3430 5758 miserius,
3484 5696 3793 5765 perniciosas

2183 5756 2442 5825 sarcinas,
2480 5764 2672 5818 vestris
2694 5763 2931 5823 humeris
2948 5771 3184 5842 alligatis
3210 5780 3320 5836 :ad
3344 5756 3504 5855 haec,-
3518 5788 3661 5860 quod
3695 5803 3782 5860 pe-

2178 5845 2269 5918 jus
2292 5857 2395 5919 est,
2422 5866 2588 5911 onera
2616 5854 2746 5913 addi
2776 5859 2931 5918 vobis
2955 5863 3163 5937 petitis,
3195 5884 3317 5929 non
3339 5845 3570 5948 deponi.
