4108 6336
333 335 437 392 897

405 449 630 507 CAPUT
660 447 888 504 lib—5.
919 446 1061 502 Onus
1088 456 1332 501 avarum.
1358 443 1499 498 Onus
1525 440 1760 514 pigritiae.
1785 436 1916 504 Quis

334 556 580 603 nostrum
605 544 753 600 brevi
780 553 1020 613 tempore
1048 550 1225 613 potest
1266 537 1708 608 niultiplieitatem
1745 543 1799 589 et
1831 548 1921 586 va—

337 639 581 695 rietatem
612 636 801 692 barum
826 635 1092 691 disserere
1139 617 1507 689 sarcinarum?
1550 629 1752 685 Tamen
1797 625 1921 681 inde

334 744 503 802 pauca
545 741 1047 794 commemoramus,
1095 734 1149 781 et
1176 724 1244 780 de
1294 724 1377 780 his
1418 731 1614 777 caetera
1662 718 1922 789 conjecte-

335 836 476 889 mus.
509 820 645 876 Vide
673 819 945 874 hominem
974 825 1252 874 oneratum
1283 816 1489 871 sarcina
1511 812 1771 878 avaritiae,
1797 811 1921 867 vide

334 913 485 969 illum
508 913 610 968 sub
642 913 743 968 hac
766 914 976 968 sarcina
1002 911 1305 978 sudantem,
1333 909 1694 970 anhelantem,
1727 906 1914 960 sitien—

337 1016 466 1074 tem,
497 1014 553 1061 et
600 1004 890 1060 laborando
929 1004 1191 1059 sarcinam
1222 1001 1523 1056 addentem.
1570 997 1706 1065 Quid
1738 1010 1921 1065 exspe—

334 1108 471 1166 etas,
502 1115 536 1153 ο
560 1113 740 1164 avare,
768 1098 1097 1167 amplectens
1126 1111 1261 1150 onus
1293 1104 1461 1159 tuum,
1499 1100 1553 1146 et
1590 1089 1794 1146 catenis
1824 1102 1918 1142 eu-

336 1189 573 1260 piditatis
592 1189 814 1258 alligans
840 1188 1035 1243 malam
1056 1186 1320 1242 sarcinam
1355 1184 1457 1240 sub
1478 1182 1730 1237 humeros
1759 1178 1916 1236 tuos?

336 1280 473 1348 Quid
500 1279 809 1351 exspectas?
838 1279 963 1351 quid
985 1277 1230 1334 laboras?
1257 1276 1382 1347 quid
1403 1274 1572 1331 inbias
1590 1274 1614 1327 ?
1642 1272 1766 1344 quid
1788 1287 1915 1328 con-

336 1372 605 1441 cupiscis?
628 1370 829 1440 Nempe
858 1371 1055 1446 satiare
1101 1368 1398 1423 avaritiam.
1444 1365 1488 1421 Ο
1518 1374 1639 1421 vota
1665 1364 1836 1419 inania
1863 1371 1918 1418 et

336 1462 473 1518 facta
496 1463 846 1533 nequissima!
894 1464 1183 1533 Ex5pectas
1213 1477 1340 1532 ergo
1366 1461 1561 1516 satiare
1605 1458 1917 1514 avaritiam?

337 1557 431 1612 Illa
461 1566 512 1611 te
540 1565 713 1627 potest
740 1572 1007 1626 premere,
1036 1564 1091 1611 tu
1109 1555 1252 1610 illam
1280 1571 1389 1609 non
1417 1561 1571 1624 potes
1596 1553 1811 1607 satiare.
1831 1551 1913 1605 Au

336 1646 477 1703 forte
497 1664 603 1702 non
622 1658 702 1702 est
717 1647 928 1717 gravis?
956 1646 1139 1717 Usque
1160 1646 1293 1701 adeo
1319 1647 1416 1701 sub
1439 1646 1539 1700 hac
1558 1645 1763 1699 sarcina
1795 1658 1917 1697 sen-

338 1755 456 1796 sum
485 1741 645 1795 etiam
672 1739 987 1810 perdidisti?
1008 1739 1121 1795 Non
1152 1748 1236 1795 est
1263 1739 1436 1809 gravis
1465 1736 1721 1792 avaritia?
1741 1736 1916 1803 Quare

337 1844 463 1900 ergo
509 1839 559 1885 te
601 1829 669 1884 de
703 1846 890 1886 somno
942 1831 1154 1894 excitat,
1194 1846 1311 1900 quae
1352 1840 1401 1884 te
1441 1828 1722 1899 aliquando
1757 1827 1917 1882 etiam

337 1920 572 1976 dormire
602 1937 706 1977 non
733 1922 890 1977 sinit?
918 1922 982 1976 Et
1005 1921 1233 1976 fortasse
1261 1921 1426 1976 habes
1469 1935 1589 1975 cum
1644 1920 1731 1974 illa
1777 1917 1914 1973 alte-

335 2031 455 2071 rum
484 2032 620 2071 onus
649 2016 893 2086 pigritiae,
935 2026 989 2072 et
1018 2016 1118 2070 ista
1144 2015 1250 2070 duo
1293 2014 1612 2084 nequissima
1637 2028 1799 2070 onera
1829 2027 1917 2067 se-

337 2120 566 2177 cumque
590 2108 875 2177 pugnantia
902 2115 1150 2177 premunt
1178 2115 1248 2173 te,
1298 2114 1352 2160 et
1400 2104 1660 2159 dilaniant
1704 2113 1773 2159 te.
1798 2102 1916 2157 Non

337 2200 480 2255 enim
508 2201 649 2270 paria
678 2201 960 2272 imperant,
992 2216 1099 2255 non
1126 2200 1269 2255 enim
1292 2199 1481 2254 similia
1503 2198 1710 2268 jubent.
1742 2196 1915 2267 Pigri-

338 2293 410 2347 tia
432 2292 599 2360 dicit,
632 2293 809 2347 Dormi
843 2310 856 2346 :
885 2293 1104 2347 avaritia
1125 2292 1271 2356 dicit,
1304 2290 1491 2364 Surge.
1520 2288 1735 2360 Pigritia
1765 2287 1915 2353 dicit,

340 2382 460 2438 Noli
516 2384 621 2454 pati
674 2381 892 2454 frigidos
936 2383 1101 2438 dies:
1157 2382 1377 2436 avaritia
1429 2380 1577 2445 dicit,
1628 2378 1817 2434 Tolcra
1860 2377 1915 2431 in

339 2477 475 2531 mari
504 2476 666 2531 etiam
698 2485 1059 2545 tempestates.
1092 2475 1183 2529 Illa
1209 2474 1355 2541 dicit,
1384 2473 1644 2540 Quiesce;
1683 2471 1769 2525 illa
1810 2486 1915 2525 non

340 2566 466 2621 sinit
502 2567 794 2636 quiescere.
825 2567 1003 2632 .Iubet,
1033 2582 1137 2621 non
1159 2566 1329 2621 solum
1356 2607 1370 2631 ,
1400 2563 1666 2630 Procede;
1707 2562 1800 2617 sed
1829 2570 1916 2629 et,

339 2656 535 2727 Naviga
563 2668 707 2713 trans
746 2674 913 2725 mare,
940 2675 1118 2729 quaere
1163 2667 1331 2713 terras
1355 2672 1487 2727 quas
1513 2656 1741 2726 ignoras.
1777 2654 1917 2709 Mer-

340 2766 432 2807 ccs
459 2752 514 2806 in
536 2751 734 2807 Indiam
775 2752 1128 2823 deportanda:
1156 2760 1280 2807 sunt
1309 2769 1322 2804 :
1353 2765 1455 2804 nou
1501 2750 1639 2804 nosti
1686 2749 1919 2819 linguam

341 2841 586 2899 Indorum
609 2886 625 2913 ,
672 2846 766 2900 sed
796 2845 1141 2916 iutelligibilis
1176 2844 1390 2899 videtur
1416 2858 1594 2898 sermo
1644 2842 1901 2896 avaritite.

344 2935 538 2992 Venies
583 2937 792 3008 ignotus
860 2938 925 2992 ad
990 2940 1262 3007 ignotum;
1335 2936 1452 3002 das,
1501 2934 1717 3005 accipis,
1761 2933 1916 3001 emis,

343 3038 559 3099 portas;
610 3029 936 3099 periclitatus
964 3029 1285 3099 pervenisti,
1309 3042 1430 3082 cum
1474 3026 1721 3097 periculis
1739 3025 1882 3081 redis
1900 3066 1916 3093 ,

342 3122 606 3177 exclamas
636 3123 686 3176 in
720 3124 850 3177 mari
876 3122 1169 3194 exagitatus
1197 3128 1529 3191 tempestate,
1557 3120 1697 3175 Deus
1725 3160 1740 3187 ,
1792 3118 1921 3173 libe-

342 3228 403 3268 ra
426 3229 530 3269 me.
572 3213 687 3269 Non
720 3214 871 3269 audis
918 3215 1328 3284 respondentem
1353 3255 1368 3280 ,
1409 3212 1621 3281 Quare?
1669 3211 1785 3266 Misi
1823 3210 1921 3267 te?

354 3306 589 3360 Avaritia
617 3305 711 3361 tibi
740 3306 900 3374 jussit
924 3316 982 3361 ut
1001 3309 1305 3376 acquireres
1331 3304 1473 3374 quod
1504 3320 1609 3358 non
1642 3302 1874 3358 habebas
1905 3319 1919 3357 :
1948 3372 1951 3375 Α

341 3414 441 3469 ego
468 3399 556 3453 tibi
578 3399 711 3468 λιιςεί
743 3408 799 3453 ut
827 3400 943 3453 sine
981 3398 1160 3453 labore
1187 3408 1310 3452 ante
1342 3396 1534 3451 ostium
1589 3404 1734 3449 tuum
1795 3409 1923 3464 pau-

342 3492 456 3562 peri
486 3492 641 3547 dares
693 3491 833 3561 quod
882 3489 1134 3545 habebas.
1180 3490 1271 3544 Illa
1305 3498 1357 3544 te
1385 3488 1453 3543 ad
1482 3488 1638 3543 Indos
1666 3487 1811 3541 misit
1855 3485 1920 3541 ad

343 3580 729 3652 reportandum
757 3597 945 3635 aurum
979 3600 991 3635 :
1033 3596 1131 3651 ego
1167 3579 1262 3636 tibi
1303 3579 1368 3634 ad
1412 3580 1603 3634 ostium
1655 3578 1922 3633 Christum

342 3674 537 3744 posui,
590 3689 619 3727 a
648 3689 752 3743 quo
775 3688 982 3728 emeres
1023 3689 1242 3743 regnum
1272 3674 1547 3728 etelorum.
1594 3672 1828 3726 Laboras
1870 3672 1923 3726 in

337 3763 581 3834 jussione
602 3763 858 3831 avaritia,
892 3764 944 3818 in
971 3765 1210 3833 jussione
1230 3778 1349 3819 mea
1383 3779 1484 3816 non
1514 3762 1741 3816 laboras.
1792 3762 1923 3816 Am-

341 3855 413 3911 bo
461 3854 753 3926 jussimus;
797 3871 903 3911 non
947 3856 1139 3911 audisti
1188 3870 1307 3911 me:
1351 3855 1435 3910 cui
1493 3854 1757 3909 obahdisti
1792 3854 1926 3909 libe-

342 3957 427 4004 ret
452 3958 533 4005 te.
829 3960 834 3965 '
928 3932 933 3937 ’

416 4040 638 4096 CAPUT
664 4040 750 4096 IV.
780 4072 852 4082 —
876 4041 929 4097 6.
962 4040 1067 4096 Pro
1087 4040 1298 4095 sarcinis
1321 4039 1629 4111 cupiditatis,
1653 4039 1928 4109 suscipiun-

345 4132 426 4187 da:
507 4134 721 4188 sarcina:
778 4134 1058 4188 charitatis.
1131 4132 1300 4200 Quam
1350 4132 1501 4186 inulti
1557 4131 1652 4185 has
1690 4132 1927 4187 sarcinas

346 4224 597 4294 portant?
623 4224 814 4292 Quanti
852 4224 981 4278 mihi
1010 4223 1167 4279 modo
1193 4204 1374 4278 contra
1404 4223 1544 4291 ipsas
1571 4222 1807 4277 sarcinas
1838 4223 1921 4275 lo-

344 4316 525 4386 quenti
554 4316 652 4372 sub
677 4317 807 4386 ipsis
852 4317 1009 4386 positi
1027 4316 1359 4371 exclamant?
1397 4313 1531 4369 Cum
1578 4314 1799 4368 sarcinis
1842 4314 1925 4369 in-

347 4418 583 4477 trarunt,
627 4426 746 4465 cum
800 4411 1021 4466 sarcinis
1072 4419 1267 4467 exeunt
1297 4409 1477 4465 :avari
1519 4410 1742 4480 ingressi
1769 4420 1924 4478 sunt,

344 4502 491 4555 avari
513 4501 811 4557 discedunt.
842 4503 954 4573 Ego
981 4502 1245 4571 loquendo
1295 4510 1478 4559 contra
1521 4502 1649 4556 istas
1693 4502 1928 4558 sarcinas

346 4592 610 4649 laboravi.
638 4594 692 4650 Si
720 4596 979 4661 clamatis,
1002 4596 1182 4666 ponite
1216 4595 1354 4664 quod
1386 4594 1623 4664 portatis.
1655 4594 1928 4650 Postremo

346 4702 433 4743 me
457 4687 619 4742 nolite
644 4688 868 4754 audire;
899 4688 1275 4758 Imperatorem
1306 4694 1539 4742 vestrum
1593 4686 1770 4741 audite
1820 4686 1952 4745 cla-.

345 4788 602 4847 manlem,
645 4779 821 4835 Venite
849 4780 917 4834 ad
946 4798 1043 4848 me,
1071 4797 1242 4835 omnes
1267 4780 1352 4852 qui
1376 4779 1613 4834 laboratis
1647 4789 1694 4835 et
1737 4782 1927 4835 onerati

347 4872 480 4925 estis.
505 4870 621 4926 Non
651 4872 794 4926 enim
822 4872 1032 4937 venitis,
1061 4872 1166 4940 nisi
1188 4871 1436 4927 laborare
1482 4872 1756 4926 desinatis.
1801 4872 1928 4926 Vul-

347 4966 414 5020 tis
429 4966 493 5021 ad
527 4982 612 5022 me
636 4983 873 5033 currere,
890 4966 984 5021 sed
1009 4983 1130 5021 eum
1174 4966 1420 5038 gravibus
1448 4966 1670 5021 sarcinis
1698 4981 1806 5020 non
1833 4982 1923 5035 po-

349 5058 521 5114 testis.
562 5056 757 5126 Venite,
790 5059 978 5130 inquit,
1006 5060 1073 5112 ad
1098 5074 1197 5125 me,
1252 5073 1423 5111 omnes
1466 5057 1553 5126 qui
1606 5056 1843 5111 laboratis
1883 5066 1929 5111 et

347 5152 540 5206 onerati
566 5154 704 5221 estis,
734 5163 781 5207 et
809 5170 899 5225 ego
924 5168 1011 5207 vos
1040 5152 1281 5222 reﬁciant.
1324 5151 1400 5205 Do
1430 5150 1638 5205 veniam
1692 5151 1953 5219 praeteri.

351 5250 523 5299 torum
547 5254 906 5314 peccatorum,
941 5244 1117 5298 tollam
1148 5242 1289 5313 quod
1316 5241 1589 5312 premebat
1614 5243 1795 5298 oculos
1840 5259 1931 5298 ve-

348 5343 511 5403 stros,
542 5338 742 5392 sanabo
768 5336 909 5408 quod
955 5336 1135 5391 nocuit
1190 5334 1424 5390 humeris
1475 5335 1681 5395 vestris.
1724 5335 1930 5390 Tollam

352 5429 566 5497 quidem
593 5431 847 5493 sarcinas,
871 5429 964 5484 sed
994 5429 1228 5484 iuauesa
1248 5426 1470 5483 sarcinis
1499 5443 1604 5481 non
1631 5427 1924 5482 dimittam:

353 5519 533 5573 tollam
558 5522 793 5575 sarcinas
825 5520 1009 5586 malas,
1036 5521 1369 5589 ctimponam
1402 5522 1584 5574 bonas.
1612 5519 1744 5573 Cum
1788 5520 1929 5573 enim

352 5609 596 5678 dixisset,
627 5611 693 5665 Et
714 5628 803 5683 ego
823 5628 907 5666 vos
956 5612 1201 5682 reﬁciam;
1230 5612 1466 5683 adjnnxit
1488 5653 1503 5679 ,
1531 5611 1714 5667 Tollite
1744 5614 1930 5683 jugton

352 5720 517 5757 meum
541 5720 693 5775 super
720 5720 825 5758 vos.
848 5704 977 5758 Male
1006 5716 1057 5759 te
1081 5703 1453 5776 sulijugaverat
1479 5704 1769 5775 cupiditas,
1787 5705 1929 5762 saltt-

353 5794 518 5854 bt'iter
545 5805 599 5854 te
626 5795 866 5873 subjuget
894 5796 1142 5856 Charitas.

1708 317 1934 381 SERMO
1969 315 2197 374 CLXIV.

3494 312 3601 369 898

2100 432 2152 486 7.
2181 432 2407 488 Christus
2433 435 2665 506 magister
2706 434 2828 506 quid
2870 450 2903 488 a
2954 448 3008 488 se
3035 432 3173 487 disci!
3199 430 3332 486 velit.
3384 431 3604 484 Sarcint'.

2026 522 2211 580 Christi
2235 526 2636 581 levis.—Tollite
2650 530 2838 600 jugum
2861 543 3024 581 meum
3049 543 3200 597 super
3218 541 3322 591 vos,
3347 534 3394 579 et
3421 524 3601 577 discite

2025 631 2058 669 a
2081 633 2177 670 me.
2202 617 2257 673 Si
2284 618 2432 673 vobis
2456 619 2605 673 viluit
2632 618 2918 685 humanum
2946 618 3330 688 qualecumque
3349 618 3599 688 magiste—

2024 707 2180 773 rium,
2210 709 2441 764 discitea
2464 727 2561 764 me.
2589 709 2832 766 Christus
2876 710 3068 766 clamat
3111 711 3381 780 magister,
3416 711 3600 765 unicus

2022 797 2118 854 Dei
2141 799 2324 867 Filius,
2356 802 2503 859 solus
2519 818 2698 868 verax,
2719 817 2897 870 verus,
2916 803 3111 857 veritas
3138 803 3360 869 clamat,
3410 802 3600 857 Discite

2023 907 2056 945 a
2079 908 2176 947 me.
2207 892 2383 960 Quid?
2412 893 2545 962 Quia
2574 894 2629 948 in
2654 894 2908 965 principio
2933 903 3048 949 erat
3071 893 3297 948 Verbum
3319 935 3332 955 ,
3364 902 3419 948 et
3469 893 3600 947 Ver-

2022 982 2150 1038 bum
2170 994 2285 1039 erat
2309 985 2446 1055 apud
2466 987 2650 1053 Deum,
2677 995 2731 1041 et
2765 986 2905 1041 Deus
2922 994 3039 1040 erat
3067 985 3321 1052 Verbum,
3349 994 3403 1040 et
3422 986 3600 1040 omnia

2022 1092 2119 1147 per
2137 1077 2310 1148 ipsum
2327 1077 2465 1134 facta
2491 1088 2616 1134 sunt
2640 1076 2819 1152 (Joan.
2849 1094 2865 1133 ι
2889 1120 2904 1145 ,
2935 1078 3088 1149 1-5)“1
3111 1077 3374 1148 Numquid
3406 1078 3507 1133 hoc
3531 1079 3598 1131 ab

2021 1181 2087 1222 eo
2115 1167 2323 1223 discere
2346 1170 2662 1239 poterimus,
2690 1169 2948 1224 mundum
2989 1168 3267 1233 fabricare,
3301 1170 3493 1225 coelum
3518 1170 3599 1224 lu-

2020 1260 2251 1317 minibus
2278 1262 2522 1333 implere,
2552 1263 2656 1318 diei
2684 1262 2991 1333 noctisque,
3035 1261 3424 1318 vicissitudines
3457 1262 3600 1320 ordi-

2019 1366 2167 1419 nare,
2191 1361 2432 1425 tempora
2460 1364 2513 1410 et
2537 1357 2729 1411 saecula
2749 1355 2937 1425 jubere
2988 1370 3296 1426 percurrere
3320 1398 3335 1422 ,
3381 1356 3599 1413 semini-

2018 1442 2120 1498 bus
2145 1444 2251 1499 vim
2275 1445 2528 1514 tribuere,
2572 1447 2892 1502 animalibus
2937 1455 3131 1500 terram
3170 1448 3416 1515 replere?
3460 1447 3597 1503 Nihil

2022 1532 2211 1589 horum
2240 1551 2340 1592 nos
2356 1536 2508 1607 jubet
2530 1537 2737 1594 discere
2782 1538 3037 1609 magister
3061 1538 3293 1594 caelestis
3318 1557 3331 1593 :
3359 1539 3447 1593 illa
3476 1538 3603 1595 facit

2019 1632 2080 1678 ut
2105 1624 2267 1681 Deus.

2089 1715 2315 1773 CAPUT
2352 1718 2415 1774 V.
2444 1749 2515 1759 —
2542 1718 2647 1775 Sed
2671 1719 2792 1790 quia
2813 1719 2911 1775 iste
2938 1721 3077 1775 Deus
3098 1728 3153 1774 et
3186 1720 3345 1774 homo
3364 1736 3483 1776 esse
3519 1721 3603 1776 di-

2021 1817 2213 1877 gnatus
2242 1818 2344 1876 est,
2370 1810 2424 1864 in
2448 1826 2514 1866 eo
2547 1811 2687 1881 quod
2716 1813 2852 1866 Deus
2905 1819 3004 1877 est,
3041 1812 3163 1867 audi
3201 1820 3258 1866 ut
3299 1813 3557 1868 recreeris
3585 1829 3600 1879 ;

2021 1897 2073 1951 in
2095 1912 2161 1954 eo
2183 1899 2322 1968 quod
2354 1900 2512 1955 homo
2537 1913 2639 1968 est,
2670 1902 2793 1957 audi
2815 1911 2869 1956 ut
2892 1902 3133 1957 imiteris.
3171 1902 3378 1970 Discite,
3408 1905 3598 1975 inquit,

2020 2006 2052 2043 a
2071 2007 2184 2057 me;
2214 2008 2317 2048 non
2353 1985 2606 2049 mundum
2628 1994 2906 2062 fabricare,
2942 2004 2996 2051 et
3023 2011 3207 2052 creare
3232 2006 3448 2053 naturas
3471 2017 3485 2053 :
3506 2015 3605 2056 nec

2021 2079 2110 2135 illa
2140 2082 2353 2152 quidem
2383 2085 2484 2139 alia
2505 2102 2622 2155 qua:
2672 2085 2757 2140 hic
2789 2085 2961 2141 latens
2990 2085 3149 2153 Deus,
3179 2087 3337 2143 homo
3377 2090 3603 2146 manife-

2021 2182 2135 2230 stus
2154 2174 2327 2230 effecit
2360 2193 2374 2243 ;
2406 2192 2505 2233 nec
2532 2179 2645 2247 ipsa
2668 2178 2796 2233 dicit
2822 2180 2862 2245 ί,
2900 2181 3093 2237 Discite
3122 2196 3152 2234 a
3178 2197 3263 2237 me
3317 2182 3492 2238 febres
3535 2185 3604 2241 ab

2021 2268 2398 2336 aegrotantibus
2426 2269 2643 2337 pellere,
2678 2270 2858 2340 fugare
2887 2273 3146 2327 dwmouia
3170 2311 3186 2338 ,
3219 2284 3456 2328 mortuos
3480 2289 3605 2330 sus-

2021 2356 2207 2425 citare,
2228 2359 2480 2423 ventis,cl.
2499 2359 2742 2416 ﬂuctibus
2776 2362 3057 2432 imperare,
3082 2379 3242 2433 snper
3273 2380 3436 2434 aquas
3484 2380 3601 2419 am-

2024 2446 2208 2504 bulare
2238 2465 2373 2505 :nec
2404 2451 2501 2506 hoc
2531 2452 2691 2518 dicit,
2719 2451 2911 2509 Discite
2938 2473 2969 2508 a
2998 2472 3091 2509 me.
3120 2456 3245 2511 Ilaec
3277 2456 3419 2512 enim
3457 2457 3605 2513 dedit

2021 2540 2338 2610 quibusdam
2382 2543 2658 2613 discipulis
2695 2548 2839 2614 suis,
2894 2549 3209 2618 quibusdam
3267 2566 3373 2605 non
3413 2551 3603 2607 dedit:

2023 2630 2125 2687 hoc
2146 2641 2345 2701 autem,
2376 2632 2570 2689 Discite
2593 2653 2624 2689 α
2647 2654 2743 2700 me,
2771 2638 3017 2693 omnibus
3046 2639 3193 2706 dicit;
3222 2640 3290 2695 ab
3320 2641 3421 2696 hoc
3471 2656 3608 2711 prte-

2023 2733 2178 2793 cepto
2204 2741 2363 2781 nemo
2400 2743 2459 2783 se
2510 2740 2746 2796 excuset,
2787 2730 2976 2786 Discite
3021 2750 3053 2787 a
3090 2750 3169 2787 me
3200 2735 3438 2803 quamam
3474 2736 3608 2792 mitis

2022 2831 2158 2883 sum,
2188 2828 2235 2871 et
2261 2818 2463 2874 humilis
2492 2822 2663 2876 corde.
2687 2822 2862 2890 Quare
2901 2825 3110 2880 dubitas
3155 2827 3288 2882 hanc
3344 2827 3606 2883 sarcinam

2024 2906 2210 2965 ferre?
2240 2911 2365 2967 Haec
2420 2915 2628 2969 sarcina
2682 2918 2856 2986 gravis
2881 2926 2963 2973 est
2980 2959 2996 2986 ,
3026 2918 3295 2975 humilitas
3319 2930 3373 2976 et
3398 2921 3608 2992 pietas?

2025 2996 2151 3055 Haec
2179 3002 2390 3057 sarcina
2414 3004 2591 3073 gravis
2617 3016 2698 3060 est
2722 3049 2736 3073 ,
2771 3006 2901 3063 ﬁdes
2927 3050 2942 3073 ,
2988 3024 3144 3079 spes,
3176 3012 3448 3067 eharitas?
3492 3012 3610 3069 [sue

2028 3091 2173 3147 enim
2226 3092 2498 3170 humilem,
2531 3097 2645 3152 ista:
2675 3099 2857 3155 mitem
2901 3101 3148 3158 reddunt.
3203 3105 3272 3159 Et
3324 3105 3444 3161 vide
3487 3106 3610 3176 quia

2027 3195 2280 3243 oneratus
2310 3204 2418 3244 non
2459 3190 2587 3256 eris,
2643 3193 2688 3245 si
2734 3194 2903 3262 ipsum
2947 3194 3197 3251 audieris.
3241 3196 3435 3269 Iugum
3479 3199 3610 3252 enim

2026 3294 2192 3333 meum
2238 3280 2347 3334 lene
2399 3291 2494 3347 est,
2546 3291 2591 3336 et
2636 3285 2837 3338 sarcina
2884 3300 2995 3339 mea
3038 3287 3158 3341 levis
3186 3300 3258 3343 est
3291 3289 3503 3361 (Matth.
3534 3307 3606 3355 XI,

2024 3370 2237 3441 98-50).
2262 3372 2399 3440 Quid
2429 3384 2530 3441 est,
2561 3375 2682 3429 levis
2706 3387 2777 3431 est
2794 3377 2820 3430 ?
2845 3378 2981 3444 Quid
3009 3381 3052 3434 si
3084 3380 3242 3435 habet
3262 3382 3488 3450 pondus,
3515 3383 3610 3439 sed

2026 3463 2201 3519 minus
2225 3464 2249 3518 ?
2275 3466 2391 3539 plus
2423 3466 2580 3522 habet
2603 3470 2845 3534 avaritia,
2878 3470 3055 3526 minus
3078 3472 3281 3542 justitia
3307 3476 3331 3528 Ἰ
3355 3475 3489 3530 Nolo
3532 3477 3612 3533 sic

2028 3555 2309 3626 intelligas.
2339 3558 2464 3613 Haec
2494 3560 2699 3613 sarcina
2728 3576 2834 3615 non
2859 3569 2941 3615 est
2988 3563 3195 3631 pondus
3222 3565 3429 3619 onerati
3458 3608 3472 3632 ,
3514 3567 3610 3622 sed
3680 3572 3681 3575 “

2029 3646 2129 3700 alte
2169 3655 2290 3701 sunt
2317 3649 2539 3703 volaturi
2566 3651 2607 3701 ³.
2652 3650 2856 3706 Habent
2893 3654 3033 3706 enim
3064 3663 3117 3708 et
3160 3670 3285 3709 aves
3313 3670 3608 3724 pennarum

2029 3752 2243 3792 suarum
2265 3741 2520 3794 sarcinas.
2555 3740 2620 3794 Et
2645 3742 2775 3811 quid
2801 3742 3071 3798 dicimus?
3098 3744 3319 3800 Portant
3343 3746 3461 3800 illas
3488 3787 3504 3812 ,
3555 3758 3609 3802 et

2031 3838 2331 3899 portantur.
2383 3832 2605 3887 Portant
2629 3833 2746 3887 illas
2773 3835 2825 3888 in
2845 3843 3004 3899 terra,
3035 3846 3311 3905 portantur
3336 3838 3404 3893 ab
3430 3838 3531 3892 illis
3558 3839 3609 3892 in
3690 3896 3695 3901 ,

2030 3922 2302 3980 εωΙο.’Τυ
2330 3926 2374 3980 si
2397 3926 2812 3981 misericordiam
2865 3927 2995 3983 velis
3042 3930 3279 3998 praebere
3330 3931 3433 3997 avi,
3477 3947 3612 4001 prae-

2028 4017 2211 4072 sertim
2231 4027 2433 4083 aestate,
2466 4027 2519 4073 et
2543 4018 2709 4084 dicas,
2740 4019 2983 4074 Miseram
3010 4022 3161 4076 istam
3188 4023 3444 4077 aviculatn
3475 4040 3610 4079 one-

2029 4118 2373 4179 rantpennae,
2404 4119 2459 4165 et
2478 4109 2728 4165 detrahas
2754 4126 2887 4166 onus
2913 4111 3015 4167 hoc
3041 4130 3055 4179 ;
3089 4115 3142 4167 in
3169 4123 3304 4169 terra
3361 4130 3610 4171 remane-

2030 4200 2128 4268 bit,
2159 4201 2243 4256 cui
2271 4201 2554 4257 subvenire
2578 4203 2811 4258 voluisti.
2845 4204 3003 4259 Porta
3050 4221 3176 4275 ergo
3222 4222 3419 4275 pennas
3440 4208 3605 4278 pacis,

2030 4295 2143 4350 alas
2172 4295 2355 4365 accipe
2383 4296 2677 4352 cbaritatis.
2707 4297 2832 4353 Haec
2861 4299 3185 4368 estsareina,
3240 4300 3318 4355 sic
3366 4300 3611 4370 implebi-

2032 4396 2118 4443 tur
2146 4388 2230 4443 lex
2247 4387 2462 4443 Christi.

2103 4480 2329 4537 CAPUT
2359 4480 2446 4536 VI.
2468 4511 2539 4523 -—
2564 4482 2619 4537 8.
2649 4481 2953 4553 Cupiditatis
2992 4493 3081 4538 aut
3113 4486 3369 4541 charitatis
3411 4488 3616 4557 quisque

2033 4589 2138 4627 sua:
2161 4590 2287 4628 onus
2312 4581 2507 4644 portat.
2547 4574 2803 4629 Distiucta
2829 4584 2953 4631 sunt
2976 4590 3159 4633 onera.
3204 4577 3389 4632 Videte
3441 4593 3611 4647 nunc,

2034 4666 2215 4720 nescio
2244 4666 2365 4737 quis
2405 4680 2598 4721 avarus
2639 4668 2801 4722 intrat
2829 4686 2842 4722 :
2876 4670 3013 4724 nosti
3067 4670 3215 4724 illum
3243 4685 3479 4737 avarum,
3508 4680 3615 4726 stat

2035 4763 2230 4823 tecum,
2259 4766 2314 4812 et
2338 4765 2392 4812 tu
2419 4772 2524 4812 non
2551 4773 2610 4813 es
2658 4773 2886 4824 avarus;
2933 4759 3026 4815 sed
3079 4761 3237 4815 etiam
3286 4761 3610 4828 misericors,

2034 4846 2128 4902 das
2158 4848 2375 4917 pauperi
2403 4848 2544 4918 quod
2573 4848 2758 4916 habes,
2788 4864 2895 4904 non
2920 4849 3091 4903 inhias
3137 4850 3192 4904 in
3233 4865 3297 4905 ea
3335 4866 3453 4920 qua:
3507 4868 3611 4907 non

2032 4937 2217 5004 habes;
2249 4938 2401 4994 audis
2426 4939 2691 4994 dicentem
2727 4941 3039 5010 Apestolutn
3059 4981 3075 5005 ,
3107 4939 3340 5010 Pracipe
3379 4942 3609 4996 divitibus

2036 5030 2191 5101 hujus
2220 5032 2416 5099 mundi,
2442 5049 2544 5086 non
2559 5035 2770 5102 superbe
2789 5049 2992 5103 sapere,
3016 5049 3172 5102 neque
3199 5049 3402 5103 sperare
3431 5034 3486 5087 in
3530 5036 3612 5086 in-

2036 5135 2170 5179 certo
2194 5124 2504 5193 divitiarum,
2522 5123 2612 5179 sed
2626 5125 2683 5179 in
2700 5124 2808 5179 Deo
2831 5126 2959 5188 vivo,
2986 5125 3070 5194 qui
3091 5133 3296 5195 prwstat
3323 5125 3464 5180 nobis
3502 5143 3612 5179 om-

2036 5216 2125 5271 nia
2165 5216 2480 5271 abundanter
2526 5215 2594 5269 ad
2650 5216 3142 5287 fruendum:divites
3171 5217 3271 5272 sint
3307 5218 3360 5271 in
3386 5218 3614 5288 operibus

2037 5307 2200 5373 bonis,
2225 5308 2373 5381 facile
2400 5309 2642 5373 tribuant,
2691 5309 3055 5362 communicent
3086 5350 3101 5375 ,
3151 5310 3484 5365 thesaurizent
3522 5310 3615 5365 sibi

2010 5403 2420 5474 fundamentum
2450 5402 2634 5455 bonum
2656 5401 2708 5454 in
2737 5404 2983 5471 futurum,
3026 5410 3080 5455 ut
3119 5402 3497 5474 apprehendant
3530 5419 3614 5457 ve-

2045 5512 2158 5549 ram
2182 5495 2338 5548 vitam
2363 5494 2419 5565 (Ι
2440 5493 2570 5547 Tim.
2608 5508 2682 5557 γι,
2712 5492 2914 5563 17-19).
2961 5492 3188 5559 Audisti,
3221 5495 3480 5565 agnovisti
3499 5537 3513 5562 ,
3537 5495 3618 5549 di-

2048 5586 2245 5653 dicisti,
2276 5585 2510 5652 tenuisti,
2543 5583 2737 5639 fecisti.
2770 5583 2875 5658 Fac
2904 5584 3044 5654 quod
3072 5584 3235 5655 facis,
3288 5586 3397 5641 noli
3438 5586 3614 5657 pigre-

2101 5747 2120 5781 ι
2142 5752 2273 5807 Lov.,
2295 5757 2381 5807 nec
2399 5744 2501 5807 ipse
2516 5740 2649 5795 dicit.
2715 5750 2775 5796 Μ.

2101 5810 2124 5843 ε·
2143 5805 2273 5871 res,
2296 5805 2506 5858 volutari.
