3978 6462
525 499 698 548 scere,
736 485 840 540 noli
857 483 1200 551 cessare.Qui
1230 487 1650 552 perseveraverit
1672 499 1840 556 usque
1860 486 1912 542 in
1933 488 2111 557 ﬁnem,

528 575 611 632 hic
634 577 812 631 salvus
848 577 952 630 erit
980 576 1186 648 (Matth.
1212 591 1265 641 χ,
1295 575 1408 648 22).
1457 575 1600 632 Bene
1646 578 1815 635 fecisti
1872 575 2109 649 homini,

531 669 763 737 ingratus
783 678 864 722 est
892 667 1087 722 hoino:
1123 683 1227 722 non
1260 677 1310 722 te
1339 669 1595 738 pmniteat
1629 669 1764 724 bene
1786 670 1976 727 fecisse
1998 715 2012 739 ,
2047 685 2114 728 ne

525 761 712 813 fundas
749 759 1054 829 pmnitendo
1083 761 1222 830 quod
1265 760 1493 830 implesti
1554 757 1889 816 miserando:
1922 764 2009 818 die
2059 759 2110 818 lii

523 851 683 905 corde
707 859 816 908 tuo.
839 850 950 903 Non
977 850 1118 904 videt
1147 852 1246 906 iste
1279 851 1328 905 in
1361 867 1515 921 quem
1550 853 1668 920 feci,
1704 854 1843 908 videt
1872 851 1960 909 ille
1985 849 2111 924 pro-

521 955 636 1012 pter
665 959 820 1012 quem
847 942 966 1006 feci;
997 943 1117 1010 quia
1149 943 1248 996 istc
1270 944 1310 996 si
1343 941 1568 1008 videret,
1615 944 1658 998 si
1710 944 1947 1015 ingratus
2002 957 2107 999 non

518 1045 678 1101 esset,
703 1035 800 1088 sibi
831 1036 1005 1104 potius
1035 1049 1196 1104 quam
1221 1035 1350 1089 mihi
1386 1037 1675 1104 prodesset.
1697 1037 1776 1091 Ad
1805 1039 1968 1092 Deum
2019 1048 2106 1092 me

519 1134 922 1194 teneam,quem
954 1141 1055 1178 non
1078 1125 1204 1179 latet
1234 1126 1372 1195 quod
1411 1126 1544 1180 facio
1579 1142 1738 1190 ;.non
1766 1129 1937 1181 solum
1965 1128 2108 1198 quod

521 1220 674 1282 iacio,
696 1219 789 1274 sed
805 1222 965 1273 etiam
995 1218 1132 1288 quod
1160 1220 1322 1274 corde
1350 1220 1482 1276 iacio
1518 1238 1531 1273 :
1564 1221 1712 1274 illum
1767 1235 1974 1292 sperem
2023 1235 2109 1277 re-

522 1311 853 1374 tributorem,
887 1311 974 1379 qui
1003 1311 1124 1364 facti
1153 1312 1254 1365 mei
1283 1311 1384 1364 non
1417 1312 1604 1381 qtta'ril
1623 1313 1831 1374 testem.
1862 1311 2002 1366 Talis
2023 1327 2103 1381 es,

519 1415 570 1457 et
596 1405 731 1459 forte
759 1407 808 1459 in
844 1407 1038 1476 populo
1070 1406 1164 1459 Dei
1193 1413 1300 1459 stat
1325 1405 1470 1476 juxta
1503 1414 1553 1460 te
1580 1413 1770 1460 avarus
1792 1417 1993 1475 raptor,
2019 1408 2104 1461 in-

520 1500 668 1551 hians
698 1496 854 1553 rebus
875 1500 1079 1554 alienis.
1105 1500 1274 1566 Quem
1305 1501 1440 1553 nosti
1473 1503 1653 1565 talem,
1692 1508 1744 1554 ct
1771 1496 1941 1556 fidelis
1986 1508 2065 1556 est
2086 1544 2101 1569 ,

516 1589 600 1642 vel
623 1590 797 1656 potius
827 1590 994 1644 lidclis
1018 1599 1256 1652 vocatur,
1289 1605 1393 1644 non
1423 1603 1542 1643 eum
1572 1601 1724 1659 potes
1773 1589 1839 1644 de
1877 1592 2102 1646 ecclesia

517 1681 736 1749 pellere,
767 1695 873 1734 non
890 1680 1054 1735 babes
1084 1681 1310 1750 aliquem
1339 1681 1537 1734 aditum
1565 1681 1872 1751 castigando
1901 1691 1954 1735 et
1985 1675 2104 1737 cor-

516 1771 760 1840 ripicndo
788 1773 1075 1841 corrigere,
1125 1785 1437 1826 accessurus
1464 1781 1545 1826 est
1576 1783 1746 1826 tecum
1787 1773 1851 1827 ad
1890 1773 2057 1828 altare
2086 1793 2101 1830 :

516 1865 624 1919 noli
650 1866 856 1930 limere;
890 1863 1240 1936 Unusquisque
1261 1866 1523 1935 proprium
1553 1881 1681 1918 onus
1705 1866 1942 1935 portabit.
1997 1867 2106 1920 Me-

517 1966 697 2012 mento
751 1957 1007 2026 ApOstoli,
1064 1964 1121 2011 ut
1173 1971 1394 2011 securus
1444 1957 1668 2012 accedas
1714 1956 2104 2026 :Unusquisque

519 2050 781 2120 praprium
807 2066 932 2103 onus
962 2049 1199 2120 portabit.
1232 2049 1624 2103 Tantummodo
1651 2063 1756 2103 non
1787 2049 1882 2104 tibi
1912 2049 2053 2104 dicat
2083 2089 2098 2112 ,

520 2142 674 2196 Porta
697 2151 925 2197 mecum.
958 2141 1088 2196 Nam
1119 2141 1166 2196 si
1194 2153 1313 2196 cum
1341 2141 1433 2195 illo
1478 2139 1874 2195 communicare
1921 2141 2101 2196 volue-

515 2233 590 2287 ris
612 2234 908 2299 avaritiam,
942 2247 1078 2287 onus
1105 2243 1208 2286 non
1267 2230 1552 2296 minuetur,
1615 2230 1710 2285 sed
1762 2231 1868 2285 duo
1912 2239 2102 2302 grava-

513 2323 730 2380 buntur.
754 2324 934 2379 Portet
975 2339 1104 2394 ergo
1160 2317 1422 2378 sarcinam
1467 2337 1641 2389 suam,
1689 2331 1744 2377 et
1798 2330 1852 2376 tu
1909 2331 2097 2376 tuam:

514 2419 760 2490 quoniam
788 2418 1001 2488 quando
1026 2431 1088 2471 ex
1123 2417 1358 2471 humeris
1389 2418 1647 2471 Dominus
1667 2425 1788 2470 tuus
1806 2417 1963 2471 talem
1984 2429 2098 2470 sar-

515 2512 687 2564 cinam
711 2511 963 2574 excussit,
996 2509 1217 2564 alteram
1247 2509 1498 2579 imposuit
1525 2525 1538 2573 ;
1568 2509 1803 2563 excussit
1844 2508 2102 2578 cupidita-

515 2603 599 2668 tis,
637 2603 886 2672 imposuit
915 2601 1211 2656 cbaritatis.
1240 2602 1382 2670 Ergo
1439 2600 1734 2655 secundum
1786 2599 2100 2669 cupiditates

513 2695 723 2749 malas‘
766 2696 1128 2763 linuSquiSque
1172 2694 1433 2747 sarcinam
1477 2705 1628 2748 suam
1678 2702 1874 2762 portat,
1929 2692 2101 2746 matus

512 2787 728 2851 malam,
765 2787 933 2840 bonus
955 2786 1168 2839 bonam.

589 2873 814 2933 CAPUT
845 2877 952 2932 Vll.
982 2908 1052 2917 —
1072 2877 1126 2931 9.
1165 2876 1333 2930 Onera
1357 2891 1470 2945 quia
1496 2873 1934 2930 communicanda.
1957 2874 2101 2928 Pau-

517 2976 708 3036 pertas,
733 2983 880 3026 onus.
917 2970 1119 3022 Uivitia:
1139 3011 1152 3033 ,
1188 2985 1332 3022 onus.
1362 2969 1626 3022 Converte
1658 2977 1708 3022 te
1730 2969 1836 3037 jam
1861 2978 1912 3023 ct
1937 2969 2013 3023 ad
2033 2969 2097 3022 il-

512 3062 602 3116 lud
627 3059 1218 3130 prmeeptuniJuvicem
1247 3077 1402 3113 onera
1452 3069 1616 3112 vestra
1659 3069 1875 3128 portate.
1925 3061 2099 3114 llabcs

512 3155 652 3210 enim
682 3157 944 3209 sarcinam
973 3153 1203 3216 Christi;
1232 3154 1372 3206 unde
1402 3161 1582 3221 portes
1623 3167 1740 3204 cum
1771 3153 1936 3206 altero
1961 3167 2099 3207 onus

511 3247 806 3316 propritim.
840 3247 1048 3314 Pauper
1077 3254 1178 3307 est,
1213 3244 1359 3298 dives
1385 3259 1444 3298 es
1477 3256 1651 3297 :onus
1689 3243 1830 3296 illius
1872 3258 2100 3313 pauper-

514 3349 594 3392 tas
622 3346 737 3402 est;
765 3347 816 3391 tu
842 3337 946 3391 tale
974 3351 1110 3390 onus
1139 3349 1241 3391 non
1268 3335 1448 3388 habes.
1476 3334 1606 3388 Vide
1636 3347 1700 3387 ne
1729 3332 1866 3388 forte
1895 3347 2015 3388 cum
2047 3343 2098 3390 te

510 3430 930 3499 interpellaverit
981 3443 1201 3498 pauper,
1251 3436 1307 3482 tu
1361 3426 1528 3492 (licus,
1584 3424 1935 3496 Unusquisque
1971 3444 2096 3482 onus

511 3525 768 3593 premium
802 3521 1036 3590 portabit.
1070 3519 1164 3573 llic
1199 3519 1423 3572 alterum
1453 3527 1772 3588 pneceptum
1803 3519 1924 3572 audi
1959 3518 2097 3574 ειη-

509 3617 662 3668 vicem
698 3628 849 3666 onera
873 3622 1036 3666 vestra
1081 3620 1293 3680 portate.
1342 3610 1632 3679 Paupertas
1678 3625 1783 3663 non
1831 3621 1914 3666 est
1962 3627 2094 3666 onus

510 3719 708 3766 meum,
733 3703 826 3757 sed
853 3713 936 3757 est
956 3715 1090 3756 onus
1112 3703 1288 3756 fratris
1315 3703 1438 3756 mei.
1474 3702 1602 3755 Vide
1647 3717 1713 3756 ne
1741 3703 1938 3757 divitize
1989 3699 2095 3760 sint

506 3803 677 3870 majus
703 3816 836 3855 onus
863 3810 1033 3856 tuum.
1085 3799 1217 3855 Nam
1272 3816 1373 3855 non
1431 3803 1593 3856 habes
1630 3818 1764 3856 onus
1815 3809 2094 3874 pauperta-

507 3903 635 3961 tem,
667 3897 759 3950 sed
789 3895 954 3950 habes
986 3907 1120 3949 onus
1141 3895 1371 3948 divitias.
1393 3895 1447 3948 Si
1475 3895 1612 3948 bene
1654 3897 1916 3961 intendas,
1958 3909 2093 3950 onus

505 3996 605 4039 est.
634 3986 727 4040 Ille
766 3986 990 4040 alterum
1014 4002 1148 4040 onus
1179 3985 1355 4050 habet,
1389 3994 1443 4039 tu
1476 3987 1722 4040 alterum.
1777 3987 1932 4041 l’orta
1969 3999 2090 4040 cum

504 4079 610 4140 illo,
639 4087 692 4131 et
721 4088 894 4146 portet
924 4088 1118 4141 tecum,
1148 4089 1204 4132 ut
1230 4079 1453 4132 invicem
1482 4094 1644 4132 onera
1691 4089 1867 4133 vestra
1916 4090 2092 4148 porte-

505 4171 587 4223 tis.
620 4169 773 4234 Quod
804 4177 885 4222 cst
915 4185 1044 4222 (illllS
1077 4170 1438 4238 paupertatis?
1460 4170 1568 4223 Non
1593 4171 1808 4226 habere.
1831 4171 1980 4237 Quod
2008 4179 2092 4225 est

503 4261 806 4316 divitiarum
832 4263 991 4315 onus?
1019 4263 1140 4315 Plus
1168 4279 1324 4332 quam
1353 4279 1486 4332 opus
1509 4265 1589 4318 est
1621 4265 1834 4318 habere.
1886 4265 1953 4318 Et
2003 4267 2091 4320 ille

502 4365 758 4409 oneratus
779 4365 880 4422 est,
913 4367 962 4410 ct
983 4363 1036 4410 tu
1061 4367 1313 4410 oneratus
1341 4371 1421 4412 es.
1478 4358 1632 4412 Porta
1673 4375 1793 4412 cum
1841 4359 1930 4412 illo
1985 4373 2087 4413 non

500 4448 721 4514 habere,
755 4457 929 4518 portet
960 4456 1133 4502 tecum
1159 4449 1276 4517 plus
1325 4449 1562 4515 habere;
1607 4461 1664 4503 ut
1703 4452 1827 4505 liant
1855 4453 2087 4521 aequales

501 4543 723 4595 sarcina:
755 4550 960 4594 vestrm.
990 4540 1047 4595 Si
1069 4542 1210 4595 enim
1239 4541 1449 4596 dederis
1493 4541 1769 4612 indigenti,
1793 4543 1988 4597 minuis
2010 4545 2084 4598 illi

500 4649 604 4686 non
637 4631 851 4686 habenti
881 4647 1014 4685 onus
1042 4633 1226 4702 ipsius,
1260 4633 1398 4702 quod
1428 4642 1540 4688 erat
1595 4643 1700 4688 non
1761 4635 1958 4689 habere
1993 4654 2005 4688 :
2040 4636 2084 4690 si

498 4723 545 4777 ei
564 4722 798 4787 dederis;
827 4723 1009 4791 incipit
1035 4714 1267 4788 habere;
1294 4725 1552 4779 minutum
1569 4735 1648 4779 cst
1666 4727 1739 4780 illi
1759 4742 1913 4792 (mus,
1941 4727 2082 4796 qdod

500 4822 720 4868 vocatur
748 4821 853 4868 non
886 4813 1082 4868 habere
1115 4831 1126 4866 :
1159 4815 1352 4868 minuit
1372 4824 1423 4869 et
1451 4816 1562 4885 ipse
1582 4831 1718 4870 onus
1743 4825 1907 4881 tuum,
1938 4818 2081 4887 quod

496 4916 716 4963 vocatur
734 4909 854 4978 plus
882 4908 1102 4962 habere.
1135 4907 1249 4962 Duo
1271 4910 1555 4964 ambulatis
1579 4910 1716 4964 viam
1747 4911 1838 4965 Dei
1879 4912 1932 4965 in
1987 4927 2077 4980 pe-

496 5001 854 5072 regrination'e
880 5000 1034 5069 hujus
1051 5001 1271 5055 saeculi:
1302 5011 1354 5055 tu
1386 5003 1636 5072 portabas
1684 5016 1925 5075 sumptus
1970 5019 2083 5058 ma-

495 5110 630 5165 gnos
650 5095 984 5165 superbitos;
1031 5095 1117 5150 ille
1172 5105 1348 5150 autem
1397 5101 1641 5165 sumptus
1669 5113 1772 5150 non
1805 5097 2076 5152 habebat:

493 5189 718 5244 adluesit
745 5189 860 5256 tibi,
882 5187 1062 5244 co’ines
1087 5199 1207 5245 tuus
1235 5205 1353 5245 eSse
1381 5189 1689 5245 desiderans
1716 5209 1730 5257 ;
1763 5194 1866 5247 noli
1913 5193 2079 5263 negli-

491 5301 638 5355 gere,
664 5287 767 5340 noli
806 5301 1080 5355 spernere,
1111 5280 1219 5340 noli
1249 5288 1564 5356 relinquere.
1596 5286 1708 5339 Non
1742 5286 1887 5341 vides
1910 5303 2079 5357 quan-

490 5386 601 5432 tum
636 5381 856 5447 portes?
883 5372 1021 5433 Nihil
1051 5379 1279 5449 portanti
1331 5388 1384 5432 ct
1421 5374 1527 5433 non
1585 5377 1796 5432 habenti
1837 5379 1902 5434 da
1952 5380 2076 5454 inde

489 5469 721 5539 aliquid,
749 5478 803 5523 et
829 5467 1076 5526 comitem
1129 5471 1423 5540 adjuvabis,
1458 5481 1512 5526 et
1539 5479 1588 5524 te
1612 5471 1890 5525 relevabis.
1927 5471 2072 5541 Λροο

486 5561 671 5616 stolica
693 5554 962 5616 sententia
989 5564 1138 5629 satis,
1169 5573 1423 5633 quantum
1452 5565 1660 5634 opinor,
1708 5567 1943 5634 exposita
1969 5567 2066 5620 est.

560 5654 647 5707 10.
681 5650 959 5708 Donatista?
983 5654 1034 5708 in
1057 5655 1324 5710 schismate
1349 5667 1456 5728 post
1483 5655 1813 5711 Collationem
1846 5657 2068 5727 pertina-

485 5762 586 5799 ces.
609 5745 722 5802 Non
755 5745 905 5801 vobis
931 5745 1105 5803 fumos
1129 5747 1359 5804 vendant
1390 5750 1476 5821 qui
1521 5750 1697 5806 dicunt
1735 5766 1747 5799 9
1775 5751 1950 5805 Sancti
1976 5767 2066 5805 su-

545 5861 564 5890 ι
597 5864 765 5920 vorte,
787 5869 918 5910 suas.

1768 371 1825 431 s.
1861 367 2229 437 AUGUSTINI
2266 372 2577 440 EPISCOPI
3655 407 3742 470 θοο

2223 509 2363 562 mus,
2388 511 2492 550 non
2522 504 2798 567 portamus
2820 499 3056 557 sarcinas
3085 511 3286 560 vestras
3307 546 3322 572 ,
3350 507 3461 567 ideo
3485 514 3618 575 vobis
3655 539 3740 583 non

2223 588 2698 644 communicamus.
2727 589 2954 661 Majores
2979 594 3068 649 isti
3101 606 3334 666 ,portant
3380 607 3594 664 sarcinas
3635 617 3742 672 divi-

2221 677 2406 742 sionis,
2441 680 2672 749 majores
2710 693 2923 750 portant
2969 687 3211 744 sarcinas
3257 695 3740 768 prmeisionis,sarct.

2219 784 2314 824 nas
2342 770 2664 841 schismatis,
2691 777 2927 832 sarcinas
2957 776 3198 848 lueresis,
3229 786 3454 842 sarcinas
3491 791 3743 852 dissensio-

2217 861 2320 926 nis,
2348 864 2586 919 sarcinas
2605 866 2958 925 animositatis
2987 912 3002 936 ,
3061 875 3298 931 sarcinas
3345 877 3582 939 falsorum
3625 893 3738 946 testi-

2217 955 2540 1025 moniorum,
2586 962 2825 1016 sarcinas
2872 965 3316 1026 calumniosarum
3348 975 3746 1039 criminationem.

2217 1045 2350 1103 Istas
2378 1050 2614 1106 sarcinas
2669 1057 2845 1110 conati
2894 1072 3099 1128 sumus,
3147 1071 3201 1116 et
3239 1075 3486 1124 conamur
3523 1071 3751 1143 deponere

2215 1138 2280 1192 de
2304 1139 2540 1197 humeris
2563 1145 2783 1201 fratrum
2830 1159 3156 1209 nostrorum.
3210 1156 3291 1211 llli
3346 1171 3518 1216 amant
3547 1138 3650 1219 illas
3687 1179 3751 1222 ic-

2215 1242 2400 1286 ncntes
2417 1234 2482 1288 ad
2505 1249 2584 1301 se,
2618 1239 2856 1296 minores
2883 1257 3004 1298 esse
3029 1245 3237 1314 nolunt,
3259 1251 3383 1318 quia
3405 1252 3526 1323 ipsis
3567 1260 3755 1314 sarcinis

2216 1332 2536 1380 tumuerunt.
2568 1328 2701 1384 Nam
2728 1342 2783 1386 et
2807 1335 2897 1403 qui
2923 1337 3073 1404 ponit
3097 1342 3378 1407 sarcinam,
3413 1360 3558 1415 quam
3604 1359 3754 1418 gesta-

2213 1417 2302 1470 bat
2329 1421 2488 1487 collo,
2519 1424 2672 1492 quasi
2700 1426 2876 1482 minor
2921 1428 2998 1496 ﬁt;
3029 1431 3124 1486 sed
3164 1434 3371 1503 pondus
3419 1417 3627 1509 posuit,
3671 1459 3756 1497 non

2212 1517 2489 1566 staturam.

2286 1604 2372 1657 11.
2405 1605 2506 1672 Qui
2527 1607 2706 1662 tolerat
2725 1612 2886 1668 malos
2908 1631 3008 1669 non
3033 1631 3089 1670 eo
3115 1618 3227 1688 ipso
3254 1624 3578 1678 communicat
3616 1643 3761 1682 eorum

2211 1698 2451 1764 peccatis.
2481 1698 2586 1754 Sed
2609 1715 2728 1772 ego,
2760 1706 2934 1775 inquis
2963 1749 2976 1772 ,
3027 1724 3133 1763 non
3187 1715 3520 1770 communico
3566 1721 3762 1786 peccatis

2209 1787 2415 1843 alienis.
2444 1790 2606 1858 Quasi
2639 1793 2738 1848 hoc
2766 1796 2855 1850 tibi
2878 1799 3053 1854 diram
3080 1821 3091 1854 :
3121 1799 3275 1869 Veni,
3301 1810 3620 1863 communica
3657 1827 3763 1880 pec-

2209 1881 2343 1970 cattis
2374 1882 2589 1938 alienis.
2619 1886 2733 1940 Non
2763 1887 2864 1944 hoc
2894 1890 3035 1958 dico,
3061 1895 3179 1948 novi
3207 1897 3334 1965 quid
3381 1898 3520 1954 dicat
3563 1901 3764 1970 Apost-)-

2208 1969 2294 2025 lus
2315 1988 2328 2024 :
2353 1973 2446 2026 sed
2462 1973 2586 2030 illud
2615 1977 2755 2032 dico.
2790 1980 3014 2050 Propter
3039 1993 3253 2052 peccata
3277 1987 3470 2053 aliena,
3493 1990 3536 2045 si
3563 1969 3673 2046 vera
3692 2008 3766 2048 es-

2208 2071 2349 2126 sent,
2369 2072 2424 2117 et
2451 2080 2556 2119 non
2581 2075 2666 2121 tua
2695 2071 2862 2140 magis
2906 2084 3128 2141 essent,
3170 2087 3386 2147 gregem
3443 2081 3530 2136 Dei
3574 2083 3765 2138 mixtum

2209 2153 2398 2209 ovibus
2441 2165 2495 2210 et
2526 2156 2694 2214 haedis
2737 2177 2843 2217 non
2897 2164 3205 2232 desereres;
3243 2185 3424 2225 aream
3445 2173 3767 2244 dominicam,

2206 2246 2459 2314 quamdiu
2481 2250 2632 2318 palea
2660 2252 2960 2323 trituratur,
2989 2271 3097 2311 non
3120 2260 3476 2330 relinqueres;
3523 2267 3643 2318 retia
3687 2265 3770 2321 do-

2208 2336 2402 2393 minica
2428 2341 2682 2409 quamdiu
2711 2345 2880 2401 bonos
2903 2357 2956 2401 et
2984 2347 3153 2405 malos
3176 2353 3353 2420 pisces
3401 2354 3467 2408 ad
3515 2349 3650 2410 littus
3680 2365 3771 2410 tra-

2207 2425 2358 2496 hunt,
2386 2446 2492 2487 non
2519 2433 2901 2506 disrumperes.
2927 2440 2996 2494 Et
3025 2435 3320 2510 quomodo,
3370 2447 3560 2516 inquis,
3604 2447 3772 2502 ferrem

2206 2535 2364 2590 quem
2391 2525 2516 2579 novi
2538 2528 2761 2582 malum?
2786 2530 2971 2586 Nonne
2999 2533 3189 2588 melius
3213 2536 3390 2605 ipsum
3422 2537 3583 2593 ferres
3602 2580 3615 2604 ,
3639 2553 3773 2609 quam

2207 2621 2260 2668 te
2285 2613 2428 2672 foras
2455 2618 2700 2675 efferres?
2729 2619 2868 2678 Ecce
2905 2625 3177 2693 quomodo
3207 2629 3381 2684 ferres
3409 2630 3479 2684 :si
3507 2631 3776 2685 attenderes

2206 2706 2521 2775 Apostolum
2541 2711 2830 2780 dicentem,
2862 2713 3218 2786 Unusquisque
3248 2722 3510 2791 pmpriuni
3529 2737 3649 2775 onus
3676 2738 3776 2791 por-

2206 2801 2353 2867 tabit;
2381 2801 2632 2859 liberaret
2663 2814 2713 2860 te
2739 2796 2838 2861 ista
2866 2810 3150 2863 sententia.
3185 2811 3310 2868 Non
3355 2815 3496 2869 enim
3539 2830 3652 2868 cum
3703 2814 3778 2866 illo

2205 2897 2630 2954 communicares
2643 2900 2941 2967 avaritiam,
2971 2901 3065 2958 sed
3091 2909 3528 2963 communicares
3555 2924 3666 2962 cum
3703 2907 3779 2961 illo

2205 2985 2399 3042 Christi
2426 3003 2690 3044 mensam.
2721 2992 2788 3046 Et
2826 2994 2952 3062 quid
3005 2994 3103 3069 tibi
3140 2996 3412 3064 obesset,
3467 3001 3510 3054 si
3553 3014 3662 3053 cum
3707 2999 3780 3052 illo

2204 3080 2630 3136 communicares
2676 3083 2875 3138 ChriSti
2949 3090 3231 3142 mensam?
3288 3091 3580 3159 Apostolus
3632 3091 3779 3144 dicit:

2207 3169 2308 3235 Qui
2333 3174 2466 3225 enim
2494 3175 2767 3229 manducat
2791 3185 2836 3230 et
2859 3177 2978 3230 bibit
3006 3178 3240 3249 indigne,
3263 3182 3527 3251 judicium
3550 3184 3636 3236 sibi
3661 3195 3779 3233 ηιαηο

2199 3265 2354 3318 ducat
2396 3275 2444 3320 et
2493 3266 2612 3321 bibit
2651 3268 2670 3336 (
2689 3268 2706 3321 Ι
2729 3268 2846 3322 Cor.
2875 3285 2954 3335 ιι,
2981 3270 3098 3341 29).
3128 3272 3270 3339 Sibi,
3306 3289 3418 3328 non
3447 3276 3558 3328 tibi.
3588 3275 3712 3328 Sane
3745 3271 3783 3324 si

2197 3355 2359 3425 judex
2388 3373 2467 3426 es,
2492 3359 2534 3412 si
2550 3359 2824 3428 judicandi
2848 3371 3164 3430 potestatem
3185 3367 3478 3436 accepisti,
3501 3366 3787 3422 ecclesiasti-

2202 3462 2262 3501 ca
2285 3449 2470 3518 regula
2492 3491 2506 3516 ,
2538 3451 2580 3504 si
2607 3451 2745 3520 apud
2766 3460 2819 3506 te
2842 3463 3140 3518 accusatur,
3197 3457 3244 3510 si
3293 3459 3438 3512 veris
3485 3458 3787 3512 documentis

2203 3539 2532 3610 testibusque
2553 3543 2906 3611 convincitur,
2935 3559 3160 3611 coerce,
3198 3550 3424 3619 corripe
3450 3593 3463 3616 ,
3505 3564 3786 3606 excommu-

2202 3630 2341 3695 nica,
2367 3631 2616 3702 degrada.
2651 3633 2741 3689 Sic
2771 3634 2950 3706 vigilet
2979 3637 3294 3706 tolerantia,
3317 3652 3376 3696 ut
3424 3658 3528 3697 non
3585 3642 3786 3696 dormiat

2199 3723 2496 3794 disciplina.

2270 3818 2498 3874 CAPUT
2521 3818 2658 3874 Vlll.
2690 3819 2872 3875 -12.
2902 3819 3210 3878 ϐωεὶιίαηιιδ
3258 3825 3446 3880 absens
3498 3834 3543 3878 et
3578 3826 3786 3877 innocuis

2199 3913 2489 3965 damnatur.
2512 3912 2669 3984 Leges
2689 3913 3064 3980 Imperatorum
3089 3930 3278 3971 contra
3305 3919 3618 3973 Donatistas.
3650 3916 3789 3972 Carci-

2199 4004 2364 4057 lianus
2394 4015 2468 4058 ter
2510 4007 2788 4061 absolutus.
2842 4006 3168 4062 Primianus-
3215 4011 3329 4066 Sed
3385 4013 3663 4066 dﬂlllllllills
3687 4015 3783 4068 est,

2199 4095 2462 4160 inquiunt,
2514 4098 2852 4152 Caecilianus.
2907 4099 3245 4156 Damnatus?
3279 4105 3322 4157 Α
3359 4102 3592 4173 quibus?
3635 4101 3790 4154 Primo

2196 4187 2391 4240 absens
2423 4228 2437 4253 ,
2480 4188 2672 4243 deinde
2738 4206 2766 4243 a
2813 4189 3190 4246 Tradiloribus
3239 4195 3528 4250 innocens.
3579 4193 3788 4260 Allcgata

2197 4288 2324 4333 sunt
2354 4279 2666 4342 ista,Gcstis
2697 4283 2916 4348 inserta,
2947 4284 3174 4352 probata
3205 4297 3360 4341 sunt.
3400 4289 3667 4343 Enervare
3699 4283 3792 4352 qui-

2194 4371 2314 4426 dem
2347 4372 2488 4426 vires
2522 4374 2758 4427 veritatis
2785 4376 2958 4428 conati
3010 4387 3155 4439 sunt,
3211 4389 3271 4434 et
3317 4380 3560 4433 inanium
3600 4374 3790 4432 nebulis

2195 4466 2624 4535 prosecutionum
2654 4468 2668 4497 ¹
2699 4467 2816 4535 ejus
2836 4469 3184 4523 serenitatem
3229 4472 3502 4527 uebulare
3526 4514 3539 4536 ,
3563 4478 3793 4540 quantum

2194 4566 2498 4627 potuerunt,
2527 4559 2661 4613 enisi
2688 4567 2830 4613 sunt.
2853 4559 3030 4614 Adfuit
3057 4561 3355 4624 Dominus,
3385 4564 3517 4617 vicit
3556 4561 3792 4616 serenitas

2192 4651 2309 4718 ejus
2339 4649 2560 4704 nebulas
2603 4666 2808 4704 eorum.
2851 4651 2917 4705 Et
2963 4653 3140 4708 videte
3175 4655 3470 4724 quomodo
3521 4654 3796 4709 nescientes

2191 4743 2535 4797 absolverunt
2566 4744 2854 4798 Ecclesium
2887 4745 3032 4799 orbis
3058 4755 3366 4816 terrarum,
3389 4750 3549 4818 cujus
3574 4759 3794 4801 conmm-

2191 4836 2350 4890 nionc
2403 4837 2729 4907 gaudemus,
2777 4838 3202 4910 qualescumque
3248 4844 3310 4896 in
3353 4859 3417 4898 ea
3464 4843 3651 4898 simus.
3698 4837 3798 4894 Mt

2189 4929 2334 4997 ipsos
2357 4945 2473 4992 nos,
2504 4930 2596 4984 sed
2626 4931 2793 4999 ipsam
2818 4941 3045 4994 tuemur,
3070 4933 3458 5002 defendimus,
3490 4937 3796 4990 obtinemus,

2187 5038 2367 5077 arcam
2399 5023 2719 5078 dominicam
2775 5025 3107 5080 defendendo
3138 5069 3154 5091 ,
3217 5041 3329 5096 pro
3382 5045 3515 5084 area
3554 5026 3797 5083 dominica

2186 5115 2376 5169 clamo.
2411 5115 2485 5170 Tu
2514 5117 2632 5185 quis
2665 5117 2714 5170 in
2742 5132 2800 5170 ea
2853 5117 2974 5181 sim,
3024 5118 3148 5172 nolo
3203 5136 3378 5175 cures
3411 5141 3423 5175 :
3460 5116 3796 5176 vcnt'ilabrum

2186 5217 2440 5277 exstiecto
2468 5209 2678 5279 (Matth.
2715 5226 2790 5270 tn,
2817 5209 2927 5279 1‘2).
2950 5209 3099 5275 Nolo,
3131 5211 3371 5282 inquam
3401 5257 3417 5281 ,
3475 5215 3578 5268 hoc
3613 5224 3756 5267 cures
3785 5224 3795 5258 ε

2184 5307 2276 5352 aut
2296 5301 2336 5352 si
2369 5299 2556 5353 mirare
2582 5300 2677 5360 vis,
2699 5301 2803 5354 noli
2827 5316 2944 5353 cum
2978 5300 3070 5353 lite
3099 5315 3333 5370 curare,
3372 5315 3434 5358 ut
3480 5307 3657 5374 possis
3703 5301 3798 5354 fra-

2187 5400 2318 5442 trem
2353 5407 2565 5444 sanazc.
2595 5391 2733 5444 Cura
2758 5392 2985 5460 paleam,
3033 5391 3076 5444 si
3133 5402 3307 5460 potes
3352 5413 3366 5449 :
3432 5395 3532 5452 sed
3585 5394 3798 5450 tritiwut

2182 5480 2290 5535 noli
2321 5481 2641 5548 relinquere,
2671 5481 2713 5534 si
2743 5482 2943 5548 paleam
2982 5496 3177 5535 curare
3224 5501 3340 5539 non
3397 5497 3578 5556 potes.
3640 5487 3796 5540 Excu'

2181 5575 2385 5628 tiuntur
2415 5574 2696 5641 aliquando
2723 5574 2789 5626 de
2827 5589 2950 5627 area
2981 5573 3264 5630 dominica
3312 5588 3374 5634 et
3401 5580 3619 5649 palem;
3649 5579 3802 5632 inter—

2179 5667 2306 5720 dum
2339 5677 2392 5720 et
2414 5683 2597 5737 grana,
2624 5665 2716 5719 sed
2749 5682 2852 5720 non
2901 5668 3074 5737 loogc.
3104 5666 3267 5724 Sunt
3326 5683 3522 5728 autem
3574 5668 3796 5742 operarii

2241 5802 2253 5831 ¹
2281 5788 2413 5874 t-tditi,
2434 5784 2827 5874 pri-secutiomnn.
2844 5803 3010 5852 verius
3025 5805 3388 5869 manuscripti,
3403 5813 3802 5874 prosccutwnum,

2175 5864 2318 5934 ld’t'b‘l
2343 5865 2673 5926 litigationum.
