4108 6336
308 253 402 310 901

309 364 456 429 boni,
511 364 840 419 circumeunt
880 375 1059 416 aream
1084 402 1099 427 ,
1146 366 1201 415 et
1234 372 1302 414 ea
1343 372 1460 432 quae
1503 354 1632 411 foris
1674 368 1895 429 excussa

308 460 451 516 sunt,
486 448 799 520 quibusdam
830 444 1180 501 mundatoriis
1208 444 1423 499 trahunt
1450 452 1503 498 et
1547 450 1797 497 revocant
1842 439 1895 492 in

307 558 510 607 aream,
534 541 635 596 etsi
663 537 921 594 trahendo
947 580 961 605 ,
1009 538 1107 593 etsi
1150 534 1405 606 cogendo.
1460 532 1787 589 Mundatoria
1810 531 1893 585 in-

308 642 602 689 strumenta
628 639 754 686 sunt
779 632 923 699 leges
947 633 1061 685 istm
1094 628 1392 683 mandante.
1428 612 1638 680 Revoca
1666 666 1679 689 ,
1734 624 1895 678 etiam

308 743 426 781 cum
459 736 598 779 terra
624 723 773 778 trabe
796 722 1048 788 triticum,
1100 739 1166 776 ne
1210 708 1429 790 propter
1473 728 1667 772 terram
1710 702 1895 787 pereat

311 818 564 871 uilicum.
610 816 899 869 Damnatus
942 823 1054 881 est,
1088 811 1369 883 inquiunt,
1421 809 1751 865 Caecilianus.
1802 806 1898 861 Da-

312 906 465 964 natns
495 918 575 964 est
607 909 771 963 semel
803 908 1017 973 absens,
1074 916 1154 961 ter
1197 906 1471 961 absolutus
1514 912 1595 959 est
1638 916 1893 972 praesens.

313 1000 704 1071 Respondimus
731 1001 828 1065 eis;
848 1009 900 1053 et
919 998 1164 1053 homines
1187 997 1441 1052 indociles
1462 1039 1475 1060 ,
1521 1006 1775 1066 quantum
1803 1002 1897 1062 po-

311 1094 527 1159 tuimus,
552 1091 783 1146 breviter
811 1090 877 1146 de
906 1092 1016 1145 suis
1044 1092 1195 1144 factis
1216 1089 1605 1153 admonuimus,
1646 1098 1717 1167 et
1762 1086 1898 1167 dixi-

310 1200 461 1239 mus:
482 1183 617 1249 Quid
641 1183 878 1238 recitatis
901 1188 1084 1237 eontra
1107 1168 1445 1237 Caecilianum
1494 1164 1774 1236 concilium
1808 1164 1897 1235 se—

312 1276 579 1345 pluaginta
607 1275 998 1344 episcoporum,
1031 1274 1324 1328 sententias
1372 1274 1423 1327 in
1454 1272 1728 1325 absentem
1773 1278 1897 1340 pro-

310 1365 618 1420 ferentium?
650 1354 835 1420 Plures
878 1364 1100 1434 prolata:
1154 1372 1277 1418 sunt
1329 1378 1355 1415 a
1386 1362 1896 1416 Maximianistarum

312 1458 539 1512 concilio
559 1466 742 1512 contra
780 1456 1053 1511 absentem
1106 1446 1454 1511 Prlmianum.
1488 1442 1757 1508 Diximus:
1786 1455 1896 1508 Ab-

316 1563 443 1603 Scns
466 1547 534 1602 ab
558 1548 663 1601 illis
680 1546 959 1602 damnatus
986 1555 1067 1602 est
1086 1547 1442 1611 Cmciliamus,
1475 1547 1667 1601 absens
1692 1548 1759 1600 ab
1786 1546 1899 1599 istls

312 1640 596 1694 damnatus
617 1649 699 1694 est
726 1640 1044 1694 Primianus.
1095 1639 1374 1708 Quomodo
1392 1642 1474 1695 isti
1499 1655 1601 1693 non
1650 1638 1901 1719 pra-judio

313 1742 435 1787 cant
464 1734 667 1787 absenti
688 1726 976 1800 Primiano,
1002 1734 1077 1788 sic
1104 1740 1160 1789 et
1184 1733 1258 1788 illi
1286 1732 1633 1805 praeiudicare
1659 1730 1764 1786 non
1807 1747 1901 1802 p0-

316 1835 529 1880 tuernnt
550 1826 757 1881 absenti
781 1828 1083 1881 Carciliano.
1150 1850 1153 1853 ·

383 1918 605 1973 CAPUT
650 1917 739 1973 IX.
765 1920 952 1973 -15.
990 1918 1267 1973 Donatistae
1309 1936 1400 1974 sua
1440 1918 1661 1989 ipsorum
1700 1916 1899 1972 senten-

314 2010 385 2062 tia
417 2010 662 2062 damnati.
688 2010 821 2078 Quid
852 2026 943 2065 eos
975 2014 1169 2079 putatis
1209 2014 1261 2064 in
1288 2004 1384 2065 bac
1408 2016 1643 2080 angustia
1673 2026 1899 2080 respon-

314 2105 499 2159 disse?
537 2105 673 2173 Quid
721 2106 861 2159 enim
911 2105 1187 2160 dicerent?
1228 2105 1338 2172 Qua
1380 2104 1667 2159 evaderent
1712 2104 1899 2159 inclusi

315 2196 515 2250 retibus
548 2197 821 2252 veritatis?
849 2197 917 2251 Ut
956 2198 1068 2251 haec
1108 2194 1239 2251 retia
1273 2197 1530 2251 violenter
1569 2206 1896 2265 rumperent,

314 2290 437 2360 quid
465 2290 713 2344 dixerunt
740 2290 968 2344 breviter
997 2299 1050 2344 et
1077 2289 1318 2343 absolute
1352 2306 1445 2358 pro
1472 2288 1663 2343 nobis?
1691 2289 1755 2342 Et
1782 2289 1897 2358 qui-

314 2382 433 2435 dem
466 2383 650 2445 multa,
676 2391 722 2436 et
753 2383 1084 2461 peneomnia
1116 2397 1210 2451 pro
1232 2382 1402 2446 nobis,
1429 2384 1559 2435 sicut
1589 2381 1744 2434 Gesta
1770 2382 1901 2435 imii-

315 2473 527 2535 cabunt,
558 2489 674 2539 mue
706 2474 812 2543 jam
858 2473 1198 2542 proponenda
1232 2482 1400 2527 vestra
1430 2473 1669 2527 Charitas
1703 2462 1903 2529 lectura

315 2572 415 2616 est.
447 2564 550 2618 Sed
588 2563 687 2617 hoc
718 2564 830 2617 loco
862 2579 990 2634 rogo
1015 2558 1127 2629 vos,
1158 2574 1211 2619 et
1240 2565 1461 2619 obsecro
1494 2582 1584 2634 per
1607 2565 1896 2633 Christum,

316 2663 371 2709 ιιι
397 2658 639 2719 teneatis,
668 2658 887 2720 dicatis,
921 2660 970 2711 in
996 2673 1089 2713 ore
1118 2674 1331 2727 semper
1370 2660 1624 2712 habeatis.
1663 2660 1774 2712 Non
1806 2668 1901 2728 po-

317 2751 412 2801 tuit
438 2750 576 2802 enim
626 2766 722 2819 pro
771 2751 921 2804 nobis
969 2751 1197 2814 brevior,
1240 2762 1293 2805 et
1326 2754 1538 2813 certior,
1576 2761 1625 2805 ct
1657 2753 1903 2821 liquidior

316 2839 436 2893 ferri
483 2840 764 2896 sententia.
812 2841 947 2909 Quid
988 2856 1115 2911 ergo
1155 2843 1305 2907 dixit,
1339 2860 1457 2897 cum
1499 2844 1598 2898 hoe
1638 2845 1900 2911 objicere-

314 2947 431 2987 mus
465 2949 476 2983 :
511 2934 596 2987 Sic
638 2950 739 2986 non
784 2935 1128 3003 prtrjndicant
1168 2936 1250 2989 isti
1292 2934 1590 3000 Cilft‘iilalll),
1638 2935 1901 3005 quomodo

315 3040 411 3078 nec
469 3025 544 3079 illi
605 3024 888 3080 Primiano.
939 3028 1001 3081 Et
1047 3029 1133 3081 ille
1191 3027 1440 3083 defensor
1492 3030 1747 3084 illorum:

316 3136 466 3171 causa
507 3137 673 3174 causa:
710 3121 1028 3191 pra'jadicat,
1070 3139 1156 3174 nec
1198 3140 1407 3192 persona
1436 3123 1899 3196 pcrsomv(Brevic.

318 3209 610 3265 Collationis
639 3230 751 3264 cum
794 3212 1090 3278 Donatistis,
1140 3215 1221 3268 die
1269 3216 1320 3280 5,
1352 3233 1464 3283 cap.
1502 3218 1587 3279 16,
1620 3234 1667 3270 ιι.
1714 3214 1825 3289 ‘28).
1859 3218 1902 3274 Ο

318 3318 629 3371 responsum
662 3306 839 3367 breve,
872 3306 1148 3374 liquidmn,
1182 3310 1395 3360 verum!
1428 3309 1540 3361 Non
1570 3310 1709 3362 enim
1753 3312 1904 3366 scivit

316 3396 438 3465 quid
480 3397 639 3461 dixit;
687 3398 776 3451 sed
818 3400 1026 3466 Caiplne
1076 3400 1283 3462 similis,
1326 3416 1445 3455 cum
1485 3414 1627 3456 esset
1670 3405 1905 3472 pontifex

317 3488 658 3557 prOpltetavit
692 3488 866 3559 (Joan.
900 3507 976 3555 ιιι,
1007 3490 1096 3563 49)
1134 3506 1148 3544 :
1186 3492 1292 3545 Nec
1323 3510 1475 3547 causa
1515 3513 1681 3549 causae
1716 3498 1903 3567 pra'iu-

320 3578 472 3644 dicat,
502 3596 590 3632 nec
623 3596 831 3649 persona
875 3596 1115 3648 personae.
1158 3584 1211 3638 Si
1243 3600 1339 3639 nec
1374 3601 1530 3639 causa
1569 3604 1762 3649 cansm.
1808 3606 1906 3645 nec

321 3684 546 3739 persona
595 3686 831 3739 personae
877 3674 1201 3743 pra-judicat,
1249 3692 1372 3746 ergo
1405 3680 1766 3749 unusquisque
1794 3700 1907 3737 sar-

318 3765 493 3817 cinam
522 3779 668 3817 suam
700 3773 893 3833 portat.
924 3766 1023 3819 Eat
1054 3782 1190 3821 nunc
1216 3778 1265 3821 et
1297 3770 1508 3837 objiciat
1552 3773 1639 3827 tibi
1670 3773 1907 3827 Caecilia-

322 3870 444 3907 num
480 3874 492 3909 :
526 3871 629 3908 non
659 3856 749 3909 tibi
783 3858 1097 3927 cuicumque
1140 3860 1359 3925 homini,
1396 3863 1486 3917 sed
1528 3865 1623 3932 ipsi
1654 3866 1766 3919 orbi
1802 3876 1906 3921 ter-

321 3963 496 4000 rarmn
524 3946 740 4017 objiciat
776 3950 1135 4005 Caecilianum.
1159 3952 1307 4020 Quod
1339 3971 1457 4009 cum
1488 3958 1629 4025 facit,
1654 3961 1907 4014 innocen-

324 4049 428 4093 tem
469 4040 651 4109 objicit
698 4042 1085 4100 innocentibus.
1136 4046 1360 4101 Prorsus
1406 4050 1562 4105 Gcsta
1605 4054 1908 4111 indicalmnt

322 4131 689 4201 liquidissime.
737 4134 993 4205 Purgatus
1038 4146 1117 4191 est
1160 4137 1490 4195 Carcilianus.
1533 4142 1635 4198 Sed
1674 4146 1755 4201 fac
1786 4164 1906 4203 cum

323 4242 425 4278 non
459 4237 753 4295 purgatum,
786 4229 865 4283 lac
884 4232 1224 4285 criminosum
1250 4235 1519 4291 inventum
1543 4255 1554 4299 ς
1580 4240 1701 4293 audi
1723 4258 1907 4297 vocem

326 4326 465 4369 tuam
495 4318 562 4371 ab
590 4318 719 4373 orbe
755 4322 1011 4375 terrarum
1048 4341 1059 4373 τ
1100 4320 1206 4377 Nec
1248 4341 1397 4380 causa
1437 4345 1619 4395 cauam,
1668 4350 1755 4385 uec
1792 4350 1906 4401 per-

321 4426 443 4469 sana
475 4428 702 4481 persona:
726 4416 1040 4485 prtrjudicat.
1076 4420 1260 4472 Anima
1287 4420 1552 4485 Ιιίιιιτοῑίρει,
1579 4424 1906 4491 insanabilis,

322 4501 577 4565 animosa,
622 4518 741 4556 cum
797 4513 849 4558 tu
899 4506 948 4559 in
996 4517 1047 4561 te
1095 4511 1410 4565 sententiain
1459 4514 1623 4580 dicas,
1677 4516 1909 4585 judicent

326 4598 443 4664 quid
473 4600 724 4655 accusas?
749 4601 801 4655 Si
841 4604 983 4657 illum
1016 4618 1114 4673 ego
1149 4610 1389 4677 corrupi,
1425 4621 1479 4664 ut
1517 4611 1780 4681 iudicaret
1818 4630 1911 4685 pro

324 4702 438 4751 ine;
475 4698 522 4741 te
546 4692 661 4758 quis
686 4696 940 4762 corrupit,
978 4706 1031 4748 ut
1056 4697 1337 4755 damnares
1365 4702 1450 4754 te?

392 4781 471 4829 (1A
485 4780 615 4833 PUT
667 4781 736 4836 Χ.
760 4815 833 4823 ——
855 4786 937 4838 14.
964 4783 1255 4844 Donatistas
1275 4792 1397 4861 quid
1414 4792 1463 4846 in
1486 4792 1651 4849 errOre
1672 4796 1909 4852 deiincat.

324 4868 537 4923 l'tinam
582 4873 696 4928 hac
741 4876 1027 4945 aliquando
1064 4885 1315 4951 cogitent,
1364 4887 1444 4940 vel
1489 4903 1610 4942 sero
1657 4892 1909 4960 cogitent,

323 4964 400 5012 vel
461 4962 860 5022 detumescente
910 4971 1249 5029 animositate
1291 4980 1554 5048 cogitent;
1595 4982 1660 5035 ad
1692 4999 1749 5037 se
1788 4984 1915 5039 red-

326 5064 467 5119 eant,
494 5070 553 5108 se
588 5057 944 5129 interrogent,
973 5076 1031 5118 se
1061 5065 1365 5133 discutiant,
1407 5072 1505 5125 sibi
1535 5076 1911 5143 respondeant,

326 5159 419 5211 pro
450 5148 673 5204 veritate
698 5168 799 5205 non
826 5154 1047 5209 timeant
1070 5172 1161 5211 eos
1188 5162 1378 5229 quibus
1410 5162 1696 5220 falsitatem
1724 5168 1914 5224 diutis-

325 5238 458 5293 sime
486 5242 856 5301 vendiderunt.
893 5248 1040 5318 Ipsos
1072 5253 1213 5307 enim
1246 5257 1433 5311 timent
1461 5259 1765 5327 olTendere;
1792 5280 1917 5318 eru-

324 5328 548 5387 bescunt
577 5335 820 5393 humana:
862 5340 1175 5410 infirmitati,
1206 5354 1259 5400 et
1290 5363 1392 5401 non
1422 5352 1743 5407 erubescunt
1778 5355 1914 5409 invi-

321 5422 571 5478 ctissiinre
606 5430 837 5484 veritati.
872 5432 1063 5504 Utique
1096 5420 1196 5490 hbe
1221 5440 1429 5506 timent,
1463 5458 1527 5495 ne
1554 5444 1760 5499 dicatur
1789 5448 1865 5501 eis
1900 5466 1912 5501 :

322 5510 495 5577 Quare
540 5533 668 5588 ergo
728 5536 825 5576 nos
872 5523 1191 5595 decepistis?
1240 5546 1404 5599 quare
1454 5548 1551 5589 nos
1599 5536 1917 5592 seduxistis?

321 5616 485 5671 quare
514 5618 655 5664 tanta
683 5614 818 5667 mala
852 5625 903 5669 et
930 5616 1057 5673 falsa
1090 5621 1335 5676 dixistis?
1382 5625 1722 5695 ltespondere
1752 5630 1917 5687 debe-

321 5708 466 5769 rem,
495 5702 539 5757 si
578 5703 745 5762 Deum
768 5708 1023 5767 timerent
1068 5730 1080 5768 :
1112 5712 1416 5775 Humanum
1446 5719 1544 5781 fuit
1573 5736 1778 5789 errare.
1802 5724 1920 5783 dia-

1793 3028 1902 3084 Nec

1663 238 1894 299 SERMO
1930 230 2141 297 CLXV.

3484 233 3598 296 Μ

2003 349 2233 404 bolicnm
2261 356 2340 405 est
2373 364 2465 419 per
2486 350 2877 407 animositatem
2909 353 2961 404 in
2997 363 3179 405 errore
3204 363 3439 405 manere.
3476 351 3590 407 Me-

2001 444 2104 498 lius
2133 442 2345 513 quidem
2374 453 2487 498 erat
2508 446 2551 498 si
2571 462 2835 515 nunquam
2864 459 3165 499 erraremus
3189 462 3203 498 :
3228 442 3318 498 sed
3346 445 3423 497 vel
3446 443 3591 514 quid

2003 530 2291 588 secundum
2321 543 2402 589 est
2432 535 2704 602 faciamus,
2740 546 2793 590 ut
2835 552 3069 591 errorem
3100 530 3382 604 aliquando
3408 551 3590 590 emen-

2003 616 2209 681 denins.
2241 626 2573 696 Deccpimns,
2604 628 2725 697 quia
2756 624 2960 696 decepti
2997 643 3209 681 eramus
3239 646 3251 680 :
3284 628 3409 681 l'alsa
3450 644 3586 698 pra:-

2003 720 2316 783 dicavimus,
2351 721 2465 789 “qui
2513 722 2919 791 przedieantibns
2986 721 3110 775 falsa
3172 721 3493 777 credidimus
3549 725 3587 777 ¹.

2005 813 2190 866 Dicant
2212 814 2354 867 suis:
2375 812 2539 867 Simul
2569 813 2880 877 erravimus,
2903 813 3056 866 simul
3076 812 3140 867 ab
3168 828 3349 867 errore
3375 804 3591 868 receda-

2004 920 2142 958 mus.
2178 904 2350 959 Duces
2391 904 2537 957 vobis
2584 905 2773 957 t‘nimus
2800 905 2865 958 ad
2896 905 3121 967 love-.nn,
3154 916 3207 959 et
3249 907 3414 959 sccmi
3465 908 3591 960 estis

2004 1010 2121 1049 cum
2152 992 2467 1049 duceremus
2497 994 2560 1049 ad
2593 996 2827 1057 foveam;
2872 1006 2921 1049 et
2968 1012 3106 1050 nunc
3146 998 3425 1065 sequimini
3471 1015 3589 1051 cum

2004 1086 2245 1140 ducimus
2265 1085 2329 1139 ad
2360 1084 2672 1141 Ecclesiatn.
2705 1080 2928 1140 Possent
2957 1088 3053 1141 ista
3082 1090 3257 1142 dicere
3279 1106 3290 1141 :
3313 1080 3591 1157 indignan—

2007 1178 2145 1232 tibus
2177 1178 2431 1243 dicerent,
2474 1179 2619 1233 iratis
2644 1178 2901 1240 dicerent,
2932 1179 3210 1249 aliquando
3243 1192 3289 1235 ct
3322 1162 3390 1235 illi
3426 1176 3590 1251 pone-

2005 1282 2117 1325 rent
2151 1271 2586 1341 indignationem,
2620 1279 2861 1326 amarent
2885 1272 2962 1325 vel
2987 1288 3106 1325 sero
3140 1273 3414 1327 unitatem.

2006 1372 2021 1425 ξ»
2078 1364 2163 1418 15.
2193 1362 2445 1417 Patientia
2463 1366 2513 1416 in
2534 1360 2672 1432 ipsos
2695 1364 2991 1418 exhibenda.
3026 1354 3131 1418 Nos
3158 1375 3352 1430 tamen,
3384 1364 3592 1433 fratres,

2007 1453 2267 1523 patientes
2297 1455 2434 1508 circa
2464 1454 2585 1509 illos
2616 1455 2799 1509 simus.
2836 1455 2889 1509 In
2918 1453 3124 1509 fervore
3153 1464 3276 1508 sunt
3315 1464 3369 1509 et
3391 1466 3595 1511 tumore

2006 1544 2144 1602 oculi
2173 1563 2306 1618 quos
2348 1554 2614 1602 curamus.
2664 1548 2776 1602 Non
2817 1549 2937 1603 dico
2982 1555 3032 1601 nt
3076 1564 3262 1603 curare
3292 1565 3593 1616 cessemus;

2006 1638 2100 1693 sed
2133 1648 2188 1693 ut
2225 1656 2328 1693 non
2370 1640 2799 1695 insultationilms
2839 1641 2903 1693 ad
2943 1640 3171 1709 majores
3219 1632 3598 1695 amaritudines

2006 1746 2388 1801 provocemus;
2442 1732 2699 1788 rationem
2755 1722 2944 1789 leniter
2994 1732 3317 1800 reddamus,
3371 1752 3474 1788 non
3531 1734 3597 1790 de

2006 1825 2223 1880 victoria
2272 1826 2497 1895 superbe
2544 1827 2888 1881 exsultemus.
2949 1826 3158 1880 Servum
3208 1828 3347 1881 enim
3399 1824 3599 1880 Domini

2006 1918 2203 1987 litigare
2233 1934 2332 1972 non
2358 1929 2571 1987 Oportet,
2604 1922 2893 1988 Apostolus
2920 1916 3067 1985 dicit,
3097 1921 3185 1973 sed
3211 1922 3375 1973 mitem
3400 1938 3505 1974 esse
3534 1908 3599 1974 ad

2007 2026 2195 2071 omnes,
2228 2010 2513 2074 docibilem,
2548 2012 2837 2081 patientem,
2872 2013 2923 2065 in
2968 2013 3208 2065 modestia
3250 2016 3600 2083 corripientcm

2008 2088 2202 2155 diversa
2232 2103 2496 2155 sentientes
2529 2118 2545 2155 :
2572 2119 2631 2155 ne
2661 2102 2789 2170 forte
2829 2102 2909 2155 det
2939 2094 3039 2155 illis
3070 2096 3207 2158 Deus
3238 2108 3596 2173 pwnitcntiam,

2008 2204 2052 2246 ct
2080 2193 2400 2263 resispiscaut
2429 2210 2459 2245 a
2486 2194 2673 2246 diaboli
2700 2193 2913 2259 laqueis,
2953 2212 2982 2246 a
3020 2196 3117 2262 quo
3154 2197 3334 2264 captivi
3376 2207 3602 2251 tenentur

2006 2284 2281 2337 secundum
2320 2283 2477 2353 ipsius
2509 2284 2810 2337 voluntatem
2842 2285 2906 2354 (ll
2948 2282 3081 2338 Tim.
3130 2301 3187 2351 ιι,
3236 2285 3444 2358 ili-20).
3496 2284 3600 2343 Pa-

2010 2378 2205 2431 tieutcr
2246 2391 2372 2445 ergo
2416 2378 2569 2442 I'erte,
2614 2376 2659 2431 si
2709 2377 2823 2430 sani
2874 2378 3020 2442 estis,
3053 2378 3314 2447 patienter
3358 2380 3507 2443 ferte,
3546 2381 3599 2439 in

2007 2477 2259 2537 quantum
2299 2467 2410 2521 sani
2440 2469 2590 2521 estis.
2636 2467 2763 2521 Nam
2810 2470 2928 2538 quis
2978 2469 3207 2537 perfecte.
3247 2472 3441 2524 smus?
3467 2472 3601 2526 Cum

2008 2561 2121 2614 Rex
2148 2563 2321 2629 justus
2357 2559 2556 2614 sederit
2597 2561 2647 2614 in
2682 2554 2893 2625 throno,
2938 2562 3055 2631 quis
3095 2552 3406 2630 gloriabitur
3451 2580 3603 2617 mun-

2008 2652 2131 2706 dnm
2175 2668 2232 2706 se
2275 2652 2470 2706 habere
2500 2667 2613 2718 cor,
2645 2661 2735 2706 aut
2763 2653 2882 2722 quis
2924 2654 3235 2720 gloriabitur
3264 2657 3514 2709 tnnndum
3546 2650 3602 2712 Se

2007 2758 2125 2796 esse
2150 2757 2177 2794 a
2208 2750 2423 2811 peccato
2455 2741 2633 2812 (Prov.
2666 2760 2753 2809 xx,
2786 2742 2881 2797 Set
2906 2744 3003 2814 9)?
3029 2744 3167 2813 Ergo
3190 2748 3436 2815 quamdiu
3471 2750 3603 2803 tales

2007 2848 2212 2896 sumus,
2248 2834 2349 2888 hoc
2378 2834 2530 2887 nobis
2561 2834 2840 2900 debemus,
2877 2846 2929 2889 ιιι
2968 2836 3193 2891 invicem
3221 2854 3383 2894 onera
3422 2850 3599 2895 nostra

2008 2935 2300 2996 portemus.
2327 2924 2584 2980 Conversi
2618 2927 2683 2980 ad
2710 2926 3019 2994 Dominum,
3053 2937 3157 2983 etc.

2470 3038 2702 3115 SERMO
2753 3038 2937 3094 CLXV
2988 3044 3004 3063 ·
3054 3040 3151 3115 ((ι).

2008 3150 2087 3205 De
2127 3151 2285 3204 verbis
2321 3150 2568 3220 Apostoli,
2616 3149 2801 3221 [Cp/tes.
2836 3169 2949 3223 cap.
2977 3169 3054 3219 ιιι,
3088 3155 3151 3207 15
3190 3156 3274 3217 18,
3318 3155 3446 3209 Peto
3496 3173 3603 3213 non

2081 3242 2337 3297 inlirmari
2367 3244 2417 3297 in
2444 3244 2870 3299 trilmlalionibus
2894 3246 3025 3299 meis
3062 3264 3155 3316 pro
3185 3248 3351 3311 vobis,
3382 3266 3497 3318 qua:
3524 3259 3606 3305 est

2078 3334 2245 3405 gloria
2269 3344 2465 3401 vestra,
2511 3346 2631 3401 clc.,
2670 3336 2826 3405 det/tte
2860 3338 3025 3407 gratia
3069 3348 3115 3392 el
3155 3339 3307 3392 libera
3336 3343 3602 3410 voluntate,

2080 3437 2255 3479 contra
2282 3424 2609 3495 Pelagianos.

2371 3538 2569 3588 Habitus
2591 3539 2640 3587 iu
2672 3540 2865 3590 basilica
2894 3543 3116 3605 Maiorum
3145 3543 3217 3607 (υ)

2082 3661 2308 3717 CAPUT
2370 3662 2657 3719 PRIMUM.
2690 3696 2757 3705 -—-
2798 3668 2848 3720 1.
2898 3666 3025 3736 Spes
3065 3669 3355 3721 collocanda
3391 3672 3439 3723 in
3482 3674 3603 3737 Uro,

2012 3770 2110 3806 non
2151 3755 2203 3806 in
2233 3756 2419 3807 viribus
2460 3757 2603 3809 liberi
2648 3758 2862 3810 arbitrii.
2916 3758 3105 3811 Gratiie
3150 3772 3193 3813 et
3235 3762 3314 3814 lib.
3333 3762 3371 3813 ri
3414 3764 3607 3817 arbitrii

2012 3861 2309 3897 concursus.
2358 3847 2671 3915 Apostolum
2723 3849 3041 3915 audivimus,
3096 3852 3361 3906 Psalmntn
3403 3856 3608 3909 audivi-

2012 3954 2151 4003 mus,
2182 3940 2524 4009 Evangclium
2567 3942 2900 4008 audivimus;
2932 3955 3228 3998 consonant
3262 3962 3447 4001 omnes
3479 3949 3611 4001 divi-

2015 4048 2095 4086 na:
2127 4034 2403 4099 lectiones,
2437 4045 2489 4088 ut
2534 4050 2681 4103 spem
2726 4051 2829 4089 non
2875 4038 2923 4089 in
2970 4039 3142 4104 nobis,
3174 4040 3266 4093 scd
3302 4041 3349 4093 in
3387 4042 3611 4097 Doniino

2014 4124 2355 4178 collocemus.
2405 4125 2553 4193 Peto,
2604 4128 2770 4195 inquit
2813 4129 3117 4197 Apostolus,
3166 4148 3263 4185 non
3314 4134 3561 4201 inﬁrmari
3592 4138 3610 4167 ³

2015 4218 2066 4270 in
2098 4216 2502 4270 tribulationibus
2534 4221 2653 4271 meis
2687 4236 2776 4289 pro
2804 4220 2955 4285 vobis,
2990 4237 3100 4291 qtae
3128 4232 3200 4276 cst
3240 4224 3403 4293 gloria
3432 4226 3608 4279 vestra.

2021 4309 2167 4373 Peto,
2195 4311 2383 4379 inquit,
2410 4328 2507 4364 non
2530 4313 2800 4378 inﬁrmari,
2828 4315 2876 4367 id
2904 4324 3004 4379 est,
3036 4325 3090 4369 ut
3119 4334 3219 4369 non
3247 4318 3609 4389 inlirtnemini,

2019 4402 2231 4471 quando
2263 4404 2456 4457 auditis
2496 4422 2579 4459 me
2620 4406 2725 4475 pati
2757 4422 2851 4474 pro
2884 4408 3029 4461 vobis
3073 4411 3466 4477 tribulatitmes;
3492 4418 3611 4485 quia

2024 4495 2139 4548 lure
2169 4505 2250 4548 est
2294 4497 2456 4565 gloria
2506 4506 2701 4551 vestra.
2753 4499 2888 4553 Petit
2927 4515 3053 4570 ergo
3094 4516 3207 4563 eos,
3238 4514 3291 4557 nt
3322 4522 3421 4557 non
3465 4507 3612 4559 intir-

2020 4596 2266 4650 tuentur;
2296 4587 2435 4655 quod
2473 4604 2577 4642 non
2616 4590 2833 4657 laceret,
2861 4588 2959 4645 nisi
2990 4609 3173 4646 eorum
3206 4597 3358 4649 vellet
3384 4599 3614 4652 excitare

2019 4677 2369 4731 voluntatem.
2402 4678 2457 4732 Si
2506 4679 2646 4733 enim
2700 4682 3103 4751 responderent,
3151 4686 3286 4751 Quid
3337 4704 3433 4739 nos
3481 4688 3615 4757 petis

2019 4770 2161 4837 quod
2191 4772 2239 4823 in
2271 4780 2532 4839 potestate
2570 4790 2675 4828 non
2710 4775 2999 4831 habemus?
3041 4780 3293 4848 numquid
3325 4799 3428 4835 non
3466 4784 3614 4838 vide-

2020 4872 2206 4915 rentur
2232 4864 2330 4917 sibi
2374 4866 2575 4934 justum
2607 4868 2903 4923 reddidisse
2945 4873 3301 4939 responsum?
3335 4876 3395 4926 lit
3438 4886 3611 4929 tamen

2021 4956 2328 5023 Apostolus,
2360 4958 2458 5011 nisi
2501 4960 2662 5013 sciret
2707 4975 2825 5015 esse
2867 4963 2916 5014 in
2957 4963 3034 5015 eis
3074 4964 3357 5018 voluntatis
3388 4970 3616 5036 propria:

2022 5048 2450 5117 consensionem,
2487 5051 2572 5104 ubi
2609 5060 2667 5106 et
2704 5052 2802 5121 ipsi
2833 5052 3027 5121 aliquid
3064 5065 3304 5122 agerent,
3338 5074 3439 5111 non
3472 5059 3613 5113 dice-

2086 5177 2542 5256 :SicltllallttSLTiltli:
2568 5183 2687 5233 Editi
2711 5198 2846 5256 vero,
2890 5182 3016 5246 falsa
3051 5183 3493 5249 prajudicavimas,
3535 5188 3619 5256 qui

2020 5240 2451 5307 prtpjtalicantibus
2464 5240 2597 5307 falsa
2620 5240 2933 5295 Credidimus.

2087 5304 2106 5332 ³
2130 5309 2180 5350 ιιι
2203 5304 2349 5371 editis
2371 5304 2679 5370 ller'umque,
2711 5321 2809 5371 non
2854 5314 3015 5371 tamen
3051 5323 3269 5371 semper,
3304 5326 3497 5367 vosnon
3542 5314 3618 5370 in-

2020 5359 2073 5426 ﬁt
2087 5363 2229 5415 mari.
2268 5374 2317 5416 At
2339 5359 2386 5416 in
2410 5359 2743 5442 triariusct‘iptis
2766 5369 2847 5418 vix
2868 5364 3124 5434 aliquando
3146 5359 3457 5437 poniturrvos
3510 5359 3621 5442 ιιιιῶ

2022 5439 2112 5474 vox
2150 5440 2175 5475 a
2198 5441 2360 5489 gra‘eo
2379 5433 2535 5480 abest.

2090 5491 2403 5567 tittastigatus
2418 5495 2476 5543 ad
2494 5508 2664 5543 omnes
2682 5500 2786 5545 Mss.
2802 5502 2853 5546 et
2876 5497 2925 5545 in
2944 5498 3055 5547 Edd.
3070 5513 3299 5553 sermone
3314 5505 3617 5567 pracedentl

2021 5551 2164 5599 modo
2186 5552 2482 5613 designatos.

2086 5613 2159 5737 Eua
2194 5616 2334 5675 Alias,
2364 5618 2429 5667 de
2464 5619 2635 5667 Verbis
2656 5619 2865 5681 Apostoli
2896 5623 2944 5673 7.
3294 5672 3295 5675 η
3434 5678 3437 5681 .

2110 5672 2137 5723 b
2184 5677 2255 5725 sic
2274 5678 2319 5726 iu
2343 5688 2545 5730 Romano
2569 5683 2732 5733 Codice.
2755 5688 3081 5737 nmmsciiz-to
3108 5694 3184 5736 PP.
3210 5692 3437 5737 Cisterme

2184 5672 2545 5749 sicitrttoniano
2569 5672 2732 5749 Colice.
2755 5688 3081 5749 innuisciig-to
3108 5694 3184 5736 PP.
3210 5672 3297 5737 Cist
3309 5678 3620 5744 (mensium.

2022 5739 2201 5799 Citatur
2222 5739 2301 5789 hic
2318 5756 2481 5794 seruio
2509 5758 2538 5795 a
2568 5743 2703 5798 Floro
2739 5746 2799 5797 ad
2822 5755 2950 5801 item.
2978 5739 3046 5813 tv,
3074 5760 3123 5802 et
3147 5752 3206 5801 ad
3228 5739 3401 5815 tzpbes.
3427 5739 3495 5804 in.

2446 5830 2505 5855 gn
