4108 6336
494 340 601 403 903

492 471 593 528 ret,
620 459 770 517 Peto.
801 460 865 516 Et
895 459 939 515 si
969 459 1184 523 diceret,
1215 456 1402 524 Jubeo,
1450 454 1551 511 nisi
1586 470 1680 512 eos
1707 465 1890 512 nosset
1925 456 2081 512 adhi-

491 553 622 609 bere
649 566 807 622 posse
840 549 1065 621 jussioni
1094 563 1204 604 sua:
1233 548 1583 615 voluntatem,
1631 547 1748 603 sine
1781 562 1941 603 causa
1984 547 2087 604 hoc

492 645 714 701 verbum
744 642 810 697 de
855 641 970 713 ejus
1017 656 1112 697 ore
1160 628 1494 711 procederet.
1533 638 1642 695 Sed
1692 654 1878 696 rursus
1909 639 2085 695 sciens

491 739 609 795 sine
639 737 733 792 Dei
755 736 1017 806 adjutorio
1045 736 1304 790 inﬁrmam
1331 749 1452 790 esse
1475 732 1707 789 hominis
1729 733 2081 800 voluntatem,

490 848 596 888 non
629 831 800 888 solum
828 846 896 885 ne
917 828 1177 896 dicerent,
1206 828 1507 908 Voluntatis
1537 827 1815 884 arbitrium
1851 843 1957 881 non
1984 825 2084 881 ha-

488 922 698 988 bemus,
727 921 880 988 dixit,
913 919 1041 975 Peto
1058 938 1078 987 ;
1108 936 1288 976 verum
1320 921 1479 975 etiam
1508 937 1573 975 ne
1597 920 1856 983 dicerent,
1878 918 2082 973 Volun-

492 1015 616 1070 tatis
670 1013 948 1069 arbitrium
1002 1011 1202 1067 sufﬁcit
1244 1012 1415 1077 nobis,
1458 1011 1633 1067 videte
1678 1010 1804 1082 quid
1836 1009 2079 1065 addidit:

492 1106 665 1178 Hujus
692 1107 764 1161 rei
808 1105 993 1176 gratia.
1045 1104 1206 1174 Cujus
1242 1105 1319 1160 rei
1358 1104 1547 1175 gratia,
1592 1104 1694 1158 nisi
1738 1118 1896 1173 quam
1922 1117 2084 1173 supra

489 1200 717 1265 dixerat,
748 1197 877 1253 Peto
914 1216 1014 1253 non
1048 1199 1300 1269 inﬁrmari
1337 1199 1391 1252 in
1418 1196 1819 1253 tribulationibus
1840 1196 1960 1249 meis
1990 1212 2083 1265 pro

487 1292 645 1360 vobis,
668 1308 783 1364 qua:
811 1301 883 1347 est
920 1292 1082 1362 gloria
1119 1291 1322 1346 vestra?
1351 1290 1483 1358 Quia
1521 1304 1647 1360 ergo
1675 1288 1959 1344 voluntatis
1984 1285 2082 1341 ha-

487 1386 627 1443 betis
647 1386 946 1452 arbitrium,
986 1384 1130 1438 Peto.
1162 1385 1295 1454 Quia
1323 1399 1450 1439 vero
1477 1382 1629 1438 vobis
1658 1382 1947 1437 voluntatis
1974 1396 2081 1435 non

490 1479 684 1535 sufﬁcit
702 1479 978 1534 arbitrium
1001 1478 1066 1533 ad
1095 1477 1421 1547 implendum
1452 1476 1593 1546 quod
1622 1485 1762 1546 peto,
1801 1475 1972 1548 Hujus
2009 1475 2083 1528 rei

488 1573 653 1644 gratia
681 1573 830 1641 ﬂecto
867 1588 1030 1641 genua
1058 1587 1168 1624 mea
1199 1569 1268 1623 ad
1292 1568 1499 1623 Patrem
1528 1568 1737 1622 Domini
1768 1569 1925 1622 nostri
1956 1567 2083 1622 Jesu

490 1663 697 1733 Christi,
719 1682 783 1719 ea:
807 1681 904 1734 quo
941 1664 1101 1719 omnis
1139 1649 1412 1734 paternit‘as
1432 1664 1483 1716 in
1515 1663 1638 1717 caelo
1666 1671 1711 1716 et
1747 1662 1799 1716 in
1833 1671 1963 1716 terra
1992 1678 2084 1716 no-

489 1756 734 1810 minatur.
767 1756 835 1810 Ut
859 1756 939 1809 det
978 1756 1134 1809 vobis.
1174 1753 1332 1821 Quid,
1379 1755 1461 1807 det
1502 1754 1678 1808 vobis?
1711 1753 1862 1819 Quod
1902 1761 2024 1823 peto
2051 1768 2083 1808 a

488 1846 663 1915 vobis,
708 1862 838 1917 rogo
889 1846 978 1901 det
1021 1845 1193 1900 vobis.
1244 1844 1374 1900 Peto
1418 1846 1561 1899 enim
1601 1860 1632 1899 a
1662 1844 1833 1911 vobis,
1865 1854 2084 1914 propter

488 1937 765 1993 arbitrium
808 1936 1134 1993 voluntatis:
1164 1951 1295 2008 rogo
1337 1937 1428 1993 det
1472 1936 1642 2002 vobis,
1678 1944 1895 2008 propter
1934 1936 2085 1990 auxi-

488 2028 619 2084 lium
645 2029 959 2098 majestatis.

560 2122 784 2179 CAPUT
823 2121 887 2177 ll.
914 2152 985 2164 -—
1014 2121 1068 2176 2.
1099 2122 1146 2176 Α
1181 2121 1284 2177 Deo
1312 2123 1497 2193 petitur
1524 2122 1621 2176 hoc
1653 2123 1820 2194 ipsum
1858 2120 1993 2192 quod
2020 2121 2083 2175 ab

487 2218 689 2273 homine
742 2216 981 2288 exigitur.
1035 2215 1143 2271 Sed
1197 2215 1437 2284 Apostoli
1490 2216 1649 2270 verba
1705 2214 2080 2285 prtevenimus.

486 2313 678 2371 Adhuc
723 2311 949 2367 fortasse
988 2311 1311 2381 exspectatis
1353 2308 1558 2375 audire,
1588 2307 1676 2379 qui
1709 2317 1908 2363 textum
1935 2306 2082 2376 ejus-

485 2406 608 2461 dem
630 2404 875 2460 lectionis
902 2403 1159 2458 memoria
1183 2417 1287 2456 non
1312 2400 1525 2465 tenetis,
1548 2410 1723 2454 utrum
1752 2414 1935 2453 revera
1963 2398 2085 2454 ideo

486 2496 776 2568 Apostolus
808 2510 905 2565 pro
942 2493 1071 2563 ipsis
1098 2492 1165 2548 ad
1203 2493 1414 2547 Patrem
1455 2506 1628 2562 genua
1669 2490 1867 2557 flectat,
1899 2498 1957 2545 ut
1994 2490 2085 2545 det

486 2589 591 2645 illis
620 2587 761 2655 quod
787 2587 994 2642 dixerat
1027 2587 1125 2653 eis,
1156 2584 1305 2639 Peto.
1326 2584 1645 2640 Mementote
1675 2600 1803 2654 ergo
1828 2584 1956 2655 quid
1989 2599 2083 2653 pe-

486 2678 631 2733 tierit
671 2678 740 2732 ab
787 2679 932 2748 ipsis.
982 2676 1109 2731 Peto
1153 2692 1253 2730 non
1298 2676 1548 2745 inﬁrmari
1581 2676 1634 2729 in
1678 2674 2085 2731 tribulationibus

485 2772 609 2827 meis
650 2788 741 2842 pro
785 2771 921 2825 vobis
951 2771 1092 2825 :hoc
1121 2769 1188 2824 ab
1216 2769 1343 2838 ipsis
1374 2769 1524 2838 petit.
1553 2768 1710 2823 Modo
1750 2768 1924 2824 videte
1960 2767 2087 2838 quid

485 2867 595 2940 illis
624 2867 795 2936 petit:
829 2864 1005 2918 Flecto
1034 2881 1197 2935 genua
1225 2879 1335 2917 mea
1363 2862 1430 2915 ad
1460 2861 1667 2915 Patrem
1697 2861 1899 2916 Domini
1930 2861 2089 2916 nostri

485 2958 613 3013 Iesu
642 2956 849 3021 Christi,
878 2965 932 3009 ut
972 2957 1053 3010 det
1090 2955 1224 3009 vobis
1249 2954 1528 3009 secundum
1561 2954 1759 3008 divitias
1788 2954 1964 3023 gloria:
1982 2970 2090 3009 sua

488 3052 670 3106 uirtute
701 3049 1032 3104 corroborari.
1062 3047 1200 3117 Quid
1228 3055 1311 3102 est
1335 3046 1500 3113 aliud,
1537 3047 1637 3101 nisi
1668 3063 1772 3101 non
1798 3048 2090 3102 inﬁrmari?

494 3142 692 3200 Virtute
734 3143 1070 3206 corroborari,
1124 3140 1314 3210 inquit,
1364 3157 1454 3210 per
1503 3139 1756 3211 Spiritum
1802 3140 1931 3210 ejus.
1985 3139 2089 3197 Iste

488 3235 719 3307 Spiritus
746 3234 949 3306 gratiae.
983 3233 1172 3288 Videte
1215 3231 1343 3303 quid
1384 3233 1532 3302 petit.
1577 3232 1689 3287 Hoc
1726 3249 1756 3287 a
1786 3232 1897 3288 Deo
1923 3234 2085 3303 petit,

487 3328 631 3401 quod
660 3328 728 3383 ab
775 3326 1080 3382 hominibus
1120 3326 1321 3395 exigit:
1354 3325 1475 3395 quia
1515 3333 1572 3379 ut
1612 3324 1754 3379 Deus
1784 3324 1908 3379 velit
1933 3324 2084 3394 dare,

489 3422 655 3479 debes
695 3431 750 3477 et
788 3430 844 3475 tu
888 3419 956 3475 ad
1000 3416 1368 3488 accipiendum
1410 3415 1816 3471 accommodare
1846 3417 2090 3472 volunta-

488 3523 622 3571 tem.
653 3512 931 3582 Quomodo
961 3510 1040 3565 vis
1071 3512 1313 3579 aecipcre
1341 3508 1565 3579 gratiam
1594 3507 1785 3562 divinae
1812 3508 2084 3577 bonitatis,

486 3607 577 3678 qui
620 3605 795 3660 sinum
841 3618 948 3658 non
991 3601 1167 3671 aperis
1205 3599 1531 3655 voluntatis?
1561 3599 1673 3665 Det,
1716 3599 1903 3670 inquit,
1928 3600 2084 3654 vobis.

484 3696 602 3754 Non
636 3683 812 3752 'enim
866 3694 1094 3757 habetis,
1141 3691 1242 3746 nisi
1290 3690 1381 3746 det
1409 3690 1580 3745 vobis.
1614 3690 1707 3744 Det
1747 3691 1880 3745 vobis
1907 3691 2089 3745 virtute

486 3788 805 3846 corroborari
847 3803 934 3857 per
963 3785 1217 3855 Spiritum
1255 3785 1386 3854 ejus.
1430 3782 1488 3837 Si
1527 3782 1670 3837 enim
1701 3780 1910 3837 dederit
1936 3782 2086 3837 vobis

481 3882 680 3938 virtute
704 3877 1061 3942 corroborari,
1092 3875 1165 3931 ibi
1191 3875 1338 3930 dabit
1358 3875 1513 3930 vobis
1552 3879 1656 3929 non
1700 3874 1977 3929 inﬁrmari.
2017 3873 2086 3928 In

483 3976 721 4030 interiore
740 3972 941 4026 homine
965 3972 981 4001 ί
1009 3969 1235 4023 habitare
1264 3966 1516 4023 Christum
1548 3985 1636 4038 per
1666 3966 1819 4036 ﬁdem
1842 3967 1895 4021 in
1921 3966 2088 4021 cordi-

488 4066 581 4120 bus
605 4064 802 4119 vestris.
827 4063 1018 4118 Totum
1059 4061 1162 4116 hoc
1196 4061 1286 4116 det
1310 4060 1479 4115 vobis.
1515 4058 1579 4113 In
1607 4059 1848 4114 charitute
1872 4058 2089 4116 radicati

484 4167 532 4213 et
561 4157 785 4231 fundati,
814 4165 869 4209 ut
911 4155 1226 4227 prtevaleatis
1262 4152 1681 4224 comprehendere
1716 4170 1829 4207 cum
1856 4154 2085 4209 omnibus

483 4250 690 4306 sanctis.
717 4246 853 4316 Quid
883 4242 1380 4319 comprehendere?
1408 4244 1505 4298 Det
1530 4244 1679 4299 vobis
1709 4260 1803 4312 per
1830 4245 2084 4315 Spiritum

491 4357 647 4398 suum
670 4341 865 4395 virtute
894 4337 1252 4403 corroborari,
1284 4343 1339 4392 et
1364 4335 1605 4391 habitare
1634 4336 1686 4390 in
1715 4337 1968 4393 interiore
1996 4338 2085 4393 ho-

486 4437 633 4493 mine
662 4443 842 4490 vestro
884 4431 1154 4487 Christum
1187 4446 1279 4501 per
1309 4429 1489 4497 fidem,
1535 4440 1695 4501 atque
1721 4431 1791 4485 ita
1823 4433 1877 4486 in
1905 4431 2084 4487 chari-

486 4540 596 4588 tate
636 4529 858 4585 radicati
891 4539 947 4583 et
984 4527 1191 4583 fundati
1228 4526 1443 4596 possitis
1471 4526 1928 4596 comprehendere
1960 4541 2083 4582 cum

483 4624 734 4681 omnibus
774 4621 974 4678 sanctis
1019 4637 1032 4673 :
1072 4619 1236 4691 quid?
1270 4617 1398 4687 Quae
1440 4620 1505 4675 sit
1531 4620 1765 4686 latitudo,
1798 4619 2079 4691 longitudo,

481 4715 698 4772 altitudo
723 4724 771 4770 et
795 4713 1127 4787 profundum.
1158 4711 1400 4767 Altitudo
1436 4710 1652 4783 quidem
1682 4712 1735 4765 in
1780 4710 1939 4765 latina
1975 4712 2081 4765 lin-

485 4826 588 4882 gua
615 4819 899 4878 utrumque
930 4805 1193 4876 signiﬁcat
1225 4822 1238 4858 :
1270 4813 1325 4860 et
1349 4802 1489 4875 quod
1519 4817 1729 4859 sursum
1760 4817 1948 4858 versus
1976 4812 2079 4871 est,

480 4903 777 4961 altitudinis
803 4917 998 4958 nomen
1025 4900 1218 4965 habet;
1247 4907 1301 4954 et
1330 4897 1472 4969 quod
1501 4898 1555 4952 in
1578 4895 1894 4968 profundum
1916 4897 2079 4953 altum

482 5007 586 5065 est,
645 4996 943 5053 altitudinis
994 5009 1188 5049 nomen
1239 4991 1420 5047 habet.
1468 4990 1593 5046 Ideo
1631 4991 1767 5047 bene
1810 4991 2082 5062 respondit

480 5094 748 5163 interpres
774 5090 843 5147 ad
887 5089 939 5145 id
977 5088 1120 5159 quod
1164 5102 1377 5142 sursum
1413 5086 1579 5140 altum
1615 5094 1719 5153 est,
1747 5083 2078 5139 altitudinem

478 5185 693 5253 dicere;
724 5184 790 5241 ad
816 5182 943 5239 illud
972 5182 1116 5255 quod
1142 5180 1392 5237 deorsum
1427 5179 1594 5235 altum
1621 5186 1725 5246 est,
1759 5177 2080 5249 profundum

368 5329 385 5349 κ
478 5278 677 5334 dicere.

552 5370 779 5430 CAPUT
818 5370 908 5426 Ill.
933 5400 1004 5411 —
1028 5370 1083 5426 5.
1126 5367 1194 5424 In
1221 5377 1439 5440 quatuor
1461 5365 1852 5422 dimensionibus
1889 5375 2077 5438 myste-

478 5468 611 5523 rium
641 5464 827 5520 crucis.
855 5462 993 5531 Quid
1021 5471 1103 5519 est
1127 5478 1255 5533 ergo
1274 5503 1289 5528 ,
1324 5462 1512 5516 fratres
1542 5458 1669 5525 mei,
1688 5472 1946 5527 exponam
1977 5457 2079 5515 hoc

481 5575 583 5633 ego
611 5558 783 5615 vobis.
813 5557 1047 5613 Facilius
1082 5556 1214 5612 forte
1243 5556 1289 5611 si
1306 5555 1551 5626 cuiquam
1583 5553 1683 5621 sit,
1706 5550 1831 5623 quid
1861 5568 1987 5622 ergo
2009 5555 2028 5583 ²
2054 5553 2076 5607 ?

545 5679 560 5709 ί
580 5683 713 5735 I.0v.,
735 5688 789 5726 in
808 5679 1085 5725 interiorem
1105 5671 1355 5724 hominem.
1384 5679 1438 5735 At
1460 5676 1646 5719 Am.F,r.
1674 5676 1724 5717 et
1741 5675 1870 5729 Mss.,
1891 5667 1941 5719 in
1955 5667 2076 5719 inte-

477 5739 607 5793 riore
632 5734 930 5803 hoinine;et
951 5738 1020 5786 sic
1045 5735 1145 5797 legi
1165 5736 1293 5803 solet
1311 5734 1444 5803 apud
1463 5740 1799 5803 angustinnrn.
1890 5796 1907 5803 Δ
1964 5802 1969 5803 ν
2046 5794 2056 5803 _

544 5807 563 5834 ³
589 5811 653 5851 lla
675 5795 998 5861 Benignianus
1020 5806 1101 5861 Ms.
1115 5795 1245 5848 illiti
1264 5795 1386 5861 vero
1407 5800 1493 5855 sic,
1519 5795 1644 5861 Quod
1664 5795 1857 5861 facilius
1878 5796 1998 5860 forte
2013 5795 2077 5847 sit

476 5866 721 5945 guiqutmt,
742 5858 888 5931 quam
909 5861 1001 5916 sibi
1020 5860 1081 5915 sit
1103 5862 1228 5928 quis.
1255 5860 1377 5924 Quid
1396 5872 1514 5925 ergo
1534 5858 1557 5907 2

1735 341 1791 399 S.
1832 339 2194 399 AUGUSTINI
2236 344 2539 401 EPISCUPI
2602 399 2606 403 .

3676 342 3784 402 90$

2192 461 2316 531 quia
2342 459 2673 516 latitudinem
2698 502 2713 529 ,
2741 458 3160 535 longitudinem,
3190 457 3547 528 altitudinem,
3579 470 3634 516 et
3657 477 3788 531 pro-

2192 551 2453 621 fundum,
2503 548 2729 623 quatuOr
2771 553 2871 609 ista
2913 568 3033 623 quae
3074 552 3203 608 dicit
3241 552 3559 623 Apostolus,
3608 553 3789 611 minus

2193 643 2417 699 idoneus
2442 659 2559 701 sum
2586 644 2671 700 vel
2699 644 3156 715 comprehendere
3182 644 3266 699 vel
3295 645 3536 715 proferre
3558 685 3575 709 ,
3606 652 3788 700 trans-

2192 734 2282 790 ibo
2307 735 2374 790 ab
2395 735 2531 791 hoc?
2559 735 2641 791 An
2670 735 2807 792 forte
2830 736 3072 807 pulsabo,
3103 746 3158 793 et
3182 747 3241 792 ut
3267 736 3422 793 vobis
3446 736 3660 792 salubre
3683 737 3789 791 ali-

2192 828 2319 899 quid
2346 828 2614 899 proferam
2637 871 2652 897 ,
2705 829 2902 884 vestris
2923 829 3253 886 orationibus
3289 828 3620 899 adjuvabor?
3649 828 3791 897 Quid

2191 920 2370 991 pergis
2411 922 2605 987 corde,
2636 921 2796 977 homo
2821 920 3140 987 Christiane,
3175 936 3270 991 per
3296 920 3628 976 latitudinem
3672 929 3789 976 ter-

2189 1027 2265 1068 ra:
2284 1054 2299 1079 ,
2328 1013 2708 1084 longitudinem
2738 1022 3037 1084 temporum
3057 1053 3073 1080 ,
3110 1012 3444 1067 altitudinem
3469 1012 3593 1068 caeli
3613 1052 3629 1077 ,
3655 1026 3790 1082 pro-

2188 1101 2503 1159 funditatem
2555 1105 2771 1177 abyssi?
2819 1104 3042 1172 Quando
3098 1103 3198 1160 ista
3246 1104 3657 1174 compreheudis
3699 1103 3793 1159 vel

2188 1206 2370 1254 mente
2400 1199 2487 1254 vel
2509 1199 2771 1269 corpore?
2816 1199 2919 1255 hoc
2945 1207 3060 1266 est,
3087 1196 3506 1268 sive'cogitando
3526 1198 3641 1253 sive
3662 1212 3792 1253 car-

2190 1290 2273 1345 nis
2321 1291 2492 1345 oculis
2555 1291 2844 1359 intuendo,
2913 1290 3126 1362 quando
3179 1291 3279 1346 ista
3336 1288 3793 1361 comprehendis?

2188 1380 2366 1452 Ipsum
2388 1383 2511 1438 audi
2535 1384 2849 1454 Apostolum
2879 1382 3145 1438 dicentem
3170 1382 3264 1437 tibi
3296 1398 3310 1437 :
3343 1380 3476 1436 Mihi
3503 1392 3671 1436 autem
3697 1382 3796 1435 ab-

2187 1476 2251 1529 sit
2288 1474 2528 1546 gloriari,
2578 1476 2675 1531 nisi
2703 1477 2755 1530 in
2800 1492 2947 1530 cruce
2973 1473 3183 1529 Domini
3228 1474 3386 1528 nostri
3419 1471 3545 1529 Iesu
3592 1473 3793 1550 Christi

2190 1563 2391 1636 (Galat.
2425 1582 2497 1632 vi,
2549 1565 2661 1637 M).
2707 1566 2774 1621 Et
2802 1581 2902 1622 nos
2968 1566 3021 1621 in
3065 1565 3154 1620 illa
3200 1565 3525 1635 gloriemur,
3552 1566 3636 1620 vel
3662 1565 3797 1635 quia

2189 1672 2350 1728 super
2376 1657 2519 1712 illam
2557 1659 2934 1716 incumbimus.
2980 1658 3039 1714 In
3066 1658 3157 1713 illa
3182 1658 3472 1730 gloriemur
3497 1674 3683 1714 omnes
3704 1699 3721 1723 ,
3758 1674 3797 1713 ο

2187 1750 2314 1806 boni
2360 1750 2588 1819 fratres,
2619 1752 2672 1807 in
2700 1752 2787 1806 illa
2813 1751 3124 1823 gloriemur.
3176 1751 3252 1807 lbi
3281 1748 3420 1807 forte
3452 1750 3797 1806 inveniemus

2187 1853 2242 1900 et
2283 1844 2647 1908 latitudinem.
2678 1854 2734 1901 et
2780 1845 3202 1916 longitudinem,
3247 1854 3304 1900 et
3330 1840 3703 1910 altitudinem',
3737 1852 3800 1900 et

2188 1937 2531 2010 profundum.
2566 1939 2661 1994 His
2703 1940 2846 1995 enim
2875 1940 3119 2011 Apostoli
3167 1939 3350 1995 verbis
3377 1955 3507 1995 crux
3553 1939 3798 2009 quodam

2188 2030 2350 2086 modo
2381 2031 2533 2086 nobis
2562 2040 2686 2087 ante
2711 2031 2897 2087 oculos
2920 2032 3205 2087 constituta
3226 2040 3328 2087 est.
3350 2030 3524 2087 Habet
3543 2032 3682 2086 enim
3712 2030 3801 2085 ta—

2189 2122 2466 2177 titudinem
2492 2163 2508 2189 ,
2537 2123 2590 2178 in
2620 2139 2724 2194 qua
2768 2139 2957 2178 manus
2981 2122 3212 2194 ﬁguntur
3240 2140 3253 2177 :
3297 2122 3460 2179 habet
3499 2122 3797 2193 longitudi-

2187 2229 2333 2281 nem,
2362 2214 2502 2284 quod
2530 2214 2655 2270 inde
2676 2230 2844 2286 usque
2869 2215 2937 2270 ad
2963 2224 3158 2270 terram
3186 2214 3401 2270 ducitur
3420 2216 3657 2286 lignum;
3691 2214 3802 2270 ha-

2188 2307 2278 2365 bet
2307 2318 2361 2363 ct
2401 2309 2733 2364 altitudinem
2758 2351 2774 2376 ,
2821 2308 2963 2380 quod
2994 2310 3063 2365 ah
3092 2309 3207 2380 ipso
3233 2318 3573 2375 transverso,
3600 2308 3652 2363 in
3678 2324 3800 2379 quo

2190 2399 2427 2471 figuntur
2451 2416 2640 2456 manus
2661 2442 2679 2468 ,
2709 2401 2916 2456 excedit
2964 2401 3294 2471 aliquantum
3315 2441 3330 2466 ,
3361 2401 3449 2457 ubi
3478 2408 3640 2471 caput
3661 2415 3800 2454 crn-

2190 2492 2332 2545 clﬁxi
2361 2494 2577 2561 ponitur
2608 2509 2620 2545 :
2652 2491 2815 2548 habet
2846 2501 2901 2548 et
2927 2492 3247 2563 profundum
3268 2534 3284 2560 ,
3320 2493 3422 2547 hoc
3446 2502 3530 2547 est
3557 2491 3696 2562 quod
3732 2491 3799 2547 in

2191 2592 2333 2639 terra
2372 2584 2586 2655 ﬁgitur,
2628 2593 2683 2639 et
2707 2601 2812 2640 non
2842 2585 3073 2641 videtur.
3103 2585 3290 2641 Videte
3319 2600 3571 2656 maguum
3608 2601 3803 2641 sacra-

2190 2688 2450 2733 mentum.
2481 2679 2565 2734 Ab
2590 2678 2680 2734 illo
2706 2678 2969 2750 profundo
2996 2679 3140 2750 quod
3168 2695 3275 2735 non
3301 2678 3473 2746 vides,
3514 2680 3684 2750 surgit
3713 2688 3802 2734 to-

2192 2780 2304 2826 tum
2325 2771 2468 2842 quod
2490 2771 2660 2827 vides.
3160 2798 3165 2805 -

2262 2862 2488 2923 CAPUT
2528 2863 2614 2919 1V.
2638 2894 2709 2904 —
2732 2864 2786 2918 4.
2817 2857 3262 2930 Crucis'latitudo,
3296 2862 3558 2936 longitudo
3591 2872 3637 2918 et
3665 2864 3801 2919 atti-

2195 2955 2336 3010 tudo.
2382 2956 2480 3013 Ubi
2502 2972 2631 3027 ergo
2660 2966 2742 3012 est
2771 2956 3028 3012 latitudo?
3053 2956 3250 3012 Confer
3279 2966 3331 3012 te
3371 2956 3437 3012 ad
3476 2958 3635 3012 vitam
3666 2972 3803 3012 tuo-

2192 3062 2384 3118 resque
2413 3058 2716 3103 sanctorum
2744 3090 2759 3115 ,
2788 3048 2878 3118 qui
2907 3048 3107 3113 dicunt,
3131 3047 3276 3102 Absit
3321 3047 3565 3119 gloriari,
3607 3049 3707 3102 nisi
3732 3050 3801 3104 in

2192 3155 2338 3194 cruce
2358 3138 2562 3194 Domini
2583 3141 2739 3194 nostri
2761 3138 2797 3193 Ι
2801 3157 2887 3193 esu
2907 3138 3114 3194 Christi.
3146 3138 3450 3195 Invenimus
3471 3141 3525 3195 in
3550 3141 3801 3197 moribus

2193 3249 2381 3290 eorum
2409 3234 2739 3289 latitudinem
2761 3233 3071 3299 charitatis;
3096 3233 3234 3289 unde
3256 3233 3375 3288 illos
3399 3233 3652 3289 admonet
3674 3236 3802 3305 ipse

2194 3326 2482 3397 Apostolus
2500 3368 2515 3391 ,
2544 3326 2729 3381 dicens
2748 3369 2762 3392 ,
2790 3318 3118 3394 Dilatamini,
3146 3343 3208 3381 ne
3229 3327 3339 3381 sitis
3349 3328 3534 3398 jugum
3555 3325 3801 3386 ducentes

2192 3436 2305 3475 cum
2324 3420 2631 3490 inﬁdelibus.
2664 3421 2729 3475 Et
2752 3421 2876 3490 quia
2897 3420 3173 3492 ipse‘latus
3198 3430 3317 3475 erat
3335 3462 3349 3485 ,
3378 3421 3467 3491 qui
3492 3436 3586 3476 eos
3611 3421 3679 3476 ad
3704 3421 3799 3476 la-

2195 3514 2475 3573 titudinem
2515 3515 2925 3581 exhortabatur,
2954 3514 3077 3570 audi
3102 3514 3227 3587 quid
3252 3515 3393 3570 dicat
3419 3533 3434 3567 :
3465 3513 3535 3570 Os
3560 3525 3799 3571 nostrum

2194 3617 2330 3681 patet
2375 3608 2442 3662 ad
2477 3624 2563 3663 vos
2584 3651 2599 3675 ,
2627 3625 2657 3662 ο
2682 3608 2969 3674 Corinthii;
3000 3623 3099 3667 cor,
3128 3616 3354 3661 nostrum
3398 3606 3664 3661 dilatatam
3712 3615 3798 3662 est

2194 3701 2263 3771 (ll
2290 3699 2407 3754 Cor.
2453 3716 2526 3767 vi,
2556 3699 2762 3771 H-M).
2798 3697 3044 3753 Latitudo
3071 3713 3199 3769 ergo
3223 3697 3457 3752 charitas
3503 3707 3615 3762 est,
3664 3714 3796 3768 quae

2192 3796 2303 3851 sola
2327 3796 2463 3850 bene
2491 3804 2759 3865 operatur.
2784 3792 3031 3848 Latitudo
3056 3790 3183 3848 facit
3208 3801 3264 3846 nt
3292 3790 3515 3847 hilarem
3541 3790 3794 3847 datorem

2190 3887 2373 3958 diligat
2392 3887 2530 3942 Deus
2553 3885 2664 3944 (Id.
2694 3901 2774 3955 ιχ,
2803 3885 2875 3956 7).
2902 3885 2958 3940 Si
2973 3885 3113 3940 enim
3140 3885 3435 3955 angustiam
3460 3882 3791 3955 passusfne-

2191 3982 2294 4047 rit,
2345 3981 2509 4035 tristis
2538 3979 2685 4034 dabit
2716 3997 2728 4033 :
2760 3979 2804 4033 si
2834 3978 3002 4034 tristis
3027 3977 3207 4043 dabit,
3249 3978 3383 4049 perit
3424 3977 3566 4048 quod
3611 3977 3787 4033 dabit.

2191 4073 2337 4143 Opus
2364 4081 2447 4128 est
2486 4088 2613 4143 ergo
2642 4070 2921 4126 latitudine
2962 4070 3237 4126 charitatis
3262 4111 3276 4135 ,
3308 4085 3377 4126 ne
3418 4078 3597 4141 pereat
3624 4069 3788 4141 quid-

2190 4166 2314 4236 quid
2336 4166 2461 4221 boni
2499 4164 2650 4219 facis.
2679 4163 2784 4219 Sed
2809 4162 3059 4234 quoniam
3085 4164 3159 4217 ait
3186 4164 3461 4218 Dominus.
3497 4162 3596 4218 Ubi
3619 4163 3789 4217 abun-

2191 4257 2332 4311 dabit
2358 4257 2599 4327 iniquitas
2617 4296 2632 4322 ,
2660 4255 2947 4326 refrigescet
2967 4255 3189 4309 charitas
3215 4254 3514 4319 multorum;
3535 4253 3603 4308 da
3646 4254 3784 4312 mihi

2190 4362 2244 4409 et
2272 4352 2679 4422 longitudinem.
2711 4349 2840 4417 Qua:
2881 4358 2962 4402 est
3010 4346 3320 4417 longitudo?
3367 4348 3465 4415 Qui
3494 4363 3782 4419 persevera-

2188 4447 2311 4500 verit
2338 4460 2496 4515 usque
2518 4443 2570 4497 in
2597 4443 2784 4511 ﬁnem,
2833 4440 2913 4494 hic
2941 4441 3108 4494 salvus
3137 4439 3227 4494 erit
3259 4436 3467 4514 (Matth.
3498 4455 3644 4505 XXIV,
3677 4439 3780 4507 12,

2189 4538 2302 4611 15).
2333 4538 2459 4594 Haec
2487 4544 2569 4591 est
2598 4533 2873 4605 longitudo
2895 4531 3091 4599 crucis,
3123 4532 3210 4587 ubi
3232 4540 3398 4586 totum
3427 4546 3621 4602 corpus
3649 4546 3779 4602 por-

2187 4631 2375 4702 rigitur
2404 4647 2417 4682 :
2452 4629 2539 4684 ubi
2565 4627 2795 4698 quodam
2818 4625 2977 4681 modo
3006 4634 3206 4691 statur,
3237 4640 3343 4694 quo
3373 4623 3563 4679 stando
3593 4638 3779 4694 perse<

2187 4732 2420 4779 veratur.
2450 4720 2508 4778 Si
2533 4736 2662 4791 ergo
2688 4720 2884 4790 quieris
2909 4760 2924 4784 ,
2973 4719 3065 4789 qui
3092 4718 3143 4772 in
3175 4732 3333 4773 cruce
3374 4716 3649 4787 gloriaris,
3677 4714 3782 4770 ha-

2186 4820 2314 4876 bere
2338 4818 2511 4875 erucis
2536 4815 2868 4871 latitudinem
2892 4830 2907 4880 ;
2937 4813 3134 4869 habeto
3158 4812 3298 4868 bene
3323 4810 3579 4882 operandi
3607 4811 3782 4865 virtu-

2188 4922 2314 4968 tem.
2373 4909 2429 4967 Si
2481 4910 2561 4964 vis
2613 4908 2813 4965 habere
2873 4906 3046 4962 crucis
3103 4904 3522 4974 longitudinem;
3582 4902 3781 4959 habeto

2185 5001 2561 5074 perseverandi
2608 4999 3081 5071 longanimitatem.
3142 4996 3196 5052 Si
3231 5006 3408 5051 autem
3451 4994 3534 5050 vis
3579 4992 3780 5049 habere

2184 5096 2358 5151 crucis
2382 5091 2747 5159 altitudinem;
2782 5106 2944 5147 nosce
2966 5089 3091 5161 quid
3119 5088 3304 5143 audias
3323 5127 3339 5154 ,
3366 5095 3421 5143 et
3438 5086 3528 5142 ubi
3554 5084 3778 5150 audias,

2185 5189 2409 5246 Sursum
2439 5203 2551 5244 cor.
2579 5186 2717 5256 Quid
2759 5192 2873 5251 est,
2919 5184 3144 5240 Sursum
3174 5183 3305 5238 cor?
3344 5181 3414 5235 lbi
3462 5193 3654 5250 spera,
3706 5179 3778 5233 ibi

2183 5299 2301 5339 ama
2335 5301 2349 5337 :
2380 5282 2508 5338 inde
2533 5291 2655 5351 pete
2693 5280 2945 5336 virtutem
2966 5320 2981 5346 ,
3035 5277 3108 5332 ibi
3154 5278 3404 5346 eispecta
3448 5270 3775 5329 mercedem.

2181 5375 2313 5432 Nam
2344 5376 2388 5433 si
2413 5374 2550 5431 bene
2576 5356 2837 5445 operaris,
2870 5379 2925 5427 et
2955 5370 3193 5424 hilariter
3215 5366 3423 5432 tribuis,
3454 5363 3652 5420 videris
3684 5363 3779 5418 ha-

2182 5470 2310 5525 bere
2337 5467 2691 5523 latitudinem.
2734 5464 2791 5521 Si
2820 5466 2874 5520 in
2904 5462 3090 5519 iisdem
3122 5460 3275 5515 bonis
3317 5456 3567 5529 operibus
3607 5469 3778 5525 usque

2182 5563 2234 5616 in
2263 5562 2425 5617 linem
2455 5559 2905 5631 perseveraveris,
2933 5554 3129 5610 videris
3145 5553 3340 5607 habere
3365 5547 3774 5621 longitudinem.

2179 5655 2282 5712 Sed
2312 5656 2355 5711 si
2396 5654 2574 5710 omnia
2606 5653 2721 5708 hcce
2750 5667 2853 5705 non
2896 5659 3111 5720 propter
3131 5661 3416 5717 supernam
3467 5642 3773 5699 mercedem

2187 5749 2349 5817 facis,
2377 5746 2707 5803 altitudinem
2735 5758 2839 5799 non
2868 5741 3123 5807 habebis;
3169 5749 3223 5794 ct
3248 5739 3335 5793 illa
3360 5738 3471 5809 jam
3516 5750 3615 5790 nec
3654 5734 3778 5789 lati-

2180 5844 2308 5901 tudo
2336 5841 2441 5900 erit
2467 5856 2567 5898 nec
2601 5837 2889 5909 longitudo.
2919 5834 3056 5904 Quid
3096 5842 3178 5891 est
3219 5833 3361 5889 enim
3406 5829 3605 5886 habere
3651 5824 3772 5888 alti-
