4108 6336
362 355 467 413 905

360 472 630 540 tudinem,
660 474 761 531 nisi
781 476 1013 546 cogitare
1038 477 1203 534 Deum
1223 520 1239 547 ,
1269 494 1450 538 amare
1475 482 1674 549 Deum;
1708 491 1759 538 et
1787 482 1948 554 gratis

360 579 545 620 amare
574 565 747 635 ipsum
790 567 954 623 Deum
986 569 1280 640 adjutorem
1301 612 1316 637 ,
1346 574 1518 643 ipsum
1563 584 1947 644 spectatorem,

361 662 536 733 ipsum
562 674 960 733 coronatorem,
993 668 1165 737 ipsum
1204 671 1408 738 prtemii
1462 670 1803 740 largitorem;
1857 688 1951 741 po-

359 763 561 810 stremo
590 756 761 827 ipsum
790 758 1063 826 premium
1095 759 1351 830 deputare
1371 804 1386 829 ,
1418 778 1525 817 non
1564 763 1704 818 aliud
1743 764 1809 819 ab
1835 764 1949 835 ipso

358 861 517 916 quam
542 847 712 917 ipsum
739 851 1088 919 exspectare?
1117 851 1173 907 Si
1199 866 1373 918 amas,
1404 853 1571 922 gratis
1587 868 1733 908 ama:
1755 855 1798 909 si
1826 869 1949 909 vere

357 952 505 994 amas
522 980 538 1006 ,
571 939 687 1009 ipse
715 941 786 996 sit
806 956 1012 998 merces
1038 959 1197 1013 quem
1218 960 1385 998 amas.
1418 945 1500 999 An
1521 960 1649 1000 vero
1670 945 1763 999 tibi
1789 946 1947 1001 chara

357 1038 483 1084 sunt
507 1030 681 1084 omnia
699 1072 713 1097 ,
736 1040 791 1086 et
817 1032 935 1087 vilis
961 1041 1044 1087 est
1074 1033 1163 1089 ille
1188 1036 1275 1104 qui
1302 1034 1538 1089 condidit
1565 1035 1779 1089 omnia?

425 1115 650 1175 CAPUT
669 1118 871 1175 V.—-5.
896 1118 1221 1193 Profundum
1246 1124 1428 1178 crucis.
1448 1123 1573 1178 Haec
1594 1124 1944 1193 utpossimus,

356 1208 501 1264 ﬂexit
522 1225 695 1280 genua
721 1226 817 1266 sua
847 1227 946 1282 pro
973 1213 1127 1269 nobis
1159 1216 1473 1285 Apostolus,
1510 1217 1692 1287 utique
1731 1217 1851 1272 ideo
1892 1227 1949 1274 ut

353 1302 510 1358 detur
529 1304 700 1360 nobis.
734 1304 924 1361 Terret
946 1307 1090 1362 enim
1135 1316 1190 1363 et
1230 1308 1573 1381 Evangelium
1608 1328 1620 1363 :
1661 1309 1813 1365 Vobis
1853 1312 1948 1364 da-

355 1400 458 1447 tum
483 1404 556 1449 est
596 1395 723 1450 scire
744 1398 1039 1468 mysterium
1065 1400 1243 1471 regni,
1271 1401 1374 1456 illis
1398 1411 1567 1457 autem
1612 1420 1711 1458 non
1735 1414 1810 1458 est
1849 1404 1946 1457 da-

354 1493 479 1540 tum.
510 1486 607 1553 Qui
631 1488 765 1542 enim
800 1489 967 1557 habet,
995 1491 1199 1545 dabitur
1224 1493 1288 1547 ei.
1318 1494 1448 1561 Quis
1473 1504 1648 1549 autem
1681 1495 1837 1551 habet
1862 1497 1946 1551 cui

351 1576 590 1645 dabitur,
618 1580 719 1634 nisi
748 1581 832 1635 cui
864 1581 1046 1636 datum
1075 1583 1196 1638 est?
1228 1583 1329 1651 Qui
1370 1595 1537 1639 autent
1568 1603 1666 1639 non
1698 1587 1877 1651 habet,
1901 1596 1947 1642 et

350 1668 486 1737 quod
522 1668 669 1724 habet
698 1673 955 1743 auferetur
975 1672 1037 1727 ab
1056 1689 1115 1728 eo
1140 1672 1351 1745 (Matth.
1380 1692 1497 1742 xui,
1543 1678 1629 1744 ll,
1662 1677 1771 1748 12).
1816 1678 1946 1747 Quis

350 1768 527 1814 autem
559 1775 664 1816 non
693 1761 872 1830 habet,
894 1765 992 1819 nisi
1022 1767 1105 1821 cui
1138 1782 1240 1821 non
1265 1777 1346 1822 est
1368 1768 1590 1823 datum?
1612 1769 1788 1837 Quare
1816 1786 1945 1841 ergo

351 1851 425 1906 illi
452 1852 632 1907 datum
661 1862 774 1920 est,
817 1863 874 1910 et
910 1856 983 1910 illi
1014 1872 1119 1912 non
1146 1867 1230 1914 est
1254 1858 1476 1914 datum?
1529 1860 1643 1915 Non
1674 1877 1759 1917 me
1806 1865 1947 1933 piget

349 1942 560 2013 dicere,
605 1945 705 2002 hoc
744 1955 828 2003 est
869 1948 1194 2019 profundum
1221 1952 1413 2006 crucis.
1452 1952 1528 2007 De
1559 1954 1821 2023 profundo
1848 1970 1945 2011 ne-

348 2036 462 2090 scio
487 2052 593 2106 quo
613 2037 938 2109 iudiciorum
965 2041 1089 2108 Dei,
1118 2058 1235 2112 quae
1262 2046 1583 2113 perscrutari
1612 2048 1945 2118 contempla-

348 2126 497 2196 rique
534 2144 641 2183 non
668 2145 951 2199 possumus
970 2175 985 2200 ,
1013 2134 1442 2203 procedit'omne
1470 2136 1609 2206 quod
1640 2152 1941 2207 possumus.

348 2217 424 2273 De
451 2218 827 2289 profunditate,
860 2224 1096 2295 inquam,
1126 2228 1304 2282 nescio
1349 2244 1449 2299 qua
1476 2230 1795 2299 judiciorum
1826 2232 1940 2301 Dei,

346 2325 465 2379 qua:
495 2312 856 2371 inscrutabilia
905 2319 1254 2389 contemplari
1294 2337 1399 2375 nou
1445 2337 1762 2391 possumus,
1820 2341 1942 2395 per-

345 2404 570 2457 scrutari
597 2419 703 2460 non
720 2407 982 2476 valemus,
1013 2409 1256 2479 procedit
1280 2427 1440 2466 omne
1471 2412 1609 2482 quod
1636 2429 1940 2485 possumus.

344 2494 496 2561 Quod
524 2511 739 2565 possum
763 2540 778 2562 ,
814 2499 1008 2555 video:
1042 2502 1183 2557 unde
1209 2504 1407 2573 possim
1428 2547 1442 2571 ,
1469 2520 1571 2560 non
1605 2506 1797 2573 video;
1839 2507 1941 2563 nisi

343 2586 467 2654 quia
506 2596 562 2642 et
603 2587 705 2644 hoc
734 2590 991 2647 hactenus
1021 2593 1182 2648 video
1204 2635 1217 2658 ,
1247 2594 1388 2665 quod
1415 2597 1535 2650 novi
1583 2611 1700 2653 esse
1733 2613 1763 2653 a
1810 2600 1937 2654 Deo.

344 2677 521 2745 Quare
550 2688 725 2736 autem
750 2682 925 2747 illum,
956 2692 1011 2740 et
1040 2699 1145 2740 non
1173 2685 1320 2739 illum
1352 2704 1363 2739 :
1392 2688 1615 2743 multum
1637 2690 1801 2744 estad
1831 2706 1936 2758 mc,

344 2769 569 2839 abyssus
606 2780 721 2838 est,
754 2774 1071 2842 profundum
1097 2778 1272 2833 crucis
1302 2786 1417 2843 est;
1458 2780 1809 2836 admiratione
1842 2797 1938 2837 ex-

341 2860 573 2917 clamare
587 2878 823 2932 possum,
838 2866 1192 2937 disputatione
1203 2870 1568 2927 demonstrare
1580 2888 1682 2927 non
1701 2890 1935 2943 possum.

342 2951 476 3018 Quid
500 2968 713 3021 possum
731 2957 1035 3014 exclamare
1045 2959 1111 3014 de
1126 2961 1224 3015 ista
1240 2962 1638 3033 profunditate?
1655 2964 1818 3031 Quam
1838 2984 1941 3021 ma-

343 3042 585 3111 gniﬁcam
604 3056 720 3098 sunt
747 3062 904 3117 opera
930 3058 1036 3117 tua,
1062 3049 1308 3107 Domine!
1325 3052 1523 3108 Gentes
1551 3054 1932 3125 illuminantur,

341 3131 880 3193 Judzeiexcmcantur.
909 3140 1133 3208 Quidam
1177 3144 1379 3212 parvuli
1401 3155 1735 3201 sacramento
1763 3147 1937 3218 Bapti-

342 3225 528 3279 smatis
553 3226 857 3294 abluuntur,
886 3232 1099 3302 quidam
1118 3249 1244 3289 vero
1267 3237 1468 3305 parvuli
1500 3237 1551 3291 in
1579 3248 1750 3293 morte
1777 3240 1934 3309 primi

341 3312 572 3372 hominis
590 3319 981 3390 relinquuntur.
1002 3325 1165 3392 Quam
1182 3329 1508 3399 magni/icata
1522 3342 1637 3385 sunt
1652 3348 1805 3402 opera
1822 3342 1930 3400 tua,

340 3405 558 3464 Domine
574 3411 596 3464 .'
619 3411 788 3468 Nimis
812 3417 1080 3488 profunda:
1096 3422 1246 3488 facta:
1263 3429 1377 3473 sunt
1392 3422 1715 3492 cogitationes
1727 3427 1851 3480 tute!
1867 3427 1934 3483 Et

340 3502 581 3570 Sequitur
613 3520 626 3557 :
670 3503 759 3558 Vir
787 3506 1080 3576 imprudens
1109 3526 1207 3563 non
1236 3514 1521 3581 cognoscit,
1552 3522 1597 3567 et
1620 3516 1802 3569 stultus
1830 3534 1931 3572 non

340 3592 581 3666 intelligit
636 3598 743 3653 haec
771 3598 941 3672 (Psal.
990 3614 1077 3656 xei
1105 3643 1119 3667 ,
1151 3601 1215 3669 6,
1265 3604 1343 3674 7).
1375 3603 1513 3671 Quid
1552 3622 1657 3660 non
1686 3608 1935 3679 intelligit

337 3688 535 3742 stultus
562 3699 617 3744 et
639 3689 987 3760 imprudens?
1035 3691 1170 3763 Quia
1199 3694 1283 3750 vel
1315 3697 1635 3766 profundum
1664 3708 1765 3755 est.
1798 3699 1931 3756 Nam

338 3778 387 3834 si
410 3778 607 3836 stultus
630 3795 738 3838 non
775 3782 1054 3855 intelligit,
1082 3794 1137 3841 et
1160 3787 1373 3856 sapiens
1398 3788 1679 3860 intelligit,
1713 3807 1819 3847 non
1850 3802 1934 3850 est

341 3870 503 3931 nimis
518 3874 864 3944 profundum.
885 3876 990 3932 Sed
1007 3877 1052 3931 si
1068 3879 1282 3948 sapiens
1302 3880 1542 3951 intelligit
1567 3883 1690 3952 quia
1712 3883 1932 3953 profun-

342 3962 467 4020 dum
492 3975 597 4032 est,
616 3968 810 4024 stultus
840 3982 946 4029 neu
966 3970 1209 4041 intelligit
1232 3973 1356 4043 quia
1381 3974 1465 4029 vel
1485 3974 1803 4044 profundum
1828 3987 1928 4033 est.

362 4104 371 4107 -
411 4057 465 4112 6.
506 4057 667 4113 Error
703 4061 766 4115 de
802 4062 1092 4117 animarum
1121 4074 1326 4134 peccato
1353 4076 1473 4121 ante
1514 4084 1729 4140 corpus,
1773 4071 1928 4127 unde.

340 4145 466 4203 Ideo
498 4150 649 4205 multi
676 4150 745 4207 de
770 4152 874 4209 isto
905 4154 1166 4224 profundo
1191 4166 1492 4225 quaerentes
1518 4160 1742 4217 reddere
1770 4163 1932 4218 ratio-

342 4254 463 4295 nem
484 4282 497 4307 ,
528 4243 583 4298 in
613 4244 818 4302 fabulas
861 4248 1111 4304 vanitatis
1159 4249 1424 4308 abierunt.
1458 4253 1636 4323 Aliqui
1682 4255 1933 4315 dixerunt

341 4332 481 4402 quod
510 4335 701 4390 anima:
717 4354 928 4395 sursum
948 4341 999 4396 in
1020 4341 1159 4397 etnlo
1171 4353 1413 4412 peccant,
1437 4352 1491 4400 et
1519 4347 1814 4403 secundum
1836 4365 1930 4404 sua

342 4433 560 4493 peccata
597 4426 665 4481 ad
693 4442 919 4497 corpora
961 4444 1057 4498 pro
1082 4434 1289 4489 meritis
1316 4434 1646 4506 diriguntur,
1675 4448 1730 4495 et
1757 4440 1930 4511 dignis

342 4512 415 4567 ibi
440 4516 589 4584 quasi
628 4518 932 4574 carceribus
961 4518 1325 4576 includuntur.
1364 4523 1544 4581 lerunt
1578 4535 1701 4596 post
1726 4528 1939 4598 cogita-7

342 4609 515 4665 tiones
560 4624 719 4676 suas;
767 4610 1008 4667 volentes
1051 4612 1322 4683 disputare
1373 4616 1440 4672 de
1488 4618 1577 4673 Dei
1629 4619 1927 4689 profundo,

342 4699 505 4752 mersi
557 4708 681 4754 sunt
722 4699 773 4754 in
814 4700 1158 4771 profundum.
1192 4703 1437 4761 Occurrit
1479 4708 1621 4763 enim
1673 4710 1751 4766 eis
1782 4712 1937 4781 Apes

338 4789 538 4855 stolus,
570 4791 757 4847 volens
796 4794 1018 4863 gratiam
1068 4796 1479 4861 commendare,
1530 4807 1582 4853 et
1616 4800 1775 4871 elegit
1813 4803 1932 4859 illos

340 4881 581 4955 geminos
625 4883 679 4937 in
706 4891 856 4940 utero
883 4885 1169 4954 Rebeccae,
1222 4896 1275 4942 et
1316 4889 1445 4944 dicit
1474 4908 1489 4944 :
1525 4890 1770 4947 Nondum
1799 4897 1933 4951 enim

339 4973 470 5024 natis
489 5014 504 5039 ,
536 4989 626 5028 nec
669 4976 755 5045 qui
782 4976 976 5046 aliquid
1001 4978 1187 5049 egerint
1218 4980 1333 5033 boni
1362 4991 1449 5034 aut
1476 4983 1598 5036 mali
1627 4985 1801 5057 (Rom.
1840 5004 1890 5043 ιχ
1912 5032 1928 5056 ,

346 5060 456 5133 Η).
488 5061 620 5117 Vide
644 5066 1092 5135 quemadmodum
1122 5069 1240 5122 tulit
1262 5072 1412 5125 vanis
1440 5071 1740 5131 hominibus
1763 5080 1932 5146 phan-

344 5154 504 5207 tasias
530 5158 950 5212 conversationis
983 5159 1279 5214 animarum
1310 5172 1436 5217 ante
1461 5178 1656 5234 corpus
1682 5167 1733 5221 in
1767 5170 1926 5225 cmlo.

338 5244 393 5300 Si
432 5247 577 5300 enim
609 5247 681 5302 ibi
703 5247 812 5318 jam
858 5259 1187 5306 conversatur
1214 5262 1371 5317 sunt,
1414 5254 1523 5323 jam
1566 5257 1764 5327 aliquid
1804 5262 1931 5318 boni

340 5348 565 5405 egerunt
606 5339 691 5395 vel
717 5341 870 5407 mali,
901 5350 959 5397 et
985 5357 1081 5412 pro
1111 5344 1315 5399 meritis
1344 5345 1456 5400 suis
1477 5348 1541 5402 ad
1572 5364 1796 5421 corpora
1825 5362 1945 5409 ter-.

341 5440 469 5481 rena
500 5429 732 5485 detrusa:
755 5441 881 5487 sunt
906 5435 945 5486 ⁸.
988 5435 1042 5488 Si
1074 5435 1281 5504 placet,
1327 5439 1755 5497 contradicamus
1780 5445 1928 5515 Apo-

340 5519 478 5573 stolo
495 5561 510 5583 ,
536 5520 625 5589 qui
645 5520 799 5589 dixit,
829 5523 1073 5579 Nondum
1100 5529 1231 5583 natis
1249 5570 1264 5597 ,
1297 5546 1389 5583 nec
1407 5531 1495 5601 qui
1525 5533 1718 5605 aliquid
1742 5539 1932 5607 egerint

340 5609 457 5664 boni
482 5622 571 5665 aut
615 5615 757 5668 mali.
794 5614 906 5671 Hoc
929 5626 1108 5673 autem
1146 5621 1268 5690 quia
1304 5631 1521 5694 propter
1545 5627 1784 5695 Apostoli
1820 5634 1930 5684 evi-

342 5699 555 5757 dentem
577 5705 894 5760 sententiam
927 5709 1128 5778 respuit
1155 5712 1417 5769 catholica
1448 5713 1581 5770 lich
1598 5756 1615 5786 ,
1641 5717 1783 5787 quod
1809 5719 1927 5775 ani-

408 5834 429 5867 ι
448 5841 501 5885 In
522 5842 651 5895 Mss,
676 5839 853 5894 dirum:
869 5849 995 5895 sunt.

622 5919 851 5983 Saucr.
895 5929 1173 5993 Ausus'r.
1220 5932 1294 5994 V.
1364 5980 1371 5985 .

1686 346 1689 347 ί
1774 361 2003 421 SERMO
2039 363 2243 422 Cva.

3536 381 3641 441 906

2056 497 2156 537 mae
2184 484 2237 539 in
2268 485 2417 542 caelis
2463 487 2607 558 prius
2636 489 2815 545 vivant
2852 500 2907 547 et
2957 505 3377 571 conversentur,
3434 510 3488 556 et
3532 501 3643 558 illic

2060 575 2482 645 recipiendorum
2505 594 2788 651 corporum
2820 586 3006 641 merita
3034 598 3338 659 assumant,
3372 593 3531 648 modo
3556 591 3643 650 isti

2057 667 2254 722 novelli
2284 668 2359 738 (a)
2391 686 2495 725 non
2527 672 2722 729 audent
2742 676 2939 732 dicere.

2124 758 2351 816 CAPUT
2402 762 2484 819 Vl.
2508 794 2579 803 -——
2613 766 2666 818 7.
2709 765 2853 821 Mors
2894 770 3096 825 nonnisi
3130 789 3193 827 ea:
3233 784 3452 846 peccato.
3507 777 3647 832 Par-

2055 850 2282 904 vulorum
2320 869 2453 906 mors
2489 870 2551 908 ea:
2598 866 2800 925 peccato
2842 858 2992 927 primi
3016 860 3249 915 hominis.
3279 863 3381 919 Sed
3411 866 3535 936 quid
3562 867 3645 923 div

2054 943 2222 996 c'unt?
2248 943 2448 1014 Aliqui,
2475 945 2612 1000 sicut
2636 947 2952 1013 audivimus,
2979 952 3211 1021 ipsorum
3238 956 3309 1009 ita
3338 956 3646 1027 disputant:

2053 1032 2309 1101 Prorsus,
2342 1035 2616 1107 inquiunt,
2665 1053 2760 1106 pro
2785 1042 2989 1096 meritis
3016 1045 3125 1099 suis
3163 1061 3351 1103 omnes
3395 1047 3642 1109 homine;

2055 1125 2383 1194 moriuntur,
2430 1128 2550 1197 quia
2579 1142 2958 1198 peccaverunt;
2988 1150 3090 1188 non
3118 1137 3257 1191 enim
3288 1148 3430 1194 esset
3459 1156 3603 1195 mors
3622 1183 3643 1212 δ

2055 1216 2157 1271 nisi
2188 1218 2407 1274 veniens
2436 1221 2501 1275 de
2530 1231 2771 1291 peccato.
2813 1222 3023 1294 Optime
3067 1229 3279 1297 quidem
3306 1240 3359 1286 et
3402 1248 3527 1288 vere
3559 1235 3645 1288 di-

2053 1314 2193 1362 ctum
2230 1319 2345 1376 est,
2385 1309 2499 1365 Non
2547 1321 2690 1367 esset
2717 1328 2893 1380 mors,
2925 1316 3026 1371 nisi
3063 1318 3279 1375 veniens
3307 1321 3373 1375 de
3403 1334 3626 1392 peccato.

2051 1395 2157 1453 Sed
2186 1415 2304 1471 ego,
2328 1417 2449 1456 cum
2476 1402 2577 1458 hoc
2606 1404 2764 1459 audio
2785 1448 2798 1469 ,
2831 1405 2952 1460 ideo
2974 1407 3130 1462 laudo
3154 1451 3169 1476 ,
3199 1412 3322 1481 quia
3351 1414 3489 1469 illam
3532 1417 3629 1486 pri-

2051 1503 2192 1543 mam
2220 1500 2442 1547 mortem
2479 1494 2688 1549 intueor
2736 1504 2787 1549 et
2818 1495 2957 1551 illius
2998 1498 3153 1567 primi
3183 1499 3416 1558 hominis
3448 1521 3639 1574 pecca-

2052 1587 2181 1634 tum.
2232 1583 2404 1639 Audio
2446 1587 2584 1639 enim
2617 1587 2925 1656 Apostolum
2958 1607 2974 1645 :
3008 1589 3223 1646 Sicutin
3266 1594 3431 1649 Adam
3468 1616 3641 1654 omnes

2049 1674 2358 1741 moriuntur,
2389 1677 2462 1729 sic
2491 1686 2537 1731 et
2562 1678 2615 1731 in
2641 1676 2837 1733 Christo
2864 1696 3033 1734 omnes
3046 1684 3427 1752 viviﬁcabuntur
3447 1688 3488 1761 (l
3516 1687 3637 1745 Cor.

2048 1776 2140 1825 xv,
2170 1761 2284 1833 22).
2316 1764 2421 1819 Per
2446 1783 2600 1819 unum
2630 1768 2879 1822 hominem
2912 1782 3169 1840 peccatum
3194 1776 3395 1832 intravit
3420 1780 3473 1833 in
3494 1799 3641 1835 mun-

2049 1853 2169 1906 dum
2192 1895 2207 1920 ,
2237 1864 2286 1909 et
2332 1873 2422 1925 per
2469 1870 2726 1927 peccatum
2756 1879 2890 1916 mors
2912 1879 2933 1927 ;
2958 1876 3002 1918 et
3032 1866 3099 1918 ita
3126 1867 3178 1920 in
3204 1886 3371 1924 omnes
3413 1871 3639 1929 homines

2048 1946 2364 2013 pertransiit,
2396 1947 2451 2001 in
2495 1966 2594 2019 quo
2624 1967 2793 2006 omnes
2851 1967 3179 2024 peccaverunt
3229 1960 3401 2030 (Rom.
3434 1979 3488 2031 ν,
3524 1965 3637 2038 12).

2047 2034 2246 2092 Omnes
2272 2039 2413 2093 enim
2458 2056 2593 2097 unus
2640 2041 2876 2098 fuerunt.
2928 2045 3016 2101 Sic
3065 2056 3116 2103 te
3166 2051 3326 2106 audio
3370 2034 3637 2113 dicentem

2049 2138 2278 2183 mortem
2307 2129 2538 2186 hominis
2568 2133 2634 2188 de
2680 2145 2898 2203 peccato
2945 2140 3109 2195 esse?
3149 2140 3295 2210 Non,
3330 2145 3515 2215 inquit.
3569 2150 3640 2204 Et

2045 2220 2172 2290 quid
2202 2222 2371 2277 dicis?
2400 2223 2622 2280 Omnem
2652 2227 2921 2284 hominem
2952 2230 3090 2286 Deus
3115 2234 3468 2291 immortalem
3493 2251 3638 2296 creat

2046 2315 2226 2369 modo.
2259 2317 2512 2373 Mirabilis
2538 2322 2747 2376 novitas
2777 2324 2819 2377 ¹.
2867 2323 3003 2391 Quid
3035 2326 3208 2382 dicis?
3248 2329 3472 2388 Prorsus
3492 2376 3505 2397 ,
3552 2336 3636 2387 iu-

2046 2406 2182 2475 quit,
2203 2423 2415 2463 omnem
2443 2409 2712 2467 hominem
2732 2414 2873 2468 Deus
2890 2416 3242 2474 immortalem
3269 2431 3435 2476 creat.
3462 2425 3638 2492 Quare

2045 2514 2172 2569 ergo
2226 2503 2527 2558 moriuntur
2580 2506 2784 2574 parvuli
2837 2506 3103 2565 infantes?
3154 2510 3284 2567 Nam
3339 2515 3383 2569 si
3426 2516 3633 2586 dicam,

2044 2590 2219 2657 Quare
2241 2594 2544 2649 moriuntur
2571 2597 2797 2666 grandes
2825 2598 3109 2656 homines?
3138 2602 3375 2659 dicturus
3394 2623 3451 2662 es
3481 2609 3633 2676 mihi,

2044 2684 2423 2742 Peccaverunt.
2449 2688 2591 2758 Ergo
2617 2689 2683 2745 de
2713 2680 2973 2760 majorum
3006 2703 3160 2751 aelate
3181 2712 3285 2751 non
3311 2699 3592 2770 disputabo
3619 2722 3632 2757 :

2043 2777 2381 2845 parvulorum
2434 2779 2709 2836 infantiam
2737 2792 2920 2838 contra
2973 2796 3023 2840 te
3052 2793 3239 2843 testem
3270 2790 3467 2846 citabo.
3514 2792 3633 2847 Non

2043 2867 2329 2938 loquuntur
2348 2912 2363 2939 ,
2392 2856 2449 2927 ei
2473 2875 2796 2930 convincunt
2828 2895 2841 2930 :
2877 2886 3085 2944 tacent,
3115 2888 3169 2935 et
3194 2882 3335 2951 quod
3364 2882 3483 2938 dico
3506 2896 3634 2954 pro-

2040 2957 2189 3013 bant.
2216 2960 2353 3016 Ecce
2382 2962 2611 3018 infantes
2635 2966 2685 3018 in
2712 2967 2823 3022 suis
2847 2968 3024 3037 utique
3045 2972 3294 3039 operibus
3320 2973 3631 3031 innocentes

2041 3058 2185 3119 sunt,
2203 3052 2337 3107 nihil
2356 3068 2533 3107 secum
2551 3055 2645 3108 nisi
2664 3057 2805 3125 quod
2832 3057 2900 3112 de
2930 3060 3101 3128 primo
3120 3062 3335 3118 homine
3357 3073 3632 3123 traxerunt

2042 3140 2300 3197 habentes
2320 3160 2335 3198 :
2366 3145 2557 3214 quibus
2571 3157 2852 3216 pr0pterea
2866 3159 2946 3202 est
2969 3152 3136 3218 gratia
3160 3152 3359 3208 Christi
3382 3172 3632 3214 necessa-

2041 3233 2150 3299 ria,
2184 3244 2242 3289 ut
2284 3238 2336 3291 in
2366 3239 2575 3294 Christo
2604 3240 2969 3308 vivificentur,
3012 3244 3105 3314 qui
3145 3245 3198 3300 in
3224 3247 3389 3302 Adam
3432 3254 3627 3307 mortui

2040 3336 2184 3391 sunt;
2206 3337 2260 3382 ut
2284 3329 2403 3400 quia
2421 3330 2676 3401 inquinati
2693 3341 2814 3386 sunt
2843 3336 3208 3403 generatione,
3230 3350 3516 3409 purgentur
3543 3359 3629 3397 re-

2037 3421 2400 3489 generatione.
2434 3421 2580 3490 ipsos
2596 3438 2724 3493 ergo
2746 3432 2906 3479 testes
2927 3427 3121 3481 citabo.
3147 3429 3433 3499 Responde
3456 3435 3584 3490 mihi
3614 3454 3628 3490 :

2038 3508 2214 3575 Quare
2246 3512 2575 3578 moriuntur,
2612 3514 2656 3567 si
2684 3528 2872 3569 omnes
2902 3514 3145 3573 homines
3178 3522 3505 3579 immortales
3532 3534 3633 3580 tia-4

2037 3610 2291 3665 scuntur,
2317 3602 2647 3671 etquoniam
2678 3612 2936 3673 peccant,
2967 3606 3087 3661 ideo
3118 3610 3458 3668 moriuntur?
3492 3615 3632 3683 Quid

2036 3692 2233 3762 putatis
2261 3693 2365 3747 dici
2389 3695 2666 3763 potuisse?
2694 3694 2822 3764 Quae
2847 3712 3004 3753 aures
3034 3697 3239 3757 ferant?
3268 3702 3631 3763 Peccaverunt

2037 3791 2092 3841 et
2117 3783 2238 3857 ipsi.
2280 3783 2382 3843 Ubi
2429 3788 2816 3859 peccaverunt?
2841 3788 2988 3863 Rogo
3016 3798 3101 3861 te,
3143 3795 3352 3866 quando
3368 3806 3633 3873 peccaveé

2037 3888 2162 3933 runt
2182 3880 2204 3932 ἲ
2228 3881 2498 3949 quomodo
2538 3884 2927 3950 peccaverunt?
2958 3884 3162 3940 Bonum
3190 3896 3243 3942 et
3269 3891 3464 3946 malum
3502 3897 3627 3965 quid

2036 3968 2105 4023 sit
2130 3970 2391 4024 nesciunt.
2423 3972 2701 4026 Peccatum
2724 3973 3010 4043 accipiunt,
3043 3977 3133 4045 qui
3164 3990 3485 4050 praeceptum
3519 4001 3625 4041 non

2036 4060 2287 4129 capiunt?
2320 4061 2489 4116 Proba
2522 4062 2653 4116 mihi
2702 4073 3006 4133 peccatores
3051 4068 3277 4125 infantes
3312 4074 3494 4143 :quod
3540 4076 3626 4132 di-

2037 4152 2196 4218 xisti,
2246 4169 2369 4208 vere
2399 4154 2521 4224 quia
2573 4155 2767 4210 oblitus
2796 4172 2855 4212 es
2900 4158 3041 4228 quod
3073 4160 3247 4227 luisti,
3279 4164 3445 4233 proba
3497 4168 3623 4223 mihi

2036 4254 2251 4313 peccata
2278 4245 2576 4301 infantium.
2626 4249 2706 4303 An
2754 4251 2874 4320 quia
2903 4251 3139 4321 plorant,
3196 4259 3456 4325 peccant?
3503 4260 3624 4330 quia

2037 4336 2267 4392 motibus
2291 4339 2439 4408 quasi
2467 4346 2733 4393 mutorum
2765 4341 3071 4398 animalium
3092 4385 3107 4412 ,
3141 4347 3413 4405 molestias
3444 4355 3624 4421 repel~

2037 4430 2152 4484 lunt
2175 4471 2191 4497 ,
2219 4430 2517 4499 voluptates
2561 4432 2865 4502 accipiunt,
2917 4434 3037 4489 ideo
3063 4440 3323 4506 peccant?
3349 4440 3405 4496 Si
3448 4445 3625 4503 motus

2036 4524 2125 4579 isti
2177 4533 2391 4594 peccata
2419 4536 2575 4593 sunt,
2607 4528 2895 4597 ampliores
2926 4538 3233 4599 peccatores
3273 4534 3323 4588 in
3354 4537 3625 4605 Baptismo

2036 4615 2203 4681 ﬁunt;
2245 4616 2368 4687 quia
2409 4633 2530 4672 cum
2575 4618 2940 4689 baptizautur,
2970 4622 3437 4682 vehementissime
3482 4631 3625 4685 relu-

2036 4718 2267 4764 ctantur.
2299 4708 2476 4776 Quare
2500 4710 2604 4765 illis
2642 4712 2693 4765 in
2726 4720 2867 4767 tanta
2899 4714 3246 4773 reluctatione
3289 4735 3396 4775 non
3445 4721 3622 4795 impu-

2038 4810 2179 4857 tatur
2204 4812 2509 4872 peccatum,
2537 4804 2639 4859 nisi
2669 4804 2790 4875 quia
2812 4807 3011 4862 nullum
3034 4817 3115 4864 est
3136 4809 3308 4867 adhuc
3335 4814 3624 4874 voluntatis
3702 4885 3707 4891 ,

2038 4896 2350 4951 arbitrium?

2110 4988 2162 5040 8.
2199 4987 2408 5042 Parvuli
2451 4990 2504 5042 in
2548 5000 2688 5044 utero
2738 4991 2986 5045 exstincti.
3025 4991 3128 5047 Sed
3168 4995 3306 5051 aliud
3344 4998 3463 5054 dico
3488 5018 3501 5053 :
3526 5001 3617 5057 Isti

2040 5078 2160 5145 quia
2209 5080 2314 5132 nati
2361 5088 2502 5145 sunt,
2536 5088 2590 5134 ut
2628 5080 2920 5145 arbitraris,
2947 5093 3251 5151 peccarunt.
3284 5087 3414 5141 Nam
3441 5090 3485 5144 si
3514 5108 3621 5146 non

2042 5177 2339 5236 peccarent,
2372 5171 2572 5241 inquis,
2610 5187 2711 5225 nou
2744 5181 3095 5226 morerentur.
3125 5172 3262 5240 Quid
3297 5177 3363 5232 de
3410 5179 3511 5235 illis
3536 5184 3621 5237 di-

2039 5259 2117 5313 cis
2150 5260 2236 5330 qni
2275 5261 2324 5313 in
2358 5271 2508 5317 utero
2552 5263 2889 5316 moriuntur?
2916 5264 2959 5317 O
2998 5266 3265 5335 angustia!
3293 5270 3356 5323 Et
3393 5272 3511 5341 ipsi,
3543 5292 3623 5329 tn-

2038 5353 2170 5420 quit,
2213 5362 2513 5424 peccarunt,
2561 5354 2678 5407 ideo
2724 5354 3040 5409 moriuntur.
3084 5356 3338 5426 Mentiris,
3370 5378 3435 5417 an
3468 5364 3619 5421 falle-

2039 5440 2152 5495 ris?
2180 5439 2501 5497 Contradicit
2529 5444 2812 5512 Apostolus
2835 5462 2847 5498 :
2870 5444 3111 5499 Nondum
3144 5450 3294 5516 natis,
3316 5469 3404 5507 nec
3431 5456 3623 5524 aliquid

2038 5533 2292 5602 agentibus
2306 5534 2418 5587 boni
2432 5544 2514 5588 aut
2532 5536 2670 5588 mali.
2688 5536 2850 5606 Magis
2871 5538 2907 5590 A
2918 5538 3180 5607 postulunt
3195 5543 3351 5598 audio
3366 5562 3521 5615 quam
3544 5558 3614 5605 te:

2040 5625 2205 5694 magis
2220 5626 2472 5695 Apostolo
2488 5627 2649 5681 credo
2664 5643 2819 5697 quam
2849 5630 2961 5683 tibi.
2984 5630 3225 5686 Nondum
3245 5637 3393 5703 natis,
3411 5656 3497 5693 nec
3518 5641 3617 5693 ali—
3691 5664 3698 5674 -

2104 5737 2119 5803 Ξ
2146 5737 2301 5786 Verba
2319 5739 2370 5788 in
2389 5738 2674 5804 quihusdam
2695 5738 2833 5804 libris
2854 5743 2923 5791 sic
2942 5743 3350 5804 interpunguntur
3376 5762 3387 5797 :
3425 5746 3620 5801 immor-

2037 5796 2182 5848 talem
2204 5806 2350 5849 creat.
2375 5796 2512 5851 Modo
2534 5800 2766 5854 mirabilis
2785 5805 2980 5856 novitas.

2104 5859 2178 5923 (a)
2211 5861 2463 5924 Pelagiani.

2897 5950 3373 6037 {Vingt-ncuf.)
