4108 6336
403 333 509 393 909

475 439 700 502 CAPUT
739 440 826 496 IV.
869 469 939 480 ——
981 439 1034 493 4.
1086 434 1302 490 Vocatus
1345 448 1395 488 es
1442 438 1496 486 ut
1545 446 1646 484 non
1695 427 1764 484 sis
1819 426 1990 491 homo,

405 539 492 594 sed
522 537 660 605 ﬁlius
691 532 806 586 Dei.
830 530 947 585 Non
994 536 1078 584 est
1127 541 1253 596 ergo
1316 523 1458 578 unde
1507 523 1785 593 quisquam
1851 520 1994 573 calu-

406 630 658 688 mnietur,
689 635 740 680 et
795 623 934 678 dicat
981 617 1418 680 miltizblentiar,
1446 616 1565 686 quia
1619 614 1781 669 homo
1854 627 1990 665 sum.

408 722 592 777 Dicam
616 718 756 774 enim
795 725 848 769 et
875 729 972 783 ego
1003 711 1352 766 lidentissime
1377 725 1390 760 :
1419 707 1537 762 Noli
1572 721 1692 760 esse
1725 705 1904 769 homo,
1939 708 1996 755 ιιι

407 826 512 868 non
536 808 833 865 mentiaris.
869 805 1028 874 Ergo,
1063 802 1252 873 inquit,
1282 799 1443 853 homo
1470 813 1574 853 non
1603 796 1734 851 ero?
1754 795 1870 850 Non
1899 794 2000 848 uti-

410 918 531 978 que.
560 900 630 958 Ut
658 901 800 956 enim
823 897 1020 953 uonsis
1040 893 1221 959 homo,
1245 890 1310 946 ad
1329 892 1429 946 hoc
1458 895 1674 942 voca-tus
1724 900 1783 941 es
1811 886 1877 939 ab
1911 883 2002 938 illo

409 974 500 1069 qui
532 1003 751 1065 propter
779 1000 830 1046 te
868 988 1036 1044 lactus
1059 996 1144 1043 est
1178 986 1357 1039 homo.
1386 980 1508 1036 Noli
1532 992 1866 1035 succensere.
1886 974 2005 1030 Non

415 1067 953 1147 enimitatibidicitur
980 1090 1036 1135 ut
1066 1080 1226 1134 homo
1244 1092 1347 1131 non
1386 1075 1556 1140 sis,ut
1586 1085 1746 1142 pecus
1785 1071 1859 1123 sis
1879 1086 1890 1120 :
1910 1067 2004 1122 sed

412 1189 473 1238 ut
498 1181 573 1236 sis
602 1180 739 1233 inter
763 1191 858 1232 eos
883 1174 1076 1244 quibus
1097 1170 1240 1226 dedit
1268 1175 1586 1240 potestatem
1609 1163 1745 1217 ﬁlios
1773 1160 1866 1216 Dei
1889 1159 2007 1214 ﬁeri

419 1273 595 1347 (Joan.
625 1267 1099 1342 t,’I2).Deusenim
1128 1263 1284 1317 deum
1314 1269 1366 1315 te
1398 1258 1511 1312 vult
1536 1256 1712 1311 facere
1737 1273 1750 1309 :
1780 1269 1886 1308 non
1907 1269 2003 1307 na-

419 1342 557 1431 tura,
589 1362 722 1418 sicut
744 1368 826 1415 est
845 1359 933 1412 ille
954 1372 1110 1428 quem
1128 1353 1341 1425 genuit;
1369 1349 1463 1404 sed
1485 1347 1626 1403 dono
1645 1361 1742 1401 suo
1785 1353 1836 1400 et
1877 1342 2006 1398 ado-

420 1457 625 1527 ptione.
665 1452 814 1508 Sicut
854 1449 995 1504 enim
1039 1447 1126 1502 ille
1157 1461 1252 1516 per
1282 1441 1661 1498 humanitatem
1710 1437 1878 1492 factus
1927 1441 2009 1489 est

422 1547 691 1619 particeps
735 1540 1072 1597 mortalitatis
1099 1545 1237 1602 tuas;
1270 1537 1347 1590 sic
1393 1543 1442 1589 te
1496 1548 1590 1603 per
1633 1527 2008 1585 exaltationem

421 1640 545 1695 facit
589 1636 903 1710 participem
945 1627 1358 1686 itnmortalitatls
1388 1640 1517 1679 suae.
1551 1625 1663 1693 Age
1710 1621 1868 1690 igitur
1891 1633 2012 1689 gra-

421 1734 541 1801 tias,
563 1737 619 1786 et
644 1728 967 1799 amplectere
991 1722 1132 1795 quod
1154 1721 1408 1776 donatum
1431 1725 1512 1773 est
1532 1725 1588 1770 ut
1613 1713 1870 1770 merearis
1889 1725 2011 1781 per-

425 1825 527 1881 frui
571 1840 676 1894 quo
713 1829 932 1876 vocatus
980 1833 1058 1873 es.
1108 1814 1226 1871 Noli
1270 1827 1389 1869 esse
1435 1811 1625 1877 Adam,
1667 1816 1721 1863 et
1760 1821 1866 1861 non
1907 1804 2014 1859 eris

423 1917 602 1973 homo.
633 1913 814 1970 Sinon
847 1911 1026 1976 homo,
1059 1922 1164 1961 non
1189 1905 1381 1975 utique
1412 1901 1640 1958 mendax
1669 1897 1824 1968 :quia
1851 1894 2015 1949 omnis

425 2010 572 2064 Itomo
598 2004 834 2061 mendax.
865 2001 933 2057 Et
961 2015 1081 2056 cum
1110 1997 1338 2068 coeperis
1377 2009 1484 2050 non
1514 1990 1749 2055 mentiri,
1779 1987 1887 2042 noli
1917 1985 2015 2042 tibi

428 2103 660 2159 tribuere
707 2107 760 2155 et
800 2094 1006 2160 extolli,
1035 2092 1186 2164 quasi
1234 2106 1299 2145 ex
1348 2097 1444 2143 tuo
1485 2085 1697 2157 pr0prio
1723 2097 1823 2136 :nc
1858 2087 2016 2134 vento

426 2193 713 2266 superbite,
745 2198 994 2258 tanquam
1039 2186 1258 2240 lucerna
1289 2197 1407 2252 qua:
1444 2177 1657 2233 aliunde
1686 2172 2016 2240 accenditur,

430 2265 806 2357 exstinguaris,
836 2289 891 2335 et
935 2290 1212 2333 remaneas
1256 2285 1441 2328 rursus
1488 2271 1540 2324 in
1589 2265 1867 2324 mendacio
1906 2273 2015 2317 tuo.

434 2353 764 2445 Nolite'ergo
790 2369 1026 2436 mentiri,
1055 2367 1265 2421 fratres.
1296 2364 1411 2418 Jam
1442 2362 1585 2417 enim
1611 2367 1822 2414 veteres
1851 2353 2023 2408 homi-

411 2483 528 2528 nes
557 2465 718 2523 eratis
748 2460 1084 2519 :accessistis
1111 2457 1177 2512 ad
1207 2455 1431 2527 gratiam
1464 2453 1583 2520 Dei,
1615 2451 1738 2505 facti
1769 2448 1898 2504 estis
1929 2446 2024 2500 ho-

433 2561 606 2617 mines
635 2556 779 2613 uovi.
809 2551 1138 2608 Mendacium
1167 2547 1234 2602 ad
1263 2546 1432 2601 Adam
1459 2545 1711 2615 pertinet,
1738 2540 1933 2595 veritas
1957 2536 2025 2592 ad

335 2639 347 2648 ’
434 2649 728 2708 Christum.
771 2645 1090 2716 Deponentes
1119 2655 1247 2710 ergo
1275 2637 1613 2702 mendacium,
1652 2631 1914 2704 loquimini
1939 2646 2024 2684 ve-

435 2745 656 2808 ritatem,
687 2746 821 2794 utet
846 2752 971 2793 caro
999 2735 1097 2789 ista
1126 2731 1368 2788 mortalis
1413 2721 1571 2800 quam
1613 2727 1784 2782 adhuc
1820 2723 2028 2778 habetis

439 2837 508 2892 de
535 2834 728 2900 Adam,
757 2829 1092 2903 praecedente
1130 2827 1366 2882 novitate
1405 2824 1642 2894 Spiritus,
1673 2828 1940 2874 mereatur
1977 2823 2032 2872 et

439 2930 554 3002 ipsa
586 2925 990 2982 innovationem
1020 2930 1074 2977 et
1093 2917 1564 2975 commutationem
1595 2925 1832 2983 tempore
1855 2926 2034 2966 resur—

445 3021 700 3079 rectionis
728 3033 960 3073 suamne
990 3016 1034 3071 si
1066 3023 1209 3070 totus
1250 3013 1410 3066 homo
1457 3011 1734 3065 deificatus
1779 3007 2035 3062 inhaereat

445 3125 714 3188 perpetuae
733 3121 890 3182 atque
924 3105 1348 3164 incommutabili
1375 3103 1606 3160 veritati.

903 3200 1134 3258 SERMO
1171 3196 1405 3254 Cvau
1433 3195 1572 3265 ‘(a).

445 3300 524 3356 De
551 3296 723 3354 Verbis
749 3294 1003 3368 Apostoli,
1031 3293 1220 3348 Videte
1246 3288 1513 3362 quomodo
1539 3295 1693 3341 caute
1721 3281 2035 3347 ambuletis;

516 3408 624 3447 non
671 3398 730 3445 ut
771 3389 1106 3457 insipientes,
1156 3383 1250 3438 sed
1293 3390 1351 3436 ut
1389 3381 1687 3451 sapientes;
1713 3376 2041 3431 redimentes

520 3495 753 3554 tempus,
787 3481 1038 3552 quoniam
1086 3477 1203 3534 dies
1247 3476 1372 3530 mali
1419 3481 1561 3529 sunt.
1610 3473 1799 3543 Epltes.
1841 3489 1953 3541 cap.
1985 3487 2038 3538 v,

539 3577 574 3647 ψ
612 3575 806 3646 7.15,
851 3571 1047 3642 16(b).

531 3666 758 3724 CAPUT
816 3661 1101 3722 PRIMUM.
1143 3691 1216 3701 —
1254 3661 1307 3718 I.
1361 3658 1481 3711 Dies
1532 3656 1654 3710 mali
1700 3655 1850 3709 unde.
1906 3653 2046 3723 Apo-

455 3761 676 3826 stolum,
708 3774 827 3814 cum
861 3757 1148 3825 legeretur,
1182 3749 1438 3813 audistis;
1473 3747 1581 3801 imo
1618 3760 1804 3799 omnes
1842 3744 2048 3796 audivi-

457 3871 598 3920 mus,
620 3853 884 3908 dicentem
909 3848 1061 3903 nobis
1087 3865 1100 3901 :
1131 3844 1306 3900 Videte
1330 3841 1580 3913 quomodo
1602 3848 1744 3892 caute
1766 3837 2048 3900 ambulctis;

459 3965 561 4003 non
587 3957 639 4000 ut
665 3945 974 4013 insipientes,
996 3938 1085 3994 sed
1113 3947 1168 3991 ut
1188 3937 1434 4006 sapientes
1455 3949 1474 3998 ;
1501 3932 1794 3986 redimentes
1833 3941 2047 3999 tempus,

459 4040 695 4113 quoniam
729 4037 834 4091 dies
875 4034 994 4088 ntali
1024 4037 1158 4085 sunt.
1187 4029 1314 4084 Dies
1354 4026 1542 4088 malos,
1579 4023 1789 4087 fratres,
1819 4021 1936 4074 dua:
1965 4034 2051 4073 res

464 4131 680 4198 iaciunt,
712 4129 912 4186 malitia
937 4134 994 4180 et
1016 4124 1251 4178 miseria.
1281 4120 1385 4175 Per
1413 4119 1666 4173 malitiam
1694 4116 1968 4169 hominum
2001 4121 2055 4167 et

465 4226 732 4280 miseriam
777 4220 1051 4276 hominum
1097 4216 1364 4270 ducuntur
1391 4212 1406 4243 ⁸
1446 4203 1565 4264 dies
1604 4208 1746 4263 ntali.
1789 4206 2054 4261 Caterum

469 4316 580 4371 dies
607 4317 712 4377 isti.
745 4321 999 4384 quantum
1033 4309 1264 4380 pertinet
1298 4305 1364 4360 ad
1402 4304 1568 4374 Spatia
1600 4302 1874 4365 horarum,
1906 4299 2052 4354 ordi-

470 4409 577 4464 nati
608 4417 728 4463 sunt
755 4425 768 4461 :
795 4405 993 4458 ducunt
1021 4402 1184 4464 vices,
1227 4407 1386 4469 agunt
1427 4406 1700 4464 tempora;
1744 4393 1912 4447 oritur
1954 4391 2054 4455 sol,

469 4501 664 4558 occidit
689 4499 790 4566 sol,
819 4504 1095 4554 transeunt
1124 4505 1385 4563 tempora.
1409 4489 1506 4545 Cui
1525 4488 1749 4543 molesta
1781 4495 1902 4539 sunt
1929 4493 2059 4540 tem-

470 4610 626 4666 pora,
653 4593 696 4647 si
716 4591 961 4646 homines
985 4588 1085 4642 sibi
1115 4603 1219 4644 non
1247 4593 1372 4640 sunt
1401 4581 1637 4638 molesti?
1655 4579 1923 4651 Ergodies
1951 4593 2060 4632 ma-

471 4687 574 4754 los,
599 4687 734 4742 sicut
762 4683 891 4747 dixi,
933 4681 1051 4737 dua:
1082 4697 1169 4736 res
1193 4681 1408 4742 faciunt,
1441 4677 1653 4730 miseria
1705 4675 1978 4729 hominum
2010 4684 2064 4727 et

473 4779 674 4835 malitia
706 4775 1003 4831 hominum.
1034 4771 1139 4828 Sed
1190 4770 1406 4825 miseria
1452 4767 1728 4822 hominum
1768 4750 2064 4819 communis

474 4879 558 4927 est
581 4889 594 4925 :
616 4886 720 4925 non
763 4866 923 4922 debet
960 4864 1160 4919 malitia
1189 4879 1306 4916 esse
1335 4861 1651 4916 communis.
1681 4859 1761 4913 Ex
1792 4873 1896 4929 quo
1924 4858 2065 4912 enim

475 4964 659 5036 lapsus
686 4971 767 5018 est
795 4961 986 5023 Adam,
1014 4968 1067 5014 et
1103 4958 1168 5011 de
1213 4955 1457 5027 paradiso
1496 4955 1769 5023 expulsus,
1801 4967 2068 5021 nunquam

480 5056 694 5114 fuerunt
721 5055 855 5120 dies,
884 5053 983 5108 nisi
1031 5051 1174 5105 mali.
1207 5049 1339 5103 Istos
1383 5061 1578 5117 pueros
1625 5045 1712 5114 qui
1759 5054 2066 5109 nascuntur,

480 5147 895 5217 interrogemus,
926 5158 1088 5215 quare
1133 5157 1162 5194 a
1209 5139 1415 5210 ploratu
1463 5135 1744 5204 incipiunt,
1779 5135 1867 5205 qui
1907 5143 1959 5189 et
1992 5133 2068 5188 ri-

482 5239 610 5296 dere
637 5239 917 5312 possuut’.
945 5233 1216 5295 Nascitur,
1241 5239 1294 5284 et
1322 5230 1498 5281 statim
1524 5229 1694 5299 plorat
1717 5243 1730 5279 :
1756 5235 1870 5295 post
1895 5225 2072 5279 nescio

486 5341 614 5402 quot
639 5331 754 5387 dies
796 5329 952 5382 ridet.
982 5323 1202 5393 Quando
1249 5321 1490 5392 plorabat
1536 5334 1780 5386 nascens,
1810 5318 2075 5388 prOplteta

550 5445 568 5474 ³
593 5449 702 5496 Mss.
727 5440 972 5505 plerique,
996 5436 1241 5505 dicuntur.
1263 5433 1505 5505 Siceliam
1522 5429 1701 5503 Florus.

550 5505 572 5536 ³
597 5490 888 5553 Sicambri
912 5490 971 5551 et,
985 5497 1308 5559 manuscripti.
1334 5501 1390 5544 At
1410 5501 1541 5555 Lov.,
1572 5493 1654 5558 qui
1675 5504 1762 5542 nec
1784 5490 1948 5545 ridere
1971 5501 2078 5555 pos-

557 5615 802 5678 ‘VCollatus
816 5639 924 5677 cum
940 5638 982 5675 a.
1008 5625 1094 5675 ιω.
1116 5622 1270 5674 cl.ch.
1295 5618 1328 5670 f.
1348 5619 1404 5671 is.
1427 5633 1480 5684 ς.
1506 5617 1566 5667 1r.
1595 5633 1659 5668 ιιι.
1698 5633 1773 5683 pr.
1807 5631 1898 5671 rm.
1919 5615 1998 5668 vd.
2027 5620 2079 5680 et

494 5703 602 5742 cum
623 5701 720 5738 Am.
744 5696 815 5737 ΕΓ.
840 5697 942 5738 Par.
968 5695 1077 5735 ιον.

558 5754 633 5874 liii
653 5746 1306 5874 ἓέἒῗύἳὲπξῗὲῗεέἔὲξῗθέἰ
1328 5745 1404 5861 ii

487 5864 494 5869 .
559 5808 633 5874 (lt)
653 5808 966 5864 Citat’FIorus
983 5812 1043 5863 ad
1062 5808 1236 5876 Ephes.
1257 5826 1306 5875 v,
1342 5816 1392 5861 ct
1415 5814 1448 5857 tt
1468 5808 1583 5857 Tim.
1605 5821 1670 5857 ιιι.

1788 311 2016 370 SERMO
2052 308 2302 370 CLXVII.
2353 372 2359 376 ,

3576 309 3683 369 910

2103 439 2212 478 suae
2239 421 2553 478 calamitatis
2579 423 3000 496 erat:lacrymae
3025 423 3166 478 enim
3209 430 3373 479 testes
3415 431 3538 478 sunt
3580 424 3678 478 mia

2103 517 2278 571 εει-ἰαὶ.
2313 515 2552 569 Nondum
2585 516 2832 587 loquitur,
2865 527 2918 570 et
2942 517 3052 585 jam
3080 516 3378 586 prophetat.
3403 516 3536 584 Quid
3560 531 3685 586 pro-

2103 607 2406 678 phetatiln
2451 607 2632 662 labore
2672 624 2729 663 se
2775 607 3030 672 futurum,
3061 608 3147 663 vel
3193 610 3242 661 in
3290 609 3497 662 timore.
3527 608 3591 661 Et
3641 605 3688 662 sl

2103 701 2238 756 bene
2265 702 2452 756 vixerit
2475 711 2527 756 et
2551 702 2726 770 justus
2757 701 2930 766 luerit,
2972 710 3118 757 certe
3157 701 3210 756 in
3251 700 3441 756 mediis
3481 700 3686 771 positus

2108 796 2488 851 tentationibus
2508 811 2719 864 semper
2749 795 2976 851 timebit.

2178 889 2404 946 CAPUT
2444 889 2506 944 ll.
2539 921 2609 929 —
2651 889 2705 944 2.
2737 887 2875 943 Justi
2912 891 2993 942 hic
3037 905 3294 960 nunquam
3324 888 3429 942 sine
3456 903 3694 958 persecw
3748 949 3758 967 ι

2111 981 2263 1035 tione.
2296 980 2432 1049 Quid
2462 981 2535 1035 ait
2560 978 2889 1049 Apostolus?
2937 978 3124 1033 Omnes
3152 980 3238 1050 qui
3265 979 3435 1033 volunt
3464 980 3517 1032 in
3546 978 3696 1034 Cltri-
3739 967 3747 978 ’

2110 1085 2186 1130 sto
2215 1077 2294 1144 pie
2319 1075 2500 1140 vivere,
2536 1073 2929 1143 persecutionem
2961 1073 3214 1142 patientur
3237 1070 3305 1144 (11
3326 1072 3456 1126 Tim.
3481 1088 3556 1139 ιιι,
3580 1071 3692 1137 12).

2112 1167 2249 1221 Ecce
2279 1167 2398 1235 quia
2446 1165 2559 1218 dies
2604 1164 2725 1218 mali
2773 1170 2937 1226 sunt,
2981 1163 3096 1216 sine
3126 1163 3492 1232 persecutione
3517 1163 3697 1217 vivere

2114 1257 2202 1314 hic
2244 1258 2375 1328 justi
2405 1272 2509 1312 non
2539 1263 2780 1326 possunt.
2822 1255 2919 1322 Qui
2950 1255 3087 1308 inter
3116 1254 3283 1309 malos
3317 1255 3503 1308 vivunt
3523 1297 3537 1323 ,
3571 1270 3698 1325 per-

2114 1352 2440 1407 secutionem
2504 1351 2794 1420 patittutur.
2864 1347 3064 1401 Omnes
3120 1346 3245 1400 mali
3308 1356 3701 1418 persequuntur

2114 1442 2314 1507 bonos,
2366 1459 2468 1497 non
2510 1442 2652 1497 ferro
2695 1451 2748 1497 et
2777 1439 3038 1509 lapidibus
3057 1481 3072 1505 ,
3102 1438 3195 1493 sed
3225 1439 3329 1492 vita
3359 1450 3410 1493 et
3438 1441 3698 1496 moribus.

2114 1533 2380 1604 Numquid
2427 1534 2616 1603 aliquis
2660 1541 2899 1587 sanctum
2928 1531 3028 1585 Lot
3067 1531 3484 1600 persequebatur
3513 1533 3565 1586 in
3597 1532 3701 1587 So-

2116 1628 2329 1684 domis?
2355 1625 2522 1682 Nemo
2548 1627 2621 1681 illi
2664 1627 2921 1680 molestus
2949 1632 3064 1679 erat
3097 1641 3110 1678 :
3143 1633 3195 1678 et
3223 1632 3398 1678 tar‘en
3432 1625 3570 1679 inter
3598 1625 3704 1679 im-

2119 1720 2236 1791 pios
2261 1718 2490 1783 vivebat,
2523 1726 2577 1773 et
2605 1718 2743 1771 inter
2787 1715 3109 1780 immundos,
3142 1715 3420 1784 superbos,
3453 1714 3705 1784 blasphe-

2120 1827 2259 1878 mos,
2291 1810 2716 1880 persecutionem
2748 1809 3066 1878 patiebatur,
3102 1823 3220 1861 non
3249 1805 3569 1876 vapulando,
3613 1806 3707 1862 sed

2120 1901 2291 1957 malos
2319 1901 2572 1956 videndo.
2621 1900 2872 1968 Quisquis
2899 1913 2984 1952 me
3022 1897 3204 1965 audis,
3234 1906 3285 1952 et
3313 1897 3547 1952 nondum
3574 1899 3708 1954 vivis

2121 1995 2177 2050 in
2201 1994 2418 2048 Christo
2446 1994 2549 2062 pie,
2570 1992 2752 2060 incipe
2781 1991 2833 2045 in
2863 1990 3076 2044 Christo
3099 1990 3182 2060 pie
3203 1989 3403 2057 vivere,
3435 1999 3486 2044 et
3516 1989 3710 2060 probas

2123 2085 2265 2158 quod
2311 2084 2451 2140 dico.
2511 2083 2748 2153 Denique
2775 2081 3061 2152 Apostolus
3106 2097 3226 2136 cum
3265 2089 3713 2138 commemoraret

2124 2178 2362 2251 pericula
2393 2193 2486 2232 sua
2517 2195 2530 2231 :
2560 2176 2834 2241 Periculis,
2867 2174 3036 2244 inquit
3060 2216 3074 2240 ,
3120 2175 3174 2227 in
3200 2175 3355 2240 mari,
3398 2174 3634 2245 periculis
3661 2175 3714 2228 in

2127 2272 2443 2344 ﬂuminibus,
2476 2268 2716 2341 periculis
2742 2270 2794 2322 in
2821 2269 3034 2331 deserto,
3070 2267 3308 2335 periculis
3334 2266 3387 2319 in
3414 2266 3711 2334 latronibus,

2128 2365 2364 2436 periculis
2390 2363 2442 2416 in
2485 2361 2629 2434 falsis
2671 2358 2912 2429 fratribus
2959 2357 3045 2427 (II
3076 2356 3195 2410 Cor.
3225 2372 3300 2421 ιιι,
3330 2354 3458 2427 9-6).
3509 2354 3717 2411 Caetera

2131 2455 2369 2527 pericula
2400 2453 2674 2524 quiescere
2704 2457 2946 2520 possunt,
2974 2448 3208 2518 pericula
3237 2462 3265 2500 a
3294 2447 3438 2501 falsis
3465 2446 3717 2501 fratribus

2131 2548 2408 2618 quiescere
2447 2559 2613 2614 usque
2641 2544 2693 2596 in
2720 2543 2878 2596 linem
2906 2540 3082 2596 saeculi
3112 2555 3216 2594 non
3245 2544 3518 2593 noverunt.

2204 2638 2258 2693 '5.
2291 2635 2560 2690 Redimere
2585 2645 2797 2703 tempus.
2818 2632 3162 2686 Redimamus
3195 2640 3433 2701 tempus;
3466 2629 3718 2700 quoniam

2135 2728 2249 2784 dies
2278 2727 2405 2782 mali
2449 2735 2598 2781 sunt.
2649 2723 2988 2794 Exspectatis
3029 2737 3060 2776 a
3101 2737 3186 2775 me
3232 2721 3563 2782 forte'scire,
3597 2719 3723 2790 quid

2138 2829 2223 2875 est
2249 2828 2458 2888 tempus
2485 2816 2772 2871 redimere.
2806 2815 3052 2868 Dicturus
3105 2827 3221 2867 sum
3252 2813 3390 2881 quod
3435 2812 3585 2881 pauci
3633 2827 3727 2865 att-

2138 2912 2308 2977 diunt,
2334 2911 2483 2980 pauci
2511 2911 2709 2973 lerunt,
2729 2908 2882 2977 pauci
2915 2904 3314 2975 aggrediuntur,
3344 2905 3497 2974 pauci
3525 2911 3723 2974 agunt:

2141 3018 2316 3063 tamen
2344 3007 2552 3070 dicam,
2598 3005 2848 3074 quoniam
2895 3005 2993 3073 ipsi
3044 3003 3195 3071 pauci
3245 3002 3335 3071 qui
3367 3017 3452 3056 nte
3496 3001 3728 3056 audituri

2141 3111 2287 3167 sunt,
2317 3100 2457 3153 inter
2490 3097 2660 3150 malos
2688 3097 2889 3150 vivunt.
2919 3093 3203 3148 Iledimere
3231 3103 3460 3161 tempus,
3495 3093 3596 3147 hoc
3623 3102 3726 3160 est,

2143 3191 2357 3264 quando
2382 3191 2578 3261 aliquis
2604 3191 2694 3244 tibi
2721 3188 2882 3242 infert
2909 3189 3079 3252 litem,
3108 3186 3271 3255 perde
3296 3185 3514 3255 aliquid,
3547 3196 3600 3238 ut
3625 3187 3731 3241 Deo

2143 3299 2332 3350 vaces,
2358 3298 2462 3337 non
2506 3282 2706 3336 litibus.
2752 3279 2917 3333 Pcrde
2960 3295 3085 3347 ergo
3119 3295 3130 3330 :
3159 3293 3223 3331 ex
3255 3294 3320 3331 eo
3360 3277 3498 3346 quod
3529 3277 3730 3346 perdis,

2146 3376 2374 3447 pretium
2402 3383 2484 3428 est
2515 3372 2788 3441 temporis.
2820 3369 2976 3425 Certe
3001 3369 3213 3439 quando
3243 3382 3338 3437 pro
3367 3369 3469 3421 tuis
3495 3367 3734 3422 necessi-

2149 3471 2347 3525 tatibus
2377 3459 2620 3537 procedis
2645 3465 2711 3519 ad
2740 3464 3008 3533 publicum
3030 3504 3046 3529 ,
3089 3461 3184 3515 das
3215 3477 3461 3514 ntunmos
3482 3502 3496 3528 ,
3525 3471 3578 3515 et
3601 3460 3736 3515 emis

2153 3565 2247 3619 tibi
2277 3577 2468 3632 panem
2493 3602 2507 3626 ,
2538 3570 2630 3614 aut
2655 3559 2832 3611 vinum
2855 3599 2870 3623 ,
2902 3565 2992 3609 aut
3022 3555 3232 3620 oleum,
3265 3564 3354 3606 aut
3381 3554 3576 3621 lignum
3600 3595 3614 3617 ,
3646 3560 3739 3606 aut

2153 3659 2385 3726 aliquam
2419 3652 2800 3723 supellectilem
2835 3669 2847 3704 :
2877 3649 2970 3703 das
2997 3659 3047 3702 et
3074 3647 3270 3715 accipis
3291 3687 3303 3709 ,
3351 3646 3548 3714 aliquid
3576 3644 3737 3698 amit-

2155 3751 2258 3813 tis,
2309 3746 2506 3816 aliquid
2551 3743 2814 3814 acquiris;
2860 3741 2963 3795 hoc
3003 3749 3085 3793 est
3130 3753 3327 3793 emere.
3368 3738 3498 3791 Nam
3531 3737 3573 3789 si
3606 3735 3741 3790 nihil

2153 3839 2388 3899 amittas.
2417 3845 2472 3890 et
2504 3836 2700 3890 habeas
2727 3833 2868 3902 quod
2895 3847 3000 3887 nou
3031 3830 3301 3893 habebas;
3349 3837 3440 3881 aut
3467 3825 3738 3893 invenisti,

2155 3942 2249 3986 aut
2299 3930 2550 3984 donatum
2603 3925 2895 3994 accepisti,
2945 3931 3033 3978 aut
3087 3920 3398 3974 haereditate
3444 3917 3740 3988 acquisisti.

2156 4024 2382 4092 Quando
2407 4033 2582 4076 autem
2614 4020 2810 4090 aliquid
2839 4018 3039 4072 amittis
3069 4027 3126 4070 ut
3151 4014 3348 4085 aliquid
3376 4014 3592 4078 habeas,
3617 4021 3746 4068 tunc

2158 4119 2294 4173 emis
2327 4134 2339 4168 :
2373 4115 2512 4185 quod
2540 4113 2728 4178 habes,
2760 4123 2997 4178 emptum
3028 4119 3148 4174 est;
3192 4106 3331 4178 quod
3373 4106 3591 4170 amittis,
3620 4119 3746 4176 pre.—

2165 4210 2297 4265 tiuut
2324 4216 2425 4262 est.
2474 4204 2753 4273 Quomodo
2780 4220 2907 4274 ergo
2951 4203 3133 4272 perdis
3171 4215 3453 4265 nummos,
3498 4205 3557 4253 ut
3597 4212 3747 4255 emas

2163 4302 2255 4356 tibi
2287 4299 2482 4369 aliquid
2508 4317 2522 4364 ;
2571 4299 2647 4352 sic
2686 4297 2848 4366 perde
2878 4277 3156 4359 nummos,
3208 4302 3266 4347 ut
3296 4307 3443 4347 emas
3475 4290 3566 4346 tibi
3593 4290 3748 4361 quio-

2165 4403 2293 4451 tem.
2329 4396 2466 4449 Ecce
2497 4395 2597 4446 hoc
2627 4400 2710 4447 cst
2737 4401 2941 4461 tempus
2971 4390 3250 4444 redimere.

2236 4487 2461 4544 CAPUT
2499 4485 2581 4540 III.
2609 4513 2684 4524 ---
2707 4485 2762 4537 4.
2793 4483 3116 4537 Proverbium
3144 4479 3400 4533 Punicum
3425 4493 3539 4530 cum
3563 4473 3754 4530 Christi

2167 4590 2416 4654 prazcepm
2438 4578 2770 4632 consentiens.
2799 4575 3139 4645 Prpverbinm
3168 4583 3351 4626 notum
3373 4579 3454 4624 est
3471 4567 3750 4633 Punicum,

2170 4674 2311 4744 quod
2354 4671 2566 4742 quidem
2599 4669 2788 4724 Latine
2817 4668 2966 4721 vobis
3011 4666 3183 4720 dicam
3207 4705 3220 4726 ,
3267 4663 3388 4732 quia
3420 4660 3617 4715 Punico
3646 4671 3755 4713 non

2170 4780 2360 4822 omnes
2389 4764 2578 4818 nostis.
2627 4763 2884 4815 Punicum
2937 4760 3076 4814 enim
3111 4755 3447 4826 proverbium
3489 4759 3572 4808 est
3617 4751 3759 4806 anti-

2173 4873 2335 4928 quum
2369 4873 2381 4908 :
2410 4854 2697 4909 Nummum
2727 4853 2915 4921 quierit
2943 4848 3244 4918 pestilentia
3270 4863 3284 4911 ;
3311 4849 3445 4899 duos
3469 4843 3542 4896 illi
3569 4843 3634 4898 da
3657 4885 3671 4907 ,
3701 4849 3758 4896 et

2174 4951 2332 5006 ducat
2358 4965 2434 5003 se.
2469 4946 2731 5016 Numquid
2763 4961 2865 4998 non
2893 4945 2991 4996 hoc
3021 4941 3353 5009 proverbium
3380 4938 3446 4990 de
3473 4935 3759 5005 Evangelii)

2175 5043 2384 5098 videtur
2412 5039 2630 5094 uatum?
2651 5038 2782 5092 Nam
2808 5034 2932 5106 quid
2957 5032 3099 5086 aliud
3125 5031 3256 5085 dixit
3279 5029 3551 5093 Dominus,
3577 5041 3758 5096 quam,

2178 5137 2498 5192 Redittteutcs
2517 5145 2719 5203 tempus
2740 5174 2754 5198 ,
2786 5131 2998 5201 quando
3028 5129 3097 5180 ait
3123 5169 3137 5192 ,
3183 5126 3245 5180 Si
3267 5128 3377 5190 quis
3422 5127 3522 5178 uult
3563 5122 3762 5194 judicio

2179 5238 2341 5282 tecum
2367 5226 2685 5287 contendere,
2714 5233 2759 5277 et
2788 5223 3010 5276 tunicam
3039 5229 3178 5270 luant
3203 5218 3391 5279 tollere,
3425 5216 3620 5270 dimitte
3647 5216 3692 5268 ei
3716 5224 3766 5269 et

2185 5324 2396 5394 pallium
2429 5321 2641 5388 (Matth.
2673 5335 2741 5385 v,
2787 5315 2925 5387 40)?
2963 5309 3166 5366 Judit'io
3207 5309 3308 5364 vult
3357 5320 3517 5362 tecum
3559 5318 3766 5361 conten-

2183 5418 2318 5483 dere,
2353 5426 2396 5470 et
2425 5416 2644 5467 tunicam
2676 5421 2812 5464 tuam
2844 5409 3032 5469 tollere,
3068 5406 3178 5458 vult
3205 5418 3430 5458 avocare
3461 5411 3511 5456 te
3539 5401 3720 5454 litibus
3747 5401 3764 5431 ¹

2186 5524 2216 5563 a
2246 5510 2355 5564 Deo
2401 5517 2489 5562 tuo
2526 5523 2538 5560 :
2581 5521 2685 5559 non
2717 5501 2935 5556 habebis
2965 5499 3200 5569 quietum
3232 5513 3326 5552 cor
3348 5537 3363 5563 ,
3408 5509 3514 5549 non
3553 5492 3770 5548 habebis

2187 5601 2530 5672 tranquillum
2579 5597 2854 5662 animum,
2896 5593 3152 5649 evet'ler-is
3194 5586 3601 5660 cogitationibus
3641 5584 3764 5650 tuis,

2249 5740 2267 5768 ³
2281 5746 2381 5786 sm.
2406 5741 2481 5782 Er.
2499 5739 2550 5782 et
2571 5717 2700 5789 Mss,
2723 5742 2922 5782 (teneare
2943 5734 2990 5781 te
3010 5725 3146 5780 habet
3167 5723 3341 5781 litibus.
3357 5721 3538 5784 Florus,
3558 5715 3658 5770 vult
3673 5724 3761 5769 avo

2185 5811 2300 5853 care
2323 5805 2367 5850 te
2390 5797 2566 5850 damno
2586 5803 2631 5849 et
2652 5794 2825 5848 litibus.

3757 5868 3802 5907 ἢ
