4108 6336
421 342 518 400 9η
1651 345 1708 401 S.
1748 337 2111 400 AUGUSTINI
2149 343 2453 407 EPISCOPI

419 465 648 522 trritaris
696 465 952 521 adversus
995 464 1166 535 ipsum
1217 463 1578 521 adversarium
1625 474 1794 522 tuum.
1859 467 2000 522 Ecce

420 564 634 626 tempus
677 555 967 625 perdidisti.
998 556 1207 626 Quanto
1233 572 1360 628 ergo
1402 557 1590 614 melius
1633 568 1717 615 est
1744 568 1802 614 ut
1841 573 1999 614 num-

421 665 565 704 mum
611 650 858 716 amittas,
901 662 954 705 et
983 659 1193 720 tempus
1223 651 1490 707 redimas?
1519 651 1730 709 Fratres
1762 653 1898 718 mei,
1945 653 2000 708 in

417 741 595 794 causis
618 741 810 795 vestris
851 748 908 796 et
948 740 1000 796 in
1039 743 1264 814 negotiis
1293 743 1517 808 vestris,
1565 745 1780 814 quando
1808 744 1874 799 ad
1902 759 2000 798 nos

407 830 694 902 iudicanda
723 833 978 901 veniunt,
1026 835 1070 890 si
1103 834 1302 890 homini
1330 835 1624 892 christiano
1661 836 1783 891 dico
1820 845 1877 892 ut
1902 851 1999 905 pro

414 930 656 992 tempore
705 923 1017 980 redimendo
1066 925 1252 995 perdat
1302 927 1499 998 aliquid
1551 942 1741 993 suum;
1797 937 1996 1000 quanto

413 1015 618 1083 majore
648 1030 773 1070 cura
804 1025 858 1072 et
888 1016 1078 1072 ﬁducia
1107 1017 1276 1072 debeo
1320 1017 1498 1074 dicere
1528 1028 1586 1074 ut
1633 1020 1819 1076 reddat
1862 1021 1995 1075 alie-

413 1106 588 1162 num?
625 1107 826 1162 Ambos
869 1109 1011 1170 enim
1057 1108 1374 1164 christianos
1403 1111 1581 1166 audio.
1631 1111 1746 1167 Jam
1788 1113 1878 1168 ille
1906 1127 1994 1168 ca-

409 1197 726 1263 lumniosus,
745 1199 835 1268 qui
865 1199 976 1254 vult
1000 1200 1154 1254 alteri
1187 1199 1358 1256 facere
1383 1216 1596 1258 causam
1613 1202 1782 1276 (a),et
1809 1204 1995 1261 tollere

408 1293 476 1348 ab
508 1293 599 1348 illo
626 1294 705 1348 vel
755 1310 849 1364 pro
893 1297 1278 1366 compositione
1298 1339 1311 1362 ,
1342 1298 1537 1370 gaudet
1574 1299 1641 1354 ad
1679 1299 1780 1354 ista
1810 1300 1991 1354 verba.

411 1372 701 1455 Apostolus
735 1390 867 1444 dixit
899 1392 915 1423 ⁸
935 1431 951 1458 ,
1000 1390 1319 1446 Redimentes
1347 1402 1542 1462 tempus
1561 1435 1574 1457 ,
1620 1393 1857 1463 quoniam
1886 1393 1993 1447 dies

407 1479 532 1534 mali
559 1491 696 1535 sunt.
722 1481 885 1536 Facio
914 1498 1040 1554 ergo
1065 1484 1386 1538 calumniam
1414 1484 1705 1540 christiano
1736 1485 1832 1551 illi,
1863 1486 1993 1540 velit

407 1573 562 1640 nolit,
591 1574 682 1630 dat
723 1577 851 1630 mihi
877 1577 1075 1647 aliquid
1104 1586 1158 1632 ut
1190 1587 1395 1647 tempus
1435 1577 1693 1644 redimat,
1724 1579 1846 1650 quia
1873 1580 1990 1649 epi-

404 1679 628 1734 scopum
678 1667 948 1723 audivit’.
1004 1669 1097 1723 Dic
1135 1669 1261 1722 mihi
1293 1711 1307 1736 ,
1353 1670 1395 1724 si
1445 1669 1522 1724 illi
1568 1670 1803 1726 dicturus
1845 1686 1987 1736 sum,

405 1756 581 1813 Perdc
605 1759 822 1829 aliquid,
860 1770 916 1815 ut
942 1763 1016 1816 sis
1045 1763 1285 1828 otiosus;
1317 1763 1410 1818 tibi
1439 1779 1544 1819 non
1572 1779 1689 1819 sum
1721 1764 1984 1830 dicturus,

404 1847 746 1904 Calumniuse
770 1893 784 1916 ,
828 1853 1036 1922 perdite
1083 1854 1156 1908 lili
1196 1853 1427 1920 diaboli,
1467 1871 1633 1926 quare
1664 1872 1748 1911 res
1785 1857 1987 1914 alienas

402 1939 617 1997 auferre
644 1943 884 1997 moliris?
908 1943 1135 1999 Causam
1161 1960 1268 2000 non
1297 1946 1478 2014 habes,
1512 1956 1565 2002 et
1588 1949 1848 2003 calumnia
1882 1949 1988 2019 ple-

403 2047 507 2089 nus
531 2047 609 2089 cs.
639 2033 692 2089 Si
723 2049 852 2105 ergo
884 2035 959 2089 illi
989 2035 1196 2102 dixero,
1227 2037 1302 2091 Illi
1331 2038 1397 2092 da
1425 2038 1642 2109 aliquid,
1667 2049 1742 2108 ,ιιι
1772 2041 1987 2096 recedat

399 2139 432 2180 a
479 2125 778 2193 calumnia;
832 2136 885 2182 tu
917 2128 1003 2184 ubi
1031 2130 1168 2195 eris,
1220 2131 1311 2201 qui
1362 2131 1579 2187 habebis
1612 2133 1679 2190 de
1720 2135 1982 2191 calumnia

400 2217 731 2286 pecuniam?
785 2218 878 2274 Ille
926 2220 1017 2290 qui
1078 2232 1296 2293 propter
1341 2223 1610 2280 vitandam
1661 2227 1981 2282 calumniam

399 2319 611 2381 tempus
637 2326 665 2363 a
696 2319 746 2364 te
776 2310 1024 2380 redimit,
1076 2313 1163 2370 hic
1192 2315 1381 2371 tolerat
1408 2315 1522 2372 dies
1550 2319 1722 2374 malos
1751 2337 1763 2372 :
1798 2329 1852 2374 tu
1881 2334 1980 2374 au-

397 2408 504 2456 tem
532 2403 619 2472 qui
650 2402 716 2458 de
741 2404 1022 2460 calumniis
1046 2408 1281 2476 pasceris
1299 2449 1314 2474 ,
1360 2408 1448 2464 hic
1474 2409 1697 2466 habebis
1723 2411 1839 2467 dies
1867 2427 1982 2468 ma-

395 2493 495 2557 los,
526 2504 580 2550 et
609 2506 728 2566 post
757 2497 888 2552 istos
927 2499 1202 2556 habiturus
1227 2517 1285 2558 es
1316 2502 1370 2557 in
1395 2503 1482 2558 die
1515 2503 1699 2572 judicii
1744 2505 1978 2575 pejores.

395 2583 502 2640 Sed
531 2585 630 2644 hoc
659 2587 795 2645 forte
821 2590 985 2658 rides,
1013 2593 1136 2662 quia
1165 2594 1444 2664 pecuniam
1469 2597 1632 2664 rapis.
1662 2595 1817 2666 Ride,
1841 2597 1976 2664 ride,

393 2686 449 2732 et
475 2686 762 2736 contemne
791 2699 806 2736 :
834 2697 932 2752 ego
957 2698 1172 2754 erogem
1198 2725 1213 2749 ,
1243 2686 1420 2740 veniet
1449 2686 1536 2758 qui
1567 2687 1762 2758 exigat.

826 2793 1055 2851 SERMO
1091 2795 1344 2852 CLXVIII
1377 2801 1395 2822 ¹
1436 2799 1532 2872 (b).

392 2878 475 2934 De
501 2883 661 2937 verbis
685 2886 924 2956 apostoli,
953 2885 1172 2957 Ephes.,
1201 2906 1315 2957 cap.
1345 2905 1417 2957 Vl,
1445 2889 1535 2953 2'5,
1562 2890 1668 2945 Pax
1699 2890 1974 2958 fratribus,

464 2983 519 3031 ct
554 2975 788 3031 charitas
813 2993 934 3032 cum
973 2980 1094 3036 lidc.
1125 2981 1244 3037 Sive
1281 2983 1344 3037 de
1368 2986 1533 3053 gratia
1555 2983 1668 3050 Dei,
1702 2985 1976 3040 secundum

473 3064 621 3120 Vasis
652 3069 905 3123 electionis
948 3073 1314 3141 confessionem
1349 3084 1498 3144 atque
1521 3075 1823 3142 doctrinam,
1851 3093 1978 3146 quo-

461 3156 596 3209 niam
623 3159 749 3226 ﬁdes
774 3160 1130 3216 misericordia:
1153 3162 1252 3218 Dei
1279 3165 1469 3220 donum
1497 3175 1569 3221 est
1597 3169 1692 3240 (ο).

457 3249 684 3306 CAPUT
725 3251 1011 3310 PRIMUM.
1051 3287 1124 3296 —
1160 3258 1407 3314 1.Filios
1445 3261 1803 3330 ﬁdeiAbraluz
1825 3265 1969 3334 facit,

389 3340 757 3408 quipromisit.
791 3345 1130 3403 Lectionibus
1154 3392 1167 3415 ,
1217 3353 1442 3408 canticis
1464 3394 1480 3420 ,
1530 3357 1973 3429 sermonibusque

385 3428 613 3495 divinis,
647 3441 701 3488 et
729 3435 868 3504 quod
899 3447 981 3492 est
1007 3440 1363 3510 praecipuum,
1402 3447 1571 3514 gratia
1611 3461 1705 3501 sua
1747 3428 1973 3505 aediﬁcet

381 3518 643 3576 Dominus
682 3538 774 3578 cor
801 3536 1076 3594 vestrum;
1124 3541 1182 3585 ut
1220 3533 1361 3602 quod
1389 3550 1572 3591 verum
1602 3537 1829 3606 auditis,
1863 3555 1968 3596 non

380 3612 608 3669 audiatis
635 3616 700 3670 ad
747 3616 1002 3686 judicium
1020 3663 1034 3687 ,
1082 3623 1178 3678 sed
1206 3624 1274 3679 ad
1304 3628 1609 3695 praemium.
1635 3628 1818 3686 Faciet
1843 3632 1964 3698 hoc,

379 3706 631 3775 quoniam
657 3711 746 3779 qui
785 3715 1026 3781 promisit
1054 3724 1245 3786 potens
1275 3729 1358 3774 est
1386 3729 1440 3776 et
1466 3720 1659 3778 facere.
1693 3724 1766 3780 Ita
1791 3726 1969 3782 credi-

379 3795 458 3852 dit
481 3799 750 3856 Abraham
773 3845 785 3863 ,
815 3803 949 3859 dans
967 3807 1202 3876 gloriam
1230 3811 1339 3865 Deo
1362 3853 1378 3876 ,
1410 3814 1553 3869 unde
1579 3824 1634 3870 et
1663 3817 1968 3886 plenissime

378 3889 607 3946 credens
631 3893 882 3963 quoniam
914 3913 1033 3966 quae
1077 3901 1323 3969 promisit
1363 3912 1554 3973 potens
1579 3915 1662 3961 est
1699 3917 1753 3962 et
1792 3909 1964 3966 facere

377 3981 559 4051 (Rom.
588 4001 661 4050 tv,
689 3987 779 4053 20,
806 3988 923 4060 2t).
953 3978 1198 4063 Magnum
1250 4005 1492 4053 nostrum
1543 4001 1790 4070 gaudium
1821 4021 1835 4059 :
1869 4019 1968 4060 nos

379 4074 898 4146 promisitAbrabzc;
928 4097 1026 4137 nos
1057 4085 1426 4152 promissionis
1449 4088 1540 4143 ﬁlii
1563 4105 1746 4147 sumus
1769 4093 1963 4166 (Galat.

374 4181 452 4232 Iv,
484 4167 600 4240 28).
638 4169 862 4237 Quando
898 4175 1040 4230 enim
1059 4177 1259 4233 dictum
1286 4190 1367 4235 est
1412 4183 1660 4253 Abrahae,
1693 4185 1757 4242 In
1781 4191 1968 4247 semine

371 4267 464 4313 tuo
509 4259 860 4317 benedicentur
903 4255 1074 4322 omnes
1117 4279 1288 4341 gentes
1331 4272 1500 4344 (Gen.
1532 4278 1822 4352 xxu,18),
1868 4296 1966 4338 nos

377 4352 624 4421 promissi
658 4369 862 4410 sumus.
895 4358 1038 4430 Ergo
1067 4362 1181 4431 ipse
1205 4381 1304 4420 nos
1331 4367 1454 4423 fecit
1479 4369 1614 4425 ﬁlios
1639 4371 1760 4429 ﬁdei
1791 4375 1964 4431 Abra-

373 4444 496 4512 hae,
548 4448 635 4517 qui
693 4458 878 4517 potens
927 4461 1011 4507 est
1070 4454 1244 4512 facere
1289 4461 1430 4529 quod
1476 4465 1740 4532 promisit.
1797 4467 1964 4523 Nemo

375 4537 518 4594 dicat
553 4557 565 4592 :
601 4540 712 4611 Ego
759 4542 876 4597 feci.
912 4544 1027 4600 Non
1057 4548 1197 4602 enim
1228 4553 1490 4620 promittit
1513 4555 1690 4624 Deus,
1741 4566 1794 4612 ct
1834 4559 1964 4615 facis

376 4640 458 4688 tu.
489 4633 675 4691 Potest
715 4646 893 4693 autem
941 4651 1086 4698 recte
1114 4642 1218 4698 dici
1258 4647 1380 4716 quia
1427 4665 1546 4719 qua:
1587 4652 1852 4720 promittis
1881 4663 1960 4724 tu,

377 4723 508 4781 facit
531 4726 694 4783 Deus.
727 4729 804 4784 Tu
836 4731 979 4786 enim
1021 4733 1260 4791 inﬁrmus
1287 4753 1370 4803 es,
1404 4748 1459 4794 tu
1488 4743 1826 4812 omnipotens
1855 4723 1960 4801 non

373 4829 456 4871 es.
497 4816 722 4884 Quando
761 4836 888 4892 ergo
928 4825 1192 4893 promittis
1215 4869 1231 4894 ,
1264 4829 1363 4883 nisi
1391 4829 1532 4885 Deus
1559 4831 1751 4901 faciat,
1789 4833 1963 4892 inanis

372 4917 456 4965 est
485 4912 772 4981 promissio
813 4923 919 4968 tua.
965 4916 1058 4973 Dei
1086 4927 1262 4974 autem
1302 4923 1586 4989 promissio
1615 4940 1720 4980 non
1765 4928 1964 4996 pendet

371 5017 439 5058 ex
472 5013 547 5072 te,
574 5005 668 5062 sed
695 5021 762 5061 ex
791 5007 900 5061 illo.
924 5007 1029 5064 Sed
1057 5025 1176 5080 ego,
1211 5013 1406 5083 inquis,
1433 5015 1654 5072 credidi.
1687 5018 1956 5078 Concedo.

377 5093 571 5149 Verum
609 5096 792 5152 dicis:
837 5106 891 5152 tu
935 5099 1238 5169 credidisti,
1297 5103 1392 5159 sed
1436 5121 1540 5161 non
1588 5109 1682 5164 tibi
1715 5120 1770 5166 tu
1800 5111 1958 5170 ﬁdem

370 5185 586 5243 dedisti.
620 5188 774 5246 Unde
799 5201 976 5248 autem
1003 5195 1298 5265 credidisti,
1333 5200 1432 5255 nisi
1457 5217 1522 5256 ex
1551 5202 1699 5260 ﬁde?
1723 5206 1879 5264 Fides
1904 5209 1958 5266 in

368 5285 423 5333 te
450 5279 648 5335 donum
679 5283 768 5338 Dei
801 5292 903 5340 est.

433 5370 451 5440 ξ
479 5377 526 5440 tn
548 5378 671 5431 Mss,
689 5371 955 5440 _Episc'opus
977 5376 1120 5432 ducit.

430 5433 450 5508 ξ
475 5439 547 5508 ιὲιι.
574 5433 1017 5508 Lugd.'Ven.'l.ov.,
1039 5456 1155 5508 quia
1181 5446 1448 5508 lpostolum
1743 5461 1801 5506 It.

430 5492 866 5572 :fmendatusnest
887 5502 946 5572 a_d
967 5492 1090 5556 ducis
1106 5492 1166 5557 cl.
1182 5492 1724 5572 *gri'itiifiinfEi-T'iir.
1743 5492 1855 5570 ἰὸν.

523 5563 680 5620 Forte,
707 5561 1015 5616 cahunniam.

523 5563 680 5620 Forte,
707 5561 1015 5616 cahunniam.
1044 5554 1085 5556 ﬂ

425 5554 500 5744 ἒῖξ
522 5619 662 5694 Alias,
689 5623 834 5698 Ποει
855 5627 1068 5704 Homiliis
1085 5633 1165 5684 50.

447 5693 476 5730 c
535 5683 719 5734 Titulus
751 5699 798 5736 tn
829 5688 973 5740 editis
1005 5691 1140 5744 libris

447 5683 731 5765 fugatus
751 5686 798 5765 in
829 5688 973 5765 editis
1005 5683 1328 5765 libr-isrﬁient
1364 5701 1701 5765 Imprudenter
1727 5710 1959 5765 ωηιιιωε

357 5752 733 5828 sermonis
755 5752 975 5828 exordio,
1003 5758 1148 5828 quod“
1164 5760 1268 5828 istis
1299 5752 1462 5813 verbis
1479 5752 1956 5828 ἆῶἕιίίῖ-ιιιῖἒψιῇεδῖ

361 5805 572 5857 Nudum
592 5811 725 5861 vasis
747 5805 1004 5868 electionis
1021 5805 1462 5881 't-mutlssiénéiiﬁ
1481 5805 1721 5879 HE,wa

3588 366 3696 426 912

2176 464 2402 524 CAPUT
2441 467 2506 523 II.
2553 499 2623 510 —
2658 469 2714 525 2.
2747 469 2900 528 Fides
2931 471 3335 532 Christianorum
3375 480 3482 535 alia
3517 499 3549 535 a
3590 483 3695 552 ﬁde

2105 556 2409 616 dcemonum.
2456 561 2612 618 Fides
2659 565 2880 634 ﬁliorum
2910 565 3025 635 Dei,
3067 585 3179 622 cum
3221 571 3485 628 charitate.
3533 575 3693 634 Fides

2103 651 2302 707 initium
2344 657 2539 711 salutis.
2594 657 2712 713 Pas:
2752 675 2890 714 uera.
2971 661 3106 717 Audi
3153 664 3467 733 Apostolum
3516 668 3690 739 ipsum

2105 741 2227 798 ﬁdei
2251 745 2635 818 disputatorem
2666 751 2714 817 ³,
2743 753 2997 822 etgratiae
3023 769 3274 825 magnum
3299 755 3639 816 defensorem
3671 779 3686 816 :

2101 833 2225 888 audi
2269 851 2391 891 eum
2433 837 2728 907 dicentem,
2779 840 2897 897 Pax
2939 845 3181 914 fratribus
3204 887 3220 912 ,
3251 856 3297 902 et
3325 849 3547 905 charitas
3573 867 3690 906 cum

2100 925 2223 995 ﬁde.
2253 927 2439 1000 Magna
2477 932 2576 986 tria
2618 931 2773 1001 dixit,
2821 934 2954 1002 Pax,
3001 936 3254 1004 charitas,
3303 938 3457 996 ﬁdes.
3507 943 3551 996 A
3582 943 3690 999 ﬁne

2099 1018 2283 1092 coepit,
2326 1020 2393 1075 ad
2440 1022 2647 1078 initium
2693 1025 3020 1081 terminavit.
3071 1027 3283 1088 Initium
3321 1041 3407 1086 est
3443 1032 3587 1088 enim
3633 1033 3689 1088 in

2100 1107 2224 1173 ﬁde,
2251 1109 2372 1166 ﬁnis
2397 1111 2450 1167 in
2480 1128 2629 1183 pace.
2658 1115 2771 1183 Qua
2798 1117 2940 1172 enim
2968 1119 3256 1188 credimus,
3284 1122 3396 1191 ipsa
3422 1133 3506 1179 est
3530 1124 3686 1181 ﬁdes.

2097 1199 2202 1255 Sed
2241 1200 2376 1258 ﬁdes
2409 1203 2569 1260 debet
2609 1222 2729 1262 esse
2751 1207 3203 1278 Christianorum,
3251 1228 3355 1269 non
3392 1214 3688 1272 daemonio-

2097 1307 2236 1348 rum.
2265 1293 2576 1361 Nam,sicut
2601 1298 2729 1354 dicit
2755 1299 2986 1357 Jaeobus
3013 1305 3303 1372 apostolus,
3339 1304 3406 1360 Et
3434 1306 3688 1362 daemones

2095 1385 2304 1439 credunt
2341 1397 2390 1442 et
2416 1392 2808 1447 contremiscunt
2857 1393 3060 1466 (Jacobi
3084 1412 3143 1463 ιι,
3179 1397 3294 1471 19).
3322 1399 3387 1454 Et
3411 1398 3687 1456 dmmones

2096 1476 2347 1534 dixerunt
2390 1481 2636 1550 Christo,
2687 1484 2764 1538 Tu
2815 1504 2866 1542 es
2909 1486 3078 1543 Filius
3121 1489 3238 1544 Dei.
3286 1490 3687 1549 Conﬁtebantur

2094 1569 2369 1628 daemones
2395 1574 2536 1643 quod
2577 1591 2681 1630 non
2724 1579 3013 1634 credebant
3040 1580 3308 1638 homines.
3343 1583 3421 1639 llli
3451 1594 3687 1642 tremue—

2094 1672 2239 1730 runt,
2265 1663 2338 1718 illi
2369 1665 2698 1723 occidcrunt.
2723 1669 2859 1738 Quid
2891 1670 3034 1726 enim
3063 1674 3185 1742 quia
3211 1674 3460 1730 dixerunt
3485 1675 3686 1733 dtemo-

2093 1771 2189 1812 nes
2207 1797 2222 1822 ,
2266 1756 2342 1811 Tu
2375 1775 2426 1813 es
2455 1758 2628 1814 Filius
2649 1761 2781 1829 Dei,
2810 1765 2995 1820 scimus
3019 1767 3108 1836 qui
3143 1769 3214 1822 sis
3241 1767 3449 1839 (Marc.
3479 1785 3555 1836 ιιι,
3589 1770 3680 1836 12,

2090 1857 2146 1903 ει
2169 1864 2208 1914 ι,
2235 1848 2364 1922 24);
2410 1851 2530 1907 ideo
2558 1857 2831 1925 regnaturi
2875 1867 3000 1912 sunt
3023 1873 3145 1913 cum
3173 1860 3306 1915 Filio
3333 1861 3469 1916 Dei?
3506 1863 3681 1919 Absit.

2093 1938 2454 2015 Discernenda
2483 1954 2565 2000 est
2609 1961 2738 2017 ergo
2767 1946 2902 2004 ﬁdes
2924 1949 3230 2006 daemonum
3259 1966 3294 2005 a
3331 1952 3438 2008 ﬁde
3464 1962 3684 2008 sancto-

2090 2045 2229 2086 rum.
2260 2031 2422 2088 Plane
2446 2033 2798 2092 discernenda
2829 2039 3106 2108 vigilanter
3129 2051 3183 2095 et
3207 2041 3513 2111 diligenter.
3545 2041 3680 2098 Nam

2088 2129 2143 2176 et
2167 2122 2359 2179 Petrus
2403 2125 2504 2180 hoc
2543 2127 2677 2182 dixit
2723 2129 2948 2184 Domino
2987 2131 3219 2196 dicenti,
3273 2131 3435 2198 Quem
3467 2149 3545 2188 me
3571 2149 3682 2188 esse

2087 2215 2300 2269 dicitis?
2339 2215 2416 2272 Tu
2457 2235 2508 2272 es
2536 2217 2767 2275 Christus
2794 2220 2963 2277 Filius
2989 2224 3084 2277 Dei
3111 2225 3229 2279 viui.
3281 2225 3351 2280 Et
3381 2226 3637 2281 Dominus
3660 2243 3674 2280 :

2085 2304 2275 2366 Beatus
2311 2324 2396 2373 es,
2443 2309 2624 2364 Simon
2650 2309 2944 2367 Bar-Jona
2992 2313 3205 2386 (Matth.
3234 2331 3344 2383 XVI,
3376 2317 3587 2388 i547).
3632 2315 3678 2372 0

2091 2397 2312 2455 Domine
2335 2441 2350 2467 ,
2403 2401 2504 2457 hoc
2543 2401 2636 2456 tibi
2663 2403 2917 2459 dixerunt
2944 2413 3000 2460 et
3027 2405 3301 2462 dtemones
3329 2423 3342 2461 :
3373 2422 3538 2478 quare
3576 2407 3675 2478 ipsi

2085 2505 2193 2546 non
2218 2503 2342 2547 sunt
2366 2493 2550 2549 beati?
2578 2495 2794 2563 Quare?
2829 2498 2962 2566 Quia
2989 2498 3261 2558 daemones
3299 2500 3401 2556 hoc
3425 2501 3678 2558 dixerunt

2087 2582 2299 2651 timore,
2349 2585 2542 2642 Petrus
2583 2604 2786 2645 amore.
2828 2590 2952 2645 Ideo
2994 2592 3202 2648 initium
3233 2602 3317 2648 est
3355 2609 3385 2649 a
3413 2593 3538 2650 ﬁde.
3567 2594 3676 2651 Sed
3775 2613 3784 2618 ·

2051 2677 2226 2746 θίιιιειιί
2267 2677 2411 2733 ﬁde?
2436 2679 2605 2748 Quam
2631 2681 2871 2738 deﬁnivit
2893 2686 3182 2756 Apostolus
3206 2702 3220 2740 :
3250 2685 3430 2758 Neque
3451 2688 3673 2742 circum-

2082 2767 2204 2822 cisio
2242 2769 2436 2839 aliquid
2477 2773 2638 2839 ualet,
2681 2790 2836 2843 neque
2867 2779 3172 2847 prceputium
3193 2817 3208 2843 ,
3256 2778 3346 2833 sed
3375 2779 3520 2846 ﬁdes.
3579 2779 3674 2835 Dic

2081 2873 2200 2928 qua:
2248 2860 2430 2915 ﬁdes?
2485 2863 2610 2931 Quae
2656 2882 2746 2936 per
2796 2867 3115 2922 dilectionem
3161 2879 3402 2940 operatur
3449 2870 3670 2942 (Galat.

2083 2963 2139 3014 v,
2167 2947 2244 3021 6).
2287 2950 2434 3007 Hanc
2483 2953 2756 3012 daemones
2801 2973 2907 3012 non
2956 2959 3156 3015 habent
3197 2960 3376 3024 ﬁdem,
3425 2977 3543 3032 qua:
3574 2979 3671 3033 per

2080 3041 2418 3099 dilectionem
2447 3058 2698 3116 operatur
2727 3066 2740 3102 :
2783 3049 2875 3104 sed
2906 3050 3007 3106 soli
3052 3051 3192 3106 servi
3225 3053 3340 3119 Dei,
3374 3055 3471 3108 soli
3502 3055 3667 3110 sancti

2080 3133 2209 3199 Dei,
2251 3135 2351 3190 soli
2396 3136 2502 3192 ﬁde
2531 3139 2622 3192 ﬁlii
2651 3139 2904 3209 Abrahae,
2933 3143 3031 3197 soli
3072 3143 3164 3197 lilii
3209 3143 3529 3211 dilectionis,
3577 3144 3668 3200 ﬁlii

2080 3229 2490 3298 promissionis;
2537 3229 2658 3286 ideo
2705 3231 2844 3286 dicta
2888 3243 2972 3288 est
3020 3243 3066 3288 et
3115 3235 3359 3290 cliaritas.
3411 3235 3536 3290 Tria
3581 3235 3668 3291 illa

2078 3316 2220 3373 dicta
2249 3331 2373 3374 sunt
2398 3320 2466 3373 ab
2495 3321 2772 3390 Apostolo,
2802 3323 2922 3379 Pax
2945 3325 3207 3397 fratribus,
3235 3335 3280 3380 et
3305 3325 3527 3382 charitas
3553 3343 3668 3381 cum

2078 3411 2198 3479 ﬁde.
2251 3411 2369 3466 Pax
2411 3413 2669 3484 fratribus.
2719 3414 2875 3472 Unde
2922 3417 3068 3486 pax?
3115 3417 3182 3472 Et
3227 3418 3468 3473 charitas.
3520 3419 3669 3475 Unde

2077 3503 2354 3560 charitas?
2395 3505 2522 3562 Cum
2548 3507 2667 3575 ﬁde.
2711 3508 2766 3564 Si
2803 3509 2944 3563 enim
2975 3525 3082 3564 non
3112 3510 3309 3578 credis,
3351 3526 3458 3565 non
3495 3526 3664 3566 amas.

2077 3597 2220 3652 Dixit
2243 3614 2370 3668 ergo
2389 3600 2683 3669 Apostolus
2703 3642 2719 3668 ,
2747 3602 2824 3656 sic
2846 3601 3106 3674 incipiens
3130 3617 3160 3656 a
3189 3604 3313 3667 ﬁne,
3342 3612 3398 3658 et
3447 3604 3665 3660 veniens

2075 3689 2142 3744 ad
2187 3689 2392 3745 initium
2423 3708 2437 3746 :
2467 3691 2602 3758 Pax;
2639 3693 2890 3762 charitas,
2933 3711 3050 3749 cum
3086 3695 3206 3764 ﬁde.
3253 3695 3364 3751 Nos
3402 3695 3661 3764 dicamus,

2075 3781 2258 3850 Fides,
2299 3783 2554 3852 Charitas,
2604 3801 2728 3855 pax.
2773 3784 2965 3852 Crede,
3007 3802 3149 3855 ama,
3196 3803 3378 3859 regna.
3424 3788 3481 3844 Si
3521 3789 3662 3846 enim

2075 3875 2251 3930 credis
2296 3884 2352 3932 et
2397 3891 2501 3931 non
2547 3892 2730 3945 amas,
2781 3879 2957 3935 adhuc
3008 3897 3113 3936 non
3158 3881 3458 3938 discrevisti
3502 3882 3661 3938 ﬁdem

2076 3973 2220 4020 tuam
2247 3967 2314 4022 ab
2352 3968 2431 4024 eis
2469 3970 2560 4040 qui
2603 3971 2902 4028 tremebant
2938 3981 2994 4028 et
3030 3973 3320 4030 dicebant:
3349 3975 3554 4030 Scimus
3577 3977 3663 4047 qui

2071 4059 2162 4124 sis,
2207 4059 2375 4114 Filius
2403 4059 2522 4116 Dei.
2555 4060 2705 4133 Ergo
2721 4070 2777 4118 tu
2801 4078 2921 4118 ama
2950 4080 2966 4120 :
2995 4065 3120 4135 quia
3146 4065 3378 4121 charitas
3403 4081 3524 4121 cum
3556 4066 3662 4124 ﬁde

2073 4148 2187 4217 ipsa
2215 4160 2262 4204 te
2291 4151 2533 4221 perducit
2569 4153 2636 4208 ad
2662 4169 2872 4224 pacem.
2900 4155 3069 4224 Quam
3094 4158 3322 4228 pacem?
3347 4157 3536 4213 Veram
3563 4173 3660 4228 pa-

2072 4257 2210 4308 cem,
2237 4243 2445 4312 plenam
2470 4259 2676 4314 pacem,
2701 4247 2922 4302 solidam
2945 4264 3153 4320 pacem,
3177 4265 3417 4307 securam
3439 4266 3658 4320 pacem;

2073 4334 2161 4389 ubi
2194 4335 2336 4389 nulla
2365 4337 2553 4406 pestis,
2585 4338 2763 4393 nullus
2788 4337 2976 4394 hostis.
3021 4340 3137 4410 Ipsa
3168 4356 3269 4411 pax
3295 4351 3377 4395 est
3403 4341 3524 4396 ﬁnis
3543 4357 3661 4396 om-

2072 4426 2219 4480 nium
2259 4426 2646 4482 desideriorum
2679 4429 2964 4484 bonorum.
3009 4430 3244 4486 Charitas
3282 4449 3396 4486 cum
3433 4433 3534 4502 ﬁde
3559 4449 3578 4487 :
3606 4443 3660 4489 ct

2070 4516 2113 4570 si
2141 4517 2217 4572 sic
2247 4517 2415 4584 dicas,
2449 4518 2588 4573 bene
2615 4520 2772 4587 dicis,
2811 4520 2968 4576 Fides
2993 4538 3115 4578 cum
3141 4523 3424 4580 charitate.

2140 4608 2366 4667 CAPUT
2403 4609 2580 4665 III.—
2599 4613 2652 4668 5.
2689 4612 2874 4667 Omnia
2905 4614 3055 4682 bona,
3085 4623 3132 4668 et
3151 4615 3264 4686 ipsa
3287 4617 3440 4670 etiam
3467 4616 3595 4686 ﬁdes
3624 4633 3658 4670 a

2073 4704 2178 4760 Deo
2202 4715 2296 4760 est.
2319 4705 2474 4760 Fides
2495 4708 2664 4779 plena.
2691 4707 2877 4780 Magna
2907 4724 3036 4781 ergo
3057 4710 3192 4765 bona
3218 4711 3662 4766 commemoravit

2068 4797 2374 4867 Apostolus,
2408 4796 2524 4854 Pax
2543 4799 2805 4869 fratribus,
2835 4810 2882 4856 et
2907 4801 3132 4855 charitas
3157 4819 3272 4855 cum
3294 4802 3398 4872 ﬁde
3423 4817 3444 4857 :
3465 4817 3658 4873 magna

2067 4888 2228 4945 bona.
2259 4891 2361 4946 Sed
2391 4891 2530 4946 dicat
2557 4893 2698 4948 unde
2723 4893 2860 4948 bona
2889 4893 2988 4948 ista
3018 4911 3031 4946 :
3065 4894 3204 4948 unde
3245 4902 3391 4963 sunt,
3419 4910 3450 4949 a
3478 4895 3654 4960 nobis,

2067 4995 2190 5036 ana
2219 4982 2367 5039 Deo?
2403 4983 2458 5039 Si
2482 4984 2638 5049 dicis,
2680 4985 2721 5039 A
2758 4986 2942 5049 nobis;
2972 4985 3026 5040 in
3069 4994 3121 5041 te
3154 4987 3420 5057 gloriaris,
3457 5003 3563 5041 non
3603 4986 3657 5042 in

2067 5073 2198 5129 Deo.
2245 5075 2302 5130 Si
2335 5083 2513 5131 autem
2543 5076 2774 5133 didicisti
2801 5078 2943 5149 quod
2987 5079 3062 5132 ait
3104 5087 3159 5134 et
3198 5079 3312 5148 ipse
3343 5078 3652 5149 Apostolus,

2070 5162 2140 5220 Ut
2167 5167 2252 5236 qui
2288 5168 2556 5239 gloriatur,
2592 5169 2646 5222 in
2680 5168 2900 5224 Domino
2938 5171 3186 5242 glorietur
3210 5169 3270 5242 (1
3300 5171 3418 5225 Car.
3441 5186 3477 5236 ι,
3506 5171 3567 5226 51
3595 5170 3652 5241 );

2063 5258 2320 5315 conﬁtere
2347 5276 2554 5330 pacem,
2587 5263 2903 5318 cbaritatem
2947 5277 3068 5318 cum
3113 5263 3245 5327 ﬁde,
3283 5278 3388 5317 non
3421 5262 3512 5317 tibi
3535 5276 3655 5318 esse

2063 5352 2167 5408 nisi
2185 5367 2215 5406 a
2243 5353 2372 5407 Deo.
2401 5353 2506 5409 Sed
2527 5354 2823 5424 respondes
2848 5350 2979 5410 mihi
3012 5373 3028 5411 :
3061 5355 3138 5409 Tu
3167 5354 3270 5410 hoc
3306 5355 3462 5421 dicis,
3491 5353 3653 5423 proba

2061 5443 2203 5514 quod
2231 5443 2384 5500 dicis.
2414 5445 2590 5501 Probo
2614 5464 2627 5500 :
2658 5449 2831 5517 ipsum
2859 5447 3172 5518 Apostolum
3203 5456 3398 5502 testem
3428 5444 3649 5500 vocabo.

2059 5535 2201 5592 Ecce
2240 5535 2448 5592 habetis
2477 5555 2490 5591 :
2523 5538 2810 5608 Apostolus
2838 5538 2992 5606 dixit,
3016 5537 3136 5593 Pas:
3159 5538 3420 5608 fratribus,
3447 5546 3492 5590 et
3528 5535 3649 5589 cha-

2059 5630 2184 5684 ritas
2208 5645 2324 5684 cum
2352 5631 2472 5699 ﬁde.
2515 5631 2635 5702 Ipse
2658 5631 2810 5687 dixit.
2843 5631 2979 5699 Quid
3022 5630 3139 5703 ipse
3176 5629 3524 5694 dixit'lVide,
3567 5643 3646 5682 sc-

2061 5723 2264 5793 quitur,
2300 5720 2416 5776 Paa:
2446 5724 2708 5792 fratribus,
2737 5734 2784 5778 et
2809 5725 3030 5779 charitas
3054 5739 3173 5778 cum
3194 5724 3315 5794 ﬁde,
3345 5739 3379 5776 a
3402 5719 3513 5776 Deo
3534 5718 3642 5778 Pa-

2127 5842 2144 5873 ¹
2168 5846 2298 5897 Mss,
2323 5838 2383 5888 de
2403 5835 2500 5902 ﬁde
2522 5838 2855 5903 disputantem.
