4108 6336
442 302 548 362 015

438 428 515 472 tre
548 424 717 473 nostra
759 426 808 472 et
842 415 1061 471 Domino
1085 412 1212 469 Iesu
1251 414 1469 470 Christo.
1502 413 1641 483 Quid
1680 430 1807 485 ergo
1850 413 2018 470 habes

439 510 579 581 quod
606 525 716 566 non
753 509 1046 581 accepisti?
1086 508 1143 566 Si
1168 518 1346 565 autem
1375 509 1648 580 accepisti,
1670 508 1794 579 quid
1824 508 2018 579 gloria-

438 602 513 656 ris
530 602 679 672 quasi
695 617 802 657 non
829 599 1155 672 acceperis(l
1174 599 1291 655 Cor.
1319 616 1394 667 tv,
1422 600 1517 672 7)?
1542 599 1673 655 Nam
1691 600 1734 653 si
1762 599 2019 672 gloriatus

437 704 518 750 est
544 694 833 760 Abraham,
878 708 945 749 ex
997 693 1103 749 ﬁde
1152 693 1409 765 gloriatus
1459 701 1560 749 est.
1591 692 1719 760 Quae
1760 704 1840 747 est
1886 690 2017 747 ﬁdes

435 789 589 859 plena
615 795 671 843 et
696 786 958 857 perfecta?
981 786 1110 854 Quae
1126 787 1293 843 credit
1317 801 1380 842 ex
1405 787 1515 842 Deo
1534 800 1652 842 esse
1672 785 1848 839 omnia
1878 784 2017 841 bona

437 886 639 942 nostra,
667 886 721 931 et
742 878 909 946 ipsam
936 877 1117 934 ﬁdem.
1151 876 1346 932 Iterum
1374 876 1503 932 dicit
1530 875 1835 945 Apmtolus,
1860 871 2018 928 Hisc-

434 970 706 1024 ricordiam
728 981 1022 1023 consecutus
1047 966 1242 1024 sum.0
1266 967 1562 1024 confessio!
1594 966 1710 1022 Non
1736 966 1831 1034 ait,
1861 965 2020 1020 Mise-

436 1060 719 1115 ricordiam
743 1069 1067 1115 consecutus
1092 1074 1230 1124 sum,
1253 1061 1376 1129 quia
1408 1058 1579 1113 ﬁdelis
1606 1073 1752 1113 eram
1775 1074 1790 1123 ;
1816 1055 1930 1122 sed,
1962 1064 2018 1109 ut

436 1152 599 1220 ﬁdelis
618 1168 793 1215 essent,
810 1152 1207 1207 misericordiam
1220 1160 1517 1206 consecutus
1530 1167 1642 1205 sunt
1658 1148 1770 1219 (Id.
1785 1162 1880 1213 v11,
1896 1146 1989 1220 25)
1998 1186 2014 1202 .

505 1242 730 1300 CAPUT
752 1242 1154 1299 IV.-—4.Gratia
1170 1246 1290 1297 data
1309 1243 1505 1313 inﬁdeli
1518 1251 1563 1297 et
1581 1242 1885 1311 persecutori
1898 1258 2016 1295 cru-

434 1335 555 1389 deli.
593 1335 876 1391 Veniamus
917 1338 981 1392 ad
1010 1338 1126 1409 ejus
1150 1337 1467 1408 primordia,
1496 1335 1772 1392 videamus
1796 1335 2016 1390 Saulum

435 1425 762 1492 saevientem,
791 1434 1093 1496 spectemus
1119 1426 1403 1493 furentem,
1435 1434 1738 1498 spectemus
1764 1425 1884 1480 odia
1911 1441 2011 1479 an-

436 1514 722 1583 helantem,
764 1518 1180 1588 sanguinemque
1208 1518 1498 1573 sitientem.
1528 1516 1843 1587 Spectemus
1865 1556 1878 1580 ,
1910 1515 2017 1570 fra-

438 1616 566 1675 tres,
589 1625 742 1675 eum;
769 1626 1016 1680 magnum
1044 1611 1424 1681 spectaculum.
1453 1611 1591 1665 Ecce
1620 1618 1738 1681 post
1756 1608 2014 1679 Stephani

437 1713 641 1763 necem,
673 1708 794 1769 post
820 1701 1044 1756 effusum
1080 1702 1232 1757 testis
1263 1701 1357 1756 Dei
1396 1699 1657 1772 lapidibus
1682 1700 2013 1769 sanguinem,

436 1790 525 1845 ubi
553 1792 868 1848 vestimenta
891 1793 1137 1848 servabat
1170 1792 1538 1862 lapidantium,
1570 1800 1629 1847 ut
1663 1800 1718 1847 et
1745 1792 1800 1847 in
1827 1805 2016 1847 eorum

435 1880 593 1934 etiam
642 1882 885 1937 manibus
917 1883 1193 1953 lapidaret,
1223 1895 1349 1938 tunc
1384 1882 1609 1953 dispersi
1651 1889 1780 1937 sunt
1822 1880 2017 1937 fratres

436 1971 522 2041 qui
544 1980 695 2027 erant
719 1972 1066 2044 Jerosolymis
1094 1975 1433 2045 congregati;
1462 1984 1516 2030 et
1555 1975 1642 2030 ille
1681 1973 2017 2043 saeviens,cui

439 2078 623 2132 parum
670 2073 784 2118 erat
816 2064 1010 2121 vidisse
1052 2073 1106 2120 et
1144 2066 1343 2121 fudisse
1383 2066 1692 2136 sanguinem
1736 2063 2015 2134 Stephani,

434 2152 641 2223 accepit
661 2153 863 2209 litteras
890 2170 921 2208 a
950 2155 1277 2225 principibus
1303 2155 1661 2221 sacerdotum,
1691 2163 1750 2209 ut
1788 2154 1891 2209 iret
1917 2153 2019 2207 Da-

432 2258 669 2299 mascum
694 2287 711 2313 ,
742 2255 795 2299 et
839 2260 1201 2316 quoscumque
1244 2247 1315 2301 ibi
1357 2246 1618 2301 inveniret
1658 2244 2016 2313 Christianos,

435 2338 640 2393 vinctos
657 2339 964 2395 adduceret.
992 2341 1058 2396 Et
1090 2340 1218 2395 ibat.
1252 2340 1377 2395 Haec
1407 2340 1555 2395 Pauli
1581 2340 1665 2395 via
1697 2347 1835 2406 erat,
1867 2338 2020 2409 cujus

437 2430 519 2484 via
561 2431 795 2486 nondum
840 2442 955 2488 erat
996 2433 1275 2499 Christus;
1326 2432 1502 2489 adhuc
1548 2433 1732 2497 Sauli,
1785 2433 2019 2488 nondum

437 2520 604 2577 Pauli.
628 2523 760 2580 Ibat.
782 2524 919 2591 Quid
938 2525 1165 2580 habebat
1184 2526 1236 2581 in
1260 2525 1422 2581 corde
1441 2525 1466 2579 ?
1485 2524 1641 2592 Quid,
1670 2525 1770 2581 nisi
1797 2522 2021 2580 malum?

440 2613 568 2669 Date
589 2615 717 2672 mihi
742 2618 932 2672 merita
958 2618 1094 2687 ejus.
1128 2618 1184 2673 Si
1206 2619 1394 2674 merita
1415 2619 1631 2689 quaeris,
1664 2618 2021 2673 damnationis

438 2715 579 2771 sunt,
608 2722 712 2762 non
754 2708 1102 2765 liberationis.
1143 2709 1258 2765 Ibat
1293 2725 1424 2780 ergo
1462 2712 1652 2766 saevire
1696 2711 1750 2765 in
1780 2711 2021 2766 membra

439 2798 655 2865 Christi,
700 2800 809 2855 ibat
857 2803 1170 2872 sanguinem
1213 2802 1459 2869 fundere,
1500 2803 1610 2859 ibat
1652 2803 1809 2872 lupus
1841 2810 2022 2873 pastor

440 2888 686 2945 futurus:
731 2892 811 2947 sic
855 2892 981 2947 ibat.
1025 2892 1142 2949 Non
1191 2894 1332 2948 enim
1380 2903 1587 2963 poterat
1626 2894 1783 2950 aliter
1826 2894 1907 2950 ire
1954 2893 2021 2950 ad

441 2981 550 3046 illa,
584 2993 797 3053 propter
833 3000 952 3055 quae
989 2985 1117 3041 ibat.
1152 2986 1217 3041 Et
1246 3001 1368 3042 cum
1401 2987 1477 3042 sic
1520 2986 1773 3054 ambulat,
1802 2987 2018 3058 cogitat,

440 3072 654 3128 anhelat
699 3074 908 3140 caedes;
961 3091 1082 3131 cum
1130 3076 1274 3133 ducit
1323 3078 1484 3148 pedes
1526 3078 1643 3148 ejus
1682 3078 1792 3145 ira,
1844 3087 2023 3134 movet

440 3168 676 3218 membra
718 3165 921 3232 odium,
959 3166 1083 3222 dum
1112 3169 1283 3239 pergit
1302 3164 1357 3224 et
1385 3169 1655 3237 ambulat,
1688 3170 2024 3240 obtemperat

440 3254 758 3325 mancipium
788 3257 1092 3314 crudelitati
1119 3275 1134 3313 :
1166 3268 1222 3315 et
1254 3275 1381 3316 ecce
1408 3276 1513 3316 vox
1540 3261 1610 3317 de
1634 3262 1774 3318 ctelo
1793 3302 1807 3327 ,
1838 3261 2020 3329 Saule,

441 3344 619 3411 Saule,
646 3348 769 3418 quid
794 3365 873 3402 me
897 3351 1240 3421 persequeris?
1265 3351 1404 3407 Ecce
1429 3368 1594 3423 quare
1626 3352 1779 3419 dixit,
1822 3353 2025 3408 Miseri-

440 3439 664 3491 cordiam
691 3450 987 3495 consecutus
1010 3458 1144 3508 sum,
1173 3451 1227 3495 ut
1252 3443 1417 3510 ﬁdelis
1456 3460 1632 3497 essent.
1674 3444 1803 3497 Erat
1832 3444 2022 3500 inlide-

440 3527 534 3595 lis;
570 3546 755 3596 parum
786 3541 888 3596 est,
921 3541 1037 3587 erat
1057 3532 1110 3587 in
1138 3533 1252 3602 ipsa
1284 3533 1595 3589 inﬁdelitate
1620 3534 1853 3590 crudelis
1886 3554 1898 3592 :
1929 3536 2022 3591 sed

438 3620 861 3676 misericordiam
888 3634 1207 3678 consecutus
1248 3632 1366 3692 est,
1393 3633 1451 3679 ut
1488 3625 1659 3680 ﬁdelis
1697 3636 1841 3681 esset
1870 3628 2020 3696 (Act.

438 3710 642 3781 vlt-Ix).
672 3712 808 3780 Quid
836 3713 1075 3771 dicturus
1095 3730 1156 3771 es
1182 3716 1291 3771 Deo
1312 3717 1531 3783 dicenti,
1553 3718 1664 3773 Hoc
1680 3720 1837 3774 volo?
1857 3719 2020 3789 Ergo,

440 3803 683 3871 Domine,
716 3806 805 3861 ille
826 3808 918 3877 qui
935 3816 1079 3863 tanta
1104 3808 1249 3876 fecit,
1271 3818 1412 3864 tanta
1436 3812 1573 3866 mala
1593 3811 1645 3865 in
1662 3827 1875 3869 sanetos
1906 3822 2025 3869 tuos

439 3890 614 3949 facere
643 3895 908 3965 cupiebat,
944 3900 1033 3953 tali
1059 3915 1181 3955 eum
1210 3901 1575 3957 misericordia
1596 3902 1813 3973 dignum
1843 3905 2025 3960 existi-

439 3984 591 4039 mas?
625 3985 739 4042 Hoc
766 3988 907 4042 volo.
940 3990 1019 4043 An
1044 3992 1222 4045 oculus
1248 4002 1364 4046 tuus
1392 4008 1607 4063 nequam
1634 4003 1738 4060 est,
1772 3995 1891 4064 quia
1932 4012 2023 4065 ego

436 4075 595 4130 bonus
623 4094 736 4132 sum
767 4076 978 4151 (Matth.
1010 4096 1107 4145 xx,
1139 4081 1265 4152 15)?

507 4168 735 4225 CAPUT
774 4170 1001 4226 V.—-5.
1043 4170 1113 4225 Et
1144 4172 1270 4240 fides
1310 4183 1357 4227 et
1399 4175 1559 4229 oratio
1592 4192 1654 4231 ex
1696 4175 1793 4231 Det
1836 4188 2021 4249 gratia.

444 4258 727 4332 Pelagiana
770 4264 999 4333 objectio.
1034 4264 1236 4320 Ilabete
1276 4264 1435 4321 ﬁdem
1474 4284 1487 4321 :
1532 4267 1624 4322 sed
1680 4277 1738 4322 nt
1782 4268 2025 4325 habeatis

441 4350 620 4420 (idem,
647 4365 795 4409 orate
825 4355 928 4410 ﬁde
950 4357 988 4409 ³.
1034 4356 1140 4412 Sed
1167 4371 1323 4412 orare
1365 4357 1469 4412 lide
1496 4374 1603 4413 non
1628 4361 1856 4429 possetis
1874 4402 1887 4427 ,
1922 4361 2021 4417 nisi

440 4444 598 4500 ﬁdem
630 4446 918 4503 haberetis.
951 4447 1067 4503 Non
1095 4450 1239 4504 enim
1265 4458 1411 4516 orat,
1437 4451 1538 4505 nisi
1573 4451 1724 4507 lides.
1762 4452 2024 4518 Quomodo

438 4538 579 4592 enim
604 4539 929 4606 invocabant,
965 4540 1019 4593 in
1046 4558 1192 4611 quem
1230 4557 1330 4595 non
1364 4542 1724 4596 crediderunt?
1757 4542 1857 4597 Aut
1895 4560 2024 4614 quo-

437 4629 585 4682 modo
611 4630 810 4684 credent
833 4632 879 4683 ei
912 4648 1058 4701 quem
1084 4649 1184 4686 non
1221 4632 1528 4687 audierunt?
1552 4634 1817 4701 Quomodo
1857 4647 2024 4691 autem

438 4718 642 4773 audient
672 4722 781 4775 sine
806 4723 1146 4791 pradicante?
1174 4722 1273 4777 Aut
1297 4724 1548 4793 quomodo
1577 4726 1945 4796 pra'dicabunt,
1981 4729 2026 4783 si

440 4827 539 4864 non
566 4814 828 4868 mittantur
857 4815 1035 4884 (Rom.
1066 4832 1125 4881 x,
1154 4816 1243 4883 14,
1281 4816 1404 4886 l5)?
1433 4816 1555 4873 Ideo
1590 4818 1873 4889 loquimur,
1899 4821 2022 4891 quia

439 4903 587 4958 missi
614 4919 817 4960 sumus.
844 4906 1039 4961 Audite
1072 4922 1191 4973 nos,
1216 4907 1394 4963 audite
1421 4908 1566 4963 illum
1590 4925 1686 4978 per
1708 4925 1826 4965 nos.
1859 4912 2020 4981 Ergo,

438 4993 511 5046 ait
540 4994 761 5065 aliquis,
803 4996 1110 5053 invocamus
1150 4999 1347 5066 Deum,
1379 5009 1434 5054 ut
1463 4999 1552 5055 det
1582 5002 1734 5057 nobis
1777 5017 2025 5071 perseve-

440 5101 560 5140 rare
590 5088 642 5142 in
668 5088 751 5143 his
778 5090 931 5144 bonis
960 5106 1077 5161 qua:
1112 5090 1390 5159 habemus,
1412 5101 1466 5149 et
1491 5092 1650 5149 addat
1689 5095 1826 5149 bona
1851 5096 1871 5126 ⁸
1905 5111 2024 5166 quas

436 5192 544 5231 non
572 5180 846 5236 habemus.
886 5182 1165 5238 Praecessit
1196 5199 1325 5254 ergo
1356 5184 1489 5240 ﬁdes
1508 5202 1627 5257 qua:
1664 5196 1837 5258 rogat.
1866 5189 2024 5245 Certe

439 5278 609 5328 totum
628 5272 718 5328 dat
749 5274 908 5330 Deus.
935 5274 1005 5333 Ut
1042 5277 1183 5331 enim
1213 5277 1364 5332 daret
1402 5278 1556 5348 mihi,
1593 5281 1775 5351 rogavi
1806 5299 1820 5336 :
1849 5290 1910 5337 ut
1932 5297 2026 5338 ro-

436 5379 640 5433 garem,
665 5366 809 5437 prius
836 5368 1058 5425 credidi.
1083 5369 1223 5439 Ergo
1246 5369 1375 5424 mihi
1402 5370 1522 5426 dedi
1553 5372 1695 5442 quod
1725 5372 1946 5440 credidi,
1970 5382 2024 5430 et

438 5456 581 5513 Deus
621 5458 767 5515 dedit
805 5460 946 5530 quod
990 5461 1217 5516 credens
1252 5462 1422 5517 oravi.
1464 5462 1712 5519 Solvatur
1748 5465 1973 5534 quaestio
2006 5482 2019 5518 :

436 5564 545 5605 non
566 5550 707 5605 enim
736 5567 896 5621 parva
919 5561 1019 5608 est.
1053 5551 1165 5607 Hoc
1191 5561 1242 5607 te
1272 5553 1426 5609 video
1455 5554 1619 5625 loqui,
1652 5556 1773 5626 quia
1798 5564 1851 5611 tu
1877 5555 2023 5626 prior

498 5688 517 5754 ξ
543 5695 660 5754 vox,
684 5686 800 5754 ﬁde,
821 5689 985 5754 hocet
1005 5692 1222 5754 proximo
1242 5690 1347 5741 loco
1366 5691 1647 5754 redundare
1667 5691 1877 5743 videtur.

452 5816 455 5825 .
499 5751 521 5782 ⁸
541 5751 615 5804 Sic
633 5751 958 5817 manuscripti.
984 5751 1102 5805 Editi
1117 5761 1298 5819 autem,
1321 5759 1365 5805 et
1390 5753 1573 5805 addere
1595 5754 1732 5807 bona.

1794 297 2027 356 SERMO
2063 296 2339 359 CLXVIII.

3583 310 3693 371 9M

2126 416 2321 472 dedisti
2366 417 2563 488 aliquid
2610 418 2753 486 Deo,
2802 429 2861 475 ut
2908 430 3101 477 ctetera
3146 420 3299 478 daret
3342 423 3455 479 tibi.
3500 423 3706 480 Dedisti

2120 507 2315 577 quippe
2337 507 2409 562 illi
2440 509 2595 565 Iidem
2626 519 2767 565 tuam
2795 521 2847 566 et
2867 513 3158 567 orationem
3205 524 3370 569 tuam.
3402 513 3468 570 Et
3495 514 3583 569 ubi
3622 522 3706 569 est

2121 598 2263 670 quod
2286 599 2360 654 ait
2382 600 2700 669 Apostolus:
2727 602 2850 671 Quis
2866 606 2997 658 enim
3018 607 3245 676 cognovit
3261 624 3459 661 sensum
3480 606 3703 671 Domini,

2121 700 2211 745 aut
2244 692 2356 763 quis
2384 694 2700 749 consiliarius
2730 696 2836 766 ejus
2856 696 2995 765 fuit?
3018 697 3241 766 Autquis
3271 700 3409 769 prior
3431 697 3568 753 dedit
3591 698 3693 764 illi,

2122 791 2169 837 et
2196 784 2547 839 retribueturei
2569 784 2746 854 (Rom.
2793 802 2868 853 xi,
2892 788 2979 851 δι,
3021 798 3068 842 et
3108 789 3243 859 55)?
3270 791 3407 845 Ecce
3426 789 3597 861 qualis
3617 791 3699 846 vis

2122 886 2261 928 esse.
2281 872 2420 943 Ergo
2440 873 2587 941 prior
2610 874 2802 929 dedisti
2838 877 2968 943 Deo,
2998 886 3051 931 et
3078 879 3179 932 hoc
3206 878 3398 933 dedisti
3426 879 3567 949 quod
3600 878 3697 935 tibi

2123 976 2228 1017 non
2254 962 2397 1017 dedit
2414 963 2599 1017 Deus?
2626 964 2875 1020 Invenisti
2905 966 3043 1021 unde
3059 968 3215 1023 dares
3246 968 3415 1022 Homo
3432 968 3706 1037 mendice,

2124 1051 2264 1107 unde
2286 1052 2539 1107 habuisti?
2556 1054 2697 1124 Ergo
2710 1056 2849 1110 unde
2865 1056 3056 1112 dares?
3072 1058 3271 1129 aliquid
3290 1058 3516 1114 habuisti
3533 1060 3708 1126 ?Quid

2122 1146 2265 1200 enim
2294 1145 2489 1213 habes,
2514 1146 2653 1215 quod
2672 1162 2777 1202 non
2789 1148 3038 1217 accepisti
3053 1149 3076 1201 ?
3094 1150 3232 1219 Ergo
3253 1151 3319 1205 de
3349 1151 3439 1205 Dei
3456 1150 3553 1205 das
3575 1151 3705 1206 Deo:

2122 1252 2188 1291 ex
2227 1252 2293 1292 eo
2326 1237 2466 1307 quod
2507 1238 2598 1292 tibi
2633 1238 2797 1304 dedit,
2840 1255 2870 1293 a
2909 1246 2963 1294 te
3001 1241 3211 1310 accipit.
3235 1241 3365 1296 Nam
3393 1242 3709 1298 mendicitas

2124 1337 2231 1391 tua,
2266 1330 2365 1383 nisi
2406 1331 2519 1399 ipse
2556 1332 2700 1401 prior
2734 1330 3004 1397 dedisset,
3036 1334 3341 1389 inanissima
3381 1345 3707 1391 remaneret.

2192 1421 2420 1477 CAPUT
2461 1424 2545 1477 Vl.
2565 1454 2636 1465 --
2654 1424 2706 1479 6.
2736 1423 2916 1478 Fidem
2945 1425 3134 1479 donum
3155 1424 3251 1479 Dei
3277 1443 3381 1480 esse
3400 1427 3577 1497 probat
3602 1442 3712 1482 ora-

2124 1512 2192 1565 tio
2218 1515 2354 1583 facta
2381 1530 2473 1584 pro
2511 1514 2672 1569 Saulo
2700 1515 2914 1584 inﬁdeli.
2950 1514 3141 1570 Audite
3168 1515 3308 1571 unde
3348 1517 3449 1571 hoc
3487 1516 3710 1573 eviden-

2123 1604 2227 1658 tius
2263 1606 2521 1675 probetis.
2556 1607 2692 1662 Ecce
2727 1622 2822 1662 vos
2860 1608 2984 1677 quia
3025 1607 3347 1675 credidistis,
3380 1610 3661 1679 accepistis
3692 1627 3708 1665 :

2122 1696 2248 1764 quid
2289 1696 2518 1752 dicimus
2556 1698 2623 1753 de
2656 1700 2737 1755 eis
2764 1701 2854 1769 qui
2884 1698 3117 1753 nondum
3150 1697 3508 1765 crediderunt,
3537 1701 3703 1770 quali!

2121 1796 2235 1841 erat
2277 1787 2487 1853 Saulus,
2515 1789 2603 1858 qui
2645 1788 2881 1843 nondum
2925 1789 3261 1845 crediderat?
3295 1790 3709 1859 Accepitautem

2122 1884 2179 1931 ut
2244 1878 2484 1933 crederet
2526 1896 2540 1931 :
2594 1888 2938 1949 posteaquam
2987 1880 3215 1935 credidit
3265 1880 3479 1935 Christo
3512 1922 3527 1947 ,
3587 1888 3714 1936 tunc

2122 1970 2283 2039 coepit
2324 1970 2576 2028 invocare
2616 1968 2906 2027 Christum.
2945 1973 3026 2027 Ab
3074 1973 3165 2026 illo
3200 1974 3405 2043 accepit
3430 1982 3487 2027 ut
3521 1972 3713 2028 crede-

2122 2068 2238 2126 ret,
2292 2070 2347 2115 et
2384 2061 2651 2117 credendo
2681 2062 2975 2129 invocaret,
3006 2064 3302 2119 invocando
3349 2073 3541 2119 cmtera
3572 2063 3714 2119 acci-

2124 2161 2293 2223 peret.
2320 2153 2456 2222 Quid
2486 2165 2766 2224 putamus,
2800 2155 3029 2212 fratres?
3053 2157 3245 2212 Saulus
3274 2168 3555 2227 antequam
3590 2170 3715 2211 cre-

2123 2244 2295 2313 deret,
2312 2248 2535 2302 orabant
2554 2264 2649 2318 pm
2662 2249 2753 2304 illo
2768 2251 2857 2319 qui
2873 2250 3229 2314 crediderant,
3249 2266 3318 2304 an
3335 2266 3438 2303 non
3454 2249 3706 2305 orabant?

2126 2337 2340 2393 Dicatur
2356 2340 2506 2405 mihi,
2536 2341 2580 2395 si
2604 2357 2707 2396 non
2737 2357 2837 2412 pro
2864 2342 2955 2396 illo
2976 2344 3217 2406 orabant,
3239 2358 3404 2413 quare
3428 2342 3567 2396 dixit
3592 2343 3715 2397 Ste-

2124 2428 2353 2498 phanus,
2377 2429 2611 2496 Domine,
2639 2448 2701 2486 ne
2712 2441 2903 2487 statuas
2922 2432 3026 2487 illis
3045 2433 3139 2487 hoc
3164 2444 3423 2504 peccatum
3445 2433 3583 2503 (Act.
3611 2448 3706 2500 vn,

2126 2521 2215 2593 59)
2236 2522 2259 2576 ?
2279 2522 2541 2578 Orabatur
2568 2535 2622 2579 et
2650 2539 2748 2594 pro
2787 2524 2877 2579 illo
2895 2566 2909 2588 ,
2936 2534 2988 2580 et
3033 2540 3128 2595 pro
3154 2525 3274 2579 aliis
3300 2524 3618 2591 inﬁdelibus,
3652 2533 3714 2580 ut

2125 2613 2427 2669 crederent.
2446 2615 2583 2670 Ecce
2595 2616 2826 2671 nondum
2845 2615 3109 2673 habebant
3126 2616 3305 2682 ﬁdem,
3320 2618 3715 2672 etorationibus

2128 2704 2362 2759 fidelium
2400 2706 2729 2776 accipiebant
2770 2706 2950 2762 ﬁdem.
2977 2707 3223 2763 Nondum
3264 2708 3528 2764 habebant
3571 2708 3715 2780 quod

2126 2796 2238 2852 Deo
2258 2796 2546 2862 oll‘errent;
2572 2799 2691 2867 quia
2717 2798 2952 2854 nondum
2973 2808 3127 2854 erant
3145 2800 3561 2855 misericordiam
3585 2815 3716 2856 con-

2127 2890 2292 2944 secuti
2313 2889 2351 2955 ¹,
2380 2898 2436 2943 ut
2467 2888 2648 2945 ﬁdeles
2678 2899 2876 2946 essent.
2898 2891 3135 2960 Denique
3160 2900 3502 2962 posteaquam
3523 2891 3715 2948 Saulus

2128 2979 2228 3034 iste
2253 2994 2542 3035 conversus
2563 2990 2667 3045 est,
2698 2996 2802 3036 una
2829 2996 2959 3036 voce
3001 2982 3162 3036 elisus
3200 2991 3255 3037 et
3291 2983 3515 3049 levatus,
3547 2982 3715 3039 elisus

2129 3082 2455 3143 persecutor,
2506 3073 2711 3129 levatus
2756 3073 3117 3143 praedicator:
3165 3084 3509 3144 posteaquam
3553 3074 3717 3144 coepit

2128 3168 2489 3238 evangelizare
2519 3166 2681 3223 ﬁdem
2705 3182 2865 3237 quam
2894 3166 3181 3237 aliquando
3209 3166 3468 3232 vastabat,
3497 3166 3624 3236 quid
3646 3166 3715 3221 de

2127 3277 2189 3316 se
2214 3260 2380 3316 dixit?
2408 3246 2567 3315 Eram
2596 3269 2762 3316 autem
2801 3261 3004 3332 ignotus
3044 3262 3174 3333 facie
3212 3260 3453 3315 Ecclesiis
3494 3259 3713 3330 Iudaea,

2127 3368 2241 3422 qut:
2275 3363 2391 3407 sunt
2420 3354 2473 3405 in
2514 3350 2715 3406 Christo
2740 3368 2757 3405 :
2779 3362 2975 3406 tantum
3000 3361 3168 3405 autent
3202 3352 3491 3419 audiebant,
3516 3353 3640 3423 quia
3669 3353 3717 3407 is

2127 3444 2215 3514 qui
2240 3444 2516 3513 aliquando
2533 3460 2623 3496 nos
2645 3442 3048 3513 persequebatur,
3076 3459 3210 3496 nunc
3232 3443 3537 3513 euangelth
3564 3442 3717 3511 ﬁdem

2127 3553 2278 3607 quam
2297 3536 2572 3605 aliquando
2590 3535 2847 3599 vastabat;
2875 3545 2923 3590 et
2941 3536 2995 3589 in
3023 3552 3102 3589 me
3123 3536 3519 3606 magniﬁcabant
3548 3537 3716 3590 Deum

2129 3628 2327 3699 (Galat.
2358 3645 2397 3696 I,
2426 3628 2647 3698 22-24).
2677 3627 2944 3698 Numquid
2965 3628 3116 3693 dixit,
3145 3636 3197 3681 et
3220 3628 3270 3681 in
3300 3642 3386 3682 me
3412 3627 3718 3698 magniﬁca—

2128 3725 2256 3782 bant
2283 3725 2402 3780 me?
2430 3725 2493 3779 Et
2528 3724 2581 3779 in
2621 3739 2727 3790 me,
2756 3723 2847 3794 qui
2884 3722 3309 3791 evangelizabam
3354 3721 3512 3775 ﬁdem
3555 3736 3716 3792 quam

2128 3816 2410 3888 aliquando
2455 3815 2727 3871 vastabam
2752 3856 2768 3879 ,
2821 3829 2928 3870 non
2977 3828 3062 3868 me
3113 3811 3519 3882 magniﬁcabant
3548 3852 3563 3875 ,
3618 3811 3717 3866 sed

2131 3908 2318 3963 Deum.
2356 3906 2498 3976 ﬁgo
2524 3905 2637 3974 ipse
2666 3902 2813 3970 fecit,
2844 3912 2902 3959 ut
2924 3902 3116 3959 Saulus
3144 3901 3387 3972 deposita
3418 3901 3593 3955 tunica
3614 3916 3708 3955 vo—

2132 3997 2249 4062 teri,
2280 3995 2511 4066 peccatis
2543 4008 2775 4064 pannosa
2799 3995 2843 4059 ’,
2870 3991 3105 4048 caedibus
3124 3990 3433 4063 sanguinea,
3466 3999 3521 4045 ut
3546 3989 3714 4060 depo-

2128 4088 2228 4144 sita
2256 4088 2353 4142 ista
2380 4087 2575 4153 tunica,
2595 4085 2859 4157 acciperet
2884 4085 3116 4141 tunicam
3136 4084 3466 4151 humilitatis,
3485 4091 3540 4139 et
3562 4083 3718 4141 ﬁeret

2130 4179 2196 4234 de
2217 4178 2378 4234 Saulo
2403 4177 2617 4233 Paulus.
3094 4214 3099 4219 ί

2200 4268 2422 4325 CAPUT
2463 4267 2573 4323 V’II.
2595 4298 2666 4309 —-
2690 4269 2742 4323 7.
2764 4266 2978 4335 Paulus,
3002 4267 3057 4321 id
3084 4277 3156 4322 est
3180 4267 3427 4333 modicus,
3457 4266 3634 4337 gratia:
3659 4264 3714 4321 in

2131 4379 2185 4417 se
2214 4362 2411 4416 collata:
2438 4361 2762 4431 prazdicator.
2794 4360 2931 4428 Quid
2949 4369 3031 4415 est
3046 4358 3278 4413 Paulus?
3308 4358 3576 4413 Minimus.
3601 4356 3715 4428 Ego

2131 4456 2264 4508 enim
2289 4470 2401 4509 sum
2428 4453 2663 4507 minimus
2686 4450 3064 4521 Apostolorum.
3090 4451 3228 4505 Ecce
3244 4449 3370 4520 quid
3388 4452 3470 4503 est
3495 4448 3713 4505 Paulus.

2130 4544 2351 4600 Paulum
2404 4543 2548 4599 enim
2608 4542 2770 4597 latine
2822 4541 3088 4597 modicum
3143 4549 3245 4596 est.
3307 4540 3395 4595 Sic
3448 4539 3715 4609 loquimur

2130 4636 2342 4708 quando
2385 4636 2632 4700 dicimus,
2669 4635 2796 4691 Post
2834 4634 3049 4707 paulum
3085 4632 3240 4688 video
3270 4640 3341 4699 te,
3392 4631 3547 4701 paulo
3592 4640 3715 4701 post

2131 4729 2267 4783 facio
2299 4727 2449 4782 illud.
2481 4725 2617 4795 Quid
2647 4735 2753 4791 est,
2785 4726 2941 4795 paulo
2976 4724 3128 4796 post?
3158 4723 3361 4778 Modico
3390 4732 3507 4792 post
3541 4740 3557 4778 :
3597 4730 3718 4791 post

2129 4824 2365 4893 paulum,
2414 4832 2535 4893 post
2578 4822 2865 4877 modicum.
2916 4820 3091 4888 Quare
3130 4832 3260 4888 ergo
3310 4814 3542 4871 Paulus?
3580 4815 3713 4882 Quia

2130 4915 2389 4971 modicus.
2423 4914 2681 4980 Modicus,
2714 4913 2835 4984 quia
2879 4910 3218 4967 novissimus.
3262 4904 3373 4978 Ego
3411 4906 3545 4961 enim
3575 4920 3711 4971 sum,

2130 5007 2331 5076 inquit,
2363 5007 2663 5061 novissimus
2700 5004 3084 5076 Apostolorum,
3114 5002 3201 5069 qui
3233 5016 3335 5055 non
3373 5015 3487 5055 sunt
3526 4998 3712 5068 dignus

2129 5099 2297 5153 vocari
2338 5098 2629 5169 apostolus,
2660 5097 2777 5166 quia
2818 5102 3103 5165 persecutus
3130 5108 3242 5147 sum
3269 5087 3555 5145 Ecclesium
3587 5083 3710 5140 Dei.

2129 5189 2273 5246 Bene
2311 5189 2481 5246 dicis:
2509 5188 2651 5244 unde
2686 5187 2916 5244 debuisti
2962 5183 3224 5252 damnari,
3255 5183 3323 5239 ab
3358 5197 3425 5238 eo
3456 5179 3712 5251 accepisti

2129 5282 2270 5355 unde
2310 5280 2506 5337 debeas
2557 5277 2821 5335 coronari.
2888 5277 2932 5332 A
2968 5290 3075 5346 quo
3116 5273 3387 5344 accepisti,
3430 5270 3571 5327 unde
3612 5270 3714 5326 de-

2127 5372 2255 5429 beas
2300 5369 2587 5426 coronari?
2630 5369 2675 5424 A
2705 5382 2810 5439 quo
2848 5366 3089 5435 accepit,
3137 5364 3296 5419 vultis
3337 5361 3562 5419 audire?
3606 5362 3715 5418 No-

2127 5465 2220 5520 lite
2249 5478 2366 5529 me,
2396 5463 2566 5533 ipsum
2590 5460 2767 5515 audite
2790 5476 2806 5514 :
2831 5456 2951 5512 Non
2990 5474 3102 5511 sum
3122 5498 3136 5522 ,
3166 5457 3372 5528 inquit,
3404 5457 3585 5527 dignus
3627 5472 3714 5509 uo-

2127 5558 2233 5612 cari
2257 5554 2547 5626 Apostolus,
2580 5553 2697 5624 quia
2722 5560 3008 5623 persecutus
3035 5566 3146 5605 sum
3169 5547 3444 5603 Ecclesium
3467 5546 3597 5613 Dei;
3622 5546 3709 5600 sed

2192 5693 2207 5756 ξ
2233 5696 2363 5756 uss,
2384 5688 2498 5753 quia
2518 5686 2901 5756 misericordiam
2922 5687 3157 5756 consecuti
3183 5692 3311 5756 sunt.
3428 5746 3455 5756 Δ.

2189 5755 2212 5787 ⁸
2233 5754 2307 5827 Sic
2320 5748 2644 5815 mahuscripti.
2666 5757 2720 5802 Αι
2745 5748 2880 5811 editi,
2904 5748 3065 5800 tunica
3084 5748 3253 5802 veteris
3273 5748 3455 5812 peccati
3477 5755 3708 5809 pannosa.
