4108 6336
447 440 615 513 gratia
642 438 739 494 Dei
761 454 871 492 sum
890 436 944 492 id
964 435 1099 505 quod
1117 451 1248 490 sum.
1272 433 1413 506 Ergo
1429 431 1569 504 quod
1589 446 1732 500 eras,
1759 432 2035 502 iniquitate

452 543 540 590 tua
565 549 684 591 cras
717 551 730 587 :
759 531 902 602 quod
931 545 1024 596 es,
1049 529 1216 599 gratia
1252 528 1344 583 Dei
1371 543 1449 582 es.
1481 526 1550 582 Et
1575 527 1740 598 gratia
1776 527 1907 596 ejus,
1949 525 2033 579 in-

446 627 582 696 quit,
625 640 781 678 vacua
817 624 870 677 in
914 638 993 677 me
1033 637 1137 675 non
1165 621 1281 693 fuit.
1314 620 1452 676 Ecce
1493 619 1824 689 evaiigelizat
1871 617 2028 672 ﬁdem

448 732 608 786 quam
649 715 936 786 aliquando
967 714 1207 770 vastabat
1250 732 1263 767 :
1317 729 1416 768 nec
1453 713 1623 782 gratia
1663 713 1776 782 ipsa
1807 719 1958 765 vacat
1979 710 2034 765 in

445 809 558 874 illo,
584 808 674 878 qui
705 809 814 876 ait,
843 807 907 862 In
949 825 1030 862 me
1059 824 1218 862 vacua
1249 824 1347 862 non
1387 807 1503 878 fuit,
1533 807 1622 860 sed
1663 806 1778 876 plus
1799 806 2032 859 euntibus

442 900 548 954 illis
594 899 837 955 laboravi.
877 900 1135 966 Observa,
1181 899 1386 969 erigere
1427 908 1479 952 te
1516 898 1745 967 cmpisti.
1792 896 1892 954 Ubi
1932 910 2027 963 es,

443 990 639 1046 Paule?
678 990 835 1046 Certe
871 993 1110 1047 modicus
1139 1007 1279 1048 eras.
1309 991 1438 1046 Plus
1475 989 1706 1045 omnibus
1747 989 1850 1043 illis
1889 988 2033 1042 labo-

442 1082 568 1135 ravi.
599 1083 692 1137 Dic
723 1084 863 1138 unde
880 1086 901 1138 ‘2
918 1084 1053 1151 Quid
1084 1085 1224 1140 enim
1255 1085 1416 1139 habes
1442 1084 1582 1154 quod
1609 1099 1714 1137 non
1740 1079 2031 1152 accepisti?

443 1175 634 1229 Statim
667 1177 899 1245 respexit
941 1194 954 1231 :
990 1186 1045 1231 et
1083 1193 1202 1232 cum
1230 1178 1469 1236 dixisset.
1503 1177 1630 1230 Plus
1655 1176 1886 1229 omnibus
1922 1175 2027 1228 illis

439 1265 697 1332 laboravi;
727 1268 876 1336 quasi
904 1269 1115 1338 expavit
1145 1269 1211 1322 ad
1238 1269 1398 1323 verba
1425 1283 1540 1329 sua,
1570 1276 1623 1321 et
1653 1282 1777 1320 mox
1805 1265 2030 1334 subjecit

437 1372 500 1413 se
546 1358 799 1412 humilem
840 1359 1081 1424 Paulum,
1119 1359 1240 1414 Non
1269 1369 1435 1414 autem
1462 1377 1573 1430 ego,
1606 1360 1694 1414 sed
1731 1359 1896 1429 gratia
1932 1356 2030 1412 Dei

443 1467 638 1506 mecum
661 1450 704 1520 (l
732 1449 851 1505 Cor.
882 1467 970 1514 xv,
1001 1451 1054 1518 9,
1089 1449 1198 1520 10).

513 1542 567 1597 8.
599 1543 790 1596 Oratur
818 1558 908 1610 pro
945 1542 1254 1610 inﬁdelibus,
1285 1551 1341 1596 ut
1373 1542 1599 1596 credant.
1628 1542 1788 1612 Ergo,
1837 1540 2026 1596 fratres

439 1632 569 1696 mei,
609 1643 668 1687 ut
711 1635 965 1688 noveritis
1007 1636 1168 1688 etiam
1215 1635 1371 1689 ﬁdem
1403 1651 1432 1690 a
1479 1636 1703 1689 Domino
1752 1636 1859 1690 Deo
1906 1647 2028 1689 esse

441 1727 618 1790 nobis,
660 1739 808 1783 orate
835 1730 852 1760 ⁸
887 1745 980 1796 pro
1022 1730 1124 1783 illis
1160 1731 1246 1799 qui
1292 1730 1528 1784 nondum
1563 1730 1921 1786 crediderunt.
1969 1729 2027 1783 Si

441 1819 562 1886 quis
603 1818 763 1874 habet
801 1822 1029 1875 amicum
1074 1822 1209 1876 forte
1255 1823 1544 1886 inﬁdelem,
1573 1839 1766 1878 moneo
1793 1824 1941 1877 illum
1969 1831 2028 1876 ut

439 1919 558 1966 oret
601 1927 696 1980 pro
739 1913 848 1965 illo.
877 1913 1013 1968 Vere
1051 1930 1183 1984 opus
1211 1925 1290 1968 est
1322 1923 1378 1968 ut
1415 1931 1514 1984 ego
1544 1917 1692 1970 illum
1736 1914 2028 1969 moneam?

437 2002 659 2058 Maritus
698 2004 1018 2060 christianos
1054 2018 1154 2071 est,
1195 2022 1328 2061 uxor
1373 2007 1600 2062 inﬁdelis
1625 2017 1746 2062 cst:
1779 2023 1884 2060 non
1911 2017 2028 2061 orat

438 2108 538 2162 pro
564 2111 731 2150 uxore
759 2113 874 2160 sna,
904 2108 962 2152 ut
988 2099 1208 2153 credat?
1239 2101 1382 2154 Uxor
1406 2108 1489 2154 est
1521 2101 1830 2166 christiana,
1862 2101 2025 2154 mari-

443 2193 529 2242 tus
552 2188 781 2244 inﬁdelis
801 2199 882 2244 est
909 2208 922 2244 :
955 2208 1057 2244 non
1087 2203 1202 2245 orat
1225 2194 1414 2245 mulier
1438 2194 1683 2263 religiosa
1715 2208 1811 2263 pro
1837 2195 2027 2248 marito

437 2294 558 2346 suo,
591 2290 646 2334 ut
673 2281 888 2336 credat?
912 2285 1135 2349 Quando
1166 2285 1268 2340 hoc
1297 2295 1415 2340 orat
1441 2289 1531 2357 qui
1552 2297 1701 2354 orat;
1731 2287 1858 2358 quid
1883 2299 2022 2355 orat,

437 2372 541 2426 nisi
569 2381 625 2428 ut
652 2374 790 2428 Deus
815 2376 903 2428 det
931 2375 1005 2430 illi
1033 2377 1230 2430 ﬁdem?
1257 2379 1396 2448 Ergo
1425 2379 1621 2432 donum
1653 2381 1744 2433 Dei
1777 2388 1855 2433 est
1873 2379 2023 2433 ﬁdes.

436 2463 606 2521 Nemo
627 2483 685 2521 se
703 2469 946 2535 extollat,
977 2485 1132 2526 nemo
1154 2472 1251 2524 sibi
1275 2481 1506 2542 arroget,
1531 2473 1681 2543 quasi
1705 2473 1804 2527 sibi
1828 2472 2028 2542 aliquid

437 2555 667 2614 dederit.
695 2558 796 2627 Qui
821 2562 1086 2632 gloriatur,
1120 2565 1171 2617 in
1195 2563 1414 2618 Domino
1444 2566 1683 2636 glorietur
1703 2565 1816 2634 (Id.
1845 2583 1882 2635 ι,
1913 2567 2025 2637 ⁵51).

891 2653 1128 2708 SERMO
1167 2655 1376 2712 CLXIX
1407 2663 1424 2681 '
1465 2657 1563 2728 (ιι).

437 2740 518 2797 Dc
533 2742 692 2797 verbis
708 2743 956 2815 Apostoli,
980 2744 1234 2818 Philipp.,
1253 2766 1348 2819 cap
1373 2763 1449 2816 ut,
1477 2751 1625 2818 3-16,
1650 2751 1758 2806 Nos
1783 2751 1925 2807 enim
1949 2765 2028 2806 su-

509 2849 632 2890 mus
663 2837 1035 2906 circumcisio,
1065 2841 1155 2910 qui
1189 2840 1398 2911 spiritui
1439 2844 1536 2899 Dei
1582 2845 1882 2913 servimus,
1932 2853 2023 2899 etc.

511 2926 701 2982 Contra
731 2927 1057 3000 Pelagianos.

690 3020 887 3070 Habitus
902 3023 962 3071 ad
984 3035 1201 3074 mensam
1221 3033 1266 3075 s.
1290 3029 1510 3092 martyris
1530 3030 1760 3093 Cypriani.

509 3101 738 3160 CAPUT
757 3105 1140 3164 PRIMUM-4
1153 3149 1166 3162 .
1183 3111 1381 3181 Spiritu
1395 3114 1501 3167 Deo
1512 3115 1844 3186 servire,quid
1856 3116 2028 3172 sit.Ad

438 3198 785 3266 apostolicam
816 3201 1097 3257 lectionem
1119 3220 1277 3260 aures
1297 3215 1353 3261 et
1379 3208 1612 3262 animum
1636 3209 1876 3281 intendat
1891 3209 2027 3266 San-

437 3287 594 3344 etitas
623 3300 831 3357 vestra,
862 3293 1160 3363 adjuvando
1188 3312 1287 3352 nos
1313 3299 1505 3353 aii‘ectu
1537 3309 1711 3356 vestro
1741 3302 1880 3371 apud
1922 3303 2027 3358 Do-

439 3381 645 3440 minum
669 3385 835 3438 Deum
859 3396 1120 3456 nostrum,
1145 3400 1202 3444 ut
1227 3405 1291 3446 ea
1317 3406 1436 3462 qua:
1462 3395 1550 3448 ille
1571 3395 1722 3450 nobis
1746 3397 1767 3428 ³
1788 3397 2028 3454 revelare

439 3472 710 3543 dignatur,
735 3477 801 3532 ad
827 3494 922 3534 vos
950 3491 1073 3550 apte
1100 3491 1258 3552 atque
1285 3485 1570 3541 salubriter
1590 3487 1829 3556 proferre
1857 3490 2030 3559 possi-

440 3579 581 3620 mus.
619 3569 759 3638 Ergo
794 3585 916 3626 cum
957 3574 1244 3643 legeretur,
1274 3577 1494 3632 audistis
1520 3579 1784 3634 dicentem
1815 3590 2027 3651 apesto—

439 3658 552 3714 lum
579 3661 824 3732 Paulum,
851 3664 963 3720 Nos
993 3668 1125 3721 enim
1149 3685 1323 3723 sumus
1350 3672 1686 3736 circumcisio,
1719 3675 1804 3742 qui
1826 3676 2027 3745 spiritui

435 3749 539 3806 Dei
560 3755 822 3810 servimus.
846 3757 968 3813 Scio
996 3759 1279 3832 plerosque
1300 3762 1514 3818 codices
1539 3763 1762 3834 habere,
1790 3766 1890 3833 Qui
1916 3767 2026 3837 spi-

435 3844 538 3898 ritu
558 3846 666 3902 Deo
685 3851 947 3906 servimus.
974 3853 1239 3921 Quantum
1260 3865 1436 3912 autem
1456 3857 1717 3928 inspicere
1734 3862 2022 3931 potuimus,

437 3938 618 4008 plures
647 3944 804 4013 graeci
836 3945 940 4002 hoc
975 3945 1195 4016 habent,
1231 3950 1333 4017 Qui
1373 3951 1574 4022 spiritui
1618 3953 1715 4008 Dei
1761 3959 2020 4012 servimus.

437 4031 547 4088 Sed
572 4050 677 4090 non
705 4036 778 4092 ibi
799 4041 1024 4108 quiestio
1051 4049 1154 4096 est.
1185 4041 1517 4099 Manifestum
1546 4055 1628 4101 est
1651 4047 1793 4102 enim
1819 4058 2026 4104 utrum-

435 4141 567 4196 que,
595 4137 651 4183 et
688 4141 980 4201 cengruurn
1026 4136 1223 4203 regulae
1273 4137 1525 4202 veritatis,
1557 4141 1680 4209 quia
1721 4150 1774 4194 et
1818 4143 2024 4211 spiritui

435 4215 537 4273 Dei
559 4220 841 4284 servimus,
871 4234 1050 4278 etnon
1076 4241 1256 4295 carne,
1281 4229 1374 4284 sed
1403 4231 1587 4300 spiritu
1612 4231 1721 4285 Deo
1742 4234 2022 4289 servimus.

433 4308 614 4367 Carne
640 4313 782 4368 enim
811 4317 974 4370 servit
1001 4317 1130 4385 Deo,
1159 4321 1248 4389 qui
1276 4321 1341 4376 de
1371 4323 1531 4378 rebus
1560 4325 1860 4381 carnalibus
1899 4343 2023 4398 spe-

431 4409 522 4456 rat
547 4417 609 4458 se
637 4405 847 4473 placere
879 4407 1006 4462 Deo.
1031 4407 1165 4464 Cum
1195 4426 1320 4467 vero
1363 4421 1416 4468 et
1457 4415 1569 4484 ipsa
1614 4432 1738 4470 caro
1778 4417 1845 4472 ad
1885 4418 2024 4474 bona

433 4506 600 4565 open
643 4497 848 4566 spiritui
895 4501 1156 4570 subditur,
1197 4505 1382 4574 spiritu
1425 4509 1688 4565 servimus
1721 4509 1829 4564 Deo’
1857 4529 1870 4565 :
1900 4513 2024 4579 quia

428 4598 653 4642 carnem
677 4587 977 4656 domamus,
995 4602 1051 4647 ut
1079 4594 1298 4664 spiritus
1324 4597 1660 4668 obtemperet
1691 4599 1819 4655 Deo.
1850 4599 2023 4669 Spiri-

429 4687 522 4733 tus
551 4681 691 4735 enim
720 4684 872 4753 regit,
904 4700 1029 4741 caro
1061 4689 1261 4758 regitur
1285 4709 1299 4745 :
1327 4706 1427 4747 nec
1451 4692 1669 4763 Spiritus
1697 4694 1834 4750 bene
1862 4695 2020 4767 regit,

430 4783 479 4826 st
511 4787 614 4827 non
640 4784 875 4845 regatur.

503 4861 560 4917 2.
600 4863 929 4923 Circumcisio
959 4879 1005 4924 et
1023 4873 1225 4943 justitia
1248 4877 1498 4944 quomodo
1523 4893 1616 4931 nos
1644 4893 1837 4934 sumus.
1859 4875 2026 4935 Justi-

433 4955 508 5009 tia
542 4966 713 5012 nostra
741 4973 805 5015 ea:
834 4958 928 5016 Dei
957 4963 1110 5020 dono.
1135 4965 1271 5021 Cum
1303 4983 1430 5038 ergo
1453 4969 1552 5035 ait,
1581 4969 1693 5025 Nos
1719 4988 1890 5029 sumus
1918 4975 2021 5028 cir-

431 5051 712 5115 cumcisio;
736 5054 912 5110 videte
942 5059 1067 5128 quid
1097 5061 1324 5116 voluerit
1353 5063 1568 5135 intelligi
1600 5067 1652 5121 in
1684 5061 1768 5123 illa
1795 5070 2025 5126 circum-

431 5143 656 5209 cisione,
683 5161 801 5216 qua:
833 5148 884 5204 in
911 5152 1096 5206 umbra
1125 5152 1245 5210 data
1277 5164 1360 5211 est
1388 5158 1746 5228 signiﬁcante,
1777 5181 1893 5233 qua:
1933 5182 2022 5222 re-

429 5243 578 5289 mota
618 5248 702 5293 est
745 5238 864 5295 luce
902 5245 1168 5301 veniente.
1197 5245 1306 5303 Cur
1333 5259 1510 5306 autem
1541 5267 1645 5309 n0n
1674 5255 1887 5323 dixerit,
1914 5255 2022 5316 Nos

491 5347 515 5411 ’ξ
543 5354 701 5411 Forte,
721 5347 887 5405 oratis.
1959 5377 1964 5384 ε

495 5409 807 5493 ξέῊᾹΕὺ-..θε
831 5419 1056 5493 ιτὶθνὶαῃρ
1080 5427 1215 5493 Mss.,_
1238 5426 1409 5489 aﬁ‘ectu
1432 5427 1564 5493 apud
1590 5431 1842 5483 Dominum
1867 5435 2024 5486 Deum

431 5479 647 5546 nostrum
664 5513 676 5536 ,
698 5485 758 5546 _ut
776 5492 834 5527 ea
853 5495 962 5546 qtae
976 5479 1083 5534 illic
1103 5479 1378 5546 nobis,"etc.

497 5537 817 5622 "ﬂammatus
1015 5547 1098 5597 bu.
1123 5537 1287 5601 claci).
1315 5537 1346 5600 ἰ.
1375 5551 1432 5602 fs.
1457 5567 1506 5616 ε.
1533 5553 1590 5606 1r.
1617 5571 1681 5607 m.
1729 5573 1803 5622 pr.
1828 5572 1921 5608 rm.
1942 5560 2020 5611 vd.

430 5603 483 5645 ει
506 5607 602 5647 Am.
629 5607 701 5650 Fr.
727 5609 813 5654 Par
849 5611 957 5656 ιον.

494 5659 565 5736 (tr)
593 5661 729 5736 Alias,
752 5667 816 5716 de
842 5671 1006 5736 verbis
1030 5675 1234 5734 Apostoli
1268 5677 1339 5724 15.
1364 5704 1420 5714 -—-
1441 5682 1511 5729 Sic
1536 5683 1580 5730 in
1604 5690 1808 5732 Romano
1825 5693 1902 5733 PP.
1924 5687 2022 5736 Cis-

429 5725 549 5800 terci
555 5727 756 5800 ensiutn
765 5742 826 5800 e_x
833 5732 1030 5793 emplari
1041 5771 1050 5780 .
1061 5725 1265 5800 :sermon
1272 5751 1349 5787 em
1359 5725 1631 5798 hunecilat

430 5797 460 5837 1
481 5791 533 5837 et
550 5801 620 5850 Ix,
645 5790 705 5840 ad
727 5791 898 5856 Ephes.
915 5790 956 5846 u
973 5829 988 5858 ,
1014 5797 1074 5847 ad
1094 5799 1295 5865 Philipp.
1317 5817 1351 5852 ιι
1369 5815 1420 5856 et
1440 5790 1506 5858 ui.

1681 315 1741 372 S.
1780 312 2148 374 AUGUSTINI
2185 313 2490 373 EPISCOPI

2143 429 2404 486 habemus
2423 428 2913 496 circumcisionem;
2932 429 3052 495 sed,
3071 429 3184 486 Nos
3197 439 3371 486 sumus
3385 429 3702 488 Wio
3714 444 3738 486 :

2139 523 2221 577 sic
2263 523 2486 592 accipite
2522 523 2629 580 hoe
2665 524 2898 581 voluisse
2934 523 3251 594 Apostolum
3277 524 3476 590 dicere,
3505 524 3612 580 Nos
3637 541 3733 582 su-

2140 631 2259 670 mus
2281 617 2508 686 justitia.
2536 617 2883 674 Circumcisio
2909 617 3052 674 enim
3081 617 3282 688 justiti:
3311 627 3413 672 est.
3443 617 3608 688 Magis
3631 633 3733 673 au-

2142 714 2247 762 tem
2271 707 2612 762 commendat
2629 708 2772 778 quod
2791 708 2920 764 dicit
2939 707 3166 764 dicendo
3187 723 3286 763 nos
3302 721 3426 763 esse
3446 707 3733 778 justitiam,

2135 815 2302 869 quam
2339 800 2567 855 dicendo
2594 815 2695 856 nos
2721 815 2842 858 esse
2866 801 3079 871 iustos:
3108 801 3179 856 ita
3206 811 3384 857 tamen
3411 809 3472 855 us
3498 816 3618 856 cum
3642 801 3736 872 ju-

2134 893 2336 948 stitiam
2362 893 2492 948 dicit
2520 909 2662 960 esse,
2685 894 2860 964 justos
2887 895 3268 966 intelligamus.
3303 893 3420 949 Non
3455 894 3598 950 eni
3637 876 3765 948 ou-'

2135 997 2255 1041 ntus
2282 987 2371 1043 illa
2396 988 2843 1042 incommutabilis
2863 987 3088 1058 institis,
3113 989 3269 1058 cujus
3292 988 3578 1058 participes
3605 985 3735 1042 facti

2133 1093 2320 1135 sumus
2347 1098 2360 1135 :
2383 1083 2479 1136 sed
2505 1082 2954 1152 quemadmodum
2979 1083 3196 1151 dicitur,
3225 1083 3412 1153 Magna
3439 1083 3509 1138 ibi
3530 1083 3729 1153 juven-

2137 1178 2220 1227 tus
2249 1183 2360 1237 est,
2389 1187 2487 1242 pro
2517 1175 2697 1230 multis
2722 1175 3034 1244 juvenibus;
3063 1175 3142 1230 sic
3179 1174 3379 1229 dicitur
3402 1173 3606 1244 justiti:
3624 1213 3639 1238 ,
3671 1180 3734 1228 ut

2132 1263 2495 1334 intelligantur
2533 1266 2682 1336 justi.
2721 1266 2916 1321 Audite
2945 1267 3046 1321 hoc
3075 1267 3246 1336 ipsum
3283 1265 3602 1333 evidentius,
3629 1280 3732 1320 eo-

2133 1357 2255 1411 dem
2301 1358 2514 1414 dieente
2548 1360 2828 1428 Apostolo,
2863 1359 2930 1414 Ut
2953 1376 3068 1426 nos,
3109 1359 3296 1430 inquit,
3338 1361 3495 1414 simus
3526 1358 3734 1429 justitia

2133 1449 2228 1503 Dei
2253 1450 2306 1503 in
2331 1451 2444 1520 ipso
2473 1451 2540 1520 (Il
2566 1449 2685 1505 Cor.
2709 1467 2762 1517 v,
2789 1452 2905 1521 21).
2934 1451 3046 1506 Nos
3070 1452 3229 1506 simus
3245 1451 3469 1521 justitia,
3498 1463 3606 1504 non
3633 1465 3733 1505 no-

2131 1549 2262 1604 stra,
2287 1540 2380 1595 sed
2402 1540 2530 1606 Dei;
2557 1542 2627 1597 ab
2653 1542 2746 1596 illo
2771 1552 3013 1612 accepta,
3045 1559 3150 1596 non
3179 1557 3209 1596 ε
3236 1543 3392 1597 nobis
3423 1549 3727 1612 assumpta;

2132 1631 2418 1700 impertita,
2457 1649 2560 1688 non
2599 1639 2885 1703 usurpata;
2913 1634 3131 1696 donata,
3165 1650 3272 1688 non
3301 1643 3474 1704 rapta.
3503 1632 3729 1688 Cnidum

2127 1723 2273 1778 etiim
2300 1723 2485 1792 rapina
2505 1732 2622 1778 erat
2643 1739 2766 1779 esse
2798 1725 3020 1794 aequalis
3052 1726 3197 1780 Deo:
3224 1733 3280 1779 et
3301 1726 3550 1796 quoniam
3577 1738 3731 1794 que-

2131 1815 2253 1868 sivit
2281 1817 2550 1884 rapinam,
2579 1817 2780 1872 invenit
2811 1820 3043 1874 ruinam.
3069 1819 3328 1874 Dominus
3347 1829 3525 1874 autem
3543 1826 3732 1875 noster

2130 1908 2284 1964 Iesus
2309 1911 2572 1977 Christus,
2601 1927 2716 1966 cunt
2759 1914 2814 1966 in
2863 1917 3028 1984 forma
3055 1913 3154 1967 Dei
3181 1923 3327 1979 esset,
3357 1929 3458 1968 non
3492 1916 3730 1985 rapinam

2129 2001 2404 2071 arbitratus
2447 2012 2520 2058 est
2566 2021 2672 2058 esse
2710 2006 2920 2074 aqualis
2949 2005 3081 2059 Deo.
3118 2004 3212 2060 Cui
3263 2007 3404 2061 enim
3451 2007 3731 2078 aequalitas

2130 2094 2225 2148 Dei
2273 2105 2457 2150 natura
2501 2107 2636 2162 erat,
2669 2099 2852 2168 rapina
2884 2114 2988 2152 non
3015 2106 3150 2153 erat.
3181 2099 3287 2152 Sed
3325 2108 3502 2154 tamen
3543 2108 3729 2154 semet-

2129 2187 2299 2256 ipsum
2354 2189 2646 2254 erinanivit,
2681 2190 2897 2258 formant
2928 2192 3056 2244 servi
3084 2191 3334 2261 accipiens
3361 2191 3378 2259 (
3405 2190 3639 2261 Philipp.
3665 2207 3727 2260 η,

2126 2281 2183 2344 ϐ,
2215 2279 2288 2353 7),
2317 2290 2370 2334 ut
2396 2297 2488 2336 nos
2515 2299 2736 2337 essemus
2767 2285 2974 2354 justitia
3009 2283 3107 2337 Dei
3143 2285 3194 2338 in
3225 2285 3355 2354 ipso.
3380 2283 3434 2340 Si
3465 2284 3606 2340 enim
3635 2285 3730 2341 ille

2130 2384 2494 2445 paupertatem
2524 2378 2735 2442 vitaret,
2761 2392 2861 2432 nos
2893 2387 3204 2448 paupertate
3247 2393 3353 2433 non
3395 2389 3726 2434 careremus.

2131 2469 2344 2541 Pauper
2372 2471 2515 2526 enim
2557 2472 2645 2525 ille
2677 2477 2840 2543 factus
2877 2483 2979 2542 est,
3019 2489 3129 2526 cum
3157 2473 3292 2527 dives
3319 2482 3477 2539 esset;
3502 2482 3556 2526 ut
3584 2472 3727 2529 illius

2131 2572 2450 2632 paupertate,
2481 2564 2617 2617 sicut
2645 2565 2897 2634 scriptum
2928 2571 3030 2632 est,
3059 2581 3152 2619 nos
3180 2565 3460 2618 ditaremur
3487 2565 3506 2636 (
3537 2563 3579 2619 11
3603 2564 3726 2620 Cor.

2129 2663 2244 2713 vni,
2273 2649 2350 2716 9).
2385 2649 2594 2703 Divitiae
2634 2649 2774 2703 illius
2814 2647 2942 2718 quid
2983 2664 3082 2704 nos
3128 2648 3349 2704 facturae
3388 2659 3531 2716 sunt,
3573 2649 3728 2719 cujus

2130 2751 2418 2811 paupertas
2447 2757 2544 2796 nos
2571 2742 2763 2798 divites
2793 2741 2954 2797 facit?
2982 2743 3268 2813 Apostolus
3302 2757 3432 2814 ergo
3477 2757 3582 2797 non
3625 2741 3726 2797 tibi

2130 2839 2342 2909 negavit
2365 2837 2848 2905 circumeisionem,
2871 2837 2968 2894 sed
2987 2839 3264 2910 exposuit;
3293 2839 3468 2894 lucem
3489 2845 3726 2909 praeten-

2125 2930 2229 2996 dit,
2257 2931 2500 2985 umbram
2532 2930 2777 2984 removit.

2201 3023 2429 3079 CAPUT
2467 3021 2531 3078 11.
2559 3054 2629 3064 --
2653 3024 2707 3078 ὅ.
2733 3022 3060 3077 Circumeisio
3089 3021 3371 3093 spiritualis
3400 3021 3725 3092 gloriantth

2131 3117 2185 3170 in
2211 3115 2435 3172 Christo.
2458 3113 2967 3192 Circumcisioquare
2995 3125 3167 3168 octavo
3195 3115 3277 3168 die
3302 3113 3469 3183 ﬁebat.
3493 3112 3726 3167 Domini-

2128 3223 2222 3263 cus
2252 3210 2376 3264 dies.
2402 3239 2476 3251 ——
2509 3209 2620 3264 Nos
2640 3225 2831 3273 sumus,
2864 3208 3049 3278 inquit,
3072 3207 3405 3272 circumcisio,
3433 3206 3518 3279 qui
3541 3206 3721 3276 spiritu

2131 3297 2239 3357 Deo
2267 3303 2529 3371 servimus,
2567 3312 2616 3357 et
2660 3303 2936 3374 gloriamur
2961 3302 3013 3354 in
3041 3299 3242 3354 Christo
3268 3298 3412 3366 Iesu,
3452 3309 3496 3354 et
3530 3314 3630 3352 non
3668 3297 3723 3352 in

2131 3412 2282 3450 carne
2310 3395 2538 3464 ﬁdentes.
2577 3396 2835 3465 Respexit
2876 3393 3130 3465 quosdam
3173 3394 3224 3448 in
3267 3408 3427 3447 carne
3454 3392 3716 3446 fidentes:

2130 3486 2231 3557 ipsi
2274 3500 2426 3542 erant
2454 3487 2540 3557 qui
2581 3487 2649 3542 de
2695 3487 2870 3540 carnis
2898 3485 3304 3540 circumcisione
3332 3485 3715 3555 gloriabantur.

2131 3579 2207 3634 De
2239 3579 2429 3650 quibus
2456 3579 2562 3633 alio
2587 3579 2704 3633 loco
2731 3579 2877 3644 dicit,
2911 3577 3139 3645 Quorum
3170 3575 3310 3630 Deus
3349 3587 3514 3630 venter
3552 3584 3641 3642 est,
3671 3585 3721 3630 et

2129 3672 2293 3742 gloria
2320 3671 2373 3725 in
2404 3671 2650 3742 pudendis
2680 3687 2850 3725 eorum
2878 3669 3133 3742 (Philipp.
3159 3685 3234 3735 nt,
3259 3667 3370 3740 19).
3398 3667 3636 3738 Intelligo
3661 3677 3717 3724 tu

2129 3764 2609 3828 circnmcisionem,
2633 3772 2686 3818 et
2706 3772 2820 3818 esto
2839 3763 3173 3818 circumcisio
3193 3781 3204 3816 :
3231 3763 3485 3833 intelligo,
3504 3769 3556 3816 et
3576 3772 3713 3825 esto,

2129 3858 2427 3913 Intellectus
2464 3859 2604 3913 enim
2649 3859 2822 3923 bonus,
2866 3857 2957 3913 sed
2989 3857 3218 3911 omnibus
3247 3857 3332 3928 qui
3369 3856 3564 3928 faciunt
3603 3872 3719 3910 eum

2131 3951 2302 4024 (Psal.
2331 3967 2418 4017 cx,
2447 3949 2560 4021 10).
2589 3949 2702 4005 Non
2735 3949 2916 4019 utique
2962 3950 3154 4004 frustra
3193 3957 3386 4004 octavo
3411 3947 3498 4003 die
3535 3940 3717 4018 jussus

2130 4053 2213 4100 est
2241 4045 2412 4098 infans
2441 4043 2745 4098 circumcidi
2793 4040 2941 4116 (Gen.
2983 4058 3112 4109 xvn,
3143 4039 3242 4109 1’2;
3284 4041 3441 4095 Levii.
3487 4052 3561 4096 xu
3584 4084 3598 4106 ,
3627 4040 3706 4112 5),

2128 4139 2232 4192 nisi
2274 4139 2620 4208 quiapetra,
2663 4153 2766 4206 qua
2806 4136 3258 4202 circumcidimnr,
3300 4133 3542 4190 Christus
3581 4135 3714 4190 erat.

2127 4228 2368 4286 Cultellis
2397 4229 2538 4284 enim
2569 4230 2793 4301 pctriuis
2820 4230 3164 4284 circumcisus
3193 4237 3275 4284 est
3296 4229 3518 4298 populus
3539 4226 3720 4297 (Iosue

2125 4335 2178 4388 γ,
2205 4321 2263 4392 2)
2295 4341 2306 4376 :
2339 4324 2495 4379 Petra
2526 4334 2702 4379 autem
2735 4333 2850 4380 erat
2877 4323 3120 4380 Christus
3150 4325 3191 4396 (l
3218 4321 3336 4380 Cor.
3359 4341 3414 4389 χ,
3439 4322 3516 4394 tl).
3542 4321 3718 4389 Quare

2128 4431 2256 4484 ergo
2287 4425 2474 4472 octavo
2509 4415 2629 4472 die?
2656 4416 2786 4484 Quia
2819 4417 2869 4471 in
2900 4417 3319 4471 hebdomadibus
3346 4415 3719 4485 idem,primus

2129 4507 2219 4576 qui
2247 4515 2491 4562 octavus.
2519 4507 2811 4582 Completis
2842 4507 2982 4561 cnim
3014 4517 3217 4576 septem
3257 4505 3477 4574 diebus,
3515 4504 3720 4560 reditur

2130 4597 2194 4651 ad
2226 4595 2475 4668 primum.
2501 4598 2707 4653 Finitur
2733 4599 3009 4669 septimus,
3040 4599 3294 4653 Dominus
3322 4596 3560 4666 sepultus
3591 4614 3603 4650 :
3632 4611 3721 4651 re-

2129 4689 2272 4744 ditur
2299 4690 2363 4744 ad
2393 4692 2641 4760 primum,
2673 4691 2926 4745 Dominus
2953 4693 3318 4747 resuscitatus.
3343 4689 3551 4744 Domini
3574 4688 3720 4744 enim

2126 4784 2464 4839 resuscitatio
2505 4784 2746 4853 promisit
2788 4784 2942 4838 nobis
2976 4791 3233 4838 mlcrnnm
3261 4783 3400 4837 diem
3431 4789 3484 4837 et
3523 4796 3718 4835 conse-

2127 4877 2294 4932 cravit
2320 4877 2472 4932 nobis
2499 4878 2830 4932 Dominicum
2854 4878 3013 4934 diem.
3033 4878 3132 4947 Qui
3155 4886 3374 4932 vocatur
3394 4875 3725 4942 dominicus"

2127 4966 2242 5038 ipse
2271 4967 2480 5023 videtur
2507 4970 2719 5040 proprie
2749 4970 2813 5023 ad
2843 4969 3122 5023 Dominum
3156 4969 3427 5040 pertinere
3459 4985 3472 5023 :
3503 4967 3627 5038 quia
3653 4978 3727 5023 eo

2127 5061 2215 5119 die
2239 5063 2498 5118 Dominus
2529 5064 2840 5118 resurrexit.
2870 5063 3095 5118 Reddita
3124 5071 3205 5118 est
3233 5073 3404 5133 petra,
3433 5059 3723 5117 circumci—

2127 5155 2321 5211 duntur
2346 5157 2433 5228 qui
2460 5156 2642 5211 volunt
2664 5157 2859 5222 dicere,
2891 5155 3001 5210 Nos
3027 5156 3156 5210 enim
3185 5173 3358 5210 smnus
3386 5152 3721 5208 circumcisio.

2129 5243 2370 5303 Traditus
2397 5258 2468 5302 est
2498 5249 2639 5303 enim
2673 5258 2875 5321 propter
2903 5259 3105 5318 peccata
3135 5255 3325 5313 nostra,
3366 5257 3413 5303 et
3447 5243 3702 5302 resurrexi
3747 5264 3759 5277 θ

2128 5350 2333 5412 propter
2361 5341 2778 5411 justi/icationem
2817 5352 3038 5394 nostram
3075 5339 3248 5414 (Rom.
3273 5338 3486 5411 “325).
3517 5335 3726 5394 Justili—

2117 5434 2265 5486 'catio
2292 5442 2402 5496 tua,
2432 5433 2765 5490 circumcisio
2796 5442 2914 5501 tua,
2948 5449 3054 5487 non
3085 5441 3166 5487 est
3199 5442 3227 5486 a
3266 5441 3336 5487 te.
3371 5430 3547 5486 Gratia
3583 5427 3715 5484 salvi

2130 5526 2253 5598 facti
2279 5527 2393 5579 estis
2415 5543 2503 5596 per
2519 5527 2706 5595 Iidem;
2733 5537 2777 5580 et
2804 5527 2895 5579 hoc
2919 5545 3016 5580 non
3038 5545 3098 5582 ex
3122 5527 3276 5592 vobis,
3295 5525 3382 5580 sed
3403 5525 3497 5578 Dei
3523 5524 3714 5578 donum

2130 5630 2201 5673 est
2230 5634 2248 5672 :
2279 5635 2376 5672 non
2408 5637 2469 5674 ea:
2497 5617 2729 5691 aperibus
2756 5617 2974 5691 (Ep/tes.
3002 5637 3057 5685 ll,
3082 5619 3134 5683 8,
3160 5617 3238 5692 9).
3268 5619 3344 5673 Ne
3385 5617 3518 5672 forte
3548 5611 3717 5683 dicas,

2129 5710 2406 5765 Promerui
2425 5754 2440 5777 ,
2473 5721 2522 5766 et
2565 5711 2684 5766 ideo
2724 5715 2924 5782 accepi.
2953 5712 3069 5767 Non
3101 5722 3252 5783 putes
3281 5721 3332 5766 te
3359 5706 3719 5781 promerendo

2131 5804 2419 5877 accepisse,
2443 5804 2534 5877 qui
2559 5820 2665 5862 non
2685 5805 3092 5878 prontercreris,
3113 5804 3216 5863 nisi
3244 5802 3561 5877 accepisses.
3583 5797 3718 5869 Gra-
