4108 6336
411 281 518 342 οη

417 398 490 453 tia
531 392 806 466 prazcessit
848 394 1094 450 meritum
1124 400 1318 454 tuum:
1345 409 1454 454 non
1487 394 1658 467 gratia
1683 409 1751 452 ex
1778 397 1992 465 merito,

419 488 514 544 sed
560 487 808 542 meritum
855 503 919 542 ex
966 487 1156 558 gratia.
1186 487 1317 543 Nam
1365 489 1408 543 si
1451 489 1617 558 gratia
1662 504 1733 544 ex
1772 489 1996 556 merito;

417 579 615 642 emisti,
647 596 755 633 non
785 579 951 650 gratis
975 581 1246 656 accepisti.
1273 579 1380 636 Pro
1409 581 1584 648 nihilo,
1621 582 1807 651 inquit,
1837 579 2002 636 salvos

417 671 573 742 [acies
595 687 680 724 eos
707 669 878 739 (Paul.
908 688 991 736 LV,
1017 655 1094 743 8).
1123 671 1256 739 Quid
1285 681 1384 733 est.
1416 671 1522 727 Pro
1549 673 1708 726 nihilo
1733 674 1896 727 salvos
1923 676 2005 742 [a-

419 764 517 818 cies
557 764 678 818 eos?
703 763 842 818 Nihil
881 765 936 820 in
976 766 1054 820 eis
1092 765 1298 819 invenis
1339 764 1479 819 unde
1522 765 1713 828 salvos,
1745 774 1797 820 et
1828 774 2002 820 tamen

417 857 618 912 salvas.
649 856 825 912 Gratis
851 857 966 922 das,
994 857 1158 927 gratis
1199 859 1392 913 salvas.
1421 857 1606 912 Omnia
1642 858 1826 910 merita
1869 871 2003 925 prae-

417 950 587 1012 cedis,
619 958 677 1004 ut
701 949 838 1004 dona
865 959 952 1004 tua
979 959 1373 1020 consequantur
1401 951 1584 1005 merita
1618 965 1753 1002 mea.
1778 950 2002 1002 Prorsus

416 1043 581 1113 gratis
599 1042 713 1104 das,
733 1043 898 1111 gratis
918 1044 1108 1106 salvas,
1134 1044 1221 1113 qui
1249 1043 1377 1097 nihil
1408 1043 1614 1098 invenis
1636 1041 1776 1097 unde
1804 1041 1999 1108 salt-cs,

417 1143 472 1189 et
493 1136 715 1188 multum
749 1135 954 1189 invenis
976 1135 1116 1189 unde
1140 1135 1383 1190 damnes.

485 1222 710 1282 CAl’U'l‘
750 1225 987 1282 lll.-—4.
1027 1227 1214 1282 Fidere
1250 1233 1302 1282 in
1329 1227 1710 1282 carne—Nos
1739 1243 1886 1296 ergo,
1918 1225 2002 1281 in-

413 1319 554 1390 quit,
583 1337 758 1375 sumus
799 1322 1134 1388 circumcisio,
1165 1323 1251 1392 qui
1293 1322 1490 1392 spiritui
1534 1320 1626 1374 Dei
1669 1322 1928 1386 servimus,
1960 1329 2004 1372 et

414 1409 694 1481 gloriamur
737 1413 790 1466 in
832 1411 1032 1468 Christo
1073 1412 1219 1468 Jesu.
1249 1414 1348 1481 Qui
1386 1413 1660 1484 gloriatur,
1698 1413 1750 1467 in
1783 1413 2004 1467 Domino

415 1502 674 1570 glorietur
709 1506 726 1574 (
752 1503 770 1556 l
797 1501 912 1558 Cor.
941 1521 978 1571 ι,
1004 1507 1066 1561 3i
1095 1506 1138 1577 ).
1168 1505 1236 1558 Et
1269 1522 1368 1558 non
1413 1507 1464 1559 in
1503 1521 1656 1558 carne
1684 1505 1909 1574 ﬁdentes.
1936 1500 2006 1558 Et

414 1596 540 1665 quid
580 1606 692 1660 est,
733 1597 897 1653 fidere
928 1600 980 1653 in
1011 1600 1205 1654 carne?
1227 1599 1440 1665 Audite,
1475 1598 1667 1670 inquit.
1700 1597 2004 1670 Quanquam

413 1703 526 1758 ego,
541 1688 954 1758 inquit,habeam
983 1692 1252 1762 ﬁduciam,
1283 1702 1329 1747 et
1354 1695 1408 1747 in
1436 1710 1608 1748 carne.
1637 1692 1697 1748 Si
1731 1694 1842 1764 quis
1871 1692 2003 1746 alius

415 1778 470 1832 in
497 1796 650 1833 carne
678 1791 821 1850 putat
843 1799 898 1836 se
927 1782 1109 1838 habere
1137 1785 1398 1853 ﬁduciam,
1425 1785 1587 1856 magis
1615 1801 1727 1856 ego.
1754 1783 1830 1838 Ne
1862 1783 2004 1838 arbi-

418 1870 651 1935 tremini,
679 1871 868 1941 inquit,
898 1889 983 1928 me
1011 1875 1108 1930 hoc
1134 1885 1480 1932 contemnere
1509 1877 1649 1946 quod
1677 1891 1781 1930 non
1809 1876 1998 1931 habeo.

414 1958 552 2026 Quid
587 1976 834 2030 magnum
865 1974 967 2030 cst,
995 1965 1039 2017 si
1073 1964 1232 2020 homo
1276 1967 1532 2035 abjectus.
1558 1966 1817 2035 plebeius,
1849 1966 2001 2034 igno-

416 2049 558 2117 bilis,
587 2064 895 2110 contemnat
930 2058 1284 2126 nobilitatem,
1314 2069 1365 2112 ct
1395 2069 1518 2114 tunc
1543 2059 1793 2114 exhibeat
1822 2065 2001 2113 veram

416 2143 804 2200 humilitatem?
835 2149 1136 2219 Quanquam
1166 2167 1276 2221 ego,
1306 2151 1496 2221 inquit,
1523 2152 1734 2206 habeam
1761 2151 2002 2220 ﬁduciam

411 2244 460 2288 et
497 2236 552 2288 in
587 2254 753 2292 carne.
779 2237 905 2294 Ideo
930 2256 1045 2306 vos,
1069 2241 1259 2311 inquit,
1285 2242 1451 2298 doceo
1477 2253 1842 2312 contemnere,
1869 2257 2002 2315 quo-

411 2328 553 2382 niam
602 2331 792 2386 videtis
835 2349 922 2388 me
967 2335 1162 2389 habere
1209 2337 1352 2406 quod
1403 2347 1758 2393 contemnam.
1791 2338 1852 2393 Si
1889 2338 2000 2410 quis

410 2422 542 2476 alius
570 2425 622 2477 in
652 2442 804 2479 carne
829 2436 974 2497 putat
997 2445 1050 2482 se
1075 2429 1256 2483 habere
1278 2431 1539 2499 ﬁduciam,
1567 2437 1729 2502 magis
1755 2450 1866 2501 ego.

481 2514 534 2568 5.
561 2512 728 2569 Paulo
749 2533 902 2571 causa
924 2518 1179 2589 gloriandi
1205 2522 1256 2574 in
1286 2539 1439 2576 carne
1455 2539 1569 2592 qua:
1593 2526 1765 2593 fuerit.
1790 2525 1856 2578 Et
1875 2525 1999 2580 audi

411 2602 465 2658 in
495 2620 654 2661 carne
693 2607 938 2663 fiduciam
969 2627 982 2662 :
1017 2610 1405 2668 Circumcisioue
1449 2616 1605 2668 octavi
1639 2615 1740 2669 diei
1759 2631 1778 2680 ;
1805 2615 1856 2670 id
1893 2625 1992 2683 cst,

411 2710 519 2749 non
548 2699 868 2770 proselytus,
892 2717 998 2756 non
1018 2703 1225 2758 advena
1247 2704 1313 2758 ad
1338 2706 1586 2775 populum
1613 2707 1726 2774 Dei,
1756 2724 1861 2761 non
1887 2723 1997 2762 ma-

404 2785 493 2856 jor
521 2789 884 2854 circumcisus,
919 2793 1012 2869 sed
1042 2809 1073 2848 a
1105 2796 1412 2864 parentibus
1441 2808 1597 2852 natus
1623 2797 1858 2866 Judaeus,
1904 2800 1998 2854 ha-

411 2875 514 2932 beo
555 2880 1013 2938 circumcisionem
1049 2887 1222 2940 octavi
1261 2888 1387 2943 diei.
1413 2889 1496 2944 Ex
1518 2908 1698 2960 genere
1723 2889 1906 2959 Israel,
1935 2892 1998 2946 de

409 2969 543 3023 tribu
574 2969 860 3044 Benjamin,
886 2975 1130 3034 Hebraeus
1160 2996 1222 3034 ea:
1245 2980 1494 3047 Hebreis,
1520 2985 1793 3039 secundum
1813 2985 1996 3058 Legem

415 3060 712 3128 pharisaeus.
738 3066 982 3122 Primarii
1012 3070 1228 3140 quidam
1257 3081 1429 3142 erant,
1456 3083 1509 3129 et
1533 3077 1681 3145 quasi
1711 3076 1774 3130 ad
1808 3078 1997 3133 nobili-

411 3159 571 3207 tatem
616 3155 888 3213 Judaicam
940 3162 1221 3232 segregati,
1263 3180 1370 3219 non
1423 3168 1810 3237 contemptibili
1851 3169 1996 3238 plebi

409 3246 701 3312 commixti,
731 3250 820 3320 qui
855 3251 1168 3309 dicebantur
1196 3254 1470 3311 Pharisaei.
1502 3257 1634 3312 Nam
1670 3259 1866 3314 dicitur
1894 3259 1996 3315 hoc

407 3335 649 3402 verbum,
691 3341 842 3410 quasi
881 3345 1300 3415 segregationcm
1332 3349 1694 3418 interpretari,
1725 3352 1994 3420 quomodo

407 3427 462 3483 in
499 3430 660 3486 latina
699 3433 875 3504 lingua
911 3438 1104 3492 dicitur
1129 3441 1394 3509 egregius,
1425 3442 1575 3511 quasi
1600 3457 1632 3496 a
1653 3458 1818 3514 grege
1842 3459 1996 3515 sepa-

407 3532 576 3578 ratus.
616 3524 852 3581 Fuerunt
896 3538 1076 3584 autem
1129 3531 1402 3598 Israelitae,
1453 3532 1506 3587 id
1549 3543 1650 3598 est,
1693 3550 1758 3591 ex
1799 3551 1997 3607 genere

405 3615 596 3682 Israel,
628 3619 786 3672 etiam
819 3619 892 3673 illi
920 3621 1010 3691 qui
1053 3624 1283 3692 separati
1327 3623 1536 3679 fuerant
1575 3642 1605 3678 a
1639 3627 1855 3696 templo.
1883 3627 1993 3685 lle-

406 3707 602 3762 mansit
626 3717 804 3764 autem
827 3710 892 3764 ad
925 3713 1178 3782 templum
1208 3714 1374 3770 tribus
1401 3713 1553 3777 Juda,
1582 3725 1636 3770 et
1661 3717 1827 3772 tribus
1856 3718 1994 3774 Ben-

400 3796 592 3866 jamin.
619 3799 809 3855 Tribus
831 3801 957 3856 Levi
989 3803 1040 3857 in
1068 3805 1450 3872 sacerdotibus,
1478 3806 1646 3862 tribus
1663 3807 1797 3863 Juda
1822 3811 1991 3881 regia,

406 3899 460 3944 et
487 3891 654 3946 tribus
674 3891 974 3962 Benjamin,
996 3895 1098 3950 hoc
1117 3897 1288 3952 solum
1310 3899 1564 3953 remansit
1579 3899 1644 3952 ad
1659 3900 1954 3970 Jerusalem
1972 3904 1990 3936 ¹

378 3990 463 4066 ‘et
489 3983 556 4039 ad
587 3987 840 4056 templum
869 3987 983 4049 Dei,
1015 3989 1227 4058 quando
1257 3989 1395 4046 facta
1422 3999 1504 4045 est
1531 3993 1796 4062 separatio
1823 3993 1908 4048 illa
1937 3995 1992 4050 in

405 4090 560 4133 servo
587 4079 886 4136 Salomonis
919 4081 1008 4154 (lll
1036 4082 1162 4154 Reg.
1187 4083 1302 4155 an).
1332 4083 1448 4139 Non
1479 4100 1609 4156 ergo
1639 4085 1825 4141 leviter
1846 4087 1991 4142 acci-

407 4168 562 4238 piatis
582 4169 724 4240 quod
741 4171 846 4240 _ait,
879 4171 1010 4225 tribu
1031 4171 1298 4243 Benjamin
1331 4190 1348 4228 :
1380 4174 1646 4232 inhaerens
1664 4175 1852 4245 Iudae,
1883 4194 1990 4234 non

403 4261 658 4316 recedens
699 4277 731 4317 a
775 4265 992 4334 templo.
1027 4264 1277 4321 Ilebrazus
1323 4283 1384 4322 ea:
1430 4267 1677 4338 Hebraeis,
1713 4271 1990 4326 secundant

405 4351 564 4423 legem
611 4354 910 4423 pltaristeus,
951 4358 1226 4412 secundum
1276 4359 1646 4415 teutulationem
1694 4379 1989 4434 persequens

402 4441 706 4501 Ecclesium.
728 4446 872 4504 later
896 4449 1086 4504 merita
1115 4465 1207 4504 sua
1235 4461 1620 4508 commemorat
1652 4452 1795 4524 quod
1829 4449 1990 4509 fuerit

401 4545 715 4606 persecutor
758 4557 773 4593 :
817 4541 1092 4596 secundum
1136 4544 1504 4598 teinulationem
1523 4586 1538 4612 ,
1586 4545 1774 4616 inquit.
1818 4546 1988 4615 Quam

401 4629 830 4687 simulationem?
847 4631 966 4687 Non
990 4649 1162 4698 eram,
1188 4634 1377 4704 inquit,
1401 4637 1550 4706 piger
1568 4636 1784 4692 Judznus
1803 4656 1815 4694 :
1835 4639 1990 4710 quid-

399 4721 525 4790 quid
550 4731 666 4777 erat
693 4720 834 4794 quod
856 4725 982 4796 Legi
1012 4741 1146 4780 mea:
1177 4726 1540 4782 adversarium
1567 4729 1856 4799 videretur,
1887 4734 1988 4787 im-

397 4814 660 4884 patienter
700 4815 960 4883 ferebam,
987 4820 1182 4875 acriter
1208 4820 1546 4891 insequebar.
1577 4823 1702 4878 lltcc
1726 4824 1866 4895 apud
1893 4824 1989 4880 Ju-

396 4904 544 4960 daaos
577 4909 864 4964 nobilitas:
890 4910 983 4965 sed
1014 4911 1153 4981 apud
1181 4911 1447 4967 Christum
1477 4915 1729 4983 qumritur
1766 4898 1984 4970 humili-

398 5005 499 5054 tas.
531 4999 653 5058 ldeo
690 5002 764 5058 ibi
810 5004 908 5059 iste
943 5004 1156 5068 Saulus,
1195 5005 1281 5060 hic
1313 5006 1526 5061 Paulus.
1552 5007 1743 5064 Saulus
1769 5023 1800 5062 a
1828 5009 1987 5066 SaitIe

397 5106 595 5148 nomen
625 5095 918 5172 derivatur.
951 5097 1050 5165 Qui
1079 5099 1235 5153 fuerit
1256 5097 1406 5166 Sail,
1439 5099 1608 5154 nostis
1639 5119 1652 5155 :
1683 5100 1850 5170 ipsius
1872 5102 1985 5159 ele-

399 5195 484 5240 cta
510 5198 592 5242 est
614 5196 814 5244 statura
841 5191 1080 5262 proceris
1104 5191 1145 5243 ².
1165 5190 1255 5246 Sic
1273 5207 1393 5244 eum
1416 5191 1666 5247 describit
1689 5192 1982 5263 Scriptura,

393 5279 536 5347 quod
559 5281 966 5351 supereminens
989 5292 1129 5339 esset
1153 5285 1421 5348 omnibus,
1445 5285 1656 5355 quando
1685 5287 1886 5343 electus
1904 5297 1987 5345 est

394 5378 454 5425 ut
482 5385 771 5442 angeretur
798 5375 852 5431 in
879 5391 1057 5447 regem
1086 5375 1128 5448 (ι
1154 5375 1281 5447 Reg.
1304 5393 1380 5442 ix,
1402 5375 1479 5448 2).
1499 5377 1616 5434 Non
1638 5378 1731 5433 fuit
1750 5380 1827 5436 sic
1849 5381 1986 5437 Pau-

395 5459 478 5518 lus
502 5463 544 5529 ³,
568 5465 663 5520 sed
711 5466 880 5523 factus
923 5467 1143 5524 Paulus.
1185 5469 1383 5524 Paulus
1427 5469 1571 5524 enim
1619 5485 1831 5541 parvus,
1865 5473 1984 5532 ideo

457 5617 478 5689 ξ
501 5623 573 5672 sic
591 5627 917 5689 manuscripti.
939 5625 1054 5678 Editl
1080 5640 1216 5686 vero,
1245 5632 1542 5678 remanserat
1560 5627 1614 5680 in
1636 5632 1919 5687 Jerusalem.

458 5684 481 5758 ξ
502 5691 614 5758 l_.ov,
637 5684 857 5758 procera.
870 5690 1108 5758 Δᾼιίὶ-ριὶίᾳ
1135 5698 1186 5740 et
1207 5684 1538 5758 manuscripti,
1563 5693 1795 5758 proceris.

438 5743 481 5814 f
501 5743 690 5812 Saulus,
711 5750 850 5814 juxta
870 5753 944 5802 Er.
972 5752 1118 5815 Lugd.
1149 5759 1200 5803 et
1223 5759 1339 5803 Ven.
1405 5743 1461 5804 Mi

1782 281 2021 340 SERMO
2055 280 2286 338 CLXIX.

3585 287 3688 346 9l8

2110 394 2305 450 Paulus
2334 395 2590 451 modicus.
2609 398 2765 468 Ergo,
2781 397 3054 453 secundum
3080 399 3471 472 mulationem,
3499 401 3690 472 inquit,

2104 505 2403 561 persequens
2427 485 2722 544 Ecclesium.
2747 489 2886 548 Hinc
2913 491 3205 564 intelligant
3227 488 3494 562 homines,
3517 495 3688 565 qualis

2111 579 2247 650 apud
2275 577 2489 635 .ludaeos
2514 581 2721 647 fuerim,
2750 584 2840 653 qui
2861 579 3057 640 Christi
3078 583 3371 642 Ecclesium
3398 599 3688 659 perseque-

2108 674 2206 729 bar
2230 673 2566 729 aemulatione
2596 676 2935 732 traditionum
2960 688 3317 748 paternarum.

2183 764 2408 822 CAPUT
2448 764 2534 822 IV.
2574 797 2648 810 -—-
2684 769 2735 824 6.
2779 769 3050 826 Ambulare
3089 769 3140 826 in
3186 773 3290 844 lege
3329 773 3437 829 sine
3467 773 3689 844 querela.

2112 856 2295 924 Addit,
2326 857 2620 912 Secundum
2637 861 2889 932 justitiam
2917 880 3028 933 quae
3055 874 3126 919 est
3153 865 3206 920 in
3232 865 3356 938 lege,
3388 881 3485 938 qua
3510 866 3693 936 fuerint

2111 949 2220 1003 sine
2247 950 2465 1017 querela.
2508 949 2662 1006 Novit
2701 952 2942 1009 Charitas
2971 964 3146 1011 vestra
3167 999 3179 1020 ,
3211 954 3380 1012 dictos
3421 970 3540 1012 esse
3578 959 3695 1014 sine

2113 1039 2327 1112 querela
2370 1041 2672 1100 ambulasse
2715 1045 2766 1098 in
2814 1043 3056 1101 omnibus
3096 1047 3559 1115 justilicationibus
3588 1043 3693 1103 Do~

2114 1133 2242 1187 mini
2274 1131 2586 1189 Zachariam
2614 1141 2666 1190 et
2688 1135 2983 1191 Elizabotb.
3003 1135 3070 1192 In
3092 1137 3339 1207 omnibus,
3364 1137 3531 1209 inquit
3549 1137 3696 1194 Scri-

2112 1233 2286 1294 ptura,
2308 1223 2757 1296 justi/icationibus
2788 1227 2996 1281 Domini
3024 1228 3333 1283 ambulantes
3358 1231 3466 1284 sine
3492 1229 3695 1301 querela

2114 1310 2260 1386 (an.
2288 1333 2324 1382 ι,
2349 1316 2423 1386 6).
2453 1313 2592 1372 Ecce
2634 1318 2737 1373 hoc
2779 1325 2893 1373 erat
2933 1325 2986 1374 et
3028 1318 3217 1374 Paulus
3259 1329 3458 1389 noster,
3482 1320 3694 1392 quando

2113 1405 2305 1462 Saulus
2330 1417 2461 1462 erat.
2491 1405 2546 1464 In
2576 1408 2692 1479 lege
2721 1407 2837 1465 sine
2862 1409 3077 1480 querela
3106 1409 3442 1467 ambulabat:
3473 1420 3528 1468 et
3552 1412 3694 1484 quod

2111 1499 2162 1554 in
2195 1515 2258 1554 eo
2291 1500 2382 1555 fuit
2413 1502 2526 1557 sine
2562 1502 2775 1573 querela
2796 1545 2811 1570 ,
2849 1502 2950 1557 hoc
2984 1490 3049 1559 de
3079 1503 3170 1558 illo
3201 1501 3424 1561 faciebat
3448 1519 3694 1578 magnam

2111 1593 2402 1662 querelam.
2427 1591 2564 1661 Quid
2589 1609 2716 1665 ergo
2741 1602 3009 1666 putamus,
3040 1591 3254 1663 fratres,
3276 1607 3396 1651 esse
3423 1597 3537 1652 sine
3565 1611 3696 1668 que-

2109 1685 2220 1740 rela
2245 1686 2536 1741 secundum
2563 1685 2844 1758 justitiam,
2868 1699 2985 1758 quin
3017 1687 3069 1742 in
3097 1685 3214 1759 lege
3240 1696 3341 1756 est,
3361 1689 3564 1746 malum
3579 1689 3696 1747 est?

2109 1775 2166 1833 Si
2208 1779 2404 1834 malum
2440 1787 2540 1846 est,
2579 1780 2869 1836 secundum
2913 1779 3173 1850 justitiam
3210 1796 3326 1852 qua:
3356 1779 3410 1835 in
3440 1779 3559 1851 lege
3587 1789 3692 1849 est,

2110 1884 2229 1924 esse
2271 1871 2383 1924 sine
2409 1871 2623 1940 querela
2636 1887 2659 1936 .;
2691 1886 2816 1942 ergo
2841 1867 3036 1942 aliquid
3065 1870 3188 1925 mali
3216 1877 3297 1927 est
3323 1869 3445 1926 lex?
3466 1867 3572 1928 Sed
3597 1869 3696 1927 lia-

2107 1961 2297 2016 bemus
2334 1963 2578 2018 eumdem
2609 1965 2904 2033 apostolum
2941 1962 3228 2030 dicentem,
3256 1963 3436 2033 Itaque
3475 1959 3556 2018 lex
3589 1961 3696 2036 qui-

2109 2053 2222 2107 dem
2247 2063 2442 2121 sancta,
2465 2063 2511 2108 et
2542 2055 2836 2109 mandatum
2859 2066 3106 2122 sanctum,
3131 2065 3176 2110 et
3195 2058 3413 2127 justum,
3442 2065 3486 2110 et
3511 2054 3694 2110 bonum

2114 2141 2286 2216 (Rom.
2317 2160 2412 2212 vn,
2440 2144 2550 2218 12).
2583 2145 2640 2200 Si
2671 2145 2758 2200 lex
2783 2155 2986 2212 sancta,
3013 2155 3066 2201 et
3095 2145 3399 2200 mandatum
3425 2153 3691 2214 sanctum,

2108 2243 2162 2289 et
2185 2235 2408 2304 justum,
2433 2246 2486 2291 et
2515 2236 2748 2302 bonum;
2778 2237 3069 2292 secundum
3096 2235 3357 2308 justitiam
3382 2251 3501 2309 quze
3522 2245 3605 2294 est
3624 2251 3692 2294 ex

2107 2324 2221 2396 lego
2250 2335 2452 2390 sancta,
2483 2327 2790 2385 conversari
2821 2330 2936 2385 sine
2967 2330 3204 2400 querela,
3227 2327 3495 2401 quomodo
3517 2338 3695 2401 potest

2105 2432 2213 2471 non
2237 2431 2358 2474 csse
2386 2417 2623 2474 bonum?
2649 2420 2916 2492 quomodo
2941 2429 3114 2492 potest
3136 2434 3242 2476 non
3270 2433 3388 2477 esse
3413 2421 3695 2477 sanctum?

2107 2507 2190 2561 An
2233 2505 2366 2563 forte
2398 2517 2636 2564 sanctum
2676 2509 2792 2567 est?
2819 2511 3110 2567 Audiamus
3139 2513 3311 2582 ipsum
3339 2512 3691 2584 Apostolum;

2105 2599 2280 2655 videte
2307 2601 2430 2671 quid
2455 2601 2596 2659 dicat
2619 2622 2632 2658 :
2661 2605 2786 2673 Quae
2810 2605 2934 2659 mihi
2954 2606 3095 2659 lucra
3112 2610 3335 2678 ruerunt,
3360 2607 3465 2661 htec
3489 2615 3694 2679 propter

2107 2687 2360 2748 Christum
2391 2693 2580 2750 damna
2609 2715 2713 2753 esse
2741 2695 2885 2753 duxi.
2916 2684 3116 2754 Damna
3157 2715 3250 2755 sua
3284 2695 3432 2769 dicit,
3463 2709 3517 2757 et
3555 2702 3694 2759 inter

2105 2781 2299 2840 damna
2326 2804 2420 2843 sua
2443 2795 2731 2860 computat,
2758 2791 2898 2861 quod
2921 2789 2973 2846 in
2997 2790 3221 2862 justitia,
3242 2809 3358 2863 qum
3379 2791 3458 2848 est
3479 2793 3532 2847 in
3551 2791 3689 2865 lege,

2106 2875 2262 2932 fuerit
2308 2879 2424 2936 sine
2472 2879 2708 2951 querela.
2750 2876 3125 2950 Verumtamen,
3159 2874 3348 2954 inquit,
3390 2894 3438 2937 et
3475 2881 3694 2938 arbitror

2105 2968 2274 3022 omnia
2303 2968 2488 3024 damna
2526 2983 2632 3026 esse
2668 2983 2875 3043 prapter
2901 2979 3196 3028 eminentem
3226 2971 3484 3029 scientiam
3506 2973 3694 3030 Christi

2103 3055 2229 3114 Jesu
2272 3059 2478 3116 Domini
2529 3065 2706 3118 nostri.
2750 3061 3004 3133 Attende,
3049 3064 3248 3136 inquit,
3298 3065 3481 3122 laudes
3518 3079 3689 3135 meas,

2103 3163 2356 3223 comparo
2383 3153 2687 3212 eminentia:
2712 3153 2922 3212 Domini
2955 3157 3121 3213 nostri
3151 3157 3275 3215 Jesu
3305 3155 3523 3214 Christi.
3555 3151 3693 3216 illud

2103 3241 2243 3308 sitio,
2277 3243 2377 3301 hoc
2418 3252 2722 3302 contemno.
2767 3245 2961 3304 Parum
3000 3255 3083 3305 est
3130 3249 3269 3305 hoc:
3301 3245 3519 3321 Propter
3544 3266 3692 3322 quem

2102 3333 2339 3403 arbitror,
2371 3335 2568 3408 inquit,
2599 3339 2770 3394 omnia
2806 3355 2907 3394 non
2944 3338 3110 3395 solum
3134 3338 3430 3395 detrimenta
3454 3357 3575 3408 esse,
3605 3350 3692 3397 tte-

2101 3443 2216 3482 rum
2263 3437 2310 3483 et
2352 3438 2570 3485 stercora
2607 3431 2890 3488 existimavi
2936 3444 3061 3504 esse,
3093 3439 3149 3488 ut
3183 3431 3438 3491 Christum
3476 3433 3691 3508 lucrifa-

2102 3529 2262 3574 cerem
2269 3560 2282 3573 .

2145 3605 2400 3689 CAPUT
2437 3609 2501 3667 ν.
2543 3642 2613 3654 -
2649 3609 2703 3669 7.
2743 3609 2956 3671 Iustitia
2982 3625 3045 3672 ex
3062 3609 3196 3690 Lege
3218 3635 3307 3674 cur
3329 3636 3361 3674 a
3385 3615 3583 3678 Christo
3602 3635 3688 3678 re-

2100 3707 2312 3758 moveat.
2336 3701 2570 3772 Quzestio
2593 3706 2764 3778 majOr
2789 3715 2971 3764 exorta
3000 3715 3100 3778 est,
3134 3725 3166 3765 ο
3193 3703 3385 3768 Paule!
3412 3710 3468 3768 Si
3498 3728 3690 3770 secun-

2100 3791 2226 3851 dum
2265 3795 2546 3867 justitiam,
2573 3816 2690 3871 qua:
2721 3801 2774 3856 in
2805 3797 2924 3873 lege
2950 3813 3051 3873 est,
3083 3799 3382 3860 versabaris
3411 3803 3524 3861 sine
3553 3821 3689 3877 que-

2099 3883 2233 3953 rela,
2255 3897 2309 3944 et
2340 3887 2442 3945 hoc
2470 3889 2523 3944 in
2548 3883 2881 3949 detrimentis
2910 3895 3033 3961 tuis,
3062 3894 3114 3949 in
3145 3889 3374 3965 damnis,
3406 3891 3460 3952 in
3483 3905 3690 3954 sterco-

2099 3977 2247 4034 ribus
2272 3987 2573 4051 computus,
2603 3985 2663 4038 ut
2688 3981 2954 4040 Christum
2984 3983 3304 4055 lucrifacias,
3331 4003 3459 4059 ergo
3481 3981 3688 4059 justitia

2099 4069 2185 4126 illa
2217 4087 2246 4126 a
2273 4071 2485 4129 Christo
2533 4071 2882 4144 prohibebat?
2922 4075 3156 4134 Obsecro
3206 4080 3284 4148 te,
3326 4093 3536 4153 expone
3584 4074 3690 4140 hoc

2099 4161 2392 4234 paululum.
2418 4162 2528 4221 Deo
2558 4167 2733 4237 potius
2761 4163 3020 4238 dicamus,
3048 4180 3107 4226 ut
3133 4168 3398 4229 illuminet
3423 4185 3478 4230 et
3506 4189 3626 4243 nos,
3654 4190 3687 4232 α

2098 4265 2204 4328 quo
2232 4256 2345 4330 ipse
2374 4253 2700 4316 illuminatus
2729 4272 2830 4330 est,
2854 4261 2943 4334 qui
2969 4259 3260 4337 Epistolam
3291 4265 3446 4333 istam
3475 4267 3689 4340 scripsit

2095 4349 2270 4414 nobis,
2308 4365 2416 4407 non
2457 4358 2778 4422 atramento,
2807 4356 2901 4411 sed
2928 4350 3126 4428 Spiritu
3163 4353 3257 4415 Dei
3300 4359 3425 4414 vivi.
3455 4351 3684 4432 Videtis,

2098 4439 2421 4512 cliarissimi,
2455 4461 2612 4516 quam
2654 4445 2725 4502 sit
2760 4445 3005 4515 ardUum,
3044 4465 3202 4520 quam
3237 4445 3454 4508 difﬁcile
3492 4452 3687 4510 intelli-

2096 4549 2222 4606 gere
2251 4533 2354 4592 hoc
2381 4553 2393 4590 :
2423 4551 2543 4592 cum
2575 4543 2784 4594 constet
2817 4535 2991 4610 legem
3020 4549 3258 4596 sanctam
3283 4549 3424 4611 esse,
3452 4549 3508 4596 et
3534 4557 3690 4604 man-

2095 4625 2277 4682 datum
2328 4637 2606 4700 sanctum,
2645 4637 2698 4686 et
2730 4631 2966 4704 justum,
3006 4642 3059 4690 et
3101 4633 3339 4702 bonum;
3371 4643 3686 4706 constetque

2093 4721 2315 4776 omnino
2346 4720 2485 4777 inter
2520 4719 2707 4780 fideles
2746 4721 3068 4790 catholicos;
3101 4719 3172 4781 ita
3202 4734 3260 4780 ut
3287 4740 3445 4780 nemo
3472 4725 3683 4783 dissen-

2094 4812 2211 4880 tiat,
2241 4812 2340 4870 nisi
2370 4813 2458 4887 qui
2485 4830 2591 4871 non
2613 4815 2726 4871 vult
2746 4832 2864 4872 esse
2883 4810 3197 4888 catholicus,
3225 4817 3362 4874 banc
3381 4817 3550 4890 legem
3571 4835 3682 4876 non

2098 4902 2273 4960 datam
2318 4906 2419 4962 nisi
2466 4923 2498 4963 a
2537 4907 2762 4965 Domino
2796 4909 2906 4967 Deo
2946 4920 3168 4967 nostro:
3195 4911 3488 4968 secundum
3527 4913 3684 4971 istam

2088 4991 2373 5068 justitiam,
2414 5013 2533 5068 quae
2576 5002 2631 5056 in
2673 4995 2792 5071 lege
2824 5010 2927 5071 est,
2956 4995 3260 5059 conversari
3293 5004 3410 5060 sine
3442 5004 3681 5076 querela,

2093 5087 2533 5162 impedimentum
2577 5091 2742 5148 fuisse
2783 5094 3060 5165 Apostolo,
3090 5111 3159 5153 ne
3184 5093 3390 5154 veniret
3427 5093 3496 5154 ad
3524 5093 3686 5154 Chri-

2091 5188 2271 5248 stum;
2300 5198 2400 5238 nec
2429 5197 2552 5239 eum
2581 5185 2795 5242 venisse
2820 5185 2888 5242 ad
2917 5187 3207 5259 Christum,
3248 5189 3352 5246 nisi
3399 5187 3502 5248 hoc
3537 5191 3682 5264 quod

2090 5267 2190 5326 fuit
2214 5271 2504 5329 secundum
2527 5275 2809 5347 justitiam,
2829 5295 2947 5350 qua:
2967 5279 3020 5334 in
3041 5281 3156 5352 lege
3176 5290 3278 5351 est,
3304 5283 3420 5338 sine
3438 5283 3678 5354 querela,

2091 5364 2233 5421 inter
2272 5365 2470 5424 damna
2508 5375 2565 5424 et
2601 5367 2920 5426 detrimenta
2949 5383 3004 5427 et
3029 5382 3266 5429 stercora
3296 5384 3677 5446 computasset.

2091 5455 2392 5532 Sequamur
2419 5478 2570 5534 ergo,
2593 5473 2646 5520 et
2670 5463 2988 5522 accedamus
3006 5461 3356 5539 aliquantum,
3380 5485 3447 5526 ne
3467 5469 3604 5527 forte
3624 5471 3680 5528 in

2092 5553 2223 5626 ipsis
2262 5555 2439 5612 verbis
2481 5555 2724 5629 Apostoli
2774 5559 3041 5618 elucescat
3081 5563 3235 5618 nobis
3277 5564 3499 5635 aliquid,
3539 5565 3681 5622 unde

2089 5650 2190 5706 ista
2234 5659 2572 5708 removeatur
2609 5661 2666 5708 et
2703 5654 2943 5711 solvatur
2985 5656 3304 5714 obscuritas.
3341 5657 3678 5726 Detrimeuta,

2083 5743 2284 5816 inquit,
2330 5743 2522 5801 credidi
2562 5745 2669 5804 lucc
2708 5749 2897 5812 omnia.
2937 5756 2984 5805 et
3026 5757 3252 5808 stercora
3295 5750 3591 5821 existimari,
3623 5756 3683 5806 ut
