3996 6446
433 333 540 394 919

434 459 694 515 Christum
733 455 1066 528 lucrifaciam.
1094 450 1380 520 lntendite,
1407 449 1650 506 obsecro.
1670 445 1895 512 Damna,
1924 442 2020 498 de-

435 555 705 619 trimenta,
747 559 984 606 stercora
1031 547 1132 602 ista
1178 543 1498 609 existimavi,
1537 543 1590 598 in
1631 540 1823 613 quibus
1863 539 2023 593 etiam

434 646 562 701 illud
607 659 990 709 commemoro,
1026 642 1166 714 quod
1203 641 1393 696 fuerim
1433 639 1548 694 sine
1582 637 1795 708 querela
1833 649 2024 691 secun-

431 738 558 794 dum
595 738 856 808 justitiam
875 779 890 805 ,
921 751 1042 807 quae
1071 735 1124 790 in
1153 735 1268 806 lege
1297 743 1397 790 est.
1427 731 1727 787 Existimavi
1755 743 1883 800 ergo
1916 729 2023 782 htzc

431 831 604 883 omnia
638 829 936 883 detrimenta
964 837 1010 882 et
1035 837 1279 894 stercora,
1309 835 1362 879 ut
1387 823 1640 880 Christum
1681 821 2018 892 lucri/nciam,

431 928 477 972 et
514 919 746 974 inveniar
770 919 822 972 in
852 919 962 983 illo,
995 935 1095 972 non
1126 918 1310 972 habens
1337 932 1500 971 meam
1528 914 1782 986 justitiam
1813 929 1926 982 qua:
1960 928 2022 966 ea:

336 1008 341 1012 ’
430 1009 540 1080 lege
569 1020 660 1065 est.
686 1009 785 1077 Qui
829 1009 1160 1079 praevenistis
1191 1007 1462 1063 intellectu
1489 1006 1897 1077 expositionem,
1930 1019 2019 1056 ar-

429 1100 699 1157 bitramini
723 1118 818 1158 vos
851 1113 1098 1173 tanquam
1125 1103 1334 1158 veloces
1362 1102 1415 1156 in
1440 1102 1522 1156 via
1553 1116 1672 1155 cum
1699 1096 2021 1153 tardioribus

429 1197 724 1253 ambulare.
751 1195 1006 1252 Celeritas
1032 1198 1357 1267 aliquantum
1389 1196 1727 1266 rcprimatur,
1750 1209 1817 1248 ne
1838 1207 2019 1247 comes

431 1288 634 1342 tardior
660 1287 957 1342 deseratur.
992 1288 1059 1342 Ut
1085 1287 1362 1353 Christum,
1393 1286 1585 1357 inquit,
1614 1284 1949 1355 lucrifaciam,
1973 1291 2020 1336 et

427 1377 656 1431 inveniar
675 1379 726 1431 in
747 1379 858 1444 illo,
886 1396 986 1432 non
1007 1379 1193 1433 habens
1220 1395 1379 1432 nteant
1395 1379 1672 1448 justitiam,
1696 1392 1808 1448 qua:
1827 1393 1891 1431 ea:
1915 1375 2021 1447 lege

400 1470 519 1522 'est.
543 1469 598 1525 Si
630 1486 792 1524 meam
820 1471 1050 1536 dixerat,
1083 1486 1247 1540 quare
1286 1469 1486 1524 addidit
1517 1485 1578 1523 ea:
1617 1469 1763 1540 lege?
1791 1468 1847 1524 Si
1876 1469 2017 1524 enim

427 1577 491 1615 ex
523 1562 640 1630 lege
663 1570 766 1626 est,
793 1553 1068 1630 quomodo.
1095 1571 1179 1615 tua
1209 1561 1324 1616 est?
1351 1561 1616 1632 Numquid
1648 1571 1700 1615 tu
1728 1561 1821 1615 tibi
1845 1562 2017 1631 impo-

427 1653 580 1706 suisti
602 1651 966 1722 legem?Deus
997 1653 1166 1724 legem
1185 1653 1350 1719 dedit,
1374 1653 1514 1708 Deus
1541 1653 1713 1724 legem
1744 1653 2010 1722 imposuit,

432 1743 570 1798 Dens
601 1744 707 1813 legi
730 1759 840 1799 sua:
867 1754 918 1798 te
941 1745 1310 1814 obtemperare
1337 1745 1606 1815 praecepit.
1627 1744 1737 1800 Lex
1763 1745 1934 1799 sinon
1964 1754 2018 1799 te

428 1835 647 1888 doceret
666 1835 1112 1904 quemadmodum
1139 1837 1318 1891 vivere
1343 1836 1589 1904 deberes,
1609 1836 1875 1906 quomodo
1896 1852 2019 1907 pos-

428 1941 517 1980 ses
554 1925 753 1982 habere
786 1927 1043 1994 justitiam
1085 1929 1199 1982 sine
1234 1929 1447 1997 querela
1483 1928 1773 1982 secundum
1812 1929 2016 1999 legem?

429 2019 476 2073 si
502 2019 794 2074 secundum
822 2020 994 2090 legem
1019 2020 1206 2088 habes,
1224 2021 1492 2090 quomodo
1511 2021 1664 2089 dicis,
1687 2021 1810 2076 Non
1831 2022 2018 2076 habens

430 2127 594 2164 meam
619 2111 893 2182 justitiam,
925 2129 1035 2182 qua:
1061 2128 1124 2166 ex
1152 2112 1260 2183 lege
1288 2122 1380 2180 est,
1414 2113 1502 2168 sed
1535 2130 1644 2166 eam
1679 2129 1790 2185 qua:
1824 2122 1894 2168 est
1929 2130 2018 2184 per

430 2201 582 2268 ﬁdem
613 2202 815 2264 Christi,
842 2219 955 2272 quis
982 2214 1053 2257 est
1077 2219 1107 2255 a
1129 2201 1271 2256 Deo?

500 2291 726 2348 CAPUT
759 2293 841 2347 Vl.
867 2323 933 2332 —
962 2294 1014 2350 8.
1043 2295 1360 2350 Solutionem
1388 2296 1678 2366 qua’stionis
1703 2297 2014 2368 aggreditur.

427 2381 637 2436 Justitia
661 2400 724 2438 ea:
745 2385 872 2455 lege,
899 2401 1012 2440 cum
1036 2385 1132 2458 legi
1153 2388 1331 2441 timore
1359 2388 1606 2442 obeditur.
1635 2386 1834 2442 Timore
1859 2404 2019 2459 pana:

348 2482 352 2485 '
428 2477 833 2546 concupiscentia
879 2495 980 2533 non
1026 2480 1238 2534 tollitur.
1275 2480 1502 2535 Justitia:
1538 2481 1798 2535 delectatio
1829 2482 2019 2536 donum

428 2565 546 2621 Dei.
578 2567 693 2622 lam
731 2585 858 2640 ergo
892 2571 1064 2626 dicam
1097 2581 1155 2626 ut
1181 2583 1367 2642 potero
1407 2591 1419 2626 :
1462 2573 1668 2628 revelet
1701 2574 1892 2630 melius
1928 2575 2018 2644 qui

432 2673 530 2712 vos
557 2661 811 2729 possidet,
830 2662 995 2718 donet
1008 2673 1063 2718 et
1080 2664 1410 2720 intellectum
1433 2674 1482 2720 cl
1507 2663 1774 2719 affectum.
1792 2666 2021 2720 Donabit

430 2748 572 2802 enim
615 2749 892 2816 effectum,
921 2754 964 2806 si
990 2754 1210 2808 donabit
1247 2753 1494 2810 affectum
1534 2757 1572 2810 ¹.
1605 2757 1716 2813 11οο
1753 2765 1833 2812 est
1874 2758 2017 2812 enim

428 2839 570 2907 quod
601 2841 720 2895 volo
749 2842 930 2898 dicere
960 2862 972 2896 :
1008 2845 1123 2916 lege
1149 2846 1241 2900 Dei
1279 2849 1549 2918 proposita
1571 2887 1586 2914 ,
1619 2849 1731 2918 ipsa
1759 2849 1900 2905 enim
1931 2849 2017 2904 di-

429 2933 536 2997 xit,
568 2933 690 2988 Non
715 2937 1038 3005 concupisces
1084 2937 1276 3009 (Exod.
1312 2955 1419 3005 xx,
1454 2939 1546 3010 16)
1579 2941 1733 3012 :lcge
1759 2957 1888 3013 ergo
1923 2942 2017 2999 Dei

429 3025 732 3092 proposita,
766 3029 1002 3096 exceptis
1034 3030 1139 3084 illis
1169 3032 1472 3087 carnalibus
1501 3035 1866 3101 sacramentis,
1898 3052 2017 3105 qum

427 3115 642 3168 fuerunt
677 3117 879 3172 umbrae
925 3119 1221 3175 futurorum
1251 3137 1266 3174 :
1301 3121 1415 3192 lege
1442 3123 1538 3178 Dei
1567 3125 1835 3194 proposita
1867 3127 2015 3196 quis-

426 3205 544 3274 qnis
572 3206 837 3274 timuerit,
872 3219 925 3262 ct
963 3211 1073 3264 suis
1111 3211 1312 3267 viribus
1343 3228 1462 3268 eam
1504 3215 1728 3284 implere
1762 3232 1821 3272 se
1858 3233 2017 3287 posse

425 3300 721 3366 putaverit,
745 3309 799 3355 et
833 3300 1022 3356 fecerit
1054 3303 1196 3372 quod
1224 3305 1305 3359 lex
1330 3306 1512 3375 jubet,
1544 3322 1651 3362 non
1681 3309 1910 3364 amando
1930 3311 2018 3380 ju-

425 3387 654 3454 stitiam,
684 3390 778 3445 sed
811 3390 1049 3447 timendo
1080 3408 1322 3463 pcenam;
1365 3395 1696 3466 fuitquidem
1723 3400 2014 3456 secundum

420 3476 682 3546 justitiam
701 3523 716 3548 ,
745 3498 864 3552 quae
899 3499 966 3538 ex
1004 3483 1121 3554 lege
1146 3494 1260 3550 est,
1292 3485 1454 3540 homo
1483 3489 1598 3543 sine
1627 3491 1877 3559 querela;
1908 3507 2016 3549 non

425 3569 654 3640 furatur,
679 3588 786 3628 non
807 3574 1091 3645 adulterat,
1117 3592 1223 3632 non
1252 3579 1382 3634 dicit
1405 3580 1594 3636 falsum
1623 3584 2012 3653 testimonium,

427 3675 534 3715 non
573 3661 698 3718 facit
727 3663 1104 3734 homicidium,
1134 3685 1240 3724 non
1271 3673 1600 3743 concupiscit
1635 3690 1748 3730 rem
1786 3679 2013 3747 proximi

425 3753 542 3807 sui:
567 3765 741 3824 potest
760 3756 884 3825 hoc,
909 3768 1084 3828 potest
1104 3759 1372 3828 fortassis;
1394 3763 1560 3819 unde?
1583 3765 1797 3824 Timore
1818 3785 2010 3838 patum.

423 3843 735 3916 Quanquam
766 3848 853 3919 qui
897 3850 1088 3907 timore
1115 3867 1293 3922 patum
1327 3869 1434 3910 non
1475 3858 1839 3928 concupiscit,
1883 3870 2014 3930 puto

423 3935 546 4004 quia
567 3939 916 4008 concupiscit.
939 3940 1166 3997 Terrore
1189 3942 1385 4014 ingenti
1412 3959 1681 4002 armorum
1703 3958 1861 4020 atque
1881 3952 2013 4008 telo-

423 4039 563 4091 rum,
591 4036 644 4082 et
669 4028 1049 4086 circumdantis
1069 4031 1288 4088 forsitan
1311 4036 1667 4094 multitudinis
1689 4040 1772 4095 vel
1798 4041 2010 4098 obviam

423 4115 631 4182 euntis,
660 4118 820 4173 etiam
853 4119 936 4175 leo
971 4133 1253 4178 revocatur
1280 4141 1311 4179 a
1343 4127 1517 4196 praeda
1559 4148 1572 4183 :
1613 4140 1666 4184 et
1708 4141 1883 4187 tamen
1925 4134 2011 4190 leo

424 4207 602 4272 venit,
632 4209 716 4264 leo
755 4211 921 4278 redit;
960 4215 1192 4284 praedam
1232 4233 1338 4272 non
1380 4222 1586 4290 rapuit,
1617 4237 1724 4277 non
1753 4225 2008 4282 malitiam

424 4297 619 4365 posuit.
651 4300 707 4356 Si
734 4301 854 4356 talis
880 4318 960 4372 es,
995 4305 1168 4362 adhuc
1189 4307 1391 4378 justitia
1422 4321 1524 4377 est,
1557 4329 1662 4384 qua
1684 4313 1888 4384 justitia
1917 4317 2010 4374 tibi

422 4389 655 4445 consulis
699 4407 767 4447 ne
808 4398 1123 4464 torquearis.
1164 4398 1302 4467 Quid
1343 4417 1590 4473 magnum
1633 4416 1747 4474 est,
1794 4423 2008 4478 poenam

422 4485 638 4541 timere?
665 4486 794 4555 Quis
819 4503 938 4544 eam
971 4507 1075 4546 non
1105 4493 1283 4549 timet?
1307 4497 1426 4566 quis
1455 4497 1610 4565 latro,
1633 4501 1754 4570 quis
1775 4503 2007 4559 scelera-

421 4585 541 4644 tus,
582 4579 703 4649 quis
743 4581 1014 4638 nefarius?
1052 4584 1157 4640 Sed
1193 4587 1295 4642 hoc
1337 4588 1560 4645 interest
1591 4591 1739 4660 inter
1761 4593 2007 4650 timorem

421 4677 601 4734 tuum;
649 4670 998 4743 timoremque
1028 4674 1284 4746 latronis,
1318 4680 1459 4749 quod
1499 4681 1635 4736 latro
1674 4684 1824 4738 timet
1862 4685 2007 4756 leges

421 4761 694 4816 hominum
717 4805 730 4830 ,
759 4773 814 4819 et
851 4764 974 4820 ideo
1006 4765 1134 4822 facit
1173 4769 1540 4839 latrocinium,
1575 4774 1698 4843 quia
1729 4784 1910 4844 sperat
1946 4793 2007 4834 se

416 4849 601 4909 fallere
629 4855 775 4925 leges
817 4857 1091 4915 hominum
1128 4879 1142 4917 :
1178 4872 1232 4917 tu
1269 4872 1446 4940 autem
1491 4865 1636 4936 leges
1672 4867 1786 4938 ejus
1818 4869 2001 4939 times,

414 4945 530 5014 ejus
566 4961 776 5015 pinnam
810 4949 1000 5020 times,
1030 4968 1188 5023 quem
1218 4953 1403 5011 fallere
1441 4973 1545 5011 non
1577 4968 1748 5028 potes.
1791 4959 1921 5015 Nam
1959 4963 2003 5017 si

416 5036 598 5094 fallere
630 5056 844 5110 posses,
877 5044 1002 5113 quid
1031 5061 1134 5100 non
1176 5046 1433 5102 fecisses?
1473 5049 1614 5121 Ergo
1649 5061 1702 5107 et
1745 5055 2004 5125 concupi-

415 5133 672 5189 scentiam
697 5144 839 5189 tuam
863 5139 1057 5191 malatn
1087 5155 1190 5194 non
1218 5155 1370 5195 amor
1397 5142 1553 5209 tollit,
1578 5145 1670 5200 sed
1701 5146 1858 5202 timor
1881 5163 2006 5218 pre-

415 5223 532 5277 mit.
563 5225 642 5279 Ad
683 5228 826 5283 ovile
858 5231 1004 5284 venit
1032 5230 1220 5299 lupus;
1256 5233 1446 5288 latratu
1476 5251 1665 5292 canum
1691 5248 1745 5294 et
1769 5240 2005 5299 clamore

417 5324 690 5382 pastorum
732 5320 801 5374 ab
848 5322 974 5375 ovili
1021 5339 1267 5379 reversus
1305 5337 1388 5381 est
1428 5327 1584 5398 lupus
1619 5349 1630 5383 :
1668 5329 1783 5401 ipse
1823 5342 2000 5390 tamen

415 5422 628 5476 semper
666 5419 751 5465 est
789 5411 963 5483 lupus.
1005 5412 1062 5469 lu
1095 5432 1248 5472 ovem
1296 5426 1548 5474 vertatur.
1583 5419 1731 5477 Facit
1762 5423 1906 5478 enim
1947 5437 2004 5482 et

413 5495 518 5552 hoc
537 5499 792 5557 Dominus
819 5522 828 5557 :
859 5505 953 5560 sed
975 5507 1088 5578 ipsa
1115 5517 1196 5564 est
1217 5509 1418 5578 justitia
1439 5512 1576 5582 ejus,
1605 5530 1705 5570 non
1737 5525 1843 5570 tua.
1866 5517 1999 5573 Nam

477 5657 874 5733 'stlicnapudtov.
897 5663 1106 5733 additur,
1353 5673 1512 5733 autem
1531 5671 1767 5733 a/Tectum,
1787 5672 1832 5723 si
1855 5674 2003 5726 dona-

411 5722 867 5841 gggtllectwn;
888 5726 1016 5788 quod
1040 5722 1102 5777 ab
1122 5724 1231 5780 aliis
1251 5729 1397 5782 editis
1417 5738 1469 5782 et
1490 5745 1518 5781 a
1538 5722 1714 5785 nostris
1743 5722 2002 5789 limitesli-

1678 324 1734 383 s.
1774 317 2139 383 AUGUSTINI
2176 321 2484 382 EPISCOP!
2564 307 2582 316 ’

2133 441 2386 510 quamdiu
2437 442 2604 501 habes
2653 451 2827 515 tuam,
2873 448 3026 517 potes
3077 445 3267 503 timere
3310 461 3558 519 pinnam,
3611 464 3720 506 non

2129 544 2311 588 amare
2331 533 2615 604 justitiam.

2199 625 2428 683 CAPUT
2467 626 2577 682 Vll.
2603 659 2676 670 —
2699 628 2872 700 Ergo,
2911 629 3104 687 fratres
3133 631 3269 699 mei,
3300 631 3461 688 habet
3492 630 3719 687 delicias

2127 729 2251 770 suas
2277 717 2548 788 iniquitas,
2571 729 2625 776 et
2647 721 2851 791 justitia
2880 737 2986 778 non
3014 723 3208 779 habet?
3229 723 3469 780 Delectat
3489 725 3715 792 malum,

2128 817 2181 862 et
2201 825 2307 864 non
2331 810 2562 867 delectat
2579 813 2815 869 bonum?
2835 815 3072 872 Delectat
3099 816 3317 871 omnino
3339 833 3354 871 :
3375 815 3470 872 sed
3487 857 3504 882 ,
3533 815 3726 869 Domi—

2127 919 2220 957 nus
2263 904 2400 958 dabit
2443 908 2774 975 suauitatem,
2823 918 2871 963 et
2917 919 3051 963 terra
3092 917 3264 964 nostra
3311 909 3450 962 dabit
3493 913 3719 980 fructum

2126 1011 2273 1049 suum
2298 996 2468 1066 (Psal.
2503 1015 2736 1067 Lxxxtv,
2769 1001 2882 1073 15).
2916 999 3008 1054 llle
3037 1001 3142 1056 nisi
3175 1001 3323 1071 prior
3347 999 3440 1056 det
3475 1000 3719 1055 suavita-

2126 1093 2256 1152 tem,
2289 1096 2428 1142 terra
2461 1098 2639 1144 nostra
2669 1105 2776 1145 non
2805 1090 3020 1146 habebit
3044 1091 3148 1146 nisi
3173 1091 3536 1146 sterilitatem.
3565 1091 3718 1145 Hanc

2125 1194 2251 1249 ergo
2281 1181 2542 1250 justitiam
2576 1185 2879 1254 concupivit
2910 1183 3223 1253 Apostolus,
3254 1183 3548 1238 delectatus
3586 1192 3671 1238 est
3699 1198 3716 1239 :

2125 1286 2330 1325 memor
2360 1273 2455 1327 fuit
2485 1274 2609 1340 Dei,
2648 1283 2702 1329 et
2735 1274 3031 1330 delectatus
3060 1283 3144 1330 est
3169 1273 3342 1348 (Psal.
3378 1289 3576 1340 Lxxw,
3605 1272 3661 1343 4)
3701 1289 3717 1328 :

2123 1365 2423 1433 concupivit
2467 1365 2644 1419 anima
2684 1366 2836 1436 ejus,
2869 1376 2924 1422 et
2951 1366 3201 1422 :estuavit
3237 1367 3292 1421 in
3332 1367 3466 1422 atria
3502 1365 3719 1420 Domini

2125 1453 2296 1524 (Psal.
2323 1471 2548 1523 Lxxxnt,
2573 1456 2652 1527 3);
2683 1467 2736 1512 et
2757 1458 3028 1514 viluerunt
3051 1458 3232 1514 omnia
3254 1473 3375 1529 quae
3400 1473 3500 1527 pro
3521 1468 3719 1528 magno

2124 1545 2372 1613 habebat,
2403 1547 2537 1602 facta
2567 1558 2690 1603 sunt
2715 1547 2930 1617 damna,
2958 1549 3275 1605 detrimenta
3296 1589 3311 1614 ,
3342 1557 3603 1603 stercora.

2195 1637 2247 1692 9.
2277 1637 2470 1693 Saulus
2496 1638 2738 1694 Ecclesia:
2766 1650 3083 1711 persecutor,
3119 1642 3238 1710 quia
3267 1641 3525 1711 justitiam
3568 1655 3720 1693 suam

2123 1731 2448 1785 constituens.
2482 1731 2616 1787 Hinc
2641 1733 2784 1788 enim
2812 1743 2937 1788 erat.
2962 1742 3020 1789 et
3045 1733 3174 1788 illud
3194 1775 3208 1800 ,
3237 1734 3381 1803 quod
3417 1734 3720 1790 Ecclesiam
3815 1757 3818 1759 λ

2125 1821 2545 1892 persequebatur
2593 1824 2886 1879 secundum
2933 1825 3325 1880 aemulationem
3372 1834 3718 1894 paternarum

2123 1913 2470 1969 traditionum
2505 1913 2698 1987 (Galat.
2729 1933 2747 1970 ι
2768 1959 2782 1985 ,
2811 1915 2936 1988 14);
2965 1915 3090 1972 inde
3116 1927 3260 1983 erat,
3300 1917 3420 1987 quia
3449 1932 3601 1972 suam
3629 1917 3720 1986 ju-

2124 2005 2322 2060 stitiam
2371 2008 2759 2074 constituebat,
2807 2024 2914 2064 non
2962 2008 3225 2079 justitiam
3273 2010 3368 2066 Dei
3415 2011 3716 2081 quterebat.

2125 2098 2313 2156 Videte
2356 2103 2498 2158 enim
2525 2145 2539 2170 ,
2589 2105 2713 2174 quia
2762 2103 2886 2160 inde
2933 2106 3352 2176 persequebatur
3394 2106 3716 2162 Ecclesiam.

2128 2190 2265 2257 Quid
2286 2208 2404 2263 ergo
2432 2193 2690 2248 dicemus?
2711 2195 2788 2249 ait
2808 2196 2912 2250 alio
2941 2195 3058 2251 loco
3088 2197 3203 2266 ipse
3222 2197 3512 2267 Apostolus
3537 2216 3556 2251 :
3581 2197 3720 2263 Quia

2123 2291 2292 2353 gentes
2325 2301 2437 2354 quia
2476 2302 2577 2340 non
2617 2287 2934 2341 sectabantur
2958 2288 3246 2358 justitiam,
3273 2289 3720 2360 apprehenderunt

2114 2375 2392 2444 justitiam.
2428 2377 2533 2433 Sed
2558 2379 2754 2449 quam?
2778 2377 3039 2434 Justitiam
3072 2393 3239 2436 autem
3261 2398 3374 2453 qua:
3397 2399 3460 2437 ea:
3488 2383 3592 2452 fide
3617 2394 3716 2441 est.

2125 2466 2307 2522 Gentes
2344 2479 2511 2523 autem
2550 2486 2663 2540 qua:
2699 2488 2798 2526 non
2833 2473 3150 2527 sectabantur
3167 2475 3453 2544 justitiam,
3491 2490 3610 2545 qua:
3647 2490 3720 2530 ex

2125 2557 2239 2629 lege
2279 2568 2394 2625 est,
2437 2561 2588 2630 quasi
2633 2562 2902 2632 propriam
2940 2578 3124 2632 suam,
3157 2579 3276 2635 qua:
3313 2564 3376 2619 ﬁt
3410 2564 3478 2620 de
3520 2566 3721 2621 timore

2124 2667 2329 2721 ptenaa,
2357 2667 2465 2707 non
2499 2651 2564 2708 de
2592 2668 2774 2709 amore
2810 2655 3059 2725 justitize;
3099 2656 3221 2726 quia
3261 2673 3362 2712 non
3397 2659 3722 2713 sectabantur

2113 2744 2398 2813 justitiam,
2444 2745 2884 2816 upprehenderunt
2917 2748 3206 2816 justitiam;
3251 2748 3501 2820 justitiam
3546 2761 3719 2804 autem

2122 2850 2238 2903 qua:
2262 2851 2324 2889 ea:
2348 2835 2450 2905 ﬁde
2477 2845 2567 2890 est.
2594 2834 2762 2891 Israel
2785 2846 2980 2904 autem,
3005 2838 3195 2909 inquit,
3225 2855 3525 2909 persequens
3553 2841 3716 2912 legem

2113 2925 2364 2995 justitia,
2414 2927 2469 2981 in
2515 2927 2672 3000 legem
2715 2928 2935 2998 justitia:
2987 2945 3088 2984 non
3141 2932 3360 3001 pervenit
3408 2933 3446 2986 ¹.
3498 2932 3716 3000 Quare?

2125 3016 2259 3082 Quia
2285 3035 2385 3072 non
2409 3034 2472 3072 ea:
2495 3019 2620 3088 ﬁde.
2657 3019 2792 3088 Quid
2837 3028 2946 3085 est,
2997 3021 3129 3088 Quia
3176 3038 3278 3075 non
3314 3038 3378 3076 ea:
3415 3023 3561 3092 fide?
3599 3023 3717 3079 Non

2122 3109 2356 3178 speravit
2387 3110 2437 3164 in
2470 3109 2670 3177 Deum,
2703 3127 2810 3165 non
2839 3111 2982 3166 illam
3016 3112 3203 3181 petivit
3226 3127 3255 3166 a
3285 3113 3424 3176 Deo,
3455 3129 3561 3168 non
3593 3129 3716 3171 cre—

2123 3199 2255 3254 didit
2284 3200 2335 3255 in
2359 3216 2481 3256 eum
2504 3202 2594 3272 qui
2621 3201 2875 3271 justiticat
2905 3202 3124 3272 impium
3160 3203 3332 3274 (Rom.
3366 3221 3439 3270 tv,
3473 3206 3531 3276 5)
3564 3225 3578 3260 :
3609 3223 3716 3262 non

2121 3290 2221 3346 fuit
2249 3292 2439 3348 similis
2466 3294 2754 3349 Publicano
2781 3295 2965 3349 oculos
2991 3295 3046 3350 in
3075 3303 3272 3350 terram
3295 3296 3589 3366 dejicicnti,
3619 3313 3718 3368 pe-

2121 3392 2237 3438 ctus
2265 3399 2420 3440 suum
2450 3386 2802 3456 percutienti,
2829 3396 2883 3442 et
2901 3386 3099 3442 dicenti
3118 3428 3134 3454 ,
3163 3385 3384 3442 Domine
3401 3429 3417 3455 ,
3459 3390 3715 3460 propitius

2048 3489 2056 3496 ‘
2119 3487 2224 3534 esto
2257 3479 2383 3534 mihi
2423 3482 2673 3552 peccatori
2708 3479 2858 3550 (Luc.
2896 3497 3052 3548 xvttt,
3086 3480 3198 3552 15).
3229 3481 3372 3552 Ergo
3412 3499 3717 3553 persequens

2121 3573 2278 3642 legem
2302 3573 2533 3643 justitiat,
2565 3574 2618 3628 in
2644 3573 2804 3646 legem
2830 3574 3050 3645 justitia:
3081 3591 3184 3629 non
3222 3577 3465 3645 pervenit.
3496 3577 3718 3643 Quare!

2124 3664 2256 3731 Quia
2275 3680 2374 3718 non
2391 3681 2453 3719 ea:
2467 3665 2588 3734 ﬁde,
2603 3666 2691 3719 sed
2699 3667 2846 3736 quasi
2864 3682 2928 3720 ea:
2943 3665 3198 3736 operibus.
3216 3665 3553 3733 Olfenderunt
3579 3669 3715 3722 enim

2119 3757 2172 3811 in
2211 3757 2432 3827 lapidem
2460 3758 2753 3825 o/I'ensionis
2783 3757 2960 3832 (Rom.
2997 3776 3050 3815 ιχ
3070 3802 3084 3828 ,
3116 3761 3187 3817 30
3207 3803 3222 3828 ,
3253 3760 3366 3833 5‘2).
3396 3761 3534 3816 Ecce
3571 3763 3716 3818 unde

2118 3847 2308 3904 Saulus
2341 3852 2759 3920 persequebatur
2785 3851 3100 3907 Ecclesiam.
3137 3853 3363 3921 Quando
3398 3855 3540 3909 enim
3583 3870 3714 3925 per—

2117 3941 2440 4010 sequebatur
2465 3941 2780 4009 Ecclesium,
2804 3944 2858 3998 in
2886 3944 3113 4014 lapidem
3135 3945 3448 4002 offensionis
3469 3947 3715 4003 offende-

2116 4029 2226 4086 bat.
2253 4031 2500 4089 Christus
2530 4032 2748 4090 humilis
2783 4035 2839 4090 in
2870 4043 3009 4091 terra
3033 4036 3242 4107 jacebat
3282 4055 3297 4092 :
3332 4037 3386 4093 in
3412 4039 3566 4094 ccelis
3590 4040 3713 4110 qni-

2117 4121 2238 4178 dem
2260 4133 2314 4178 et
2342 4124 2454 4194 ipse
2475 4135 2611 4192 erat,
2639 4126 2810 4181 levata
2837 4125 2930 4182 illo
2949 4142 3112 4183 carne
3131 4143 3227 4182 sua
3247 4144 3278 4182 a
3300 4131 3526 4185 mortuis
3555 4146 3713 4186 resu-

2116 4214 2336 4283 scitata;
2358 4217 2451 4272 sed
2481 4217 2582 4273 nisi
2605 4227 2659 4274 et
2687 4220 2740 4274 in
2766 4230 2906 4275 terra
2929 4219 3170 4278 Christus
3191 4222 3422 4292 jaceret,
3454 4241 3560 4278 non
3588 4225 3708 4293 ipse

2117 4306 2279 4362 Saulo
2304 4306 2588 4374 clamaret,
2625 4309 2759 4376 Quid
2787 4327 2866 4365 me
2891 4311 3234 4382 persequeris?
3261 4313 3401 4383 Ergo
3438 4314 3526 4368 ille
3553 4314 3710 4383 jace-

2113 4398 2239 4466 bat,
2272 4400 2394 4471 quia
2431 4399 2784 4457 humilitatem
2817 4401 3138 4472 prteferebat
3179 4422 3194 4459 :
3235 4404 3323 4460 ille
3363 4404 3706 4473 offendebat,

2113 4493 2234 4562 quia
2268 4507 2372 4546 non
2406 4492 2638 4548 videbat.
2687 4494 2750 4549 Et
2787 4502 2956 4549 totum
2995 4494 3098 4550 hoc
3141 4511 3248 4552 non
3287 4496 3506 4564 videre,
3563 4500 3711 4556 unde

2113 4585 2264 4639 erat?
2291 4586 2366 4640 De
2397 4593 2605 4641 tumore
2639 4587 2921 4656 superbize.
2948 4586 3085 4654 Quid
3111 4599 3228 4655 est,
3263 4590 3339 4645 De
3367 4599 3575 4648 tumore
3613 4607 3711 4648 su-

2112 4677 2348 4746 perbitn?
2377 4678 2535 4744 Quasi
2568 4679 2634 4735 de
2669 4678 2873 4748 justitia
2913 4695 3029 4735 sua.
3069 4681 3152 4736 Ex
3181 4683 3298 4754 lege
3323 4684 3536 4754 quidem
3559 4727 3575 4751 ,
3606 4686 3706 4742 sed

2111 4783 2226 4823 sua.
2254 4769 2389 4837 Quid
2416 4778 2494 4824 est
2517 4812 2532 4837 ,
2558 4770 2637 4825 Ex
2664 4771 2822 4841 lege?
2849 4770 2980 4839 Quia
3010 4773 3062 4826 in
3090 4773 3355 4830 mandatis
3381 4775 3534 4846 legis.
3565 4777 3709 4844 Quid

2111 4870 2212 4929 est,
2243 4861 2319 4916 De
2346 4878 2439 4917 sua
2457 4863 2481 4915 ?
2501 4864 2772 4934 Tanquam
2801 4863 2866 4919 de
2890 4864 3092 4920 viribus
3124 4867 3254 4922 suis.
3284 4868 3450 4922 Amor
3475 4868 3669 4925 deerat
3688 4912 3708 4936 ,

2110 4969 2262 5009 amor
2297 4954 2549 5024 justitiae,
2595 4971 2746 5010 amor
2788 4956 3064 5012 charitatis
3101 4957 3319 5014 Christi.
3351 4960 3414 5014 Et
3442 4961 3585 5017 unde
3625 4963 3708 5018 illi

2109 5046 2300 5102 amor?
2337 5047 2495 5103 Solus
2539 5048 2688 5103 illum
2736 5049 3040 5118 possidebat
3083 5045 3262 5118 timur,
3309 5053 3406 5108 sed
3451 5055 3708 5111 charitati

2109 5147 2349 5195 ventura:
2373 5140 2550 5194 locum
2581 5140 2634 5195 in
2673 5140 2836 5196 corde
2876 5142 3142 5198 servabat.
3170 5144 3300 5199 Cum
3329 5147 3546 5201 saaviret
3577 5163 3710 5202 ere-

2109 5239 2226 5286 ctus
2249 5271 2263 5296 ,
2289 5230 2643 5300 jactabundus
2666 5274 2679 5294 ,
2710 5233 2944 5302 glorians
2968 5234 3107 5304 apud
3145 5235 3290 5304 ipsos
3315 5235 3533 5293 Judzeos
3559 5239 3710 5309 quod

2108 5322 2398 5377 secundum
2427 5323 2814 5378 aemulationem
2842 5335 3178 5395 paternarmn
3207 5327 3557 5385 traditionum
3578 5346 3712 5401 per-

2108 5414 2431 5484 sequebatur
2461 5414 2786 5481 Eeclesiam;
2815 5431 2936 5471 eum
2967 5417 3069 5472 sibi
3111 5419 3386 5475 videretur
3411 5423 3662 5478 excelsus
3681 5466 3702 5490 ,

2108 5505 2308 5559 audivit
2347 5504 2577 5574 desuper
2610 5521 2795 5561 vocem
2837 5507 3045 5562 Domini
3092 5510 3258 5564 nostri
3295 5510 3423 5565 Jesu
3465 5513 3701 5580 Christi,

2103 5598 2214 5668 jam
2244 5597 2296 5651 in
2324 5599 2459 5652 coelo
2485 5597 2740 5666 sedentis,
2774 5609 2826 5653 et
2851 5599 3023 5656 adhuc
3044 5599 3395 5656 humilitatem
3420 5618 3705 5660 commen-

2171 5739 2188 5768 ι
2215 5745 2319 5810 Mss.
2449 5744 2500 5786 et
2513 5737 2734 5800 proximo
2747 5736 2870 5801 loco,
2884 5736 2935 5792 in
2951 5736 3101 5804 legem
3117 5751 3213 5792 non
3233 5748 3451 5806 penem
3463 5753 3487 5807 ;
3519 5742 3707 5799 omissa

2171 5811 2360 5852 ce.1us
2433 5812 2493 5850 ar.
2589 5809 2602 5821 ε
2631 5813 2639 5820 θ

2111 5813 2256 5862 voce,
2273 5809 2493 5861 justttuc.
2589 5809 2602 5821 ‘
2631 5813 2639 5820 '
