4108 6336
372 391 580 457 dantis,
616 386 807 457 Saule,
838 388 1042 459 inquit,
1087 388 1280 455 Saule,
1320 387 1443 459 quid
1485 402 1564 441 me
1603 384 1953 458 persequeris?

372 480 575 535 Durum
599 491 669 534 est
688 479 776 534 tibi
797 480 1032 535 adversus
1050 480 1309 534 stimulum
1328 480 1488 534 calces
1504 479 1699 532 mittere
1718 477 1849 549 (Act.
1870 491 1950 543 ix,

372 573 468 627 bet
488 570 563 642 5).
594 572 813 627 Possem
844 581 895 627 te
921 572 1189 628 dimittere
1217 589 1231 626 :
1263 580 1317 626 tu
1345 571 1488 626 enim
1514 569 1783 627 vexareris
1816 584 1951 640 pun-

371 664 634 719 ctionibus
668 665 801 719 meis
824 705 839 729 ,
868 679 975 719 non
1000 680 1099 735 ego
1124 664 1400 735 frangerer
1422 664 1655 719 calcibus
1682 664 1787 719 tuis
1812 680 1826 718 :
1859 661 1954 718 sed

372 769 477 808 non
504 763 554 808 te
582 754 810 811 dimitto.
853 754 1058 823 Saevis,
1090 767 1143 812 et
1180 759 1456 812 misereor.
1501 757 1635 824 Quid
1664 772 1742 810 me
1782 770 1954 826 perse-

369 847 578 912 queris?
606 847 721 901 Non
753 848 894 903 enim
920 850 1080 904 timeo
1112 858 1184 919 te,
1208 866 1275 905 ne
1301 850 1491 905 iterum
1522 849 1802 919 cruciﬁgas
1823 863 1909 903 me
1934 866 1947 903 :

368 938 462 993 sed
489 938 609 994 volo
637 954 895 1009 agnoscas
917 957 1023 1008 me,
1051 958 1119 997 ne
1140 942 1350 997 occidas
1380 958 1483 996 non
1512 957 1617 1007 me,
1648 941 1743 995 sed
1773 949 1843 994 te.

436 1031 662 1086 CAPUT
691 1032 822 1087 VIII.
839 1035 1011 1089 -10.
1030 1032 1291 1087 Justitiam
1306 1050 1451 1088 suam
1468 1034 1635 1086 horret
1654 1026 1876 1095 Paulus,
1898 1040 1953 1084 ut

368 1122 547 1177 habeat
558 1125 813 1193 justitiam
830 1142 862 1178 a
889 1125 1017 1180 Deo.
1032 1126 1248 1181 Horruit
1268 1140 1395 1197 ergo
1408 1125 1712 1195 Apostolus,
1733 1138 1951 1193 percus-

367 1229 457 1268 sus
474 1224 527 1268 et
544 1224 1076 1284 prostratus,erectus
1087 1226 1141 1271 et
1155 1214 1692 1271 instructus.Factum
1711 1215 1852 1269 enim
1870 1223 1953 1269 est

366 1303 419 1358 in
441 1305 531 1359 illo
554 1323 566 1357 :
590 1304 701 1377 Ego
724 1308 1019 1375 percutiam,
1043 1318 1089 1361 et
1109 1324 1199 1378 ego
1224 1308 1413 1361 sanabo
1436 1305 1613 1375 (Deut.
1642 1322 1816 1372 χχχιι,
1833 1306 1948 1374 59).

298 1430 305 1435 -
364 1396 478 1452 Non
506 1399 649 1453 enim
679 1400 772 1464 ait,
798 1399 1027 1468 Sanabo,
1056 1410 1110 1456 et
1142 1402 1451 1470 percutiam;
1484 1401 1598 1465 sed,
1632 1400 1947 1467 Percutiam,

364 1499 409 1545 et
428 1490 636 1545 sonabo.
672 1492 972 1548 Percutiam
996 1503 1066 1559 te,
1096 1501 1149 1548 et
1174 1493 1312 1548 dabo
1342 1494 1435 1548 tibi
1460 1509 1565 1559 me,
1593 1495 1681 1548 Sic
1710 1503 1949 1563 prostra-

364 1591 448 1638 tus
491 1583 698 1639 horruit
735 1586 994 1655 justitiam
1039 1602 1209 1653 suam,
1249 1587 1301 1641 in
1344 1604 1445 1657 qua
1489 1596 1604 1641 erat
1643 1596 1789 1642 certe
1833 1586 1950 1641 sine

363 1676 599 1746 querela,
630 1678 928 1745 laudabilis,
960 1694 1202 1750 magnus,
1235 1682 1384 1749 quasi
1412 1680 1673 1751 gloriosus
1693 1680 1832 1749 apud
1857 1680 1949 1735 Ju-

364 1768 509 1823 dazos
539 1787 552 1823 :
583 1770 899 1825 detrimenta
930 1772 1270 1839 existimavit,
1300 1773 1493 1826 damna
1528 1773 1773 1841 credidit,
1808 1782 1943 1827 ster-

362 1875 487 1915 cora
515 1862 825 1932 deputavit,
861 1874 915 1918 ut
940 1866 1245 1920 inveniretur
1269 1866 1321 1919 in
1346 1866 1435 1919 illo
1457 1883 1557 1920 non
1587 1867 1772 1920 habens
1803 1884 1947 1921 suam

362 1954 639 2023 iustitiam,
669 1974 780 2026 qua:
818 1975 879 2012 ea:
903 1961 1010 2030 lege
1038 1970 1149 2024 est;
1178 1961 1266 2014 sed
1292 1977 1402 2013 eam
1430 1978 1541 2030 qua:
1569 1979 1657 2030 per
1683 1962 1835 2030 ﬁdem
1878 1972 1948 2015 est

363 2044 567 2114 Christi,
599 2064 713 2117 (μίαν
732 2059 803 2103 est
822 2091 836 2115 ,
871 2050 1066 2120 inquit,
1097 2068 1159 2105 ea:
1186 2050 1314 2105 Deo.
1346 2052 1422 2106 Illi
1450 2061 1629 2107 autem
1656 2054 1743 2123 qui
1774 2054 1946 2107 oll'en-

364 2136 554 2192 derunt
584 2139 635 2193 in
669 2140 897 2209 lapidem
922 2140 1251 2209 olTensionis,
1284 2144 1408 2212 quid
1439 2143 1505 2197 de
1533 2144 1637 2198 illis
1664 2143 1789 2197 dicit
1834 2144 1948 2214 ipse

362 2226 680 2296 Apostolus?
708 2230 842 2294 Quia
861 2247 960 2284 non
980 2272 993 2295 ,
1021 2231 1222 2301 inquit,
1251 2249 1313 2285 ex
1338 2234 1439 2300 ﬁde
1457 2275 1472 2299 ,
1505 2234 1592 2287 sed
1619 2244 1856 2303 tanquam
1886 2251 1949 2289 ex

362 2320 612 2387 operibus.
662 2322 794 2385 Quia
832 2322 928 2390 ipsi
971 2323 1123 2392 quasi
1164 2337 1257 2377 sua
1295 2322 1496 2391 justitia
1529 2322 1847 2390 o/fenderunt
1889 2326 1944 2379 in

362 2408 579 2478 lapidem
619 2408 909 2475 o/fensionis
955 2428 973 2465 :
1020 2413 1148 2466 sicut
1194 2413 1437 2481 scriptum
1476 2423 1587 2481 est,
1640 2415 1772 2469 Ecce
1815 2432 1948 2485 pono

360 2499 412 2552 in
439 2498 566 2554 Sion
594 2501 815 2569 lapidem
840 2501 1134 2569 offensionis
1154 2545 1168 2569 ,
1198 2513 1242 2557 et
1270 2514 1464 2572 petram
1500 2506 1762 2570 scandali;
1792 2517 1838 2561 et
1861 2508 1950 2577 qui

361 2593 629 2646 crediderit
656 2596 708 2648 in
734 2612 865 2663 eum,
894 2612 995 2650 non
1021 2598 1357 2667 confundetur
1382 2596 1559 2666 (Rom.
1589 2615 1640 2653 Ix
1661 2640 1675 2665 ,
1709 2598 1797 2667 52,
1830 2600 1945 2669 55).

360 2684 458 2752 Qui
483 2686 627 2741 enim
655 2688 941 2743 crediderit
972 2690 1024 2743 in
1052 2705 1171 2743 eum
1193 2730 1208 2754 ,
1232 2706 1342 2747 non
1370 2690 1583 2746 habebit
1609 2706 1761 2745 suam
1787 2692 1948 2761 justi~

363 2782 508 2850 tiam,
541 2801 658 2854 quae
679 2802 745 2840 ex
775 2786 890 2857 lege
918 2798 1019 2854 est,
1048 2790 1289 2858 quamvis
1319 2790 1387 2843 sit
1416 2790 1554 2844 bona
1581 2790 1686 2849 lex;
1722 2788 1815 2843 sed
1844 2789 1947 2841 im-

362 2874 524 2943 plebit
548 2876 715 2945 ipsam
744 2878 934 2948 legem,
963 2893 1067 2933 non
1090 2894 1181 2933 sua
1204 2879 1428 2949 justitia,
1459 2880 1551 2934 sed
1574 2880 1695 2934 data
1725 2895 1790 2934 ex
1814 2880 1946 2933 Deo.

362 2965 437 3019 Ita
483 2968 623 3021 enim
676 2984 779 3023 non
821 2969 1193 3025 confundetur.
1241 2971 1485 3027 Charitas
1526 2972 1667 3026 enim
1707 2981 1789 3026 est
1818 2972 1949 3041 legis

361 3057 634 3127 plenitudo
664 3058 772 3131 (Id.
804 3077 916 3129 xm,
953 3064 1063 3133 10).
1097 3064 1163 3117 Ει
1192 3064 1333 3119 unde
1372 3065 1471 3119 ista
1500 3064 1732 3120 charitas
1759 3064 1949 3119 dilfusa

361 3160 443 3204 est
467 3150 519 3205 in
550 3151 798 3207 cordibus
819 3154 1058 3207 nostris?
1082 3153 1197 3209 Non
1227 3156 1409 3226 utique
1445 3172 1474 3210 a
1514 3156 1689 3224 nobis,
1733 3155 1827 3211 sed
1854 3171 1951 3225 per

362 3241 616 3311 Spiritum
645 3257 884 3299 sanctum
925 3246 1016 3316 qui
1056 3247 1210 3301 datus
1236 3257 1319 3302 est
1349 3249 1502 3303 nobis
1530 3247 1638 3317 (Id.
1668 3263 1721 3315 v,
1754 3248 1832 3317 5).
1861 3247 1953 3303 Of-

363 3332 645 3389 fenderunt
669 3351 798 3405 ergo
829 3336 901 3391 illi
943 3337 993 3390 in
1028 3338 1255 3407 lapidem
1296 3339 1626 3405 offensionis,
1658 3348 1713 3393 et
1741 3349 1949 3408 petram

361 3426 616 3481 scandali.
644 3427 713 3482 Et
741 3428 814 3481 ait
838 3429 903 3483 de
933 3430 1036 3483 illis
1078 3447 1091 3483 :
1135 3429 1377 3497 Fratres,
1408 3430 1536 3484 bona
1574 3432 1804 3485 voluntas
1833 3431 1950 3500 qui-

362 3518 473 3571 dem
502 3519 670 3573 cordis
694 3521 809 3586 mei,
840 3530 885 3574 et
909 3520 1193 3590 deprecatio
1214 3524 1282 3574 ad
1308 3521 1469 3575 Deum
1496 3539 1588 3592 pro
1608 3523 1712 3577 illis
1734 3524 1786 3575 in
1812 3524 1953 3577 salu-

363 3618 483 3662 tem.
528 3609 857 3677 Deprecatur
887 3612 1173 3680 Apostolus
1211 3627 1309 3681 pro
1349 3626 1453 3666 non
1492 3612 1851 3679 credentibus,
1896 3621 1954 3668 ut

360 3699 619 3765 credant;
654 3714 750 3769 pro
774 3702 1012 3766 aversis,
1054 3711 1112 3757 ut
1148 3711 1563 3757 convertantur.~
1586 3702 1790 3758 Videtis
1828 3704 1951 3773 quia

362 3810 462 3849 nec
492 3795 604 3864 ipsa
630 3796 910 3851 conversio
937 3797 1052 3851 sine
1082 3796 1173 3850 Dei
1200 3796 1483 3865 adjutorio.
1513 3795 1835 3867 Deprecatio,
1866 3796 1950 3850 in-

362 3890 476 3959 quit
499 3931 512 3952 ,
542 3890 610 3943 ad
634 3888 797 3943 Deum
821 3906 912 3959 pro
942 3890 1046 3945 illis
1070 3891 1138 3943 ad
1164 3889 1399 3945 salutem.
1432 3890 1794 3944 Testimonium
1820 3891 1952 3944 enim

366 3981 620 4049 perhibeo,
651 3981 769 4050 quia
790 3981 954 4035 zelum
982 3979 1080 4035 Dei
1111 3982 1309 4035 habent.
1343 3981 1429 4036 Sic
1463 3980 1691 4037 habebat
1717 3991 1770 4036 et
1794 3981 1907 4051 ipse
1936 4000 1949 4037 :

367 4073 538 4127 zelum
588 4073 683 4127 Dei
741 4072 986 4127 habebat.
1041 4072 1147 4127 Sed
1199 4072 1468 4142 quomodo
1524 4073 1639 4142 ipse
1688 4071 1951 4128 habebat?

368 4163 645 4230 Quomodo
673 4164 748 4218 illi
773 4164 1040 4218 habebant
1070 4184 1082 4217 :
1108 4163 1215 4219 Sed
1241 4180 1343 4217 non
1367 4164 1641 4218 secundum
1667 4166 1947 4220 scientiam.

366 4254 502 4320 Quid
526 4264 609 4309 est
632 4254 752 4321 hoc,
776 4272 876 4308 non
896 4256 1173 4309 secundum
1199 4256 1486 4310 scientiam?
1498 4255 1800 4327 Ignorantes
1820 4258 1952 4310 enim
1969 4241 1977 4247 ’

373 4345 462 4399 Dei
475 4347 762 4415 justitiam,
788 4356 833 4399 et
872 4363 1016 4400 suam
1054 4346 1272 4401 volentes
1309 4349 1628 4401 constituere.
1662 4346 1814 4403 Unde
1853 4348 1953 4403 iste

369 4446 642 4492 correctus
672 4438 861 4507 inquit,
888 4437 1010 4492 Non
1037 4439 1225 4493 habens
1250 4455 1410 4492 meam
1432 4440 1704 4509 justitiam.
1748 4439 1823 4492 llli
1854 4454 1951 4493 vo-

370 4529 486 4583 lunt
513 4522 660 4584 suam
685 4532 1030 4595 constituere,
1060 4530 1233 4584 adhuc
1262 4545 1356 4584 eos
1382 4530 1610 4585 delectat
1636 4531 1689 4584 in
1718 4539 1953 4585 stercore

368 4624 566 4691 jacere.
596 4621 707 4691 Ego
737 4636 841 4676 non
873 4620 1044 4675 habeo
1071 4636 1245 4675 meam
1265 4621 1547 4691 justitiam,
1579 4620 1811 4676 sedeam
1834 4638 1953 4692 qua:

367 4722 451 4766 est
471 4727 567 4782 per
591 4711 749 4767 ﬁdem
777 4711 994 4778 Christi,
1019 4711 1279 4781 justitiam
1310 4726 1374 4766 ex
1406 4713 1535 4779 Deo;
1554 4711 1833 4782 justitiam,
1866 4712 1953 4767 in-

368 4820 549 4875 quam,
580 4819 646 4859 ex
668 4804 797 4869 Deo,
822 4803 913 4874 qui
930 4803 1185 4873 justiﬁcat
1213 4804 1454 4873 impium.

437 4896 667 4953 CAPUT
708 4895 797 4949 IX.
819 4924 892 4935 --
918 4896 1005 4949 Il.
1035 4894 1248 4948 Justitia
1271 4895 1413 4949 nobis
1457 4910 1575 4949 vera
1613 4911 1715 4949 non
1756 4904 1828 4950 est
1858 4894 1955 4951 nisi

369 5006 433 5043 ea:
456 4990 639 5060 gratia.
669 4988 821 5043 Tolle
842 4996 915 5055 te,
940 4988 1087 5051 tolle,
1118 4988 1355 5057 inquam,
1388 4996 1441 5042 te
1464 4996 1590 5053 ate,
1620 4988 1846 5058 impedis
1870 4998 1951 5044 te:

369 5083 413 5135 si
445 5090 503 5135 tu
536 5090 585 5136 te
614 5080 865 5147 aediﬁcas,
885 5080 1091 5133 ruinam
1123 5078 1372 5134 aediﬁcas.
1400 5079 1513 5133 Nisi
1545 5080 1800 5135 Dominus
1829 5081 1959 5135 :edi-

370 5172 607 5228 ticaverit
627 5173 865 5239 domum,
890 5172 941 5225 in
968 5187 1163 5225 vanum
1188 5170 1564 5226 laboraverunt
1583 5172 1669 5241 qui
1690 5170 1957 5227 a:dilicant

370 5280 486 5319 eam
521 5264 689 5336 (Psal.
721 5280 911 5330 cxxvt,
937 5265 1011 5336 l).
1038 5264 1153 5320 Noli
1173 5279 1301 5334 ergo
1319 5265 1454 5320 velle
1484 5265 1679 5319 habere
1698 5263 1955 5334 justitiam

372 5364 536 5410 tuam.
581 5354 738 5412 Certe
774 5373 842 5412 ex
895 5358 1012 5427 lege
1040 5366 1140 5423 est,
1173 5372 1365 5426 nempe
1411 5372 1475 5411 ex
1518 5356 1638 5426 lege
1663 5365 1783 5411 est:
1813 5365 1958 5412 certe

374 5448 517 5503 Deus
540 5449 689 5504 dedit
713 5450 905 5519 legem,
937 5458 991 5504 et
1016 5448 1356 5519 quiajustitia
1376 5462 1441 5503 ex
1472 5448 1590 5520 lege
1618 5457 1721 5515 est,
1752 5464 1856 5503 non
1888 5449 1959 5503 sit

372 5549 480 5593 tua.
514 5541 802 5610 Apostolus
830 5540 1023 5595 Paulus
1070 5539 1337 5609 loquitur:
1362 5538 1490 5592 mihi
1533 5549 1775 5593 amantes
1802 5539 1960 5608 justi-

376 5631 499 5685 tiam
525 5648 675 5687 suam
705 5649 811 5687 non
837 5631 1248 5687 calumniantur.
1283 5630 1420 5686 Ecce
1454 5631 1538 5685 ubi
1566 5630 1715 5685 illum
1745 5630 1909 5685 babes
1939 5647 1953 5685 :

375 5724 544 5795 aperi,
566 5724 704 5797 lege,
735 5724 877 5797 audi,
907 5724 1049 5783 vide.
1081 5724 1247 5781 Tuam
1271 5724 1533 5798 justitiam
1578 5724 1688 5782 noli
1715 5723 1950 5783 habere:

1735 265 1965 326 SERMO
2000 265 2233 325 CLXIX.

2061 392 2297 439 stercora
2327 384 2470 439 illam
2496 385 2714 456 deputat
2754 386 3061 457 Apostolus,
3086 386 3329 459 quamvis
3371 386 3441 443 sit
3480 404 3545 445 ex
3570 389 3651 446 le-

2059 491 2146 545 ge,
2170 485 2346 531 tamen
2373 479 2495 549 quia
2516 494 2685 535 suam.
2712 479 3011 551 Ignorantes
3031 481 3164 535 enim
3188 480 3285 534 Dei
3299 481 3572 553 justitiam,
3604 492 3657 538 et

2059 585 2205 623 suam
2228 571 2446 625 volentes
2483 574 2781 627 constituere
2800 573 3032 643 justitia,
3052 573 3147 627 Dei
3176 590 3278 627 non
3302 583 3417 628 sunt
3442 574 3653 645 subjecti

2060 659 2239 731 (Rom.
2272 678 2327 727 ι,
2358 664 2501 733 1-3).
2531 663 2649 718 Noli
2681 673 2867 734 putare
2895 665 3015 735 quia
3059 665 3378 721 cbristianus
3420 668 3647 735 vocaris,

2060 754 2180 810 ideo
2226 764 2277 809 te
2333 771 2438 811 non
2483 772 2640 826 posse
2672 757 2943 813 oii‘eudere
2970 758 3020 812 in
3042 759 3273 828 lapidem
3314 759 3645 816 otlensionis.

2057 844 2221 915 Cujus
2248 848 2431 917 gratiae
2460 847 2709 918 derogas,
2762 850 2814 903 in
2845 850 3015 919 ipsum
3068 850 3316 906 oll'endis.
3362 851 3533 906 Minus
3562 861 3649 910 est

2060 938 2331 994 ollendere
2353 940 2625 994 Christum
2648 942 2698 994 in
2720 955 2880 996 cruce
2903 941 3241 1011 pendentem,
3259 958 3419 1015 quam
3438 944 3488 997 in
3510 945 3648 1001 caelo

2059 1032 2351 1087 sedentem.
2376 1033 2583 1088 iustitia
2602 1034 2690 1100 sit,
2722 1034 2815 1087 sed
2847 1050 2908 1089 ex
2933 1036 3099 1104 gratia
3136 1037 3222 1101 sit,
3257 1052 3286 1091 a
3318 1038 3425 1091 Deo
3441 1038 3531 1092 tibi
3546 1037 3644 1103 sit;

2059 1138 2161 1177 non
2196 1132 2282 1177 tua
2308 1123 2396 1177 sit.
2430 1124 2728 1179 Sacerdotes
2745 1126 2837 1190 tui,
2868 1126 3056 1195 inquit,
3080 1126 3355 1181 induantur
3387 1128 3645 1197 justitiam

2058 1214 2228 1285 (Psal.
2262 1230 2453 1282 cxxxn,
2489 1216 2601 1288 16).
2635 1216 2805 1271 Vestis
2851 1218 3125 1285 accipitur,
3155 1234 3260 1273 non
3303 1234 3422 1273 cum
3441 1221 3647 1290 capillis

2057 1306 2328 1360 nascitur:
2358 1321 2549 1375 pecora
2593 1306 2661 1361 de
2704 1323 2801 1361 suo
2836 1308 3151 1361 vestiuntur.
3202 1310 3347 1364 llanc
3394 1311 3648 1380 praedicat

2055 1400 2327 1466 apostolus
2354 1400 2583 1455 Paulus:
2614 1416 2644 1454 a
2667 1401 2777 1455 Deo
2828 1400 2923 1454 tibi
2954 1402 3041 1454 sit.
3074 1400 3239 1456 Geme
3269 1411 3327 1456 ut
3355 1403 3643 1472 impetres’,

2054 1491 2210 1546 Plora
2239 1501 2295 1546 ut
2323 1494 2594 1564 impetres,
2624 1494 2784 1549 crede
2814 1503 2870 1549 ut
2901 1494 3172 1564 impetres.
3207 1497 3326 1561 Qui,
3357 1498 3545 1567 inquit,
3569 1499 3648 1552 in-

2054 1586 2297 1639 vocaverit
2326 1602 2506 1639 nomen
2537 1585 2761 1653 Domini,
2812 1587 2979 1639 salvus
3010 1588 3103 1640 erit
3128 1586 3285 1658 (Joel.
3331 1604 3387 1655 ιι,
3419 1589 3531 1659 δε).
3564 1591 3644 1644 An

2056 1678 2247 1745 putatis
2273 1679 2349 1732 sic
2370 1679 2567 1733 dictum
2598 1692 2735 1745 esse,
2767 1679 2864 1745 Qui
2886 1680 3182 1733 invocaverit
3210 1697 3388 1735 nomen
3418 1682 3642 1747 Domini,

2052 1771 2219 1823 salvus
2250 1772 2379 1837 erit;
2401 1772 2521 1841 quia
2547 1787 2575 1825 a
2624 1771 2805 1836 febre,
2837 1781 2972 1825 auta
2997 1784 3179 1841 peste,
3208 1782 3297 1827 aut
3320 1789 3349 1827 a
3391 1774 3641 1843 podagra,

2052 1870 2143 1913 aut
2173 1861 2352 1931 aliquo
2395 1861 2579 1915 dolore
2608 1863 2890 1932 corporis?
2917 1863 3029 1916 Non
3058 1865 3154 1929 sic,
3197 1864 3289 1917 sed
3322 1864 3489 1917 salvus
3531 1866 3643 1930 erit,

2047 1952 2223 2021 justus
2266 1953 2388 2007 erit.
2441 1953 2575 2021 Quia
2604 1971 2705 2007 non
2734 1962 2803 2007 est
2831 1970 2956 2023 opus
2976 1956 3112 2009 sanis
3139 1956 3382 2021 medicus,
3409 1956 3496 2009 sed
3518 1956 3648 2009 male

2052 2044 2366 2100 habentibus.
2388 2046 2645 2116 Exposuit
2670 2061 2788 2101 cum
2821 2048 2975 2113 dixit,
3003 2046 3125 2101 Non
3143 2049 3252 2102 veui
3269 2066 3445 2104 vocare
3457 2051 3643 2120 justas,

2049 2134 2138 2188 sed
2169 2145 2451 2203 peccatores
2477 2136 2688 2206 (Matth.
2720 2154 2772 2191 ιι
2800 2138 2887 2203 I2,
2917 2138 3026 2208 15).

2120 2227 2348 2282 CAPUT
2380 2227 2449 2282 Χ.
2470 2258 2535 2267 -
2562 2228 2647 2281 ιε.
2686 2228 2935 2299 Magnum
2978 2240 3052 2283 est
3087 2246 3383 2300 cognoscere
3417 2232 3645 2287 virtutem

2050 2319 2435 2371 resurrectionis
2478 2319 2684 2373 Christi.
2733 2320 3054 2374 Resurrectio
3108 2332 3281 2375 nostra
3344 2322 3644 2376 mirabilior.

2051 2407 2240 2465 Videte
2273 2424 2400 2479 ergo
2422 2410 2547 2479 quid
2572 2411 2833 2480 sequitur.
2858 2410 2924 2464 Et
2949 2412 3197 2479 inveniar,
3228 2413 3428 2483 inquit,
3456 2414 3509 2467 in
3530 2414 3642 2479 illo,

2053 2516 2153 2553 non
2175 2500 2363 2555 habens
2393 2517 2557 2554 meam
2586 2502 2863 2571 justitiam,
2892 2519 3005 2572 qua:
3032 2519 3093 2556 ea:
3121 2505 3229 2574 lege
3253 2514 3364 2568 est;
3403 2506 3647 2574 quamvis

2052 2611 2116 2650 ex
2154 2596 2286 2666 lege,
2321 2605 2495 2651 tamen
2544 2597 2868 2651 meam:sed
2913 2614 3025 2650 eam
3070 2613 3183 2668 qua:
3231 2609 3305 2653 est
3356 2616 3445 2669 per
3489 2599 3643 2668 ﬁdem

2052 2684 2275 2750 Christi;
2303 2702 2420 2756 qua:
2448 2688 2760 2757 impetratur
2788 2703 2818 2741 a
2848 2688 2979 2754 Deo,
3014 2704 3127 2757 qua:
3145 2699 3216 2743 est
3243 2705 3305 2743 ea:
3330 2688 3459 2755 Deo,
3479 2692 3643 2761 justi-

2053 2778 2175 2830 tiam
2203 2779 2255 2830 in
2285 2778 2499 2847 ﬁde,_ad
2536 2780 2937 2847 cognoscendum
2976 2796 3110 2845 eum,
3142 2790 3189 2833 et
3214 2781 3443 2835 virtutem
3471 2798 3643 2835 resur-

2052 2872 2287 2924 rectionis
2318 2857 2447 2941 ejus.
2478 2871 2691 2941 Aliquid
2735 2888 2984 2943 magnum
3024 2880 3125 2939 est,
3160 2889 3453 2944 agnoscere
3481 2877 3645 2932 virtu-

2053 2972 2160 3017 tem
2192 2964 2598 3019 resurrectionis
2618 2963 2837 3018 Christi.
2870 2966 2981 3019 Iloc
3013 2968 3206 3034 putatis
3231 2983 3350 3023 esse
3372 2984 3641 3039 magnum,

2053 3055 2172 3124 quia
2199 3070 2412 3110 carnem
2441 3070 2589 3110 suam
2623 3057 2996 3111 resuscitavit?
3040 3059 3370 3129 Ipsamdixit
3390 3062 3641 3118 virtutem

2053 3148 2459 3203 resurrecnonis
2497 3147 2649 3215 ejus?
2677 3148 2868 3204 Nonne
2891 3150 2991 3204 erit
3032 3151 3192 3205 etiam
3239 3163 3417 3207 nostra
3449 3154 3499 3207 in
3541 3155 3646 3210 ﬁne

2054 3239 2236 3294 saeculi
2280 3239 2642 3294 resurrectio?
2692 3239 2881 3296 Nonne
2928 3251 2982 3297 et
3010 3253 3250 3298 nostrum
3301 3246 3646 3315 corruptibile

2054 3330 2156 3385 hoc
2186 3330 2390 3393 (induet
2438 3332 2919 3401 incorruptionem,
2952 3343 3005 3389 et
3047 3336 3273 3391 mortale
3321 3336 3424 3393 hoc
3464 3338 3647 3394 induet

2054 3424 2547 3478 immortalitatem?
2590 3422 2777 3479 Nonne
2817 3426 3085 3495 quomodo
3129 3428 3243 3496 ipse
3288 3431 3579 3485 resurrexit
3613 3445 3645 3486 a

2054 3514 2298 3579 mortuis,
2329 3523 2381 3568 et
2398 3514 2510 3582 jam
2537 3529 2645 3568 non
2673 3514 2919 3579 moritur,
2947 3524 3001 3571 et
3017 3531 3162 3571 mors
3190 3517 3238 3572 ei
3254 3518 3388 3573 ultra
3418 3535 3524 3575 non
3550 3521 3647 3577 do-

2055 3606 2342 3659 minabitur
2371 3605 2549 3675 (Rom.
2573 3621 2647 3672 v1,
2677 3604 2793 3675 9).;
2826 3605 2903 3661 sic
2933 3614 2987 3660 et
3011 3621 3130 3674 nos,
3154 3608 3467 3676 mirabilius,
3493 3621 3551 3667 ut
3570 3612 3641 3667 ita

2054 3696 2272 3751 dicam?
2318 3696 2448 3751 Nam
2480 3698 2621 3753 illius
2651 3713 2776 3752 caro
2806 3713 2912 3753 non
2940 3698 3071 3753 vidit
3095 3701 3513 3772 corruptionem,
3544 3719 3643 3758 no-

2055 3797 2166 3846 stra
2194 3790 2261 3845 de
2292 3790 2476 3845 cinere
2520 3800 2815 3860 reparatur.
2858 3791 3101 3862 Magnum
3142 3802 3223 3847 est
3250 3794 3493 3864 quidem,
3521 3797 3643 3866 quia

2053 3882 2327 3953 praecessit
2351 3882 2403 3937 in
2424 3883 2689 3953 exemplo,
2714 3892 2769 3938 et
2788 3883 2934 3938 dedit
2955 3883 3032 3956 (a)
3055 3885 3205 3940 nobis
3229 3888 3354 3957 quid
3394 3904 3643 3958 sperare-

2056 3989 2175 4029 mus
2204 3992 2218 4029 :
2246 3973 2340 4029 sed
2366 3990 2471 4029 non
2498 3974 2601 4030 hoc
2620 3984 2703 4029 est
2730 3975 2903 4030 solum
2934 3975 3006 4029 illi
3028 3978 3117 4045 qui
3141 3977 3208 4033 de
3225 3978 3427 4047 justitia
3457 3981 3642 4051 loque-

2055 4065 2210 4120 batur
2248 4082 2353 4120 non
2384 4082 2499 4133 sua,
2532 4065 2626 4121 sed
2673 4066 2759 4119 illa
2785 4082 2902 4134 qua:
2932 4082 2996 4121 ex
3025 4067 3133 4123 Deo
3158 4078 3260 4135 est,
3288 4078 3345 4125 et
3371 4070 3443 4125 ibi
3472 4072 3644 4126 nomi-

2055 4156 2200 4211 navit
2246 4156 2493 4211 virtutem
2541 4158 2946 4212 resurrectionis
2983 4156 3180 4213 Christi
3228 4177 3242 4213 :
3290 4175 3519 4232 agnosce
3569 4161 3642 4216 ibi

2050 4249 2484 4320 justiﬁeationem
2538 4258 2703 4304 tuam.
2756 4251 2833 4305 Ex
2881 4251 3024 4307 illius
3062 4253 3203 4307 enim
3252 4254 3643 4310 resurrectione

2050 4341 2423 4412 justiicamur,
2470 4351 2723 4412 tanquam
2764 4358 2793 4395 a
2825 4340 2972 4412 petra
3015 4344 3476 4401 eircumcidamur.
3508 4347 3641 4401 Pro-

2057 4444 2234 4505 pterea
2276 4435 2400 4489 inde
2422 4437 2603 4505 cmpit,
2638 4434 2751 4489 Nos
2777 4453 2951 4490 sumus
2976 4437 3312 4493 circumcisio.
3345 4439 3496 4494 Unde
3532 4438 3641 4493 cir-

2054 4527 2352 4583 cumcisio?
2389 4529 2436 4581 A
2464 4537 2635 4597 petra.
2681 4527 2792 4594 Qua
2823 4529 3012 4597 petra?
3051 4529 3287 4585 Christo.
3332 4529 3643 4598 Quomodo?

2055 4618 2255 4675 Oetavo
2285 4618 2389 4673 die.
2423 4617 2704 4685 Quomodo
2732 4619 3056 4674 ressurrexit
3094 4620 3348 4675 Dominus
3374 4619 3643 4676 dominico

2056 4711 2163 4767 die.
2254 4702 2263 4711 ’

2128 4804 2354 4861 CAPUT
2384 4804 2475 4859 XI.
2499 4805 2675 4859 -—l5.
2706 4802 3014 4873 Justiﬁcatio
3039 4812 3212 4859 nostra
3236 4820 3299 4858 ea:
3332 4804 3517 4875 gratia,
3540 4820 3643 4859 non

2058 4900 2166 4953 sine
2199 4908 2372 4952 nostra
2402 4897 2677 4951 voluntate.
2707 4896 2855 4953 Hanc
2892 4911 3039 4967 ergo,
3069 4896 3259 4951 fratres
3296 4895 3422 4963 mei,
3447 4896 3643 4967 justifi-

2058 4990 2323 5043 cationem
2350 4996 2405 5042 et
2452 4988 2739 5043 habeamus
2769 4988 2823 5042 in
2853 4996 3110 5058 quantum
3161 4986 3439 5054 habemus,
3468 4998 3522 5042 et
3545 5004 3645 5043 au-

2057 5095 2276 5150 geamus
2320 5080 2373 5133 in
2402 5088 2654 5149 quantum
2701 5080 2933 5133 minores
2962 5092 3165 5145 sumus,
3210 5088 3265 5133 et
3306 5078 3645 5147 perﬁciamus

2061 5188 2180 5227 cum
2234 5172 2358 5226 illuc
2405 5173 2730 5236 venerimus,
2784 5171 2871 5225 ubi
2919 5169 3168 5225 dicetur:
3204 5168 3302 5225 Ubi
3344 5180 3436 5236 est,
3486 5187 3641 5237 mors,

2060 5267 2266 5321 victoria
2309 5266 2437 5320 tua?
2476 5264 2559 5318 ubi
2599 5274 2693 5331 est,
2736 5280 2891 5329 mors,
2919 5263 3125 5317 aculeus
3171 5272 3286 5318 tuus
3314 5263 3362 5335 (Ι
3387 5261 3505 5319 Cor.
3548 5279 3644 5333 xv,

2061 5357 2313 5427 55-55.)?
2352 5356 2455 5413 Sed
2498 5364 2663 5411 totum
2701 5370 2768 5409 ex
2811 5355 2957 5410 Deo:
2990 5369 3097 5410 non
3128 5363 3303 5411 tamen
3334 5358 3483 5426 quasi
3522 5355 3647 5411 dor-

2064 5451 2319 5515 mientes,
2349 5465 2456 5504 non
2500 5448 2649 5517 quasi
2692 5456 2749 5501 nt
2794 5462 2898 5502 non
2943 5462 3220 5515 conemur,
3260 5464 3366 5503 non
3394 5448 3543 5517 quasi
3590 5456 3648 5503 ut

2062 5559 2167 5596 non
2194 5542 2436 5595 velimus.
2470 5539 2600 5594 Sine
2631 5539 2896 5593 voluntate
2923 5549 3009 5592 tua
3040 5538 3146 5594 non
3175 5540 3275 5593 erit
3300 5539 3353 5593 in
3379 5538 3646 5608 tejustitia

2063 5633 2176 5689 Dei.
2210 5632 2469 5686 Voluntas
2507 5630 2721 5700 quidem
2765 5647 2870 5686 non
2901 5640 2983 5687 est
3025 5631 3128 5688 nisi
3158 5640 3268 5700 tua,
3289 5630 3495 5702 justitia
3538 5644 3646 5687 non

2126 5736 2198 5799 (tt)
2223 5742 2382 5796 Forte,
2406 5730 2625 5785 ostendit.

3529 5782 3626 5826 ;.l
