4108 6336
353 431 594 498 nondum
615 430 896 500 acceperat
922 423 946 478 τ
970 419 1158 484 Fidem
1199 415 1447 482 habebat,
1476 412 1724 495 virtutem
1769 410 1936 466 babe-

356 530 468 593 bat,
495 539 644 596 spem
676 520 924 586 habebat,
952 515 1210 576 charitate
1249 509 1526 579 ﬂagrabat,
1546 507 1771 562 virtutes
1811 518 1940 572 ope-

354 594 596 682 rabatur,
627 610 976 670 invictissime
1016 602 1357 678 praedicabat,
1387 614 1572 656 omnes
1615 594 1942 668 persecutio-

356 725 457 768 nes
485 705 769 772 tolerabat,
797 701 852 756 in
880 697 1126 756 omnibus
1155 695 1381 766 patiens,
1408 704 1593 746 amans
1621 688 1938 756 Ecclesium,

356 796 771 859 sollicitudinem
809 791 1046 848 omnium
1089 787 1447 844 Ecclesiarum
1487 782 1651 842 corde
1689 789 1937 852 gestans:

353 891 481 965 quid
512 888 746 946 nondum
774 881 1086 954 acceperat?
1118 878 1238 936 Non
1265 878 1383 948 quia
1400 877 1516 948 jam
1537 874 1830 942 acceperim,
1853 879 1942 926 aut

347 963 462 1057 jam
493 980 741 1052 perfectus
777 977 894 1032 sint.
925 972 1063 1043 Quid
1087 980 1170 1030 est
1202 970 1342 1043 quod
1378 967 1548 1026 dicis?
1577 966 1734 1028 Dicis,
1766 973 1819 1019 et
1843 963 1943 1018 tui-

357 1090 578 1143 ramur;
627 1071 784 1136 dicis,
817 1077 872 1125 et
906 1079 1203 1138 stupemus.
1232 1064 1483 1122 Novimus
1515 1061 1658 1118 enim
1695 1058 1818 1143 quid
1850 1074 1942 1113 au-

358 1136 574 1230 diamus
591 1185 604 1222 :
635 1165 761 1237 quid
788 1161 959 1242 dicis?
988 1136 1218 1224 ratres,
1242 1158 1333 1212 ait.
1360 1155 1495 1225 Quid
1514 1164 1595 1211 est
1615 1153 1756 1224 quod
1776 1136 1942 1207 dicis?

359 1260 484 1334 quid
514 1256 689 1330 dicis?
729 1254 840 1327 Ego
879 1269 956 1310 me
994 1269 1093 1306 non
1137 1249 1352 1306 arbitror
1393 1245 1799 1318 apprehendisse.
1839 1242 1945 1298 No-

358 1355 470 1416 lite,
503 1350 692 1424 inquit,
723 1348 777 1402 in
808 1360 894 1401 me
921 1345 1027 1399 falli
1054 1361 1066 1398 :
1100 1343 1221 1412 plus
1247 1356 1331 1395 me
1362 1338 1474 1409 ipse
1503 1337 1626 1392 novi
1651 1351 1810 1407 quam
1826 1349 1940 1390 vos.

359 1447 415 1504 Si
446 1445 628 1502 nescio
652 1440 774 1512 quid
806 1437 936 1496 mibi
964 1437 1135 1500 desit;
1165 1434 1348 1489 nescio
1375 1430 1498 1502 quid
1539 1430 1695 1484 adsit.
1724 1427 1836 1500 Ego
1866 1443 1944 1481 me

359 1540 526 1610 ipsum
554 1551 654 1590 non
697 1532 912 1588 arbitror
943 1527 1355 1601 appreltendisse.
1389 1522 1560 1579 Unum
1604 1532 1771 1576 autent
1797 1539 1816 1576 :
1845 1521 1945 1576 hoc

361 1647 468 1689 non
521 1644 608 1686 me
659 1627 890 1682 arbitror
936 1620 1374 1693 apprehendisse.
1428 1616 1587 1674 Multa
1641 1614 1839 1680 habeo,
1891 1620 1946 1668 et

361 1737 527 1779 unum
581 1718 816 1776 nondum
869 1713 1217 1785 apprehendi.
1265 1710 1432 1764 Unam
1457 1706 1578 1780 petii
1621 1724 1657 1762 α
1701 1705 1941 1773 Domino,

361 1817 494 1872 lianc
531 1813 801 1884 requiram.
854 1808 988 1878 Quid
1030 1805 1229 1878 petisti,
1273 1811 1364 1858 aut
1401 1802 1525 1872 quid
1566 1799 1826 1871 requiris?
1878 1797 1946 1854 Ut

360 1907 632 1970 inhabilem
659 1904 713 1956 in
761 1903 909 1955 domo
939 1897 1147 1952 Domini
1190 1913 1278 1965 per
1308 1910 1477 1948 omnes
1517 1893 1621 1947 dies
1661 1893 1772 1946 vita:
1797 1905 1940 1945 mete.

362 1996 597 2068 thuid?
640 1993 707 2051 Ut
745 1991 1051 2062 coutempler
1086 1988 1465 2043 delectationem
1508 1984 1714 2039 Domini
1755 1981 1940 2053 (Psal.

359 2107 506 2154 xxvi,
535 2087 637 2159 4.).
674 2085 852 2157 Ipsum
883 2091 966 2138 est
993 2097 1178 2146 unum,
1213 2078 1352 2150 quod
1387 2094 1445 2133 se
1473 2077 1681 2132 dicebat
1707 2075 1944 2131 nondum

357 2177 780 2252 apprehendisse
806 2173 1092 2248 Apostolus
1119 2191 1131 2226 :
1160 2180 1217 2226 et
1243 2178 1500 2242 quantum
1537 2168 1615 2226 illi
1655 2167 1856 2234 deerat,
1889 2165 1944 2222 in

363 2284 563 2330 tantum
588 2271 820 2326 nondum
841 2269 1110 2340 perfectus
1133 2273 1269 2321 erat.

429 2364 656 2424 CAPUT
687 2363 825 2422 XIV.
846 2391 917 2403 —
946 2363 1035 2416 17.
1065 2359 1286 2414 Martha:
1323 2366 1368 2412 et
1395 2355 1578 2412 Mariae
1607 2355 1784 2425 ofﬁcia.
1814 2352 1945 2407 Con-

361 2456 640 2527 templatio.
671 2451 1021 2519 Meministis,
1067 2450 1255 2505 fratres
1292 2447 1428 2514 mei,
1457 2445 1776 2515 evangelicae
1802 2443 1945 2499 illius

361 2549 637 2616 lectionis,
688 2547 776 2602 ubi
824 2546 942 2602 dua:
981 2559 1194 2599 sorores
1236 2541 1517 2611 Dominum
1557 2547 1940 2608 susceperunt,

360 2641 563 2698 Martha
606 2648 660 2694 et
703 2636 886 2693 Maria.
936 2636 1092 2690 Certe
1141 2632 1410 2690 recolitis:
1441 2630 1644 2686 Martha
1690 2629 1740 2684 in
1781 2629 1948 2682 multo

362 2732 658 2792 ministerio
678 2728 1092 2786 conversabatur
1112 2733 1167 2780 et
1190 2732 1440 2793 occupata
1463 2729 1578 2775 erat
1599 2720 1738 2776 circa
1763 2734 1946 2772 curam

361 2827 578 2891 domus;
605 2824 798 2896 quippe
831 2818 1114 2876 Dominum
1144 2816 1375 2886 hospitio
1405 2820 1679 2881 receperat
1703 2820 1756 2864 et
1783 2809 1947 2864 disci-

361 2919 516 2993 pulos
540 2917 656 2989 ejus
682 2917 723 2969 ¹.
752 2913 1036 2983 Satagebat
1068 2907 1215 2964 omni
1255 2921 1382 2961 cura
1420 2902 1814 2973 religiosissima
1835 2941 1850 2968 ,
1881 2915 1952 2979 ne

362 3010 534 3068 sancti
561 3007 700 3079 apud
722 3022 838 3064 eam
866 3005 1025 3060 ullam
1053 3008 1356 3074 paterentur
1377 2997 1643 3066 iujuriam.
1667 2994 1803 3048 Cum
1824 3007 1951 3063 ergo

365 3113 506 3170 esset
530 3111 783 3172 occupata
804 3100 944 3154 circa
965 3097 1189 3153 multum
1218 3091 1588 3151 ministerium,
1609 3088 1771 3144 Maria
1798 3101 1952 3140 soror

365 3197 481 3270 ejus
503 3194 720 3253 sedebat
740 3192 806 3248 ad
836 3190 996 3261 pedes
1025 3185 1270 3250 Domini,
1300 3193 1354 3240 et
1377 3183 1596 3238 verbum
1627 3181 1740 3249 ejus
1763 3178 1950 3233 audie-

365 3269 474 3346 bat.
507 3288 596 3344 illa
629 3279 681 3341 in
703 3285 886 3342 labore
915 3276 1370 3344 stomachabunda
1390 3318 1404 3342 ,
1440 3273 1584 3344 quod
1614 3273 1756 3326 illam
1799 3269 1950 3324 vide-

365 3393 449 3442 ret
487 3383 796 3446 sedentem,
832 3388 888 3434 et
920 3377 988 3432 de
1025 3376 1135 3431 suis
1167 3371 1441 3428 laboribus
1475 3369 1604 3424 nihil
1639 3373 1948 3432 curantem,

367 3477 724 3547 interpellavit
749 3472 1028 3530 Dominum
1055 3487 1068 3521 :
1101 3466 1313 3532 Placet,
1345 3463 1532 3533 inquit,
1563 3460 1684 3526 tibi,
1711 3458 1947 3524 Domine,

361 3567 501 3642 quod
527 3583 671 3622 soror
685 3580 795 3620 mea
821 3561 1036 3618 deseruit
1060 3574 1156 3622 me,
1187 3564 1233 3610 et
1252 3571 1362 3610 ecce
1387 3562 1577 3608 tantum
1599 3552 1651 3605 in
1675 3549 1951 3603 ministerio

361 3641 584 3717 laboro?
613 3659 680 3714 Et
706 3655 966 3723 Dominus
994 3670 1007 3707 :
1038 3649 1246 3706 Martha
1267 3690 1279 3712 ,
1306 3645 1513 3700 Mart/ta
1535 3686 1547 3708 ,
1580 3644 1712 3696 circa
1738 3641 1953 3694 multum

363 3771 416 3811 es
443 3759 705 3822 occupata.
735 3747 902 3806 Porro
926 3759 1080 3800 unum
1108 3749 1180 3796 est
1209 3737 1560 3794 necessarium.
1583 3733 1752 3786 Maria
1773 3731 1951 3786 melio-

365 3862 470 3902 rem
509 3853 701 3914 partem
731 3839 906 3911 elegit,
943 3851 1055 3903 qua
1079 3849 1181 3892 non
1215 3833 1474 3902 auferetur
1505 3826 1567 3880 ab
1593 3841 1651 3881 ea
1687 3822 1845 3893 (Luc.
1877 3837 1913 3878 ι
1932 3861 1949 3888 ,

363 3934 583 4009 58-42).
605 3935 684 3992 Tu
710 3934 926 3999 bonam,
951 3928 1042 3984 sed
1071 3929 1168 3981 ista
1190 3923 1488 3980 meliorem.
1513 3919 1591 3974 Tu
1616 3917 1808 3972 bonam
1835 3915 1952 3985 (bo-

367 4048 494 4091 num
523 4006 604 4086 est
620 4027 761 4084 enim
789 4023 1094 4081 conversari
1119 4021 1170 4074 in
1194 4015 1450 4087 obsequio
1477 4010 1828 4078 sanctorum),
1857 4006 1954 4064 sed

368 4127 469 4183 ista
483 4122 782 4180 meliorem.
804 4117 1042 4186 Denique
1059 4111 1203 4184 quod
1224 4119 1277 4165 tu
1299 4106 1526 4178 elegisti,
1553 4103 1758 4186 transit.
1775 4101 1952 4156 Minis-

371 4229 478 4276 tras
495 4214 871 4277 esurientibus,
885 4210 1153 4266 ministras
1170 4202 1488 4269 sitientibus,
1505 4199 1775 4254 ministras
1791 4199 1955 4252 lectu-

369 4311 449 4366 los
461 4305 787 4373 dormituris,
807 4302 1010 4374 praebes
1022 4299 1238 4354 domum
1251 4294 1488 4350 habitare
1499 4290 1799 4346 volentibus
1815 4307 1824 4341 :
1841 4304 1956 4344 om-

369 4404 455 4459 nia
484 4403 582 4466 ista
601 4404 895 4455 transeunt.
921 4395 1032 4450 Erit
1052 4402 1259 4462 tempus
1281 4388 1540 4444 ubinemo
1559 4384 1777 4450 esuriat,
1797 4397 1954 4440 nemo

365 4495 543 4561 sitiat,
570 4507 728 4550 nemo
753 4489 981 4546 dormiat
1008 4489 1051 4542 ².
1083 4486 1224 4555 Ergo
1259 4496 1386 4538 cura
1414 4489 1500 4534 tua
1527 4476 1796 4534 auferetur
1819 4491 1849 4532 a
1881 4483 1950 4532 te.

371 4586 542 4642 Maria
570 4584 822 4640 meliorem
847 4579 992 4650 elegit
1019 4584 1230 4649 partem,
1251 4587 1364 4644 qua:
1388 4587 1487 4624 non
1513 4573 1769 4642 auferetur
1787 4565 1850 4619 ab
1875 4582 1952 4620 ea.

373 4679 426 4734 N
429 4697 494 4735 an
511 4683 771 4750 auferetur
794 4691 810 4729 :
825 4670 1176 4741 contemplari
1203 4667 1378 4738 elegit,
1403 4664 1566 4721 verbo
1582 4665 1758 4719 vivere
1774 4662 1952 4732 elegit.

372 4771 552 4841 Qualis
575 4769 677 4826 erit
701 4767 805 4823 vita
831 4766 900 4822 de
930 4763 1107 4819 Verbo
1132 4761 1248 4816 sine
1277 4757 1482 4815 verbo?
1510 4755 1664 4812 Modo
1687 4756 1782 4809 ista
1812 4755 1957 4809 vive-

373 4865 464 4922 bat
489 4863 558 4920 de
583 4862 763 4918 Verbo
781 4903 796 4928 ,
818 4859 916 4916 sed
937 4865 1160 4914 sonante
1181 4854 1362 4910 verbo.
1392 4852 1509 4908 Erit
1534 4852 1639 4907 vita
1666 4850 1734 4906 de
1759 4849 1954 4914 Verbo,

375 4957 520 5014 nullo
547 4963 771 5012 sonante
796 4952 980 5010 verbo.
1010 4949 1189 5020 lpsum
1218 4945 1452 5002 Verbum
1490 4943 1597 4999 vita
1623 4951 1723 4998 est.
1754 4941 1959 4996 Similes

373 5050 420 5105 ei
444 5049 652 5117 erimus,
673 5046 913 5119 quoniam
940 5040 1212 5100 uidebimus
1236 5056 1348 5096 eum
1373 5037 1521 5092 sicuti
1540 5045 1610 5090 est
1633 5032 1676 5108 (l
1699 5033 1856 5088 Joan.
1880 5049 1955 5100 ιιι,

376 5141 454 5216 2).
488 5141 606 5212 lpsa
633 5147 747 5195 erat
779 5151 918 5204 una,
961 5141 1021 5192 ut
1061 5130 1512 5201 contemplaretur
1552 5125 1961 5182 delectationem

377 5234 608 5293 Domini.
665 5232 779 5288 Hoc
815 5231 872 5285 in
903 5226 1084 5288 saeculi
1121 5224 1280 5296 hujus
1313 5229 1470 5279 nocte
1507 5235 1616 5276 non
1661 5233 1958 5289 possumus.

381 5327 537 5384 Mane
554 5328 730 5382 astabo
759 5324 882 5391 tibi,
909 5331 957 5380 et
986 5318 1360 5390 cantemplabor
1385 5314 1555 5389 (Psal.
1586 5329 1640 5380 v,
1670 5311 1748 5386 5).
1783 5313 1924 5382 Ergo
1945 5353 1960 5380 ,

378 5421 492 5494 Ego
512 5463 531 5489 ,
578 5419 778 5493 inquit,
815 5434 894 5474 me
934 5433 1039 5474 non
1071 5413 1294 5470 arbitror
1336 5407 1746 5482 appreltendisse.
1791 5404 1964 5464 Unum

375 5527 568 5576 autem.

443 5683 462 5714 ί
486 5676 791 5744 Manuscripti
804 5716 817 5737 ,
845 5672 977 5726 circa
999 5682 1185 5744 curam.
1204 5675 1354 5719 Domo
1369 5663 1963 5744 quippehnormnﬂumfte.

445 5748 466 5778 ³
490 5753 538 5794 tn
575 5751 621 5793 Β.
647 5732 776 5792 :Erit
799 5732 982 5802 tempus
1003 5733 1086 5787 ubi
1114 5732 1445 5802 nemoesuriat
1467 5741 1617 5802 neque
1635 5732 1795 5794 sitiat,
1825 5736 1968 5781 nemo

383 5806 699 5864 domouna.
717 5800 866 5869 Lugd.
891 5796 944 5857 et
964 5807 1083 5856 ven.
1105 5796 1468 5856 sectilisutnus.
1529 5797 1586 5846 ιι

1793 289 2021 351 δειιιω
2053 292 2262 352 ccxx.
2357 271 2359 274 ’

2117 414 2344 472 CAPUT
2372 415 2488 474 XV.
2511 447 2584 458 —
2605 419 2693 480 18.
2724 419 3103 492 Proﬁcich
3132 440 3328 504 satrapa
3351 425 3405 483 in
3437 427 3517 484 nia
3556 431 3624 484 ad
3653 493 3655 496 q

2050 503 2227 560 Deum.
2258 508 2395 574 Quid
2421 525 2546 583 ergo
2573 513 2748 570 facio?
2777 515 2904 584 Quae
2928 526 3062 573 retro
3083 518 3269 576 oblitus
3288 561 3304 588 ,
3338 519 3392 576 in
3417 535 3476 575 ea
3511 535 3626 591 qum

2048 609 2162 655 ante
2188 612 2302 656 sunt
2330 613 2584 674 extentus,
2623 610 2895 664 secundum
2931 612 3254 668 intentionem
3285 627 3484 682 sequor.
3513 611 3622 670 Ad-

2047 691 2152 747 huc
2198 708 2392 764 sequor
2437 711 2454 750 :
2492 698 2559 750 ad
2602 699 2823 770 palmam
2856 719 3090 774 superate
3127 704 3399 764 vocationis
3439 701 3532 760 Dei
3571 704 3624 760 in

2047 780 2246 838 Christo
2288 783 2432 840 Jesu.
2479 787 2666 844 Adhuc
2705 806 2926 862 sequor,
2957 794 3132 854 adhuc
3170 795 3421 865 proficio,
3451 795 3625 852 adhuc

2050 875 2263 930 ambulo
2286 919 2301 945 ,
2330 878 2501 944 adhuc
2532 881 2583 934 in
2618 882 2700 937 via
2728 899 2865 948 sum,
2897 884 3070 941 adhuc
3100 902 3181 947 me
3211 885 3458 951 extendo,
3491 903 3626 942 non-

2049 965 2171 1022 dum
2205 971 2443 1038 perveni.
2473 973 2610 1042 Ergo
2635 974 2678 1029 si
2706 982 2761 1030 et
2784 985 2836 1031 tu
2867 977 3125 1044 ambulas,
3152 963 3196 1034 si
3221 987 3268 1032 tc
3294 977 3558 1044 extendis,
3578 978 3625 1032 si

2049 1077 2109 1116 ea
2141 1079 2258 1132 qure
2282 1071 2504 1121 ventura
2542 1075 2664 1122 sunt
2705 1068 2938 1137 cogitas;
2970 1069 3287 1126 obliviscere
3317 1071 3618 1141 pratterita,

2049 1154 2155 1210 noli
2182 1155 2234 1210 in
2261 1171 2322 1212 ea
2350 1156 2615 1227 respicere
2638 1199 2654 1224 ,
2681 1174 2748 1214 ne
2780 1160 2848 1214 ibi
2877 1162 3154 1217 remaneas
3183 1163 3272 1218 ubi
3299 1163 3622 1232 respexeris.

2049 1245 2369 1306 Mementote
2394 1251 2574 1304 uxoris
2603 1249 2702 1305 Lot
2732 1249 2892 1323 (Luc.
2917 1267 3045 1317 xvu,
3078 1252 3204 1324 '52).
3236 1253 3486 1325 Quotquot
3509 1270 3626 1325 ergo

2050 1341 2261 1410 perfecti
2278 1383 2295 1408 ,
2324 1343 2417 1398 hoc
2445 1344 2718 1416 sapiamus.
2747 1345 2994 1413 Dixerat,
3035 1346 3148 1401 Non
3177 1363 3294 1404 sum
3323 1350 3584 1420 perfectus
3607 1389 3623 1416 ,

2049 1442 2102 1489 et
2127 1434 2284 1503 dicit,
2318 1436 2570 1509 Quotquot
2591 1439 2818 1511 perfecti,
2850 1441 2943 1494 hoc
2971 1441 3245 1508 sapiamus.
3301 1441 3405 1511 Ego
3429 1457 3626 1496 menon

2049 1527 2265 1582 arbitror
2301 1531 2711 1600 appreltendisse.
2749 1531 3016 1606 Nonquia
3037 1533 3154 1604 jam
3181 1533 3458 1602 acceperim
3480 1572 3496 1597 ,
3539 1539 3628 1586 aut

2039 1621 2154 1692 jam
2189 1624 2438 1693 perfectus
2478 1625 2574 1679 sint
2605 1634 2702 1682 .‘et
2745 1625 2910 1692 dicit,
2957 1625 3207 1695 Quotquot
3246 1624 3489 1696 perfecti,
3532 1624 3628 1679 hoc

2050 1712 2326 1780 sapiamus.
2346 1714 2595 1783 Perfecti,
2623 1726 2677 1772 et
2703 1732 2808 1774 non
2838 1715 3056 1788 perfecti
3089 1732 3105 1771 :
3133 1714 3351 1786 perfecti
3378 1715 3625 1782 viatores,

2049 1803 2284 1860 nondum
2333 1806 2554 1875 perfecti
2591 1823 2950 1879 possessores.
2996 1807 3064 1863 Et
3091 1816 3148 1864 ut
3195 1807 3449 1862 noveritis
3487 1806 3630 1877 quod

2049 1894 2315 1965 perfectos
2356 1898 2582 1973 viatores
2619 1900 2801 1967 dicat;
2849 1900 2938 1970 qui
2960 1899 3072 1969 jam
3116 1899 3172 1956 in
3202 1899 3284 1956 via
3319 1897 3628 1967 ambulant,

2050 1989 2267 2060 perfecti
2296 1991 2524 2048 viatores
2547 2000 2671 2048 sunt
2703 2009 2716 2045 :
2745 2001 2804 2046 ut
2831 1992 2970 2048 scias
2995 1992 3222 2046 viatOres
3247 2005 3368 2045 eum
3397 1989 3628 2056 dixisse,

2048 2097 2156 2136 non
2192 2081 2549 2149 habitatores,
2585 2097 2690 2139 non
2731 2097 3097 2152 possessores;
3126 2081 3250 2138 audi
3284 2079 3425 2152 quod
3451 2083 3628 2152 sequi-

2050 2185 2134 2230 tur
2168 2194 2180 2229 :
2213 2176 2467 2247 Quotquot
2491 2193 2612 2248 ergo
2642 2177 2883 2248 perfecti,
2915 2178 3009 2231 hoc
3033 2175 3308 2246 sapiamus.
3341 2173 3404 2228 Et
3443 2175 3485 2230 si
3513 2173 3634 2244 quid

2048 2269 2194 2325 aliter
2219 2271 2419 2338 sapitis,
2449 2286 2516 2326 ne
2538 2269 2674 2325 forte
2703 2269 2955 2340 subrepat
2972 2270 3138 2334 vobis,
3172 2268 3292 2337 quia
3319 2282 3414 2324 vos
3431 2267 3634 2340 aliquid

2049 2362 2197 2418 estis.
2227 2362 2326 2430 Qui
2351 2371 2530 2417 autem
2560 2377 2619 2418 se
2644 2363 2816 2432 ipsum
2839 2372 2985 2432 putat
3009 2378 3129 2418 esse
3157 2360 3376 2433 aliquid,
3408 2377 3528 2418 cum
3554 2361 3635 2418 ni-

2052 2453 2125 2510 hil
2152 2453 2250 2520 sit,
2282 2469 2340 2508 se
2363 2453 2533 2525 ipsum
2562 2455 2765 2510 seducit
2790 2454 2984 2528 (Galat.
3011 2471 3084 2522 vr,
3115 2454 3192 2528 5).
3225 2455 3293 2510 Et
3320 2453 3410 2526 qui
3441 2469 3500 2510 se
3534 2468 3634 2524 pu-

2051 2553 2128 2600 tat
2156 2547 2351 2616 aliquid
2379 2549 2537 2614 scire,
2568 2548 2792 2602 necdum
2822 2549 2924 2603 scit
2956 2528 3447 2618 iquemadmodum
3476 2561 3637 2616 opor-

2051 2648 2129 2695 tet
2155 2642 2292 2698 scire
2328 2643 2367 2714 (l
2395 2641 2514 2698 Cor.
2545 2659 2658 2705 vui.
2687 2643 2766 2715 Ξ).
2797 2643 2956 2714 Ergo,
2983 2643 3048 2697 Et
3068 2644 3112 2698 si
3131 2644 3251 2717 quid
3271 2643 3416 2698 aliter
3433 2641 3631 2712 sapitis,

2053 2734 2206 2804 quasi
2233 2735 2435 2806 parvuli
2463 2752 2476 2800 ;
2503 2736 2558 2789 id
2581 2753 2777 2808 quoque
2802 2735 2938 2792 vobis
2973 2734 3111 2790 Deus
3135 2735 3390 2790 reuelabit.
3423 2733 3641 2791 Verum-

2053 2835 2218 2880 tamen
2240 2827 2292 2880 in
2311 2843 2408 2898 quo
2431 2828 2744 2898 peruenimus
2769 2869 2783 2894 ,
2823 2829 2874 2882 in
2896 2845 2952 2884 eo
2978 2827 3309 2883 ambulemus.
3343 2826 3412 2884 Ut
3439 2827 3640 2882 revelet

2054 2919 2206 2973 nobis
2239 2919 2375 2972 Deus
2402 2919 2619 2989 etquod
2660 2919 2814 2974 aliter
2853 2919 3087 2988 sapimus
3110 2961 3126 2987 ,
3164 2918 3219 2974 in
3261 2935 3364 2990 quo
3393 2917 3639 2988 perveni-

2054 3025 2173 3064 mus
2191 3050 2206 3073 ,
2239 3027 2341 3064 non
2371 3011 2420 3065 in
2449 3026 2515 3064 eo
2558 3026 2926 3076 remaneamus
2947 3053 2962 3078 ,
2993 3011 3086 3066 sed
3115 3011 3166 3066 in
3193 3026 3258 3067 eo
3283 3011 3636 3072 ambulemus.

2054 3101 2260 3156 Videtis
2285 3103 2405 3172 quia
2432 3105 2662 3160 viatores
2686 3119 2890 3160 sumus.
2939 3105 3121 3160 Dicitis
3140 3148 3154 3172 ,
3185 3105 3322 3173 Quid
3347 3114 3428 3161 est
3452 3105 3640 3160 ambu-

2055 3193 2204 3249 lare?
2231 3194 2468 3248 Breviter
2496 3195 2616 3248 dico
2635 3238 2649 3262 ,
2682 3195 2967 3262 Proliccre;
2997 3211 3064 3250 ne
3086 3198 3219 3251 forte
3244 3212 3350 3251 non
3375 3197 3639 3267 intelliga-

2057 3288 2122 3340 tis
2145 3329 2160 3353 ,
2195 3297 2247 3343 ct
2274 3288 2469 3358 pigrius
2500 3287 2801 3344 ambuletis.
2836 3288 3114 3355 Proticite,
3144 3287 3336 3344 fratres
3356 3289 3497 3355 mei,
3530 3287 3640 3342 dis.

2055 3381 2216 3436 cutite
2247 3397 2340 3437 vos
2361 3396 2573 3450 semper
2594 3381 2707 3436 sine
2730 3380 2874 3446 dolo,
2902 3381 3016 3436 sine
3035 3380 3361 3446 adulatione,
3389 3381 3503 3434 sine
3528 3379 3642 3452 pal-

2055 3474 2290 3544 patione.
2335 3473 2452 3528 Non
2483 3472 2622 3527 enim
2659 3472 2848 3543 aliquis
2874 3482 2957 3527 est
2992 3472 3134 3528 intus
3170 3483 3340 3526 tecum
3360 3513 3377 3539 ,
3406 3473 3488 3526 cui
3515 3487 3643 3527 eru-

2056 3563 2264 3632 bescas,
2293 3573 2347 3620 et
2361 3563 2534 3634 jactes
2561 3573 2631 3620 te.
2667 3564 2760 3620 Est
2786 3563 2878 3626 ibi,
2907 3562 3002 3620 sed
3031 3562 3114 3618 cui
3136 3562 3309 3632 placet
3335 3562 3641 3630 humilitas,

2056 3657 2171 3725 ipse
2216 3665 2266 3711 te
2322 3655 2527 3726 probet.
2579 3653 2748 3712 Proba
2785 3662 2838 3710 et
2887 3663 2937 3710 te
2966 3654 3138 3725 ipsum
3170 3663 3224 3708 tu
3251 3654 3387 3724 ipse.
3416 3652 3640 3723 Semper

2059 3747 2152 3802 tibi
2180 3747 2454 3818 displiceat
2482 3747 2622 3818 quod
2671 3762 2759 3813 es,
2788 3746 2832 3802 si
2873 3745 2954 3802 vis
2985 3742 3267 3817 pervenire
3309 3742 3375 3800 ad
3415 3743 3467 3800 id
3500 3744 3642 3817 quod

2057 3840 2291 3898 nondum
2322 3856 2399 3897 es.
2427 3841 2560 3896 Nam
2592 3841 2679 3896 ubi
2707 3840 2800 3896 tibi
2829 3839 3104 3912 placuisti,
3135 3840 3208 3896 ibi
3239 3839 3558 3894 remansisti.
3585 3837 3644 3894 Si

2057 3945 2233 3990 autem
2277 3935 2510 4002 dixeris,
2556 3935 2796 4003 Sufficit;
2848 3946 2901 3994 et
2937 3935 3162 4006 peristi:
3195 3934 3420 4005 Semper
3467 3931 3600 3990 adde
3625 3972 3640 3999 ,

2057 4043 2269 4100 semper
2295 4029 2544 4096 ambula,
2584 4043 2794 4098 semper
2837 4028 3034 4099 profice
3063 4045 3076 4082 :
3109 4027 3216 4084 noli
3244 4027 3297 4082 in
3342 4028 3426 4081 via
3469 4039 3643 4080 rema-

2058 4141 2187 4179 nere
2211 4166 2224 4190 ,
2257 4124 2362 4178 noli
2390 4132 2531 4179 retro
2569 4123 2745 4178 redire
2767 4162 2782 4188 ,
2827 4122 2932 4177 noli
2961 4121 3197 4178 deviare.
3232 4121 3519 4187 Remanet,
3548 4119 3640 4190 qui

2059 4232 2163 4271 non
2193 4215 2435 4287 prolicit;
2468 4225 2613 4270 retro
2639 4214 2808 4279 redit,
2849 4213 2937 4284 qui
2985 4213 3049 4268 ad
3081 4229 3140 4270 ea
3188 4213 3475 4269 revolvitur
3501 4210 3642 4266 unde

2053 4311 2162 4382 jam
2195 4311 2555 4376 abscesserat;
2584 4309 2789 4372 deviat,
2813 4308 2900 4380 qui
2921 4316 3201 4377 apostatat.
3226 4306 3412 4362 Melius
3440 4305 3480 4360 it
3498 4304 3644 4361 clau-

2059 4401 2157 4459 dus
2184 4404 2236 4458 in
2268 4403 2351 4460 via
2379 4406 2422 4472 ³,
2449 4418 2609 4475 quam
2656 4417 2840 4459 cursor
2868 4411 3064 4474 printer
3090 4400 3250 4458 viam.
3279 4397 3536 4457 Conversi
3571 4395 3640 4454 ad

2059 4495 2339 4554 Dominum
2359 4536 2365 4548 .
2407 4504 2511 4552 etc.

2530 4605 2762 4664 SERMO
2798 4602 2988 4662 CLXX
3014 4607 3034 4632 ί
3063 4602 3166 4678 (α).

2059 4723 2142 4780 De
2189 4725 2373 4779 iisdem
2409 4723 2569 4783 verbra
2611 4723 2838 4795 Apostoli
2863 4765 2877 4788 ,
2911 4719 3170 4788 Philipp,
3196 4731 3311 4788 cap.
3343 4729 3434 4781 ιιι,
3471 4711 3602 4772 6-16
3626 4755 3640 4781 ,

2133 4817 2437 4873 Secundum
2483 4817 2739 4887 justitiam
2765 4829 2883 4884 qua:
2923 4829 2987 4867 ex
3026 4811 3168 4880 Lege
3191 4816 3302 4873 est,
3327 4807 3415 4878 qui
3447 4805 3636 4862 fuerim

2133 4913 2251 4969 sine
2278 4912 2493 4982 querela
2518 4954 2534 4978 ,
2560 4920 2689 4978 etc.,
2723 4909 2880 4980 deque
2904 4906 3062 4961 verbis
3090 4902 3282 4958 Psalmi
3309 4917 3480 4968 cxui,
3513 4902 3568 4967 l,
3585 4901 3640 4967 2,

2140 5005 2344 5060 Exaudi
2372 5019 2458 5059 me
2478 5004 2532 5057 in
2558 5010 2648 5058 tua
2671 5001 2896 5071 justitia,
2924 5008 3061 5064 etc.,
3101 5013 3161 5050 ac
3197 5001 3446 5066 postremo
3480 4994 3541 5047 de
3571 4991 3644 5047 le-

2135 5099 2298 5151 ctione
2319 5093 2578 5168 Evangelii
2597 5093 2830 5160 Ioarmis,
2854 5109 2967 5163 cap.
2989 5105 3067 5156 v1,
3090 5087 3181 5156 59,
3200 5087 3460 5143 Voluntas
3477 5085 3649 5140 Patris

2137 5198 2299 5248 estut
2319 5191 2501 5247 omnia
2525 5205 2643 5260 quae
2664 5187 2810 5244 dedit
2833 5185 2984 5254 mihi,
3009 5199 3113 5240 nou
3136 5189 3378 5254 pereant,
3407 5188 3512 5236 etc.
3545 5178 3646 5252 (lt).

2137 5307 2363 5367 CAPUT
2381 5290 2429 5364 ’1.
2455 5337 2526 5348 --
2556 5306 2607 5361 l.
2633 5303 2843 5360 Iustitia
2868 5317 2931 5359 ea:
2961 5298 3093 5374 Lege
3125 5297 3378 5387 Apostolo'
3406 5295 3650 5352 damnum

2131 5468 2151 5501 ι
2176 5465 2418 5515 Editiones
2433 5459 2689 5525 Er.r_Lugd._
2709 5464 2761 5525 et
2783 5467 2904 5525 Ven.
2929 5454 3144 5525 nondum
3329 5458 3392 5525 tl.

2132 5532 2153 5563 ³
2179 5513 2409 5578 alii
2435 5513 2689 5577 stelius‘i'el
2706 5521 2911 5572 claudus
2929 5559 2943 5582 ,
2961 5519 3058 5579 alii,
3087 5515 3251 5568 melius
3270 5521 3340 5569 est
3359 5513 3581 5570 claudus.

2133 5593 2150 5612 ’
2176 5588 2464 5638 Fruendatus
2490 5595 2563 5637 est
2586 5586 2645 5635 ad
2664 5600 2733 5634 cs.
2759 5583 2818 5634 cl.
2839 5593 2938 5633 Am.
2963 5588 3142 5630 Er.Par.
3168 5583 3276 5631 ιον.

2156 5653 2206 5714 α)
2233 5651 2371 5711 Alias,
2391 5652 2456 5701 de
2491 5660 2713 5711 tempore
2732 5648 2810 5696 49.

2156 5699 2373 5781 ὤςιιιιιιὸ
2402 5699 2418 5700 ⁷7
2431 5699 2710 5767 sermonem
2754 5715 2987 5766 recenset
3029 5705 3265 5762 Possidius
3314 5705 3366 5760 ln
3419 5699 3626 5759 lodicula

2071 5779 2253 5847 cap.'8.
