  <div class='ocr_page' id='page_1' title='image "/cluster/home/n/w/nwhite01/storage/ocr_20150623/38/hvd.32044015706294/469.png"; bbox 0 0 4108 6336; ppageno 0'>
   <div class='ocr_carea' id='block_1_1' title="bbox 524 313 628 374">
    <p class='ocr_par' dir='ltr' id='par_1_1' title="bbox 524 313 628 374">
     <span class='ocr_line' id='line_1_1' title="bbox 524 313 628 374; baseline -0.019 0"><span class='ocrx_word' id='word_1_1' title='bbox 524 313 628 374; x_wconf 61' lang='lat'><strong>927</strong></span> 
     </span>
    </p>
   </div>
   <div class='ocr_carea' id='block_1_2' title="bbox 522 430 2102 496">
    <p class='ocr_par' dir='ltr' id='par_1_2' title="bbox 522 430 2102 496">
     <span class='ocr_line' id='line_1_2' title="bbox 522 430 2102 496; baseline -0.004 -6"><span class='ocrx_word' id='word_1_2' title='bbox 522 437 735 492; x_wconf 74' lang='lat' dir='ltr'><strong>videtur.</strong></span> <span class='ocrx_word' id='word_1_3' title='bbox 765 433 966 490; x_wconf 77' lang='lat' dir='ltr'><strong>Divina:</strong></span> <span class='ocrx_word' id='word_1_4' title='bbox 989 433 1241 489; x_wconf 78' lang='lat' dir='ltr'><strong>lectiones</strong></span> <span class='ocrx_word' id='word_1_5' title='bbox 1259 446 1447 490; x_wconf 89' lang='lat' dir='ltr'><strong>omnes</strong></span> <span class='ocrx_word' id='word_1_6' title='bbox 1475 431 1548 488; x_wconf 85' lang='lat' dir='ltr'><strong>ita</strong></span> <span class='ocrx_word' id='word_1_7' title='bbox 1567 430 1669 489; x_wconf 85' lang='lat' dir='ltr'><strong>sibi</strong></span> <span class='ocrx_word' id='word_1_8' title='bbox 1694 438 2102 496; x_wconf 75' lang='lat' dir='ltr'><strong>connectuntur,</strong></span> 
     </span>
    </p>
   </div>
   <div class='ocr_carea' id='block_1_3' title="bbox 523 526 2108 599">
    <p class='ocr_par' dir='ltr' id='par_1_3' title="bbox 523 526 2108 599">
     <span class='ocr_line' id='line_1_3' title="bbox 523 526 2108 599; baseline -0.004 -15"><span class='ocrx_word' id='word_1_9' title='bbox 523 539 771 599; x_wconf 76' lang='lat' dir='ltr'><strong>tanquam</strong></span> <span class='ocrx_word' id='word_1_10' title='bbox 795 541 896 582; x_wconf 91' lang='lat' dir='ltr'><strong>una</strong></span> <span class='ocrx_word' id='word_1_11' title='bbox 920 527 989 582; x_wconf 87' lang='lat' dir='ltr'><strong>sit</strong></span> <span class='ocrx_word' id='word_1_12' title='bbox 1016 526 1172 583; x_wconf 88' lang='lat' dir='ltr'><strong>lectio</strong></span> <span class='ocrx_word' id='word_1_13' title='bbox 1195 545 1208 582; x_wconf 92' lang='lat'>:</span> <span class='ocrx_word' id='word_1_14' title='bbox 1237 527 1358 598; x_wconf 90' lang='lat' dir='ltr'><strong>quia</strong></span> <span class='ocrx_word' id='word_1_15' title='bbox 1379 540 1567 581; x_wconf 92' lang='lat' dir='ltr'><strong>omnes</strong></span> <span class='ocrx_word' id='word_1_16' title='bbox 1588 540 1652 580; x_wconf 89' lang='lat' dir='ltr'><strong>ex</strong></span> <span class='ocrx_word' id='word_1_17' title='bbox 1679 539 1786 580; x_wconf 93' lang='lat' dir='ltr'><strong>uno</strong></span> <span class='ocrx_word' id='word_1_18' title='bbox 1807 538 1900 579; x_wconf 90' lang='lat' dir='ltr'><strong>ore</strong></span> <span class='ocrx_word' id='word_1_19' title='bbox 1921 536 2108 593; x_wconf 89' lang='lat' dir='ltr'><strong>proce-</strong></span> 
     </span>
    </p>
   </div>
   <div class='ocr_carea' id='block_1_4' title="bbox 519 607 2101 687">
    <p class='ocr_par' dir='ltr' id='par_1_4' title="bbox 519 607 2101 687">
     <span class='ocr_line' id='line_1_4' title="bbox 519 607 2101 687; baseline -0.006 -11"><span class='ocrx_word' id='word_1_20' title='bbox 519 607 670 676; x_wconf 88' lang='lat' dir='ltr'><strong>dunt.</strong></span> <span class='ocrx_word' id='word_1_21' title='bbox 694 618 854 674; x_wconf 85' lang='lat' dir='ltr'><strong>Multa</strong></span> <span class='ocrx_word' id='word_1_22' title='bbox 873 628 996 675; x_wconf 89' lang='lat' dir='ltr'><strong>sunt</strong></span> <span class='ocrx_word' id='word_1_23' title='bbox 1017 634 1110 675; x_wconf 90' lang='lat' dir='ltr'><strong>ora</strong></span> <span class='ocrx_word' id='word_1_24' title='bbox 1131 619 1483 674; x_wconf 82' lang='lat' dir='ltr'><strong>ministerium</strong></span> <span class='ocrx_word' id='word_1_25' title='bbox 1497 618 1759 674; x_wconf 91' lang='lat' dir='ltr'><strong>sermonis</strong></span> <span class='ocrx_word' id='word_1_26' title='bbox 1770 615 2067 687; x_wconf 89' lang='lat' dir='ltr'><strong>gerentium</strong></span> <span class='ocrx_word' id='word_1_27' title='bbox 2087 630 2101 668; x_wconf 90' lang='lat'><strong>:</strong></span> 
     </span>
    </p>
   </div>
   <div class='ocr_carea' id='block_1_5' title="bbox 518 707 2105 781">
    <p class='ocr_par' dir='ltr' id='par_1_5' title="bbox 518 707 2105 781">
     <span class='ocr_line' id='line_1_5' title="bbox 518 707 2105 781; baseline -0.004 -15"><span class='ocrx_word' id='word_1_28' title='bbox 518 711 613 766; x_wconf 86' lang='lat' dir='ltr'><strong>sed</strong></span> <span class='ocrx_word' id='word_1_29' title='bbox 635 727 798 765; x_wconf 91' lang='lat' dir='ltr'><strong>unum</strong></span> <span class='ocrx_word' id='word_1_30' title='bbox 827 719 909 766; x_wconf 90' lang='lat' dir='ltr'><strong>est</strong></span> <span class='ocrx_word' id='word_1_31' title='bbox 928 725 989 766; x_wconf 90' lang='lat' dir='ltr'><strong>os</strong></span> <span class='ocrx_word' id='word_1_32' title='bbox 1019 711 1291 766; x_wconf 89' lang='lat' dir='ltr'><strong>ministros</strong></span> <span class='ocrx_word' id='word_1_33' title='bbox 1310 710 1598 781; x_wconf 91' lang='lat' dir='ltr'><strong>implentis.</strong></span> <span class='ocrx_word' id='word_1_34' title='bbox 1625 707 1938 764; x_wconf 83' lang='lat' dir='ltr'><strong>Audivimus</strong></span> <span class='ocrx_word' id='word_1_35' title='bbox 1976 719 2105 773; x_wconf 86' lang='lat' dir='ltr'><strong>apo-</strong></span> 
     </span>
    </p>
   </div>
   <div class='ocr_carea' id='block_1_6' title="bbox 516 794 2102 872">
    <p class='ocr_par' dir='ltr' id='par_1_6' title="bbox 516 794 2102 872">
     <span class='ocr_line' id='line_1_6' title="bbox 516 794 2102 872; baseline -0.005 -13"><span class='ocrx_word' id='word_1_36' title='bbox 516 803 757 859; x_wconf 90' lang='lat' dir='ltr'><strong>stolicam</strong></span> <span class='ocrx_word' id='word_1_37' title='bbox 786 803 1065 859; x_wconf 85' lang='lat' dir='ltr'><strong>lectionem</strong></span> <span class='ocrx_word' id='word_1_38' title='bbox 1089 843 1104 868; x_wconf 92' lang='lat'><strong>,</strong></span> <span class='ocrx_word' id='word_1_39' title='bbox 1132 812 1186 858; x_wconf 91' lang='lat' dir='ltr'><strong>et</strong></span> <span class='ocrx_word' id='word_1_40' title='bbox 1214 801 1352 857; x_wconf 87' lang='lat' dir='ltr'><strong>forte</strong></span> <span class='ocrx_word' id='word_1_41' title='bbox 1378 802 1606 872; x_wconf 83' lang='lat' dir='ltr'><strong>aliquem</strong></span> <span class='ocrx_word' id='word_1_42' title='bbox 1634 809 1843 856; x_wconf 83' lang='lat' dir='ltr'><strong>moveat</strong></span> <span class='ocrx_word' id='word_1_43' title='bbox 1867 795 2007 868; x_wconf 90' lang='lat' dir='ltr'><strong>quod</strong></span> <span class='ocrx_word' id='word_1_44' title='bbox 2031 794 2102 852; x_wconf 88' lang='lat' dir='ltr'><strong>ibi</strong></span> 
     </span>
    </p>
   </div>
   <div class='ocr_carea' id='block_1_7' title="bbox 516 889 2104 966">
    <p class='ocr_par' dir='ltr' id='par_1_7' title="bbox 516 889 2104 966">
     <span class='ocr_line' id='line_1_7' title="bbox 516 889 2104 966; baseline -0.005 -15"><span class='ocrx_word' id='word_1_45' title='bbox 516 895 773 966; x_wconf 88' lang='lat' dir='ltr'><strong>scriptum</strong></span> <span class='ocrx_word' id='word_1_46' title='bbox 811 904 893 950; x_wconf 90' lang='lat' dir='ltr'><strong>est</strong></span> <span class='ocrx_word' id='word_1_47' title='bbox 916 911 938 950; x_wconf 89' lang='lat'><strong><em>:</em></strong></span> <span class='ocrx_word' id='word_1_48' title='bbox 961 894 1254 950; x_wconf 90' lang='lat' dir='ltr'><strong>Secundum</strong></span> <span class='ocrx_word' id='word_1_49' title='bbox 1268 895 1523 965; x_wconf 78' lang='lat' dir='ltr'><strong>justitiam</strong></span> <span class='ocrx_word' id='word_1_50' title='bbox 1550 909 1662 965; x_wconf 70' lang='lat' dir='ltr'><strong>qua:</strong></span> <span class='ocrx_word' id='word_1_51' title='bbox 1686 908 1748 947; x_wconf 76' lang='lat' dir='ltr'><strong>ea:</strong></span> <span class='ocrx_word' id='word_1_52' title='bbox 1769 893 1882 963; x_wconf 79' lang='lat' dir='ltr'><strong>lege</strong></span> <span class='ocrx_word' id='word_1_53' title='bbox 1900 899 1993 959; x_wconf 69' lang='lat' dir='ltr'><strong>est,</strong></span> <span class='ocrx_word' id='word_1_54' title='bbox 2017 889 2104 961; x_wconf 89' lang='lat' dir='ltr'><strong>qui</strong></span> 
     </span>
    </p>
   </div>
   <div class='ocr_carea' id='block_1_8' title="bbox 515 984 2104 1057">
    <p class='ocr_par' dir='ltr' id='par_1_8' title="bbox 515 984 2104 1057">
     <span class='ocr_line' id='line_1_8' title="bbox 515 984 2104 1057; baseline -0.003 -16"><span class='ocrx_word' id='word_1_55' title='bbox 515 988 698 1057; x_wconf 72' lang='lat' dir='ltr'><strong>fuerim</strong></span> <span class='ocrx_word' id='word_1_56' title='bbox 720 989 828 1042; x_wconf 95' lang='lat' dir='ltr'><strong>sine</strong></span> <span class='ocrx_word' id='word_1_57' title='bbox 841 987 1064 1057; x_wconf 82' lang='lat' dir='ltr'><strong>querela.</strong></span> <span class='ocrx_word' id='word_1_58' title='bbox 1083 986 1209 1054; x_wconf 70' lang='lat' dir='ltr'><strong>Quae</strong></span> <span class='ocrx_word' id='word_1_59' title='bbox 1227 987 1351 1040; x_wconf 90' lang='lat' dir='ltr'><strong>mihi</strong></span> <span class='ocrx_word' id='word_1_60' title='bbox 1371 987 1512 1041; x_wconf 87' lang='lat' dir='ltr'><strong>lucra</strong></span> <span class='ocrx_word' id='word_1_61' title='bbox 1531 987 1750 1056; x_wconf 83' lang='lat' dir='ltr'><strong>fuerunt,</strong></span> <span class='ocrx_word' id='word_1_62' title='bbox 1777 984 1884 1038; x_wconf 78' lang='lat' dir='ltr'><strong>haec</strong></span> <span class='ocrx_word' id='word_1_63' title='bbox 1899 991 2104 1054; x_wconf 84' lang='lat' dir='ltr'><strong>prapter</strong></span> 
     </span>
    </p>
   </div>
   <div class='ocr_carea' id='block_1_9' title="bbox 514 1075 2102 1136">
    <p class='ocr_par' dir='ltr' id='par_1_9' title="bbox 514 1075 2102 1136">
     <span class='ocr_line' id='line_1_9' title="bbox 514 1075 2102 1136; baseline -0.003 -2"><span class='ocrx_word' id='word_1_64' title='bbox 514 1079 770 1136; x_wconf 75' lang='lat' dir='ltr'><strong>Christum</strong></span> <span class='ocrx_word' id='word_1_65' title='bbox 785 1080 974 1134; x_wconf 88' lang='lat' dir='ltr'><strong>damna</strong></span> <span class='ocrx_word' id='word_1_66' title='bbox 994 1095 1100 1134; x_wconf 89' lang='lat' dir='ltr'><strong>esse</strong></span> <span class='ocrx_word' id='word_1_67' title='bbox 1119 1079 1263 1134; x_wconf 70' lang='lat' dir='ltr'><strong>duxi.</strong></span> <span class='ocrx_word' id='word_1_68' title='bbox 1298 1079 1498 1135; x_wconf 86' lang='lat' dir='ltr'><strong>Deinde</strong></span> <span class='ocrx_word' id='word_1_69' title='bbox 1520 1085 1734 1133; x_wconf 89' lang='lat' dir='ltr'><strong>secutus</strong></span> <span class='ocrx_word' id='word_1_70' title='bbox 1756 1076 1856 1132; x_wconf 90' lang='lat' dir='ltr'><strong>ait:</strong></span> <span class='ocrx_word' id='word_1_71' title='bbox 1879 1075 1999 1129; x_wconf 87' lang='lat' dir='ltr'><strong>Non</strong></span> <span class='ocrx_word' id='word_1_72' title='bbox 2017 1092 2102 1129; x_wconf 86' lang='lat' dir='ltr'><strong>so-</strong></span> 
     </span>
    </p>
   </div>
   <div class='ocr_carea' id='block_1_10' title="bbox 514 1166 2100 1234">
    <p class='ocr_par' dir='ltr' id='par_1_10' title="bbox 514 1166 2100 1234">
     <span class='ocr_line' id='line_1_10' title="bbox 514 1166 2100 1234; baseline -0.001 -10"><span class='ocrx_word' id='word_1_73' title='bbox 514 1171 618 1224; x_wconf 89' lang='lat' dir='ltr'><strong>lum</strong></span> <span class='ocrx_word' id='word_1_74' title='bbox 645 1171 850 1234; x_wconf 86' lang='lat' dir='ltr'><strong>damna,</strong></span> <span class='ocrx_word' id='word_1_75' title='bbox 879 1171 970 1225; x_wconf 89' lang='lat' dir='ltr'><strong>sed</strong></span> <span class='ocrx_word' id='word_1_76' title='bbox 998 1172 1147 1225; x_wconf 88' lang='lat' dir='ltr'><strong>etiam</strong></span> <span class='ocrx_word' id='word_1_77' title='bbox 1168 1180 1386 1226; x_wconf 75' lang='lat' dir='ltr'><strong>stercora</strong></span> <span class='ocrx_word' id='word_1_78' title='bbox 1403 1171 1682 1225; x_wconf 73' lang='lat' dir='ltr'><strong>existimavi</strong></span> <span class='ocrx_word' id='word_1_79' title='bbox 1701 1185 1808 1224; x_wconf 90' lang='lat' dir='ltr'><strong>esse</strong></span> <span class='ocrx_word' id='word_1_80' title='bbox 1827 1210 1840 1234; x_wconf 95' lang='lat'><strong>,</strong></span> <span class='ocrx_word' id='word_1_81' title='bbox 1865 1178 1921 1222; x_wconf 89' lang='lat' dir='ltr'><strong>ut</strong></span> <span class='ocrx_word' id='word_1_82' title='bbox 1951 1166 2100 1223; x_wconf 83' lang='lat' dir='ltr'><strong>Chri-</strong></span> 
     </span>
    </p>
   </div>
   <div class='ocr_carea' id='block_1_11' title="bbox 511 1259 2100 1330">
    <p class='ocr_par' dir='ltr' id='par_1_11' title="bbox 511 1259 2100 1330">
     <span class='ocr_line' id='line_1_11' title="bbox 511 1259 2100 1330; baseline -0.003 -14"><span class='ocrx_word' id='word_1_83' title='bbox 511 1274 644 1316; x_wconf 85' lang='lat' dir='ltr'><strong>stum</strong></span> <span class='ocrx_word' id='word_1_84' title='bbox 665 1262 1004 1330; x_wconf 79' lang='lat' dir='ltr'><strong>lucrifacium,</strong></span> <span class='ocrx_word' id='word_1_85' title='bbox 1029 1271 1076 1316; x_wconf 89' lang='lat' dir='ltr'><strong>et</strong></span> <span class='ocrx_word' id='word_1_86' title='bbox 1095 1263 1317 1316; x_wconf 85' lang='lat' dir='ltr'><strong>inveniar</strong></span> <span class='ocrx_word' id='word_1_87' title='bbox 1336 1262 1389 1315; x_wconf 92' lang='lat' dir='ltr'><strong>in</strong></span> <span class='ocrx_word' id='word_1_88' title='bbox 1408 1259 1498 1315; x_wconf 87' lang='lat' dir='ltr'><strong>illo</strong></span> <span class='ocrx_word' id='word_1_89' title='bbox 1516 1276 1615 1314; x_wconf 85' lang='lat' dir='ltr'><strong>non</strong></span> <span class='ocrx_word' id='word_1_90' title='bbox 1631 1260 1818 1314; x_wconf 84' lang='lat' dir='ltr'><strong>habens</strong></span> <span class='ocrx_word' id='word_1_91' title='bbox 1842 1259 2100 1330; x_wconf 88' lang='lat' dir='ltr'><strong>meamju-</strong></span> 
     </span>
    </p>
   </div>
   <div class='ocr_carea' id='block_1_12' title="bbox 511 1351 2100 1426">
    <p class='ocr_par' dir='ltr' id='par_1_12' title="bbox 511 1351 2100 1426">
     <span class='ocr_line' id='line_1_12' title="bbox 511 1351 2100 1426; baseline -0.001 -18"><span class='ocrx_word' id='word_1_92' title='bbox 511 1355 701 1409; x_wconf 87' lang='lat' dir='ltr'><strong>stitiam</strong></span> <span class='ocrx_word' id='word_1_93' title='bbox 718 1370 831 1426; x_wconf 72' lang='lat' dir='ltr'><strong>qua:</strong></span> <span class='ocrx_word' id='word_1_94' title='bbox 855 1371 918 1409; x_wconf 79' lang='lat' dir='ltr'><strong>ea:</strong></span> <span class='ocrx_word' id='word_1_95' title='bbox 937 1355 1043 1425; x_wconf 84' lang='lat' dir='ltr'><strong>lege</strong></span> <span class='ocrx_word' id='word_1_96' title='bbox 1065 1365 1158 1422; x_wconf 86' lang='lat' dir='ltr'><strong>est,</strong></span> <span class='ocrx_word' id='word_1_97' title='bbox 1175 1355 1264 1409; x_wconf 84' lang='lat' dir='ltr'><strong>sed</strong></span> <span class='ocrx_word' id='word_1_98' title='bbox 1267 1355 1525 1424; x_wconf 87' lang='lat' dir='ltr'><strong>justitiam</strong></span> <span class='ocrx_word' id='word_1_99' title='bbox 1548 1370 1661 1425; x_wconf 80' lang='lat' dir='ltr'><strong>qua:</strong></span> <span class='ocrx_word' id='word_1_100' title='bbox 1686 1362 1758 1408; x_wconf 87' lang='lat' dir='ltr'><strong>est</strong></span> <span class='ocrx_word' id='word_1_101' title='bbox 1778 1370 1841 1409; x_wconf 79' lang='lat' dir='ltr'><strong>ea:</strong></span> <span class='ocrx_word' id='word_1_102' title='bbox 1861 1354 1962 1422; x_wconf 85' lang='lat' dir='ltr'><strong>[ide</strong></span> <span class='ocrx_word' id='word_1_103' title='bbox 1974 1351 2100 1407; x_wconf 78' lang='lat' dir='ltr'><strong>Iesu</strong></span> 
     </span>
    </p>
   </div>
   <div class='ocr_carea' id='block_1_13' title="bbox 511 1445 2094 1516">
    <p class='ocr_par' dir='ltr' id='par_1_13' title="bbox 511 1445 2094 1516">
     <span class='ocr_line' id='line_1_13' title="bbox 511 1445 2094 1516; baseline -0.002 -15"><span class='ocrx_word' id='word_1_104' title='bbox 511 1448 715 1502; x_wconf 80' lang='lat' dir='ltr'><strong>Christi.</strong></span> <span class='ocrx_word' id='word_1_105' title='bbox 739 1447 1018 1516; x_wconf 86' lang='lat' dir='ltr'><strong>Quomodo</strong></span> <span class='ocrx_word' id='word_1_106' title='bbox 1037 1450 1179 1502; x_wconf 90' lang='lat' dir='ltr'><strong>enim</strong></span> <span class='ocrx_word' id='word_1_107' title='bbox 1205 1456 1441 1502; x_wconf 82' lang='lat' dir='ltr'><strong>stercora</strong></span> <span class='ocrx_word' id='word_1_108' title='bbox 1459 1447 1787 1502; x_wconf 88' lang='lat' dir='ltr'><strong>existimavit</strong></span> <span class='ocrx_word' id='word_1_109' title='bbox 1808 1454 1862 1501; x_wconf 92' lang='lat' dir='ltr'><strong>et</strong></span> <span class='ocrx_word' id='word_1_110' title='bbox 1881 1445 2094 1512; x_wconf 86' lang='lat' dir='ltr'><strong>damna,</strong></span> 
     </span>
    </p>
   </div>
   <div class='ocr_carea' id='block_1_14' title="bbox 509 1537 2098 1609">
    <p class='ocr_par' dir='ltr' id='par_1_14' title="bbox 509 1537 2098 1609">
     <span class='ocr_line' id='line_1_14' title="bbox 509 1537 2098 1609; baseline 0 -17"><span class='ocrx_word' id='word_1_111' title='bbox 509 1539 802 1594; x_wconf 89' lang='lat' dir='ltr'><strong>secundum</strong></span> <span class='ocrx_word' id='word_1_112' title='bbox 833 1538 1092 1609; x_wconf 88' lang='lat' dir='ltr'><strong>justitiam</strong></span> <span class='ocrx_word' id='word_1_113' title='bbox 1121 1554 1238 1608; x_wconf 69' lang='lat' dir='ltr'><strong>qua:</strong></span> <span class='ocrx_word' id='word_1_114' title='bbox 1267 1554 1331 1592; x_wconf 80' lang='lat' dir='ltr'><strong>ex</strong></span> <span class='ocrx_word' id='word_1_115' title='bbox 1358 1538 1474 1608; x_wconf 89' lang='lat' dir='ltr'><strong>lege</strong></span> <span class='ocrx_word' id='word_1_116' title='bbox 1503 1546 1586 1593; x_wconf 88' lang='lat' dir='ltr'><strong>est</strong></span> <span class='ocrx_word' id='word_1_117' title='bbox 1606 1579 1620 1604; x_wconf 92' lang='lat'><strong>,</strong></span> <span class='ocrx_word' id='word_1_118' title='bbox 1652 1537 1954 1593; x_wconf 86' lang='lat' dir='ltr'><strong>conversari</strong></span> <span class='ocrx_word' id='word_1_119' title='bbox 1982 1537 2098 1592; x_wconf 85' lang='lat' dir='ltr'><strong>sine</strong></span> 
     </span>
    </p>
   </div>
   <div class='ocr_carea' id='block_1_15' title="bbox 508 1627 2097 1700">
    <p class='ocr_par' dir='ltr' id='par_1_15' title="bbox 508 1627 2097 1700">
     <span class='ocr_line' id='line_1_15' title="bbox 508 1627 2097 1700; baseline -0.002 -16"><span class='ocrx_word' id='word_1_120' title='bbox 508 1629 752 1700; x_wconf 84' lang='lat' dir='ltr'><strong>querela?</strong></span> <span class='ocrx_word' id='word_1_121' title='bbox 763 1629 891 1696; x_wconf 87' lang='lat' dir='ltr'><strong>Quis</strong></span> <span class='ocrx_word' id='word_1_122' title='bbox 911 1629 1051 1684; x_wconf 91' lang='lat' dir='ltr'><strong>enim</strong></span> <span class='ocrx_word' id='word_1_123' title='bbox 1068 1629 1240 1699; x_wconf 82' lang='lat' dir='ltr'><strong>legem</strong></span> <span class='ocrx_word' id='word_1_124' title='bbox 1252 1627 1423 1683; x_wconf 87' lang='lat' dir='ltr'><strong>dedit?</strong></span> <span class='ocrx_word' id='word_1_125' title='bbox 1441 1627 1629 1684; x_wconf 87' lang='lat' dir='ltr'><strong>Nonne</strong></span> <span class='ocrx_word' id='word_1_126' title='bbox 1645 1629 1757 1697; x_wconf 89' lang='lat' dir='ltr'><strong>ipse</strong></span> <span class='ocrx_word' id='word_1_127' title='bbox 1774 1627 1943 1698; x_wconf 89' lang='lat' dir='ltr'><strong>legem</strong></span> <span class='ocrx_word' id='word_1_128' title='bbox 1959 1642 2097 1696; x_wconf 65' lang='lat' dir='ltr'><strong>prae-</strong></span> 
     </span>
    </p>
   </div>
   <div class='ocr_carea' id='block_1_16' title="bbox 511 1721 2097 1796">
    <p class='ocr_par' dir='ltr' id='par_1_16' title="bbox 511 1721 2097 1796">
     <span class='ocr_line' id='line_1_16' title="bbox 511 1721 2097 1796; baseline 0 -18"><span class='ocrx_word' id='word_1_129' title='bbox 511 1725 791 1795; x_wconf 87' lang='lat' dir='ltr'><strong>misit,qui</strong></span> <span class='ocrx_word' id='word_1_130' title='bbox 822 1734 1005 1796; x_wconf 89' lang='lat' dir='ltr'><strong>postea</strong></span> <span class='ocrx_word' id='word_1_131' title='bbox 1027 1725 1133 1780; x_wconf 91' lang='lat' dir='ltr'><strong>reis</strong></span> <span class='ocrx_word' id='word_1_132' title='bbox 1153 1724 1287 1794; x_wconf 80' lang='lat' dir='ltr'><strong>legis</strong></span> <span class='ocrx_word' id='word_1_133' title='bbox 1318 1738 1439 1778; x_wconf 89' lang='lat' dir='ltr'><strong>cum</strong></span> <span class='ocrx_word' id='word_1_134' title='bbox 1469 1723 1793 1795; x_wconf 81' lang='lat' dir='ltr'><strong>indulgentia</strong></span> <span class='ocrx_word' id='word_1_135' title='bbox 1812 1721 2097 1778; x_wconf 89' lang='lat' dir='ltr'><strong>vcnit?Sed</strong></span> 
     </span>
    </p>
   </div>
   <div class='ocr_carea' id='block_1_17' title="bbox 511 1813 2096 1886">
    <p class='ocr_par' dir='ltr' id='par_1_17' title="bbox 511 1813 2096 1886">
     <span class='ocr_line' id='line_1_17' title="bbox 511 1813 2096 1886; baseline -0.001 -16"><span class='ocrx_word' id='word_1_136' title='bbox 511 1816 595 1870; x_wconf 88' lang='lat' dir='ltr'><strong>his</strong></span> <span class='ocrx_word' id='word_1_137' title='bbox 621 1831 741 1871; x_wconf 90' lang='lat' dir='ltr'><strong>eum</strong></span> <span class='ocrx_word' id='word_1_138' title='bbox 768 1815 1034 1870; x_wconf 88' lang='lat' dir='ltr'><strong>credimus</strong></span> <span class='ocrx_word' id='word_1_139' title='bbox 1053 1815 1265 1870; x_wconf 85' lang='lat' dir='ltr'><strong>venisse</strong></span> <span class='ocrx_word' id='word_1_140' title='bbox 1289 1830 1411 1870; x_wconf 92' lang='lat' dir='ltr'><strong>cum</strong></span> <span class='ocrx_word' id='word_1_141' title='bbox 1440 1813 1786 1886; x_wconf 86' lang='lat' dir='ltr'><strong>indulgentia,</strong></span> <span class='ocrx_word' id='word_1_142' title='bbox 1818 1828 1951 1884; x_wconf 89' lang='lat' dir='ltr'><strong>quos</strong></span> <span class='ocrx_word' id='word_1_143' title='bbox 1976 1828 2096 1869; x_wconf 86' lang='lat' dir='ltr'><strong>reos</strong></span> 
     </span>
    </p>
   </div>
   <div class='ocr_carea' id='block_1_18' title="bbox 508 1909 2096 1980">
    <p class='ocr_par' dir='ltr' id='par_1_18' title="bbox 508 1909 2096 1980">
     <span class='ocr_line' id='line_1_18' title="bbox 508 1909 2096 1980; baseline -0.001 -16"><span class='ocrx_word' id='word_1_144' title='bbox 508 1911 594 1964; x_wconf 84' lang='lat' dir='ltr'><strong>lex</strong></span> <span class='ocrx_word' id='word_1_145' title='bbox 642 1911 876 1966; x_wconf 87' lang='lat' dir='ltr'><strong>tenebat.</strong></span> <span class='ocrx_word' id='word_1_146' title='bbox 922 1909 1187 1980; x_wconf 86' lang='lat' dir='ltr'><strong>Numquid</strong></span> <span class='ocrx_word' id='word_1_147' title='bbox 1235 1919 1412 1965; x_wconf 90' lang='lat' dir='ltr'><strong>autem</strong></span> <span class='ocrx_word' id='word_1_148' title='bbox 1457 1909 1542 1964; x_wconf 91' lang='lat' dir='ltr'><strong>lex</strong></span> <span class='ocrx_word' id='word_1_149' title='bbox 1590 1924 1711 1964; x_wconf 90' lang='lat' dir='ltr'><strong>reos</strong></span> <span class='ocrx_word' id='word_1_150' title='bbox 1759 1909 1974 1964; x_wconf 89' lang='lat' dir='ltr'><strong>tenebat</strong></span> <span class='ocrx_word' id='word_1_151' title='bbox 2003 1922 2096 1962; x_wconf 89' lang='lat' dir='ltr'><strong>eos</strong></span> 
     </span>
    </p>
   </div>
   <div class='ocr_carea' id='block_1_19' title="bbox 507 1999 2096 2072">
    <p class='ocr_par' dir='ltr' id='par_1_19' title="bbox 507 1999 2096 2072">
     <span class='ocr_line' id='line_1_19' title="bbox 507 1999 2096 2072; baseline -0.003 -17"><span class='ocrx_word' id='word_1_152' title='bbox 507 2002 595 2072; x_wconf 86' lang='lat' dir='ltr'><strong>qui</strong></span> <span class='ocrx_word' id='word_1_153' title='bbox 649 2002 942 2058; x_wconf 88' lang='lat' dir='ltr'><strong>secundum</strong></span> <span class='ocrx_word' id='word_1_154' title='bbox 989 2000 1250 2070; x_wconf 88' lang='lat' dir='ltr'><strong>justitiam</strong></span> <span class='ocrx_word' id='word_1_155' title='bbox 1303 2015 1422 2070; x_wconf 74' lang='lat' dir='ltr'><strong>quae</strong></span> <span class='ocrx_word' id='word_1_156' title='bbox 1470 2015 1536 2055; x_wconf 87' lang='lat' dir='ltr'><strong>ex</strong></span> <span class='ocrx_word' id='word_1_157' title='bbox 1586 1999 1701 2070; x_wconf 85' lang='lat' dir='ltr'><strong>lege</strong></span> <span class='ocrx_word' id='word_1_158' title='bbox 1742 2007 1823 2054; x_wconf 91' lang='lat' dir='ltr'><strong>est</strong></span> <span class='ocrx_word' id='word_1_159' title='bbox 1867 2013 2096 2053; x_wconf 87' lang='lat' dir='ltr'><strong>conver-</strong></span> 
     </span>
    </p>
   </div>
   <div class='ocr_carea' id='block_1_20' title="bbox 509 2089 2098 2162">
    <p class='ocr_par' dir='ltr' id='par_1_20' title="bbox 509 2089 2098 2162">
     <span class='ocr_line' id='line_1_20' title="bbox 509 2089 2098 2162; baseline -0.004 -14"><span class='ocrx_word' id='word_1_160' title='bbox 509 2093 611 2148; x_wconf 89' lang='lat' dir='ltr'><strong>sati</strong></span> <span class='ocrx_word' id='word_1_161' title='bbox 656 2101 782 2148; x_wconf 92' lang='lat' dir='ltr'><strong>sunt</strong></span> <span class='ocrx_word' id='word_1_162' title='bbox 818 2093 933 2148; x_wconf 88' lang='lat' dir='ltr'><strong>sine</strong></span> <span class='ocrx_word' id='word_1_163' title='bbox 983 2089 1245 2162; x_wconf 84' lang='lat' dir='ltr'><strong>querela?</strong></span> <span class='ocrx_word' id='word_1_164' title='bbox 1302 2089 1357 2146; x_wconf 91' lang='lat' dir='ltr'><strong>Si</strong></span> <span class='ocrx_word' id='word_1_165' title='bbox 1423 2105 1550 2161; x_wconf 88' lang='lat' dir='ltr'><strong>ergo</strong></span> <span class='ocrx_word' id='word_1_166' title='bbox 1606 2089 1989 2160; x_wconf 85' lang='lat' dir='ltr'><strong>indulgentiam</strong></span> <span class='ocrx_word' id='word_1_167' title='bbox 2043 2095 2098 2143; x_wconf 88' lang='lat' dir='ltr'><strong>et</strong></span> 
     </span>
    </p>
   </div>
   <div class='ocr_carea' id='block_1_21' title="bbox 509 2181 2094 2255">
    <p class='ocr_par' dir='ltr' id='par_1_21' title="bbox 509 2181 2094 2255">
     <span class='ocr_line' id='line_1_21' title="bbox 509 2181 2094 2255; baseline -0.002 -17"><span class='ocrx_word' id='word_1_168' title='bbox 509 2187 718 2242; x_wconf 91' lang='lat' dir='ltr'><strong>veniam</strong></span> <span class='ocrx_word' id='word_1_169' title='bbox 751 2196 1092 2255; x_wconf 85' lang='lat' dir='ltr'><strong>peccatorum</strong></span> <span class='ocrx_word' id='word_1_170' title='bbox 1138 2184 1246 2239; x_wconf 90' lang='lat' dir='ltr'><strong>reis</strong></span> <span class='ocrx_word' id='word_1_171' title='bbox 1275 2182 1406 2252; x_wconf 88' lang='lat' dir='ltr'><strong>legis</strong></span> <span class='ocrx_word' id='word_1_172' title='bbox 1454 2181 1630 2236; x_wconf 88' lang='lat' dir='ltr'><strong>attulit</strong></span> <span class='ocrx_word' id='word_1_173' title='bbox 1671 2182 1958 2247; x_wconf 89' lang='lat' dir='ltr'><strong>Dominus,</strong></span> <span class='ocrx_word' id='word_1_174' title='bbox 1987 2195 2094 2235; x_wconf 91' lang='lat' dir='ltr'><strong>non</strong></span> 
     </span>
    </p>
   </div>
   <div class='ocr_carea' id='block_1_22' title="bbox 507 2272 2094 2344">
    <p class='ocr_par' dir='ltr' id='par_1_22' title="bbox 507 2272 2094 2344">
     <span class='ocr_line' id='line_1_22' title="bbox 507 2272 2094 2344; baseline -0.001 -14"><span class='ocrx_word' id='word_1_175' title='bbox 507 2276 683 2330; x_wconf 88' lang='lat' dir='ltr'><strong>attulit</strong></span> <span class='ocrx_word' id='word_1_176' title='bbox 726 2276 890 2331; x_wconf 89' lang='lat' dir='ltr'><strong>Paulo</strong></span> <span class='ocrx_word' id='word_1_177' title='bbox 928 2275 1204 2344; x_wconf 87' lang='lat' dir='ltr'><strong>apostolo,</strong></span> <span class='ocrx_word' id='word_1_178' title='bbox 1247 2273 1336 2344; x_wconf 91' lang='lat' dir='ltr'><strong>qui</strong></span> <span class='ocrx_word' id='word_1_179' title='bbox 1367 2273 1496 2329; x_wconf 88' lang='lat' dir='ltr'><strong>dicit</strong></span> <span class='ocrx_word' id='word_1_180' title='bbox 1521 2272 1636 2328; x_wconf 89' lang='lat' dir='ltr'><strong>sine</strong></span> <span class='ocrx_word' id='word_1_181' title='bbox 1681 2273 1896 2343; x_wconf 88' lang='lat' dir='ltr'><strong>querela</strong></span> <span class='ocrx_word' id='word_1_182' title='bbox 1940 2288 1998 2328; x_wconf 94' lang='lat' dir='ltr'><strong>se</strong></span> <span class='ocrx_word' id='word_1_183' title='bbox 2040 2273 2094 2328; x_wconf 91' lang='lat' dir='ltr'><strong>in</strong></span> 
     </span>
    </p>
   </div>
   <div class='ocr_carea' id='block_1_23' title="bbox 505 2364 2090 2439">
    <p class='ocr_par' dir='ltr' id='par_1_23' title="bbox 505 2364 2090 2439">
     <span class='ocr_line' id='line_1_23' title="bbox 505 2364 2090 2439; baseline -0.001 -17"><span class='ocrx_word' id='word_1_184' title='bbox 505 2369 624 2439; x_wconf 84' lang='lat' dir='ltr'><strong>lege</strong></span> <span class='ocrx_word' id='word_1_185' title='bbox 667 2377 1035 2423; x_wconf 89' lang='lat' dir='ltr'><strong>conversatum</strong></span> <span class='ocrx_word' id='word_1_186' title='bbox 1057 2366 1082 2420; x_wconf 87' lang='lat'><strong>?</strong></span> <span class='ocrx_word' id='word_1_187' title='bbox 1106 2365 1210 2421; x_wconf 90' lang='lat' dir='ltr'><strong>Sed</strong></span> <span class='ocrx_word' id='word_1_188' title='bbox 1247 2365 1419 2436; x_wconf 91' lang='lat' dir='ltr'><strong>ipsum</strong></span> <span class='ocrx_word' id='word_1_189' title='bbox 1472 2364 1748 2420; x_wconf 87' lang='lat' dir='ltr'><strong>audiamus</strong></span> <span class='ocrx_word' id='word_1_190' title='bbox 1791 2365 1896 2418; x_wconf 89' lang='lat' dir='ltr'><strong>alio</strong></span> <span class='ocrx_word' id='word_1_191' title='bbox 1927 2365 2044 2420; x_wconf 92' lang='lat' dir='ltr'><strong>loco</strong></span> <span class='ocrx_word' id='word_1_192' title='bbox 2076 2383 2090 2419; x_wconf 93' lang='lat'><strong>:</strong></span> 
     </span>
    </p>
   </div>
   <div class='ocr_carea' id='block_1_24' title="bbox 507 2457 2096 2532">
    <p class='ocr_par' dir='ltr' id='par_1_24' title="bbox 507 2457 2096 2532">
     <span class='ocr_line' id='line_1_24' title="bbox 507 2457 2096 2532; baseline -0.003 -16"><span class='ocrx_word' id='word_1_193' title='bbox 507 2461 629 2516; x_wconf 89' lang='lat' dir='ltr'><strong>Non</strong></span> <span class='ocrx_word' id='word_1_194' title='bbox 655 2478 718 2516; x_wconf 81' lang='lat' dir='ltr'><strong>ea:</strong></span> <span class='ocrx_word' id='word_1_195' title='bbox 742 2460 992 2532; x_wconf 84' lang='lat' dir='ltr'><strong>aperibus,</strong></span> <span class='ocrx_word' id='word_1_196' title='bbox 1025 2459 1230 2530; x_wconf 91' lang='lat' dir='ltr'><strong>inquit,</strong></span> <span class='ocrx_word' id='word_1_197' title='bbox 1263 2475 1377 2529; x_wconf 74' lang='lat' dir='ltr'><strong>qua:</strong></span> <span class='ocrx_word' id='word_1_198' title='bbox 1404 2475 1496 2513; x_wconf 89' lang='lat' dir='ltr'><strong>nos</strong></span> <span class='ocrx_word' id='word_1_199' title='bbox 1525 2459 1737 2528; x_wconf 76' lang='lat' dir='ltr'><strong>fecimus</strong></span> <span class='ocrx_word' id='word_1_200' title='bbox 1756 2499 1771 2522; x_wconf 95' lang='lat'><strong>,</strong></span> <span class='ocrx_word' id='word_1_201' title='bbox 1803 2457 1893 2512; x_wconf 85' lang='lat' dir='ltr'><strong>sed</strong></span> <span class='ocrx_word' id='word_1_202' title='bbox 1915 2474 2096 2512; x_wconf 86' lang='lat' dir='ltr'><strong>secun-</strong></span> 
     </span>
    </p>
   </div>
   <div class='ocr_carea' id='block_1_25' title="bbox 514 2550 2094 2620">
    <p class='ocr_par' dir='ltr' id='par_1_25' title="bbox 514 2550 2094 2620">
     <span class='ocr_line' id='line_1_25' title="bbox 514 2550 2094 2620; baseline -0.003 -12"><span class='ocrx_word' id='word_1_203' title='bbox 514 2553 634 2608; x_wconf 83' lang='lat' dir='ltr'><strong>dum</strong></span> <span class='ocrx_word' id='word_1_204' title='bbox 656 2570 798 2608; x_wconf 84' lang='lat' dir='ltr'><strong>suam</strong></span> <span class='ocrx_word' id='word_1_205' title='bbox 831 2551 1227 2606; x_wconf 86' lang='lat' dir='ltr'><strong>misericordiam</strong></span> <span class='ocrx_word' id='word_1_206' title='bbox 1255 2551 1418 2605; x_wconf 77' lang='lat' dir='ltr'><strong>salvos</strong></span> <span class='ocrx_word' id='word_1_207' title='bbox 1441 2567 1531 2604; x_wconf 88' lang='lat' dir='ltr'><strong>nos</strong></span> <span class='ocrx_word' id='word_1_208' title='bbox 1551 2550 1698 2620; x_wconf 77' lang='lat' dir='ltr'><strong>fecit,</strong></span> <span class='ocrx_word' id='word_1_209' title='bbox 1725 2567 1814 2620; x_wconf 90' lang='lat' dir='ltr'><strong>per</strong></span> <span class='ocrx_word' id='word_1_210' title='bbox 1838 2551 2094 2605; x_wconf 83' lang='lat' dir='ltr'><strong>lavacrum</strong></span> 
     </span>
    </p>
   </div>
   <div class='ocr_carea' id='block_1_26' title="bbox 504 2640 2095 2715">
    <p class='ocr_par' dir='ltr' id='par_1_26' title="bbox 504 2640 2095 2715">
     <span class='ocr_line' id='line_1_26' title="bbox 504 2640 2095 2715; baseline -0.002 -16"><span class='ocrx_word' id='word_1_211' title='bbox 504 2644 897 2715; x_wconf 79' lang='lat' dir='ltr'><strong>regenerationis</strong></span> <span class='ocrx_word' id='word_1_212' title='bbox 949 2641 1077 2714; x_wconf 88' lang='lat' dir='ltr'><strong>(Tit.</strong></span> <span class='ocrx_word' id='word_1_213' title='bbox 1125 2659 1214 2708; x_wconf 88' lang='grc' dir='ltr'><strong>ιιι,</strong></span> <span class='ocrx_word' id='word_1_214' title='bbox 1245 2643 1321 2710; x_wconf 86' lang='grc'><strong>5).</strong></span> <span class='ocrx_word' id='word_1_215' title='bbox 1367 2642 1433 2697; x_wconf 86' lang='grc' dir='ltr'><strong>Ει</strong></span> <span class='ocrx_word' id='word_1_216' title='bbox 1455 2642 1648 2697; x_wconf 86' lang='lat' dir='ltr'><strong>iterum</strong></span> <span class='ocrx_word' id='word_1_217' title='bbox 1672 2683 1688 2709; x_wconf 91' lang='lat'><strong>,</strong></span> <span class='ocrx_word' id='word_1_218' title='bbox 1725 2640 1826 2706; x_wconf 85' lang='lat' dir='ltr'><strong>Qui</strong></span> <span class='ocrx_word' id='word_1_219' title='bbox 1848 2642 1988 2713; x_wconf 88' lang='lat' dir='ltr'><strong>prius</strong></span> <span class='ocrx_word' id='word_1_220' title='bbox 2018 2643 2095 2713; x_wconf 80' lang='lat' dir='ltr'><strong>fui</strong></span> 
     </span>
    </p>
   </div>
   <div class='ocr_carea' id='block_1_27' title="bbox 503 2731 2092 2806">
    <p class='ocr_par' dir='ltr' id='par_1_27' title="bbox 503 2731 2092 2806">
     <span class='ocr_line' id='line_1_27' title="bbox 503 2731 2092 2806; baseline -0.001 -18"><span class='ocrx_word' id='word_1_221' title='bbox 503 2735 825 2806; x_wconf 86' lang='lat' dir='ltr'><strong>blasphemus</strong></span> <span class='ocrx_word' id='word_1_222' title='bbox 841 2777 855 2802; x_wconf 93' lang='lat'><strong>,</strong></span> <span class='ocrx_word' id='word_1_223' title='bbox 881 2743 929 2788; x_wconf 87' lang='lat' dir='ltr'><strong>et</strong></span> <span class='ocrx_word' id='word_1_224' title='bbox 950 2743 1257 2804; x_wconf 87' lang='lat' dir='ltr'><strong>persecutor,</strong></span> <span class='ocrx_word' id='word_1_225' title='bbox 1279 2743 1326 2787; x_wconf 89' lang='lat' dir='ltr'><strong>et</strong></span> <span class='ocrx_word' id='word_1_226' title='bbox 1351 2733 1628 2806; x_wconf 87' lang='lat' dir='ltr'><strong>injuriosus</strong></span> <span class='ocrx_word' id='word_1_227' title='bbox 1657 2749 1676 2788; x_wconf 89' lang='lat'><strong><em>:</em></strong></span> <span class='ocrx_word' id='word_1_228' title='bbox 1699 2731 1788 2787; x_wconf 81' lang='lat' dir='ltr'><strong>sed</strong></span> <span class='ocrx_word' id='word_1_229' title='bbox 1805 2734 2092 2787; x_wconf 80' lang='lat' dir='ltr'><strong>misericor-</strong></span> 
     </span>
    </p>
   </div>
   <div class='ocr_carea' id='block_1_28' title="bbox 503 2821 2094 2898">
    <p class='ocr_par' dir='ltr' id='par_1_28' title="bbox 503 2821 2094 2898">
     <span class='ocr_line' id='line_1_28' title="bbox 503 2821 2094 2898; baseline 0.001 -18"><span class='ocrx_word' id='word_1_230' title='bbox 503 2827 641 2882; x_wconf 86' lang='lat' dir='ltr'><strong>diam</strong></span> <span class='ocrx_word' id='word_1_231' title='bbox 680 2835 973 2881; x_wconf 87' lang='lat' dir='ltr'><strong>consecutus</strong></span> <span class='ocrx_word' id='word_1_232' title='bbox 997 2843 1107 2881; x_wconf 86' lang='lat' dir='ltr'><strong>sum</strong></span> <span class='ocrx_word' id='word_1_233' title='bbox 1135 2825 1178 2898; x_wconf 90' lang='grc' dir='ltr'><strong>(Ι</strong></span> <span class='ocrx_word' id='word_1_234' title='bbox 1201 2824 1332 2878; x_wconf 86' lang='lat' dir='ltr'><strong>Tim.</strong></span> <span class='ocrx_word' id='word_1_235' title='bbox 1361 2840 1400 2892; x_wconf 93' lang='grc' dir='ltr'><strong>ι,</strong></span> <span class='ocrx_word' id='word_1_236' title='bbox 1435 2821 1547 2896; x_wconf 83' lang='lat' dir='ltr'><strong>l5),</strong></span> <span class='ocrx_word' id='word_1_237' title='bbox 1573 2832 1627 2879; x_wconf 90' lang='lat' dir='ltr'><strong>et</strong></span> <span class='ocrx_word' id='word_1_238' title='bbox 1653 2824 1875 2894; x_wconf 89' lang='lat' dir='ltr'><strong>reliqua.</strong></span> <span class='ocrx_word' id='word_1_239' title='bbox 1899 2823 2010 2880; x_wconf 82' lang='lat' dir='ltr'><strong>Hac</strong></span> <span class='ocrx_word' id='word_1_240' title='bbox 2033 2839 2094 2881; x_wconf 90' lang='lat' dir='ltr'><strong>se</strong></span> 
     </span>
    </p>
   </div>
   <div class='ocr_carea' id='block_1_29' title="bbox 503 2917 2092 2988">
    <p class='ocr_par' dir='ltr' id='par_1_29' title="bbox 503 2917 2092 2988">
     <span class='ocr_line' id='line_1_29' title="bbox 503 2917 2092 2988; baseline -0.002 -12"><span class='ocrx_word' id='word_1_241' title='bbox 503 2921 772 2976; x_wconf 89' lang='lat' dir='ltr'><strong>constituit</strong></span> <span class='ocrx_word' id='word_1_242' title='bbox 790 2929 1159 2976; x_wconf 90' lang='lat' dir='ltr'><strong>conversatum</strong></span> <span class='ocrx_word' id='word_1_243' title='bbox 1180 2919 1231 2972; x_wconf 92' lang='lat' dir='ltr'><strong>in</strong></span> <span class='ocrx_word' id='word_1_244' title='bbox 1255 2918 1370 2988; x_wconf 89' lang='lat' dir='ltr'><strong>lege</strong></span> <span class='ocrx_word' id='word_1_245' title='bbox 1398 2917 1513 2972; x_wconf 90' lang='lat' dir='ltr'><strong>sine</strong></span> <span class='ocrx_word' id='word_1_246' title='bbox 1541 2917 1779 2986; x_wconf 89' lang='lat' dir='ltr'><strong>querela,</strong></span> <span class='ocrx_word' id='word_1_247' title='bbox 1813 2917 1911 2972; x_wconf 88' lang='lat' dir='ltr'><strong>hac</strong></span> <span class='ocrx_word' id='word_1_248' title='bbox 1932 2918 2092 2973; x_wconf 84' lang='lat' dir='ltr'><strong>talem</strong></span> 
     </span>
    </p>
   </div>
   <div class='ocr_carea' id='block_1_30' title="bbox 503 3009 2093 3082">
    <p class='ocr_par' dir='ltr' id='par_1_30' title="bbox 503 3009 2093 3082">
     <span class='ocr_line' id='line_1_30' title="bbox 503 3009 2093 3082; baseline -0.003 -13"><span class='ocrx_word' id='word_1_249' title='bbox 503 3031 562 3071; x_wconf 89' lang='lat' dir='ltr'><strong>se</strong></span> <span class='ocrx_word' id='word_1_250' title='bbox 573 3016 855 3071; x_wconf 83' lang='lat' dir='ltr'><strong>confitetur</strong></span> <span class='ocrx_word' id='word_1_251' title='bbox 869 3012 1031 3068; x_wconf 86' lang='lat' dir='ltr'><strong>fuisse</strong></span> <span class='ocrx_word' id='word_1_252' title='bbox 1049 3019 1404 3082; x_wconf 88' lang='lat' dir='ltr'><strong>peccatorem,</strong></span> <span class='ocrx_word' id='word_1_253' title='bbox 1420 3021 1476 3064; x_wconf 93' lang='lat' dir='ltr'><strong>ut</strong></span> <span class='ocrx_word' id='word_1_254' title='bbox 1491 3009 1666 3064; x_wconf 93' lang='lat' dir='ltr'><strong>omnis</strong></span> <span class='ocrx_word' id='word_1_255' title='bbox 1678 3020 1924 3079; x_wconf 87' lang='lat' dir='ltr'><strong>peccator</strong></span> <span class='ocrx_word' id='word_1_256' title='bbox 1934 3025 2093 3082; x_wconf 82' lang='lat' dir='ltr'><strong>prop-</strong></span> 
     </span>
    </p>
   </div>
   <div class='ocr_carea' id='block_1_31' title="bbox 503 3102 2088 3175">
    <p class='ocr_par' dir='ltr' id='par_1_31' title="bbox 503 3102 2088 3175">
     <span class='ocr_line' id='line_1_31' title="bbox 503 3102 2088 3175; baseline -0.003 -11"><span class='ocrx_word' id='word_1_257' title='bbox 503 3117 649 3164; x_wconf 85' lang='lat' dir='ltr'><strong>terea</strong></span> <span class='ocrx_word' id='word_1_258' title='bbox 688 3109 757 3163; x_wconf 91' lang='lat' dir='ltr'><strong>de</strong></span> <span class='ocrx_word' id='word_1_259' title='bbox 785 3122 845 3163; x_wconf 89' lang='lat' dir='ltr'><strong>se</strong></span> <span class='ocrx_word' id='word_1_260' title='bbox 872 3122 977 3162; x_wconf 92' lang='lat' dir='ltr'><strong>non</strong></span> <span class='ocrx_word' id='word_1_261' title='bbox 1003 3105 1284 3175; x_wconf 88' lang='lat' dir='ltr'><strong>desperet,</strong></span> <span class='ocrx_word' id='word_1_262' title='bbox 1325 3102 1449 3174; x_wconf 87' lang='lat' dir='ltr'><strong>quia</strong></span> <span class='ocrx_word' id='word_1_263' title='bbox 1472 3102 1669 3158; x_wconf 88' lang='lat' dir='ltr'><strong>Paulus</strong></span> <span class='ocrx_word' id='word_1_264' title='bbox 1694 3105 1890 3158; x_wconf 88' lang='lat' dir='ltr'><strong>meruit</strong></span> <span class='ocrx_word' id='word_1_265' title='bbox 1917 3103 2088 3159; x_wconf 92' lang='lat' dir='ltr'><strong>indul-</strong></span> 
     </span>
    </p>
   </div>
   <div class='ocr_carea' id='block_1_32' title="bbox 500 3203 756 3272">
    <p class='ocr_par' dir='ltr' id='par_1_32' title="bbox 500 3203 756 3272">
     <span class='ocr_line' id='line_1_32' title="bbox 500 3203 756 3272; baseline -0.016 -16"><span class='ocrx_word' id='word_1_266' title='bbox 500 3203 756 3272; x_wconf 87' lang='lat' dir='ltr'><strong>gentiam.</strong></span> 
     </span>
    </p>
   </div>
   <div class='ocr_carea' id='block_1_33' title="bbox 571 3296 2092 3370">
    <p class='ocr_par' dir='ltr' id='par_1_33' title="bbox 571 3296 2092 3370">
     <span class='ocr_line' id='line_1_33' title="bbox 571 3296 2092 3370; baseline 0 -14"><span class='ocrx_word' id='word_1_267' title='bbox 571 3299 798 3356; x_wconf 87' lang='lat' dir='ltr'><strong>CAPUT</strong></span> <span class='ocrx_word' id='word_1_268' title='bbox 823 3297 1036 3354; x_wconf 76' lang='lat' dir='ltr'><strong>ll.—2.</strong></span> <span class='ocrx_word' id='word_1_269' title='bbox 1065 3296 1264 3352; x_wconf 85' lang='lat' dir='ltr'><strong>Dictum</strong></span> <span class='ocrx_word' id='word_1_270' title='bbox 1291 3297 1521 3369; x_wconf 85' lang='lat' dir='ltr'><strong>Apostoli</strong></span> <span class='ocrx_word' id='word_1_271' title='bbox 1540 3299 1613 3352; x_wconf 89' lang='lat' dir='ltr'><strong>sic</strong></span> <span class='ocrx_word' id='word_1_272' title='bbox 1634 3300 2003 3370; x_wconf 84' lang='lat' dir='ltr'><strong>accipiendum,</strong></span> <span class='ocrx_word' id='word_1_273' title='bbox 2035 3310 2092 3356; x_wconf 87' lang='lat' dir='ltr'><strong>ut</strong></span> 
     </span>
    </p>
   </div>
   <div class='ocr_carea' id='block_1_34' title="bbox 501 3391 2092 3464">
    <p class='ocr_par' dir='ltr' id='par_1_34' title="bbox 501 3391 2092 3464">
     <span class='ocr_line' id='line_1_34' title="bbox 501 3391 2092 3464; baseline 0 -16"><span class='ocrx_word' id='word_1_274' title='bbox 501 3403 737 3458; x_wconf 73' lang='lat' dir='ltr'><strong>caveatur</strong></span> <span class='ocrx_word' id='word_1_275' title='bbox 762 3409 903 3447; x_wconf 87' lang='lat' dir='ltr'><strong>error</strong></span> <span class='ocrx_word' id='word_1_276' title='bbox 930 3391 1332 3446; x_wconf 67' lang='lat' dir='ltr'><strong>Manichaeorum</strong></span> <span class='ocrx_word' id='word_1_277' title='bbox 1359 3391 1420 3445; x_wconf 86' lang='lat' dir='ltr'><strong>de</strong></span> <span class='ocrx_word' id='word_1_278' title='bbox 1437 3391 1544 3462; x_wconf 82' lang='lat' dir='ltr'><strong>lege</strong></span> <span class='ocrx_word' id='word_1_279' title='bbox 1564 3393 1733 3446; x_wconf 80' lang='lat' dir='ltr'><strong>veteri.</strong></span> <span class='ocrx_word' id='word_1_280' title='bbox 1758 3391 1866 3446; x_wconf 78' lang='lat' dir='ltr'><strong>Lex</strong></span> <span class='ocrx_word' id='word_1_281' title='bbox 1884 3394 1951 3446; x_wconf 86' lang='lat' dir='ltr'><strong>ad</strong></span> <span class='ocrx_word' id='word_1_282' title='bbox 1969 3394 2092 3464; x_wconf 85' lang='lat' dir='ltr'><strong>quid</strong></span> 
     </span>
    </p>
   </div>
   <div class='ocr_carea' id='block_1_35' title="bbox 508 3483 2089 3556">
    <p class='ocr_par' dir='ltr' id='par_1_35' title="bbox 508 3483 2089 3556">
     <span class='ocr_line' id='line_1_35' title="bbox 508 3483 2089 3556; baseline 0.002 -16"><span class='ocrx_word' id='word_1_283' title='bbox 508 3487 650 3540; x_wconf 87' lang='lat' dir='ltr'><strong>data.</strong></span> <span class='ocrx_word' id='word_1_284' title='bbox 685 3485 947 3556; x_wconf 83' lang='lat' dir='ltr'><strong>Originale</strong></span> <span class='ocrx_word' id='word_1_285' title='bbox 967 3495 1245 3555; x_wconf 87' lang='lat' dir='ltr'><strong>peccatum.</strong></span> <span class='ocrx_word' id='word_1_286' title='bbox 1274 3483 1484 3552; x_wconf 81' lang='lat' dir='ltr'><strong>Videte,</strong></span> <span class='ocrx_word' id='word_1_287' title='bbox 1516 3484 1730 3552; x_wconf 77' lang='lat' dir='ltr'><strong>fratres,</strong></span> <span class='ocrx_word' id='word_1_288' title='bbox 1761 3496 1814 3541; x_wconf 89' lang='lat' dir='ltr'><strong>et</strong></span> <span class='ocrx_word' id='word_1_289' title='bbox 1839 3487 1943 3541; x_wconf 91' lang='lat' dir='ltr'><strong>vim</strong></span> <span class='ocrx_word' id='word_1_290' title='bbox 1972 3502 2089 3543; x_wconf 87' lang='lat' dir='ltr'><strong>ser-</strong></span> 
     </span>
    </p>
   </div>
   <div class='ocr_carea' id='block_1_36' title="bbox 503 3575 2090 3649">
    <p class='ocr_par' dir='ltr' id='par_1_36' title="bbox 503 3575 2090 3649">
     <span class='ocr_line' id='line_1_36' title="bbox 503 3575 2090 3649; baseline 0 -16"><span class='ocrx_word' id='word_1_291' title='bbox 503 3578 678 3634; x_wconf 90' lang='lat' dir='ltr'><strong>monis</strong></span> <span class='ocrx_word' id='word_1_292' title='bbox 722 3578 878 3648; x_wconf 82' lang='lat' dir='ltr'><strong>hujus</strong></span> <span class='ocrx_word' id='word_1_293' title='bbox 923 3576 1238 3644; x_wconf 91' lang='lat' dir='ltr'><strong>intuemini,</strong></span> <span class='ocrx_word' id='word_1_294' title='bbox 1279 3575 1550 3647; x_wconf 90' lang='lat' dir='ltr'><strong>quomodo</strong></span> <span class='ocrx_word' id='word_1_295' title='bbox 1591 3576 1787 3632; x_wconf 85' lang='lat' dir='ltr'><strong>Paulus</strong></span> <span class='ocrx_word' id='word_1_296' title='bbox 1816 3579 2090 3649; x_wconf 85' lang='lat' dir='ltr'><strong>apostolus</strong></span> 
     </span>
    </p>
   </div>
   <div class='ocr_carea' id='block_1_37' title="bbox 500 3667 2089 3739">
    <p class='ocr_par' dir='ltr' id='par_1_37' title="bbox 500 3667 2089 3739">
     <span class='ocr_line' id='line_1_37' title="bbox 500 3667 2089 3739; baseline 0.001 -15"><span class='ocrx_word' id='word_1_297' title='bbox 500 3670 692 3724; x_wconf 89' lang='lat' dir='ltr'><strong>damna</strong></span> <span class='ocrx_word' id='word_1_298' title='bbox 722 3669 990 3725; x_wconf 83' lang='lat' dir='ltr'><strong>existimat</strong></span> <span class='ocrx_word' id='word_1_299' title='bbox 1012 3677 1068 3724; x_wconf 91' lang='lat' dir='ltr'><strong>et</strong></span> <span class='ocrx_word' id='word_1_300' title='bbox 1093 3678 1351 3734; x_wconf 87' lang='lat' dir='ltr'><strong>stercora,</strong></span> <span class='ocrx_word' id='word_1_301' title='bbox 1381 3667 1471 3723; x_wconf 89' lang='lat' dir='ltr'><strong>ubi</strong></span> <span class='ocrx_word' id='word_1_302' title='bbox 1497 3668 1613 3723; x_wconf 84' lang='lat' dir='ltr'><strong>sine</strong></span> <span class='ocrx_word' id='word_1_303' title='bbox 1635 3670 1849 3739; x_wconf 87' lang='lat' dir='ltr'><strong>querela</strong></span> <span class='ocrx_word' id='word_1_304' title='bbox 1876 3669 2006 3724; x_wconf 91' lang='lat' dir='ltr'><strong>dicit</strong></span> <span class='ocrx_word' id='word_1_305' title='bbox 2029 3685 2089 3726; x_wconf 89' lang='lat' dir='ltr'><strong>se</strong></span> 
     </span>
    </p>
   </div>
   <div class='ocr_carea' id='block_1_38' title="bbox 498 3759 2085 3832">
    <p class='ocr_par' dir='ltr' id='par_1_38' title="bbox 498 3759 2085 3832">
     <span class='ocr_line' id='line_1_38' title="bbox 498 3759 2085 3832; baseline 0 -15"><span class='ocrx_word' id='word_1_306' title='bbox 498 3769 872 3817; x_wconf 88' lang='lat' dir='ltr'><strong>conversatum</strong></span> <span class='ocrx_word' id='word_1_307' title='bbox 896 3759 1076 3816; x_wconf 85' lang='lat' dir='ltr'><strong>fuisse.</strong></span> <span class='ocrx_word' id='word_1_308' title='bbox 1099 3759 1211 3815; x_wconf 87' lang='lat' dir='ltr'><strong>Hac</strong></span> <span class='ocrx_word' id='word_1_309' title='bbox 1235 3759 1486 3830; x_wconf 89' lang='lat' dir='ltr'><strong>impletor</strong></span> <span class='ocrx_word' id='word_1_310' title='bbox 1507 3759 1658 3830; x_wconf 88' lang='lat' dir='ltr'><strong>legis,</strong></span> <span class='ocrx_word' id='word_1_311' title='bbox 1676 3759 1774 3815; x_wconf 87' lang='lat' dir='ltr'><strong>hac</strong></span> <span class='ocrx_word' id='word_1_312' title='bbox 1795 3777 1918 3816; x_wconf 85' lang='lat' dir='ltr'><strong>rcus</strong></span> <span class='ocrx_word' id='word_1_313' title='bbox 1933 3761 2085 3832; x_wconf 90' lang='lat' dir='ltr'><strong>legis,</strong></span> 
     </span>
    </p>
   </div>
   <div class='ocr_carea' id='block_1_39' title="bbox 498 3851 2088 3926">
    <p class='ocr_par' dir='ltr' id='par_1_39' title="bbox 498 3851 2088 3926">
     <span class='ocr_line' id='line_1_39' title="bbox 498 3851 2088 3926; baseline 0.001 -18"><span class='ocrx_word' id='word_1_314' title='bbox 498 3870 605 3908; x_wconf 92' lang='lat' dir='ltr'><strong>uno</strong></span> <span class='ocrx_word' id='word_1_315' title='bbox 631 3854 926 3922; x_wconf 89' lang='lat' dir='ltr'><strong>eodemque</strong></span> <span class='ocrx_word' id='word_1_316' title='bbox 956 3862 1231 3922; x_wconf 89' lang='lat' dir='ltr'><strong>tempore,</strong></span> <span class='ocrx_word' id='word_1_317' title='bbox 1259 3860 1383 3907; x_wconf 90' lang='lat' dir='ltr'><strong>ante</strong></span> <span class='ocrx_word' id='word_1_318' title='bbox 1418 3851 1746 3924; x_wconf 88' lang='lat' dir='ltr'><strong>Baptismum</strong></span> <span class='ocrx_word' id='word_1_319' title='bbox 1769 3895 1784 3922; x_wconf 90' lang='lat'><strong>,</strong></span> <span class='ocrx_word' id='word_1_320' title='bbox 1821 3863 1946 3911; x_wconf 90' lang='lat' dir='ltr'><strong>ante</strong></span> <span class='ocrx_word' id='word_1_321' title='bbox 1967 3870 2088 3926; x_wconf 85' lang='lat' dir='ltr'><strong>gra-</strong></span> 
     </span>
    </p>
   </div>
   <div class='ocr_carea' id='block_1_40' title="bbox 495 3943 2088 4003">
    <p class='ocr_par' dir='ltr' id='par_1_40' title="bbox 495 3943 2088 4003">
     <span class='ocr_line' id='line_1_40' title="bbox 495 3943 2088 4003; baseline 0.002 -3"><span class='ocrx_word' id='word_1_322' title='bbox 495 3946 644 4001; x_wconf 91' lang='lat' dir='ltr'><strong>tiam.</strong></span> <span class='ocrx_word' id='word_1_323' title='bbox 676 3945 782 4000; x_wconf 91' lang='lat' dir='ltr'><strong>Scd</strong></span> <span class='ocrx_word' id='word_1_324' title='bbox 810 3960 917 4000; x_wconf 94' lang='lat' dir='ltr'><strong>non</strong></span> <span class='ocrx_word' id='word_1_325' title='bbox 944 3946 1060 4000; x_wconf 86' lang='lat' dir='ltr'><strong>sine</strong></span> <span class='ocrx_word' id='word_1_326' title='bbox 1083 3958 1243 4000; x_wconf 89' lang='lat' dir='ltr'><strong>causa</strong></span> <span class='ocrx_word' id='word_1_327' title='bbox 1281 3943 1475 3999; x_wconf 90' lang='lat' dir='ltr'><strong>damna</strong></span> <span class='ocrx_word' id='word_1_328' title='bbox 1505 3961 1624 4000; x_wconf 88' lang='lat' dir='ltr'><strong>esse</strong></span> <span class='ocrx_word' id='word_1_329' title='bbox 1662 3945 1793 4001; x_wconf 92' lang='lat' dir='ltr'><strong>dicit</strong></span> <span class='ocrx_word' id='word_1_330' title='bbox 1822 3964 1836 4002; x_wconf 90' lang='lat'><strong>:</strong></span> <span class='ocrx_word' id='word_1_331' title='bbox 1865 3962 1932 4002; x_wconf 90' lang='lat' dir='ltr'><strong>ne</strong></span> <span class='ocrx_word' id='word_1_332' title='bbox 1958 3947 2088 4003; x_wconf 86' lang='lat' dir='ltr'><strong>sub-</strong></span> 
     </span>
    </p>
   </div>
   <div class='ocr_carea' id='block_1_41' title="bbox 497 4037 2086 4111">
    <p class='ocr_par' dir='ltr' id='par_1_41' title="bbox 497 4037 2086 4111">
     <span class='ocr_line' id='line_1_41' title="bbox 497 4037 2086 4111; baseline 0.003 -19"><span class='ocrx_word' id='word_1_333' title='bbox 497 4039 697 4093; x_wconf 84' lang='lat' dir='ltr'><strong>iutrent</strong></span> <span class='ocrx_word' id='word_1_334' title='bbox 724 4039 1072 4107; x_wconf 85' lang='lat' dir='ltr'><strong>cogitationes</strong></span> <span class='ocrx_word' id='word_1_335' title='bbox 1101 4037 1274 4093; x_wconf 71' lang='lat' dir='ltr'><strong>noxia:</strong></span> <span class='ocrx_word' id='word_1_336' title='bbox 1303 4078 1319 4102; x_wconf 90' lang='lat'><strong>,</strong></span> <span class='ocrx_word' id='word_1_337' title='bbox 1353 4038 1454 4092; x_wconf 91' lang='lat' dir='ltr'><strong>hoc</strong></span> <span class='ocrx_word' id='word_1_338' title='bbox 1480 4037 1601 4093; x_wconf 90' lang='lat' dir='ltr'><strong>ideo</strong></span> <span class='ocrx_word' id='word_1_339' title='bbox 1639 4039 1841 4096; x_wconf 84' lang='lat' dir='ltr'><strong>dixisse</strong></span> <span class='ocrx_word' id='word_1_340' title='bbox 1867 4050 2086 4111; x_wconf 88' lang='lat' dir='ltr'><strong>aposto-</strong></span> 
     </span>
    </p>
   </div>
   <div class='ocr_carea' id='block_1_42' title="bbox 496 4127 2088 4204">
    <p class='ocr_par' dir='ltr' id='par_1_42' title="bbox 496 4127 2088 4204">
     <span class='ocr_line' id='line_1_42' title="bbox 496 4127 2088 4204; baseline -0.001 -20"><span class='ocrx_word' id='word_1_341' title='bbox 496 4131 606 4184; x_wconf 90' lang='lat' dir='ltr'><strong>lum</strong></span> <span class='ocrx_word' id='word_1_342' title='bbox 638 4129 880 4196; x_wconf 90' lang='lat' dir='ltr'><strong>Paulum,</strong></span> <span class='ocrx_word' id='word_1_343' title='bbox 904 4129 1048 4200; x_wconf 90' lang='lat' dir='ltr'><strong>quod</strong></span> <span class='ocrx_word' id='word_1_344' title='bbox 1075 4129 1210 4183; x_wconf 89' lang='lat' dir='ltr'><strong>alius</strong></span> <span class='ocrx_word' id='word_1_345' title='bbox 1230 4127 1435 4182; x_wconf 87' lang='lat' dir='ltr'><strong>dederit</strong></span> <span class='ocrx_word' id='word_1_346' title='bbox 1463 4129 1652 4198; x_wconf 85' lang='lat' dir='ltr'><strong>legem,</strong></span> <span class='ocrx_word' id='word_1_347' title='bbox 1684 4131 1819 4186; x_wconf 89' lang='lat' dir='ltr'><strong>alius</strong></span> <span class='ocrx_word' id='word_1_348' title='bbox 1845 4132 2088 4204; x_wconf 75' lang='lat' dir='ltr'><strong>Evange-</strong></span> 
     </span>
    </p>
   </div>
   <div class='ocr_carea' id='block_1_43' title="bbox 495 4220 2084 4293">
    <p class='ocr_par' dir='ltr' id='par_1_43' title="bbox 495 4220 2084 4293">
     <span class='ocr_line' id='line_1_43' title="bbox 495 4220 2084 4293; baseline 0.005 -17"><span class='ocrx_word' id='word_1_349' title='bbox 495 4221 624 4276; x_wconf 90' lang='lat' dir='ltr'><strong>lium</strong></span> <span class='ocrx_word' id='word_1_350' title='bbox 653 4237 672 4276; x_wconf 88' lang='lat'><strong><em>:</em></strong></span> <span class='ocrx_word' id='word_1_351' title='bbox 693 4222 827 4276; x_wconf 90' lang='lat' dir='ltr'><strong>sicut</strong></span> <span class='ocrx_word' id='word_1_352' title='bbox 851 4220 1171 4292; x_wconf 68' lang='lat' dir='ltr'><strong>Manichacus</strong></span> <span class='ocrx_word' id='word_1_353' title='bbox 1194 4229 1374 4277; x_wconf 89' lang='lat' dir='ltr'><strong>mente</strong></span> <span class='ocrx_word' id='word_1_354' title='bbox 1394 4236 1645 4293; x_wconf 87' lang='lat' dir='ltr'><strong>perversa</strong></span> <span class='ocrx_word' id='word_1_355' title='bbox 1676 4223 1857 4293; x_wconf 84' lang='lat' dir='ltr'><strong>sentit,</strong></span> <span class='ocrx_word' id='word_1_356' title='bbox 1884 4235 1938 4282; x_wconf 91' lang='lat' dir='ltr'><strong>et</strong></span> <span class='ocrx_word' id='word_1_357' title='bbox 1956 4229 2084 4284; x_wconf 88' lang='lat' dir='ltr'><strong>reli-</strong></span> 
     </span>
    </p>
   </div>
   <div class='ocr_carea' id='block_1_44' title="bbox 496 4311 2085 4392">
    <p class='ocr_par' dir='ltr' id='par_1_44' title="bbox 496 4311 2085 4392">
     <span class='ocr_line' id='line_1_44' title="bbox 496 4311 2085 4392; baseline 0.008 -26"><span class='ocrx_word' id='word_1_358' title='bbox 496 4313 586 4384; x_wconf 90' lang='lat' dir='ltr'><strong>qui</strong></span> <span class='ocrx_word' id='word_1_359' title='bbox 617 4311 874 4380; x_wconf 76' lang='lat' dir='ltr'><strong>haeretici,</strong></span> <span class='ocrx_word' id='word_1_360' title='bbox 902 4315 990 4383; x_wconf 92' lang='lat' dir='ltr'><strong>qui</strong></span> <span class='ocrx_word' id='word_1_361' title='bbox 1017 4313 1285 4378; x_wconf 83' lang='lat' dir='ltr'><strong>dixerunt,</strong></span> <span class='ocrx_word' id='word_1_362' title='bbox 1316 4315 1474 4369; x_wconf 90' lang='lat' dir='ltr'><strong>alium</strong></span> <span class='ocrx_word' id='word_1_363' title='bbox 1502 4315 1665 4372; x_wconf 87' lang='lat' dir='ltr'><strong>fuisse</strong></span> <span class='ocrx_word' id='word_1_364' title='bbox 1685 4317 1926 4375; x_wconf 86' lang='lat' dir='ltr'><strong>datorem</strong></span> <span class='ocrx_word' id='word_1_365' title='bbox 1951 4320 2085 4392; x_wconf 85' lang='lat' dir='ltr'><strong>legis</strong></span> 
     </span>
    </p>
   </div>
   <div class='ocr_carea' id='block_1_45' title="bbox 499 4404 2087 4480">
    <p class='ocr_par' dir='ltr' id='par_1_45' title="bbox 499 4404 2087 4480">
     <span class='ocr_line' id='line_1_45' title="bbox 499 4404 2087 4480; baseline 0.008 -26"><span class='ocrx_word' id='word_1_366' title='bbox 499 4419 618 4474; x_wconf 75' lang='lat' dir='ltr'><strong>qutc</strong></span> <span class='ocrx_word' id='word_1_367' title='bbox 634 4404 754 4458; x_wconf 88' lang='lat' dir='ltr'><strong>data</strong></span> <span class='ocrx_word' id='word_1_368' title='bbox 773 4413 854 4458; x_wconf 89' lang='lat' dir='ltr'><strong>cst</strong></span> <span class='ocrx_word' id='word_1_369' title='bbox 869 4420 964 4474; x_wconf 84' lang='lat' dir='ltr'><strong>per</strong></span> <span class='ocrx_word' id='word_1_370' title='bbox 977 4404 1217 4476; x_wconf 82' lang='lat' dir='ltr'><strong>Moysen,</strong></span> <span class='ocrx_word' id='word_1_371' title='bbox 1233 4405 1395 4460; x_wconf 90' lang='lat' dir='ltr'><strong>alium</strong></span> <span class='ocrx_word' id='word_1_372' title='bbox 1412 4415 1589 4462; x_wconf 88' lang='lat' dir='ltr'><strong>autem</strong></span> <span class='ocrx_word' id='word_1_373' title='bbox 1603 4408 1905 4480; x_wconf 89' lang='lat' dir='ltr'><strong>largitorem</strong></span> <span class='ocrx_word' id='word_1_374' title='bbox 1925 4427 2087 4467; x_wconf 86' lang='lat' dir='ltr'><strong>evan-</strong></span> 
     </span>
    </p>
   </div>
   <div class='ocr_carea' id='block_1_46' title="bbox 493 4497 2084 4570">
    <p class='ocr_par' dir='ltr' id='par_1_46' title="bbox 493 4497 2084 4570">
     <span class='ocr_line' id='line_1_46' title="bbox 493 4497 2084 4570; baseline 0.004 -17"><span class='ocrx_word' id='word_1_375' title='bbox 493 4498 676 4567; x_wconf 69' lang='lat' dir='ltr'><strong>gelicae</strong></span> <span class='ocrx_word' id='word_1_376' title='bbox 696 4498 900 4567; x_wconf 71' lang='lat' dir='ltr'><strong>gratiae;</strong></span> <span class='ocrx_word' id='word_1_377' title='bbox 927 4498 1074 4552; x_wconf 89' lang='lat' dir='ltr'><strong>illum</strong></span> <span class='ocrx_word' id='word_1_378' title='bbox 1101 4497 1312 4568; x_wconf 88' lang='lat' dir='ltr'><strong>quidem</strong></span> <span class='ocrx_word' id='word_1_379' title='bbox 1345 4499 1509 4554; x_wconf 91' lang='lat' dir='ltr'><strong>Deum</strong></span> <span class='ocrx_word' id='word_1_380' title='bbox 1532 4501 1752 4570; x_wconf 89' lang='lat' dir='ltr'><strong>malum,</strong></span> <span class='ocrx_word' id='word_1_381' title='bbox 1781 4501 1928 4558; x_wconf 90' lang='lat' dir='ltr'><strong>illum</strong></span> <span class='ocrx_word' id='word_1_382' title='bbox 1956 4519 2084 4561; x_wconf 86' lang='lat' dir='ltr'><strong>vero</strong></span> 
     </span>
    </p>
   </div>
   <div class='ocr_carea' id='block_1_47' title="bbox 498 4587 2083 4657">
    <p class='ocr_par' dir='ltr' id='par_1_47' title="bbox 498 4587 2083 4657">
     <span class='ocr_line' id='line_1_47' title="bbox 498 4587 2083 4657; baseline 0.006 -15"><span class='ocrx_word' id='word_1_383' title='bbox 498 4589 663 4644; x_wconf 87' lang='lat' dir='ltr'><strong>Deum</strong></span> <span class='ocrx_word' id='word_1_384' title='bbox 690 4589 908 4643; x_wconf 87' lang='lat' dir='ltr'><strong>bonum.</strong></span> <span class='ocrx_word' id='word_1_385' title='bbox 937 4587 1075 4656; x_wconf 86' lang='lat' dir='ltr'><strong>Quid</strong></span> <span class='ocrx_word' id='word_1_386' title='bbox 1106 4589 1380 4657; x_wconf 89' lang='lat' dir='ltr'><strong>miramur,</strong></span> <span class='ocrx_word' id='word_1_387' title='bbox 1412 4591 1647 4647; x_wconf 82' lang='lat' dir='ltr'><strong>fratres?</strong></span> <span class='ocrx_word' id='word_1_388' title='bbox 1672 4592 1729 4647; x_wconf 92' lang='lat' dir='ltr'><strong>ln</strong></span> <span class='ocrx_word' id='word_1_389' title='bbox 1758 4592 2083 4652; x_wconf 83' lang='lat' dir='ltr'><strong>obscuritate</strong></span> 
     </span>
    </p>
   </div>
   <div class='ocr_carea' id='block_1_48' title="bbox 492 4680 2080 4756">
    <p class='ocr_par' dir='ltr' id='par_1_48' title="bbox 492 4680 2080 4756">
     <span class='ocr_line' id='line_1_48' title="bbox 492 4680 2080 4756; baseline 0.004 -20"><span class='ocrx_word' id='word_1_390' title='bbox 492 4680 645 4752; x_wconf 87' lang='lat' dir='ltr'><strong>legis,</strong></span> <span class='ocrx_word' id='word_1_391' title='bbox 679 4688 933 4751; x_wconf 90' lang='lat' dir='ltr'><strong>tanquam</strong></span> <span class='ocrx_word' id='word_1_392' title='bbox 959 4682 1010 4735; x_wconf 93' lang='lat' dir='ltr'><strong>in</strong></span> <span class='ocrx_word' id='word_1_393' title='bbox 1038 4681 1232 4737; x_wconf 90' lang='lat' dir='ltr'><strong>clausis</strong></span> <span class='ocrx_word' id='word_1_394' title='bbox 1260 4682 1434 4752; x_wconf 68' lang='lat' dir='ltr'><strong>osuis,</strong></span> <span class='ocrx_word' id='word_1_395' title='bbox 1461 4682 1742 4754; x_wconf 89' lang='lat' dir='ltr'><strong>caliginem</strong></span> <span class='ocrx_word' id='word_1_396' title='bbox 1766 4685 1912 4756; x_wconf 85' lang='lat' dir='ltr'><strong>passi</strong></span> <span class='ocrx_word' id='word_1_397' title='bbox 1933 4696 2080 4753; x_wconf 85' lang='lat' dir='ltr'><strong>sunt;</strong></span> 
     </span>
    </p>
   </div>
   <div class='ocr_carea' id='block_1_49' title="bbox 491 4771 2082 4848">
    <p class='ocr_par' dir='ltr' id='par_1_49' title="bbox 491 4771 2082 4848">
     <span class='ocr_line' id='line_1_49' title="bbox 491 4771 2082 4848; baseline 0.004 -22"><span class='ocrx_word' id='word_1_398' title='bbox 491 4773 614 4842; x_wconf 88' lang='lat' dir='ltr'><strong>quia</strong></span> <span class='ocrx_word' id='word_1_399' title='bbox 659 4787 764 4828; x_wconf 93' lang='lat' dir='ltr'><strong>non</strong></span> <span class='ocrx_word' id='word_1_400' title='bbox 812 4772 1009 4841; x_wconf 88' lang='lat' dir='ltr'><strong>pietate</strong></span> <span class='ocrx_word' id='word_1_401' title='bbox 1046 4771 1412 4844; x_wconf 89' lang='lat' dir='ltr'><strong>pulsaverunt.</strong></span> <span class='ocrx_word' id='word_1_402' title='bbox 1455 4773 1761 4830; x_wconf 83' lang='lat' dir='ltr'><strong>Invenimus</strong></span> <span class='ocrx_word' id='word_1_403' title='bbox 1795 4776 2082 4848; x_wconf 89' lang='lat' dir='ltr'><strong>aliquando</strong></span> 
     </span>
    </p>
   </div>
   <div class='ocr_carea' id='block_1_50' title="bbox 490 4863 2081 4938">
    <p class='ocr_par' dir='ltr' id='par_1_50' title="bbox 490 4863 2081 4938">
     <span class='ocr_line' id='line_1_50' title="bbox 490 4863 2081 4938; baseline 0.004 -19"><span class='ocrx_word' id='word_1_404' title='bbox 490 4864 738 4920; x_wconf 90' lang='lat' dir='ltr'><strong>eumdem</strong></span> <span class='ocrx_word' id='word_1_405' title='bbox 784 4863 1004 4919; x_wconf 87' lang='lat' dir='ltr'><strong>Paulum</strong></span> <span class='ocrx_word' id='word_1_406' title='bbox 1056 4864 1392 4934; x_wconf 87' lang='lat' dir='ltr'><strong>apertissime</strong></span> <span class='ocrx_word' id='word_1_407' title='bbox 1419 4865 1629 4934; x_wconf 88' lang='lat' dir='ltr'><strong>dicere,</strong></span> <span class='ocrx_word' id='word_1_408' title='bbox 1674 4867 1846 4938; x_wconf 89' lang='lat' dir='ltr'><strong>legem</strong></span> <span class='ocrx_word' id='word_1_409' title='bbox 1885 4867 2081 4925; x_wconf 88' lang='lat' dir='ltr'><strong>bonam</strong></span> 
     </span>
    </p>
   </div>
   <div class='ocr_carea' id='block_1_51' title="bbox 489 4955 2084 5030">
    <p class='ocr_par' dir='ltr' id='par_1_51' title="bbox 489 4955 2084 5030">
     <span class='ocr_line' id='line_1_51' title="bbox 489 4955 2084 5030; baseline 0.004 -18"><span class='ocrx_word' id='word_1_410' title='bbox 489 4971 612 5014; x_wconf 86' lang='lat' dir='ltr'><strong>esse</strong></span> <span class='ocrx_word' id='word_1_411' title='bbox 642 4956 838 5030; x_wconf 81' lang='lat' dir='ltr'><strong>(Rom.</strong></span> <span class='ocrx_word' id='word_1_412' title='bbox 867 4973 936 5012; x_wconf 91' lang='lat' dir='ltr'><strong>vn</strong></span> <span class='ocrx_word' id='word_1_413' title='bbox 957 4999 974 5024; x_wconf 93' lang='lat'><strong>,</strong></span> <span class='ocrx_word' id='word_1_414' title='bbox 1005 4955 1109 5029; x_wconf 77' lang='lat' dir='ltr'><strong>l2)</strong></span> <span class='ocrx_word' id='word_1_415' title='bbox 1144 4975 1158 5012; x_wconf 91' lang='lat'><strong>:</strong></span> <span class='ocrx_word' id='word_1_416' title='bbox 1187 4973 1349 5028; x_wconf 89' lang='lat' dir='ltr'><strong>quam</strong></span> <span class='ocrx_word' id='word_1_417' title='bbox 1376 4967 1553 5014; x_wconf 89' lang='lat' dir='ltr'><strong>tamen</strong></span> <span class='ocrx_word' id='word_1_418' title='bbox 1581 4959 1701 5015; x_wconf 92' lang='lat' dir='ltr'><strong>ideo</strong></span> <span class='ocrx_word' id='word_1_419' title='bbox 1738 4959 1916 5016; x_wconf 88' lang='lat' dir='ltr'><strong>datam</strong></span> <span class='ocrx_word' id='word_1_420' title='bbox 1954 4961 2084 5018; x_wconf 90' lang='lat' dir='ltr'><strong>dicit</strong></span> 
     </span>
    </p>
   </div>
   <div class='ocr_carea' id='block_1_52' title="bbox 490 5051 2080 5126">
    <p class='ocr_par' dir='ltr' id='par_1_52' title="bbox 490 5051 2080 5126">
     <span class='ocr_line' id='line_1_52' title="bbox 490 5051 2080 5126; baseline 0.004 -20"><span class='ocrx_word' id='word_1_421' title='bbox 490 5066 633 5118; x_wconf 88' lang='lat' dir='ltr'><strong>esse,</strong></span> <span class='ocrx_word' id='word_1_422' title='bbox 663 5059 721 5104; x_wconf 91' lang='lat' dir='ltr'><strong>ut</strong></span> <span class='ocrx_word' id='word_1_423' title='bbox 739 5051 1035 5107; x_wconf 84' lang='lat' dir='ltr'><strong>abundaret</strong></span> <span class='ocrx_word' id='word_1_424' title='bbox 1059 5063 1368 5121; x_wconf 86' lang='lat' dir='ltr'><strong>peccatum;</strong></span> <span class='ocrx_word' id='word_1_425' title='bbox 1395 5061 1449 5106; x_wconf 90' lang='lat' dir='ltr'><strong>et</strong></span> <span class='ocrx_word' id='word_1_426' title='bbox 1478 5052 1598 5108; x_wconf 89' lang='lat' dir='ltr'><strong>ideo</strong></span> <span class='ocrx_word' id='word_1_427' title='bbox 1627 5053 1929 5111; x_wconf 88' lang='lat' dir='ltr'><strong>abundasse</strong></span> <span class='ocrx_word' id='word_1_428' title='bbox 1954 5071 2080 5126; x_wconf 90' lang='lat' dir='ltr'><strong>pec-</strong></span> 
     </span>
    </p>
   </div>
   <div class='ocr_carea' id='block_1_53' title="bbox 490 5143 2083 5221">
    <p class='ocr_par' dir='ltr' id='par_1_53' title="bbox 490 5143 2083 5221">
     <span class='ocr_line' id='line_1_53' title="bbox 490 5143 2083 5221; baseline 0.003 -22"><span class='ocrx_word' id='word_1_429' title='bbox 490 5153 667 5209; x_wconf 80' lang='lat' dir='ltr'><strong>catum</strong></span> <span class='ocrx_word' id='word_1_430' title='bbox 687 5184 704 5209; x_wconf 92' lang='lat'><strong>,</strong></span> <span class='ocrx_word' id='word_1_431' title='bbox 736 5153 793 5198; x_wconf 92' lang='lat' dir='ltr'><strong>ut</strong></span> <span class='ocrx_word' id='word_1_432' title='bbox 831 5143 1288 5213; x_wconf 84' lang='lat' dir='ltr'><strong>superabundarct</strong></span> <span class='ocrx_word' id='word_1_433' title='bbox 1329 5145 1498 5214; x_wconf 90' lang='lat' dir='ltr'><strong>gratia</strong></span> <span class='ocrx_word' id='word_1_434' title='bbox 1530 5145 1636 5220; x_wconf 87' lang='lat' dir='ltr'><strong>(Id.</strong></span> <span class='ocrx_word' id='word_1_435' title='bbox 1669 5163 1704 5202; x_wconf 86' lang='lat' dir='ltr'><strong>v</strong></span> <span class='ocrx_word' id='word_1_436' title='bbox 1725 5189 1742 5216; x_wconf 91' lang='lat'><strong>,</strong></span> <span class='ocrx_word' id='word_1_437' title='bbox 1798 5149 1912 5221; x_wconf 76' lang='lat'><strong>9.0).</strong></span> <span class='ocrx_word' id='word_1_438' title='bbox 1938 5149 2083 5204; x_wconf 83' lang='lat' dir='ltr'><strong>Prac-</strong></span> 
     </span>
    </p>
   </div>
   <div class='ocr_carea' id='block_1_54' title="bbox 490 5234 2082 5309">
    <p class='ocr_par' dir='ltr' id='par_1_54' title="bbox 490 5234 2082 5309">
     <span class='ocr_line' id='line_1_54' title="bbox 490 5234 2082 5309; baseline 0.005 -19"><span class='ocrx_word' id='word_1_439' title='bbox 490 5235 771 5291; x_wconf 90' lang='lat' dir='ltr'><strong>sumebant</strong></span> <span class='ocrx_word' id='word_1_440' title='bbox 795 5235 938 5292; x_wconf 90' lang='lat' dir='ltr'><strong>enim</strong></span> <span class='ocrx_word' id='word_1_441' title='bbox 967 5234 1212 5292; x_wconf 88' lang='lat' dir='ltr'><strong>homines</strong></span> <span class='ocrx_word' id='word_1_442' title='bbox 1255 5237 1321 5292; x_wconf 92' lang='lat' dir='ltr'><strong>de</strong></span> <span class='ocrx_word' id='word_1_443' title='bbox 1348 5238 1547 5294; x_wconf 88' lang='lat' dir='ltr'><strong>viribus</strong></span> <span class='ocrx_word' id='word_1_444' title='bbox 1575 5241 1686 5295; x_wconf 90' lang='lat' dir='ltr'><strong>suis</strong></span> <span class='ocrx_word' id='word_1_445' title='bbox 1704 5271 1726 5309; x_wconf 81' lang='lat'><strong>~,</strong></span> <span class='ocrx_word' id='word_1_446' title='bbox 1757 5251 1811 5296; x_wconf 91' lang='lat' dir='ltr'><strong>et</strong></span> <span class='ocrx_word' id='word_1_447' title='bbox 1840 5242 2082 5298; x_wconf 90' lang='lat' dir='ltr'><strong>faciendo</strong></span> 
     </span>
    </p>
   </div>
   <div class='ocr_carea' id='block_1_55' title="bbox 491 5328 2079 5405">
    <p class='ocr_par' dir='ltr' id='par_1_55' title="bbox 491 5328 2079 5405">
     <span class='ocr_line' id='line_1_55' title="bbox 491 5328 2079 5405; baseline 0.006 -23"><span class='ocrx_word' id='word_1_448' title='bbox 491 5329 749 5399; x_wconf 89' lang='lat' dir='ltr'><strong>quidquid</strong></span> <span class='ocrx_word' id='word_1_449' title='bbox 773 5328 873 5384; x_wconf 89' lang='lat' dir='ltr'><strong>sibi</strong></span> <span class='ocrx_word' id='word_1_450' title='bbox 897 5328 1058 5385; x_wconf 91' lang='lat' dir='ltr'><strong>licere</strong></span> <span class='ocrx_word' id='word_1_451' title='bbox 1078 5329 1492 5400; x_wconf 88' lang='lat' dir='ltr'><strong>arbitrabantur,</strong></span> <span class='ocrx_word' id='word_1_452' title='bbox 1517 5333 1809 5402; x_wconf 87' lang='lat' dir='ltr'><strong>peccabant</strong></span> <span class='ocrx_word' id='word_1_453' title='bbox 1829 5335 1880 5388; x_wconf 90' lang='lat' dir='ltr'><strong>in</strong></span> <span class='ocrx_word' id='word_1_454' title='bbox 1909 5335 2079 5405; x_wconf 87' lang='lat' dir='ltr'><strong>legem</strong></span> 
     </span>
    </p>
   </div>
   <div class='ocr_carea' id='block_1_56' title="bbox 489 5419 2080 5497">
    <p class='ocr_par' dir='ltr' id='par_1_56' title="bbox 489 5419 2080 5497">
     <span class='ocr_line' id='line_1_56' title="bbox 489 5419 2080 5497; baseline 0.008 -25"><span class='ocrx_word' id='word_1_455' title='bbox 489 5419 588 5474; x_wconf 88' lang='lat' dir='ltr'><strong>Dei</strong></span> <span class='ocrx_word' id='word_1_456' title='bbox 616 5420 880 5476; x_wconf 87' lang='lat' dir='ltr'><strong>occultam</strong></span> <span class='ocrx_word' id='word_1_457' title='bbox 912 5422 954 5476; x_wconf 76' lang='grc'><strong>⁸.</strong></span> <span class='ocrx_word' id='word_1_458' title='bbox 984 5419 1136 5478; x_wconf 84' lang='lat' dir='ltr'><strong>Unde</strong></span> <span class='ocrx_word' id='word_1_459' title='bbox 1170 5422 1270 5480; x_wconf 86' lang='lat' dir='ltr'><strong>ista</strong></span> <span class='ocrx_word' id='word_1_460' title='bbox 1313 5423 1400 5478; x_wconf 91' lang='lat' dir='ltr'><strong>lex</strong></span> <span class='ocrx_word' id='word_1_461' title='bbox 1429 5423 1709 5480; x_wconf 85' lang='lat' dir='ltr'><strong>manifesta</strong></span> <span class='ocrx_word' id='word_1_462' title='bbox 1745 5427 2080 5497; x_wconf 85' lang='lat' dir='ltr'><strong>promulgata</strong></span> 
     </span>
    </p>
   </div>
   <div class='ocr_carea' id='block_1_57' title="bbox 490 5508 2076 5581">
    <p class='ocr_par' dir='ltr' id='par_1_57' title="bbox 490 5508 2076 5581">
     <span class='ocr_line' id='line_1_57' title="bbox 490 5508 2076 5581; baseline 0.006 -17"><span class='ocrx_word' id='word_1_463' title='bbox 490 5518 575 5564; x_wconf 89' lang='lat' dir='ltr'><strong>est</strong></span> <span class='ocrx_word' id='word_1_464' title='bbox 602 5508 700 5578; x_wconf 92' lang='lat' dir='ltr'><strong>eis,</strong></span> <span class='ocrx_word' id='word_1_465' title='bbox 725 5511 814 5581; x_wconf 92' lang='lat' dir='ltr'><strong>qui</strong></span> <span class='ocrx_word' id='word_1_466' title='bbox 835 5513 1054 5568; x_wconf 90' lang='lat' dir='ltr'><strong>omnino</strong></span> <span class='ocrx_word' id='word_1_467' title='bbox 1079 5513 1180 5568; x_wconf 90' lang='lat' dir='ltr'><strong>sibi</strong></span> <span class='ocrx_word' id='word_1_468' title='bbox 1206 5515 1284 5571; x_wconf 88' lang='lat' dir='ltr'><strong>rei</strong></span> <span class='ocrx_word' id='word_1_469' title='bbox 1305 5530 1425 5570; x_wconf 90' lang='lat' dir='ltr'><strong>esse</strong></span> <span class='ocrx_word' id='word_1_470' title='bbox 1452 5532 1558 5571; x_wconf 92' lang='lat' dir='ltr'><strong>non</strong></span> <span class='ocrx_word' id='word_1_471' title='bbox 1583 5517 1912 5573; x_wconf 88' lang='lat' dir='ltr'><strong>videbantur.</strong></span> <span class='ocrx_word' id='word_1_472' title='bbox 1947 5519 2076 5574; x_wconf 88' lang='lat' dir='ltr'><strong>Data</strong></span> 
     </span>
    </p>
   </div>
   <div class='ocr_carea' id='block_1_58' title="bbox 491 5603 2078 5682">
    <p class='ocr_par' dir='ltr' id='par_1_58' title="bbox 491 5603 2078 5682">
     <span class='ocr_line' id='line_1_58' title="bbox 491 5603 2078 5682; baseline 0.008 -25"><span class='ocrx_word' id='word_1_473' title='bbox 491 5612 577 5658; x_wconf 91' lang='lat' dir='ltr'><strong>est</strong></span> <span class='ocrx_word' id='word_1_474' title='bbox 601 5603 708 5659; x_wconf 89' lang='lat' dir='ltr'><strong>illis</strong></span> <span class='ocrx_word' id='word_1_475' title='bbox 737 5604 820 5660; x_wconf 85' lang='lat' dir='ltr'><strong>lex</strong></span> <span class='ocrx_word' id='word_1_476' title='bbox 849 5646 866 5673; x_wconf 95' lang='lat'><strong>,</strong></span> <span class='ocrx_word' id='word_1_477' title='bbox 893 5621 1003 5661; x_wconf 87' lang='lat' dir='ltr'><strong>non</strong></span> <span class='ocrx_word' id='word_1_478' title='bbox 1040 5622 1158 5678; x_wconf 76' lang='lat' dir='ltr'><strong>qua:</strong></span> <span class='ocrx_word' id='word_1_479' title='bbox 1184 5617 1396 5663; x_wconf 87' lang='lat' dir='ltr'><strong>sanaret</strong></span> <span class='ocrx_word' id='word_1_480' title='bbox 1420 5651 1436 5676; x_wconf 87' lang='lat'><strong>,</strong></span> <span class='ocrx_word' id='word_1_481' title='bbox 1479 5609 1573 5664; x_wconf 87' lang='lat' dir='ltr'><strong>sed</strong></span> <span class='ocrx_word' id='word_1_482' title='bbox 1618 5625 1736 5680; x_wconf 70' lang='lat' dir='ltr'><strong>qua:</strong></span> <span class='ocrx_word' id='word_1_483' title='bbox 1760 5619 2078 5682; x_wconf 63' lang='lat' dir='ltr'><strong>mgrotantes</strong></span> 
     </span>
    </p>
   </div>
   <div class='ocr_carea' id='block_1_59' title="bbox 562 5754 1268 5849">
    <p class='ocr_par' dir='ltr' id='par_1_59' title="bbox 562 5754 1268 5849">
     <span class='ocr_line' id='line_1_59' title="bbox 562 5754 1268 5849; baseline 0.007 -15"><span class='ocrx_word' id='word_1_484' title='bbox 562 5782 582 5819; x_wconf 78' lang='grc'><strong><em>⁸</em></strong></span> <span class='ocrx_word' id='word_1_485' title='bbox 596 5754 902 5836; x_wconf 82' lang='lat' dir='ltr'><strong>Colberttaus</strong></span> <span class='ocrx_word' id='word_1_486' title='bbox 922 5789 1006 5836; x_wconf 77' lang='lat' dir='ltr'><strong>Its.</strong></span> <span class='ocrx_word' id='word_1_487' title='bbox 1027 5818 1045 5849; x_wconf 88' lang='lat'><strong>,</strong></span> <span class='ocrx_word' id='word_1_488' title='bbox 1066 5783 1268 5839; x_wconf 76' lang='lat' dir='ltr'><strong>occulte.</strong></span> 
     </span>
    </p>
   </div>
   <div class='ocr_carea' id='block_1_60' title="bbox 1781 301 2598 372">
    <p class='ocr_par' dir='ltr' id='par_1_60' title="bbox 1781 301 2598 372">
     <span class='ocr_line' id='line_1_60' title="bbox 1781 301 2598 372; baseline 0.004 -6"><span class='ocrx_word' id='word_1_489' title='bbox 1781 309 1841 367; x_wconf 85' lang='lat' dir='ltr'><strong>S.</strong></span> <span class='ocrx_word' id='word_1_490' title='bbox 1879 301 2248 366; x_wconf 73' lang='lat' dir='ltr'><strong>AUGUSTINI</strong></span> <span class='ocrx_word' id='word_1_491' title='bbox 2287 304 2598 372; x_wconf 83' lang='lat' dir='ltr'><strong>EPISCOPll</strong></span> 
     </span>
    </p>
   </div>
   <div class='ocr_carea' id='block_1_61' title="bbox 2217 425 3806 508">
    <p class='ocr_par' dir='ltr' id='par_1_61' title="bbox 2217 425 3806 508">
     <span class='ocr_line' id='line_1_61' title="bbox 2217 425 3806 508; baseline 0.013 -30"><span class='ocrx_word' id='word_1_492' title='bbox 2217 425 2484 496; x_wconf 88' lang='lat' dir='ltr'><strong>probaret.</strong></span> <span class='ocrx_word' id='word_1_493' title='bbox 2539 427 2644 482; x_wconf 85' lang='lat' dir='ltr'><strong>Lex</strong></span> <span class='ocrx_word' id='word_1_494' title='bbox 2692 432 3038 500; x_wconf 83' lang='lat' dir='ltr'><strong>praecucurrit</strong></span> <span class='ocrx_word' id='word_1_495' title='bbox 3087 440 3213 490; x_wconf 90' lang='lat' dir='ltr'><strong>ante</strong></span> <span class='ocrx_word' id='word_1_496' title='bbox 3264 435 3531 494; x_wconf 89' lang='lat' dir='ltr'><strong>medicum</strong></span> <span class='ocrx_word' id='word_1_497' title='bbox 3555 481 3572 508; x_wconf 95' lang='lat'><strong>,</strong></span> <span class='ocrx_word' id='word_1_498' title='bbox 3627 450 3688 496; x_wconf 90' lang='lat' dir='ltr'><strong>ut</strong></span> <span class='ocrx_word' id='word_1_499' title='bbox 3739 457 3806 500; x_wconf 85' lang='lat' dir='ltr'><strong>se</strong></span> 
     </span>
    </p>
   </div>
   <div class='ocr_carea' id='block_1_62' title="bbox 2213 519 3802 602">
    <p class='ocr_par' dir='ltr' id='par_1_62' title="bbox 2213 519 3802 602">
     <span class='ocr_line' id='line_1_62' title="bbox 2213 519 3802 602; baseline 0.014 -33"><span class='ocrx_word' id='word_1_500' title='bbox 2213 525 2441 586; x_wconf 77' lang='lat' dir='ltr'><strong>:egrotus</strong></span> <span class='ocrx_word' id='word_1_501' title='bbox 2459 559 2474 584; x_wconf 94' lang='lat'><strong>,</strong></span> <span class='ocrx_word' id='word_1_502' title='bbox 2505 519 2596 589; x_wconf 90' lang='lat' dir='ltr'><strong>qui</strong></span> <span class='ocrx_word' id='word_1_503' title='bbox 2621 535 2680 576; x_wconf 90' lang='lat' dir='ltr'><strong>se</strong></span> <span class='ocrx_word' id='word_1_504' title='bbox 2699 535 2884 578; x_wconf 90' lang='lat' dir='ltr'><strong>sanum</strong></span> <span class='ocrx_word' id='word_1_505' title='bbox 2916 525 3168 593; x_wconf 87' lang='lat' dir='ltr'><strong>putabat,</strong></span> <span class='ocrx_word' id='word_1_506' title='bbox 3197 527 3461 585; x_wconf 88' lang='lat' dir='ltr'><strong>inveniret</strong></span> <span class='ocrx_word' id='word_1_507' title='bbox 3487 542 3750 602; x_wconf 65' lang='lat' dir='ltr'><strong>aegrotum</strong></span> <span class='ocrx_word' id='word_1_508' title='bbox 3783 551 3802 592; x_wconf 91' lang='lat'><strong>:</strong></span> 
     </span>
    </p>
   </div>
   <div class='ocr_carea' id='block_1_63' title="bbox 2213 607 3808 695">
    <p class='ocr_par' dir='ltr' id='par_1_63' title="bbox 2213 607 3808 695">
     <span class='ocr_line' id='line_1_63' title="bbox 2213 607 3808 695; baseline 0.013 -34"><span class='ocrx_word' id='word_1_509' title='bbox 2213 618 2266 662; x_wconf 90' lang='lat' dir='ltr'><strong>et</strong></span> <span class='ocrx_word' id='word_1_510' title='bbox 2293 607 2426 663; x_wconf 82' lang='lat' dir='ltr'><strong>dixit</strong></span> <span class='ocrx_word' id='word_1_511' title='bbox 2456 627 2470 664; x_wconf 89' lang='lat'>:</span> <span class='ocrx_word' id='word_1_512' title='bbox 2497 608 2618 665; x_wconf 88' lang='lat' dir='ltr'><strong>Non</strong></span> <span class='ocrx_word' id='word_1_513' title='bbox 2644 615 2963 685; x_wconf 82' lang='lat' dir='ltr'><strong>concupisces</strong></span> <span class='ocrx_word' id='word_1_514' title='bbox 2987 614 3164 690; x_wconf 87' lang='lat' dir='ltr'><strong>(Rom.</strong></span> <span class='ocrx_word' id='word_1_515' title='bbox 3193 635 3288 688; x_wconf 81' lang='lat' dir='ltr'><strong>vn,</strong></span> <span class='ocrx_word' id='word_1_516' title='bbox 3318 621 3399 695; x_wconf 83' lang='lat'><strong>7).</strong></span> <span class='ocrx_word' id='word_1_517' title='bbox 3429 623 3497 678; x_wconf 84' lang='lat' dir='ltr'><strong>Et</strong></span> <span class='ocrx_word' id='word_1_518' title='bbox 3521 623 3644 694; x_wconf 89' lang='lat' dir='ltr'><strong>quia</strong></span> <span class='ocrx_word' id='word_1_519' title='bbox 3673 633 3808 682; x_wconf 80' lang='lat' dir='ltr'><strong>ante</strong></span> 
     </span>
    </p>
   </div>
   <div class='ocr_carea' id='block_1_64' title="bbox 2211 697 3806 774">
    <p class='ocr_par' dir='ltr' id='par_1_64' title="bbox 2211 697 3806 774">
     <span class='ocr_line' id='line_1_64' title="bbox 2211 697 3806 774; baseline 0.013 -22"><span class='ocrx_word' id='word_1_520' title='bbox 2211 697 2388 754; x_wconf 90' lang='lat' dir='ltr'><strong>datam</strong></span> <span class='ocrx_word' id='word_1_521' title='bbox 2435 700 2607 772; x_wconf 90' lang='lat' dir='ltr'><strong>legem</strong></span> <span class='ocrx_word' id='word_1_522' title='bbox 2639 706 3003 774; x_wconf 61' lang='lat' dir='ltr'><strong>praevaricatio</strong></span> <span class='ocrx_word' id='word_1_523' title='bbox 3049 710 3282 766; x_wconf 90' lang='lat' dir='ltr'><strong>nondum</strong></span> <span class='ocrx_word' id='word_1_524' title='bbox 3315 722 3431 768; x_wconf 90' lang='lat' dir='ltr'><strong>erat</strong></span> <span class='ocrx_word' id='word_1_525' title='bbox 3473 731 3490 770; x_wconf 86' lang='lat'><strong>:</strong></span> <span class='ocrx_word' id='word_1_526' title='bbox 3537 715 3637 770; x_wconf 87' lang='lat' dir='ltr'><strong>Ubi</strong></span> <span class='ocrx_word' id='word_1_527' title='bbox 3666 717 3806 772; x_wconf 75' lang='lat' dir='ltr'><strong>enim</strong></span> 
     </span>
    </p>
   </div>
   <div class='ocr_carea' id='block_1_65' title="bbox 2211 794 3803 881">
    <p class='ocr_par' dir='ltr' id='par_1_65' title="bbox 2211 794 3803 881">
     <span class='ocr_line' id='line_1_65' title="bbox 2211 794 3803 881; baseline 0.014 -39"><span class='ocrx_word' id='word_1_528' title='bbox 2211 805 2313 844; x_wconf 85' lang='lat' dir='ltr'><strong>non</strong></span> <span class='ocrx_word' id='word_1_529' title='bbox 2352 803 2462 859; x_wconf 85' lang='lat' dir='ltr'><strong>est,</strong></span> <span class='ocrx_word' id='word_1_530' title='bbox 2489 794 2696 864; x_wconf 90' lang='lat' dir='ltr'><strong>inquit,</strong></span> <span class='ocrx_word' id='word_1_531' title='bbox 2730 796 2843 865; x_wconf 74' lang='lat' dir='ltr'><strong>lex,</strong></span> <span class='ocrx_word' id='word_1_532' title='bbox 2883 816 2974 854; x_wconf 88' lang='lat' dir='ltr'><strong>nec</strong></span> <span class='ocrx_word' id='word_1_533' title='bbox 2997 803 3345 870; x_wconf 69' lang='lat' dir='ltr'><strong>praevaricatio</strong></span> <span class='ocrx_word' id='word_1_534' title='bbox 3381 804 3498 878; x_wconf 86' lang='lat' dir='ltr'><strong>(Id.</strong></span> <span class='ocrx_word' id='word_1_535' title='bbox 3529 823 3616 876; x_wconf 88' lang='lat' dir='ltr'><strong>tv,</strong></span> <span class='ocrx_word' id='word_1_536' title='bbox 3659 809 3755 881; x_wconf 78' lang='grc'><strong>15)</strong></span> <span class='ocrx_word' id='word_1_537' title='bbox 3784 827 3803 865; x_wconf 92' lang='lat'><strong>:</strong></span> 
     </span>
    </p>
   </div>
   <div class='ocr_carea' id='block_1_66' title="bbox 2209 883 3808 971">
    <p class='ocr_par' dir='ltr' id='par_1_66' title="bbox 2209 883 3808 971">
     <span class='ocr_line' id='line_1_66' title="bbox 2209 883 3808 971; baseline 0.015 -38"><span class='ocrx_word' id='word_1_538' title='bbox 2209 889 2367 936; x_wconf 88' lang='lat' dir='ltr'><strong>antea</strong></span> <span class='ocrx_word' id='word_1_539' title='bbox 2413 883 2529 938; x_wconf 89' lang='lat' dir='ltr'><strong>sine</strong></span> <span class='ocrx_word' id='word_1_540' title='bbox 2556 885 2672 955; x_wconf 88' lang='lat' dir='ltr'><strong>lege</strong></span> <span class='ocrx_word' id='word_1_541' title='bbox 2701 889 3051 958; x_wconf 88' lang='lat' dir='ltr'><strong>peccabatur;</strong></span> <span class='ocrx_word' id='word_1_542' title='bbox 3103 892 3223 949; x_wconf 88' lang='lat' dir='ltr'><strong>data</strong></span> <span class='ocrx_word' id='word_1_543' title='bbox 3254 911 3382 951; x_wconf 81' lang='lat' dir='ltr'><strong>vero</strong></span> <span class='ocrx_word' id='word_1_544' title='bbox 3424 897 3541 968; x_wconf 86' lang='lat' dir='ltr'><strong>lege</strong></span> <span class='ocrx_word' id='word_1_545' title='bbox 3585 909 3808 971; x_wconf 76' lang='lat' dir='ltr'><strong>postea-</strong></span> 
     </span>
    </p>
   </div>
   <div class='ocr_carea' id='block_1_67' title="bbox 2207 982 3804 1060">
    <p class='ocr_par' dir='ltr' id='par_1_67' title="bbox 2207 982 3804 1060">
     <span class='ocr_line' id='line_1_67' title="bbox 2207 982 3804 1060; baseline 0.014 -36"><span class='ocrx_word' id='word_1_546' title='bbox 2207 986 2366 1041; x_wconf 89' lang='lat' dir='ltr'><strong>quam</strong></span> <span class='ocrx_word' id='word_1_547' title='bbox 2402 984 2680 1043; x_wconf 89' lang='lat' dir='ltr'><strong>peccatum</strong></span> <span class='ocrx_word' id='word_1_548' title='bbox 2704 988 2807 1046; x_wconf 90' lang='lat' dir='ltr'><strong>est,</strong></span> <span class='ocrx_word' id='word_1_549' title='bbox 2829 982 3059 1052; x_wconf 90' lang='lat' dir='ltr'><strong>amplius</strong></span> <span class='ocrx_word' id='word_1_550' title='bbox 3089 994 3364 1054; x_wconf 89' lang='lat' dir='ltr'><strong>peccatum</strong></span> <span class='ocrx_word' id='word_1_551' title='bbox 3391 998 3494 1056; x_wconf 91' lang='lat' dir='ltr'><strong>est,</strong></span> <span class='ocrx_word' id='word_1_552' title='bbox 3527 991 3650 1060; x_wconf 88' lang='lat' dir='ltr'><strong>quia</strong></span> <span class='ocrx_word' id='word_1_553' title='bbox 3676 1006 3804 1047; x_wconf 84' lang='lat' dir='ltr'><strong>cum</strong></span> 
     </span>
    </p>
   </div>
   <div class='ocr_carea' id='block_1_68' title="bbox 2207 1065 3807 1142">
    <p class='ocr_par' dir='ltr' id='par_1_68' title="bbox 2207 1065 3807 1142">
     <span class='ocr_line' id='line_1_68' title="bbox 2207 1065 3807 1142; baseline 0.014 -24"><span class='ocrx_word' id='word_1_554' title='bbox 2207 1065 2642 1134; x_wconf 58' lang='lat' dir='ltr'><strong>praevaricatione</strong></span> <span class='ocrx_word' id='word_1_555' title='bbox 2672 1083 2951 1142; x_wconf 89' lang='lat' dir='ltr'><strong>peccatum</strong></span> <span class='ocrx_word' id='word_1_556' title='bbox 2977 1085 3062 1132; x_wconf 89' lang='lat' dir='ltr'><strong>est</strong></span> <span class='ocrx_word' id='word_1_557' title='bbox 3086 1079 3358 1136; x_wconf 69' lang='lat' dir='ltr'><strong>‘Jnvenit</strong></span> <span class='ocrx_word' id='word_1_558' title='bbox 3386 1098 3444 1138; x_wconf 85' lang='lat' dir='ltr'><strong>se</strong></span> <span class='ocrx_word' id='word_1_559' title='bbox 3471 1083 3630 1139; x_wconf 92' lang='lat' dir='ltr'><strong>homo</strong></span> <span class='ocrx_word' id='word_1_560' title='bbox 3657 1086 3807 1142; x_wconf 85' lang='lat' dir='ltr'><strong>vinei</strong></span> 
     </span>
    </p>
   </div>
   <div class='ocr_carea' id='block_1_69' title="bbox 2205 1159 3808 1239">
    <p class='ocr_par' dir='ltr' id='par_1_69' title="bbox 2205 1159 3808 1239">
     <span class='ocr_line' id='line_1_69' title="bbox 2205 1159 3808 1239; baseline 0.014 -28"><span class='ocrx_word' id='word_1_561' title='bbox 2205 1171 2236 1211; x_wconf 95' lang='lat' dir='ltr'><strong>a</strong></span> <span class='ocrx_word' id='word_1_562' title='bbox 2266 1159 2650 1230; x_wconf 89' lang='lat' dir='ltr'><strong>cupiditatibus</strong></span> <span class='ocrx_word' id='word_1_563' title='bbox 2688 1166 2802 1222; x_wconf 88' lang='lat' dir='ltr'><strong>suis</strong></span> <span class='ocrx_word' id='word_1_564' title='bbox 2829 1208 2844 1232; x_wconf 92' lang='lat'><strong>,</strong></span> <span class='ocrx_word' id='word_1_565' title='bbox 2883 1185 3013 1239; x_wconf 91' lang='lat' dir='ltr'><strong>quas</strong></span> <span class='ocrx_word' id='word_1_566' title='bbox 3042 1172 3179 1227; x_wconf 90' lang='lat' dir='ltr'><strong>mala</strong></span> <span class='ocrx_word' id='word_1_567' title='bbox 3208 1178 3590 1234; x_wconf 88' lang='lat' dir='ltr'><strong>consuetudine</strong></span> <span class='ocrx_word' id='word_1_568' title='bbox 3617 1179 3808 1234; x_wconf 81' lang='lat' dir='ltr'><strong>adver-</strong></span> 
     </span>
    </p>
   </div>
   <div class='ocr_carea' id='block_1_70' title="bbox 2205 1256 3807 1344">
    <p class='ocr_par' dir='ltr' id='par_1_70' title="bbox 2205 1256 3807 1344">
     <span class='ocr_line' id='line_1_70' title="bbox 2205 1256 3807 1344; baseline 0.016 -40"><span class='ocrx_word' id='word_1_569' title='bbox 2205 1265 2321 1305; x_wconf 91' lang='lat' dir='ltr'><strong>sum</strong></span> <span class='ocrx_word' id='word_1_570' title='bbox 2351 1266 2410 1308; x_wconf 91' lang='lat' dir='ltr'><strong>se</strong></span> <span class='ocrx_word' id='word_1_571' title='bbox 2440 1256 2747 1326; x_wconf 88' lang='lat' dir='ltr'><strong>nutriebat;</strong></span> <span class='ocrx_word' id='word_1_572' title='bbox 2778 1260 2868 1330; x_wconf 91' lang='lat' dir='ltr'><strong>qui</strong></span> <span class='ocrx_word' id='word_1_573' title='bbox 2908 1263 3066 1318; x_wconf 88' lang='lat' dir='ltr'><strong>etiam</strong></span> <span class='ocrx_word' id='word_1_574' title='bbox 3113 1281 3234 1322; x_wconf 91' lang='lat' dir='ltr'><strong>cum</strong></span> <span class='ocrx_word' id='word_1_575' title='bbox 3273 1269 3485 1326; x_wconf 88' lang='lat' dir='ltr'><strong>vinculo</strong></span> <span class='ocrx_word' id='word_1_576' title='bbox 3509 1280 3566 1326; x_wconf 93' lang='lat' dir='ltr'><strong>et</strong></span> <span class='ocrx_word' id='word_1_577' title='bbox 3603 1272 3807 1344; x_wconf 86' lang='lat' dir='ltr'><strong>obliga-</strong></span> 
     </span>
    </p>
   </div>
   <div class='ocr_carea' id='block_1_71' title="bbox 2206 1341 3808 1431">
    <p class='ocr_par' dir='ltr' id='par_1_71' title="bbox 2206 1341 3808 1431">
     <span class='ocr_line' id='line_1_71' title="bbox 2206 1341 3808 1431; baseline 0.015 -36"><span class='ocrx_word' id='word_1_578' title='bbox 2206 1341 2350 1398; x_wconf 88' lang='lat' dir='ltr'><strong>tione</strong></span> <span class='ocrx_word' id='word_1_579' title='bbox 2377 1348 2577 1412; x_wconf 90' lang='lat' dir='ltr'><strong>peccati</strong></span> <span class='ocrx_word' id='word_1_580' title='bbox 2598 1363 2664 1403; x_wconf 89' lang='lat' dir='ltr'><strong>ex</strong></span> <span class='ocrx_word' id='word_1_581' title='bbox 2706 1350 2876 1406; x_wconf 81' lang='lat' dir='ltr'><strong>Adam</strong></span> <span class='ocrx_word' id='word_1_582' title='bbox 2905 1352 3076 1410; x_wconf 81' lang='lat' dir='ltr'><strong>fuerat</strong></span> <span class='ocrx_word' id='word_1_583' title='bbox 3107 1369 3441 1431; x_wconf 84' lang='lat' dir='ltr'><strong>prepagatus.</strong></span> <span class='ocrx_word' id='word_1_584' title='bbox 3476 1361 3629 1419; x_wconf 88' lang='lat' dir='ltr'><strong>Unde</strong></span> <span class='ocrx_word' id='word_1_585' title='bbox 3670 1341 3808 1419; x_wconf 79' lang='lat' dir='ltr'><strong>dicit</strong></span> 
     </span>
    </p>
   </div>
   <div class='ocr_carea' id='block_1_72' title="bbox 2204 1434 3809 1526">
    <p class='ocr_par' dir='ltr' id='par_1_72' title="bbox 2204 1434 3809 1526">
     <span class='ocr_line' id='line_1_72' title="bbox 2204 1434 3809 1526; baseline 0.016 -37"><span class='ocrx_word' id='word_1_586' title='bbox 2204 1434 2489 1526; x_wconf 73' lang='lat' dir='ltr'><strong>Apostolus</strong></span> <span class='ocrx_word' id='word_1_587' title='bbox 2521 1457 2536 1495; x_wconf 89' lang='lat'><strong>:</strong></span> <span class='ocrx_word' id='word_1_588' title='bbox 2563 1439 2781 1498; x_wconf 84' lang='lat' dir='ltr'><strong>Fuimus</strong></span> <span class='ocrx_word' id='word_1_589' title='bbox 2820 1455 2868 1500; x_wconf 88' lang='lat' dir='ltr'><strong>et</strong></span> <span class='ocrx_word' id='word_1_590' title='bbox 2897 1465 2988 1502; x_wconf 87' lang='lat' dir='ltr'><strong>nos</strong></span> <span class='ocrx_word' id='word_1_591' title='bbox 3026 1451 3302 1520; x_wconf 81' lang='lat' dir='ltr'><strong>aliquando</strong></span> <span class='ocrx_word' id='word_1_592' title='bbox 3346 1465 3529 1510; x_wconf 83' lang='lat' dir='ltr'><strong>natura</strong></span> <span class='ocrx_word' id='word_1_593' title='bbox 3571 1459 3668 1526; x_wconf 84' lang='lat' dir='ltr'><strong>ﬁlii</strong></span> <span class='ocrx_word' id='word_1_594' title='bbox 3708 1460 3809 1514; x_wconf 72' lang='lat' dir='ltr'><strong>ira</strong></span> 
     </span>
    </p>
   </div>
   <div class='ocr_carea' id='block_1_73' title="bbox 2205 1525 3803 1610">
    <p class='ocr_par' dir='ltr' id='par_1_73' title="bbox 2205 1525 3803 1610">
     <span class='ocr_line' id='line_1_73' title="bbox 2205 1525 3803 1610; baseline 0.018 -32"><span class='ocrx_word' id='word_1_595' title='bbox 2205 1525 2419 1596; x_wconf 75' lang='lat' dir='ltr'><strong>(Ep/tes.</strong></span> <span class='ocrx_word' id='word_1_596' title='bbox 2447 1545 2503 1595; x_wconf 91' lang='grc' dir='ltr'><strong>ιι,</strong></span> <span class='ocrx_word' id='word_1_597' title='bbox 2529 1531 2611 1602; x_wconf 91' lang='lat'><strong>5).</strong></span> <span class='ocrx_word' id='word_1_598' title='bbox 2637 1531 2763 1590; x_wconf 88' lang='lat' dir='ltr'><strong>lnde</strong></span> <span class='ocrx_word' id='word_1_599' title='bbox 2791 1546 2873 1592; x_wconf 90' lang='lat' dir='ltr'><strong>est</strong></span> <span class='ocrx_word' id='word_1_600' title='bbox 2891 1579 2906 1603; x_wconf 93' lang='lat'><strong>,</strong></span> <span class='ocrx_word' id='word_1_601' title='bbox 2934 1539 3076 1610; x_wconf 93' lang='lat' dir='ltr'><strong>quod</strong></span> <span class='ocrx_word' id='word_1_602' title='bbox 3101 1557 3202 1599; x_wconf 91' lang='lat' dir='ltr'><strong>nec</strong></span> <span class='ocrx_word' id='word_1_603' title='bbox 3229 1545 3385 1600; x_wconf 91' lang='lat' dir='ltr'><strong>unius</strong></span> <span class='ocrx_word' id='word_1_604' title='bbox 3411 1547 3514 1602; x_wconf 89' lang='lat' dir='ltr'><strong>diei</strong></span> <span class='ocrx_word' id='word_1_605' title='bbox 3540 1525 3803 1606; x_wconf 83' lang='lat' dir='ltr'><strong>infantem</strong></span> 
     </span>
    </p>
   </div>
   <div class='ocr_carea' id='block_1_74' title="bbox 2204 1619 3801 1710">
    <p class='ocr_par' dir='ltr' id='par_1_74' title="bbox 2204 1619 3801 1710">
     <span class='ocr_line' id='line_1_74' title="bbox 2204 1619 3801 1710; baseline 0.018 -40"><span class='ocrx_word' id='word_1_606' title='bbox 2204 1619 2458 1674; x_wconf 91' lang='lat' dir='ltr'><strong>mundum</strong></span> <span class='ocrx_word' id='word_1_607' title='bbox 2488 1621 2617 1678; x_wconf 92' lang='lat' dir='ltr'><strong>dicit</strong></span> <span class='ocrx_word' id='word_1_608' title='bbox 2641 1639 2671 1679; x_wconf 94' lang='lat' dir='ltr'><strong>a</strong></span> <span class='ocrx_word' id='word_1_609' title='bbox 2693 1637 2910 1696; x_wconf 89' lang='lat' dir='ltr'><strong>peccato</strong></span> <span class='ocrx_word' id='word_1_610' title='bbox 2951 1629 3079 1700; x_wconf 82' lang='lat' dir='ltr'><strong>(Job</strong></span> <span class='ocrx_word' id='word_1_611' title='bbox 3123 1649 3232 1700; x_wconf 82' lang='lat' dir='ltr'><strong>xiv,</strong></span> <span class='ocrx_word' id='word_1_612' title='bbox 3275 1637 3330 1701; x_wconf 71' lang='lat'><strong>4,</strong></span> <span class='ocrx_word' id='word_1_613' title='bbox 3357 1654 3458 1691; x_wconf 81' lang='lat' dir='ltr'><strong>sec.</strong></span> <span class='ocrx_word' id='word_1_614' title='bbox 3502 1639 3608 1710; x_wconf 91' lang='lat'><strong>70)</strong></span> <span class='ocrx_word' id='word_1_615' title='bbox 3639 1659 3651 1695; x_wconf 92' lang='lat'><strong>:</strong></span> <span class='ocrx_word' id='word_1_616' title='bbox 3683 1656 3801 1698; x_wconf 84' lang='lat' dir='ltr'><strong>non</strong></span> 
     </span>
    </p>
   </div>
   <div class='ocr_carea' id='block_1_75' title="bbox 2154 1712 3637 1796">
    <p class='ocr_par' dir='ltr' id='par_1_75' title="bbox 2154 1712 3637 1796">
     <span class='ocr_line' id='line_1_75' title="bbox 2154 1712 3637 1796; baseline 0.016 -35"><span class='ocrx_word' id='word_1_617' title='bbox 2154 1729 2158 1734; x_wconf 87' lang='grc'><strong>·</strong></span> <span class='ocrx_word' id='word_1_618' title='bbox 2204 1723 2269 1762; x_wconf 82' lang='lat' dir='ltr'><strong>ex</strong></span> <span class='ocrx_word' id='word_1_619' title='bbox 2297 1725 2361 1764; x_wconf 92' lang='lat' dir='ltr'><strong>eo</strong></span> <span class='ocrx_word' id='word_1_620' title='bbox 2388 1712 2528 1782; x_wconf 91' lang='lat' dir='ltr'><strong>quod</strong></span> <span class='ocrx_word' id='word_1_621' title='bbox 2553 1717 2841 1786; x_wconf 90' lang='lat' dir='ltr'><strong>commisit,</strong></span> <span class='ocrx_word' id='word_1_622' title='bbox 2870 1720 2964 1776; x_wconf 88' lang='lat' dir='ltr'><strong>sed</strong></span> <span class='ocrx_word' id='word_1_623' title='bbox 2991 1739 3057 1778; x_wconf 89' lang='lat' dir='ltr'><strong>ex</strong></span> <span class='ocrx_word' id='word_1_624' title='bbox 3088 1739 3155 1780; x_wconf 93' lang='lat' dir='ltr'><strong>eo</strong></span> <span class='ocrx_word' id='word_1_625' title='bbox 3183 1726 3324 1796; x_wconf 89' lang='lat' dir='ltr'><strong>quod</strong></span> <span class='ocrx_word' id='word_1_626' title='bbox 3354 1732 3637 1787; x_wconf 87' lang='lat' dir='ltr'><strong>contraxit.</strong></span> 
     </span>
    </p>
   </div>
   <div class='ocr_carea' id='block_1_76' title="bbox 2275 1800 3799 1879">
    <p class='ocr_par' dir='ltr' id='par_1_76' title="bbox 2275 1800 3799 1879">
     <span class='ocr_line' id='line_1_76' title="bbox 2275 1800 3799 1879; baseline 0.016 -25"><span class='ocrx_word' id='word_1_627' title='bbox 2275 1800 2497 1858; x_wconf 82' lang='lat' dir='ltr'><strong>CAPUT</strong></span> <span class='ocrx_word' id='word_1_628' title='bbox 2536 1804 2620 1860; x_wconf 90' lang='lat' dir='ltr'><strong>IlI.</strong></span> <span class='ocrx_word' id='word_1_629' title='bbox 2666 1837 2736 1850; x_wconf 91' lang='lat'><strong>-—</strong></span> <span class='ocrx_word' id='word_1_630' title='bbox 2783 1809 2837 1864; x_wconf 87' lang='lat'><strong>5.</strong></span> <span class='ocrx_word' id='word_1_631' title='bbox 2887 1810 3158 1868; x_wconf 87' lang='lat' dir='ltr'><strong>Peccatum</strong></span> <span class='ocrx_word' id='word_1_632' title='bbox 3207 1817 3259 1871; x_wconf 85' lang='lat' dir='ltr'><strong>in</strong></span> <span class='ocrx_word' id='word_1_633' title='bbox 3317 1817 3516 1876; x_wconf 82' lang='lat' dir='ltr'><strong>Christo</strong></span> <span class='ocrx_word' id='word_1_634' title='bbox 3568 1822 3799 1879; x_wconf 84' lang='lat' dir='ltr'><strong>nullum.</strong></span> 
     </span>
    </p>
   </div>
   <div class='ocr_carea' id='block_1_77' title="bbox 2204 1892 3802 1983">
    <p class='ocr_par' dir='ltr' id='par_1_77' title="bbox 2204 1892 3802 1983">
     <span class='ocr_line' id='line_1_77' title="bbox 2204 1892 3802 1983; baseline 0.017 -38"><span class='ocrx_word' id='word_1_635' title='bbox 2204 1892 2338 1947; x_wconf 84' lang='lat' dir='ltr'><strong>Audi</strong></span> <span class='ocrx_word' id='word_1_636' title='bbox 2379 1894 2644 1952; x_wconf 90' lang='lat' dir='ltr'><strong>Psalmum</strong></span> <span class='ocrx_word' id='word_1_637' title='bbox 2691 1901 2941 1959; x_wconf 89' lang='lat' dir='ltr'><strong>interiora</strong></span> <span class='ocrx_word' id='word_1_638' title='bbox 2988 1905 3252 1964; x_wconf 90' lang='lat' dir='ltr'><strong>dicentem</strong></span> <span class='ocrx_word' id='word_1_639' title='bbox 3283 1952 3298 1978; x_wconf 93' lang='lat'><strong>,</strong></span> <span class='ocrx_word' id='word_1_640' title='bbox 3349 1921 3404 1967; x_wconf 92' lang='lat' dir='ltr'><strong>et</strong></span> <span class='ocrx_word' id='word_1_641' title='bbox 3452 1927 3802 1983; x_wconf 85' lang='lat' dir='ltr'><strong>peccatorum</strong></span> 
     </span>
    </p>
   </div>
   <div class='ocr_carea' id='block_1_78' title="bbox 2203 1992 3800 2079">
    <p class='ocr_par' dir='ltr' id='par_1_78' title="bbox 2203 1992 3800 2079">
     <span class='ocr_line' id='line_1_78' title="bbox 2203 1992 3800 2079; baseline 0.018 -44"><span class='ocrx_word' id='word_1_642' title='bbox 2203 1994 2506 2040; x_wconf 89' lang='lat' dir='ltr'><strong>nostrorum</strong></span> <span class='ocrx_word' id='word_1_643' title='bbox 2532 1992 2818 2048; x_wconf 91' lang='lat' dir='ltr'><strong>secretiora</strong></span> <span class='ocrx_word' id='word_1_644' title='bbox 2845 2007 3146 2052; x_wconf 92' lang='lat' dir='ltr'><strong>canentem.</strong></span> <span class='ocrx_word' id='word_1_645' title='bbox 3172 2000 3248 2054; x_wconf 84' lang='lat' dir='ltr'><strong>Ex</strong></span> <span class='ocrx_word' id='word_1_646' title='bbox 3278 2017 3503 2072; x_wconf 85' lang='lat' dir='ltr'><strong>persona</strong></span> <span class='ocrx_word' id='word_1_647' title='bbox 3527 2008 3668 2061; x_wconf 90' lang='lat' dir='ltr'><strong>enim</strong></span> <span class='ocrx_word' id='word_1_648' title='bbox 3697 2023 3800 2079; x_wconf 77' lang='lat' dir='ltr'><strong>ge-</strong></span> 
     </span>
    </p>
   </div>
   <div class='ocr_carea' id='block_1_79' title="bbox 2205 2074 3802 2166">
    <p class='ocr_par' dir='ltr' id='par_1_79' title="bbox 2205 2074 3802 2166">
     <span class='ocr_line' id='line_1_79' title="bbox 2205 2074 3802 2166; baseline 0.018 -40"><span class='ocrx_word' id='word_1_649' title='bbox 2205 2074 2345 2130; x_wconf 90' lang='lat' dir='ltr'><strong>neris</strong></span> <span class='ocrx_word' id='word_1_650' title='bbox 2386 2075 2603 2134; x_wconf 88' lang='lat' dir='ltr'><strong>humani</strong></span> <span class='ocrx_word' id='word_1_651' title='bbox 2650 2081 2845 2139; x_wconf 89' lang='lat' dir='ltr'><strong>dicitur</strong></span> <span class='ocrx_word' id='word_1_652' title='bbox 2873 2085 3085 2144; x_wconf 85' lang='lat' dir='ltr'><strong>Christo</strong></span> <span class='ocrx_word' id='word_1_653' title='bbox 3121 2107 3136 2145; x_wconf 90' lang='lat'><strong>:</strong></span> <span class='ocrx_word' id='word_1_654' title='bbox 3168 2089 3278 2146; x_wconf 88' lang='lat' dir='ltr'><strong>Tibi</strong></span> <span class='ocrx_word' id='word_1_655' title='bbox 3321 2095 3420 2150; x_wconf 87' lang='lat' dir='ltr'><strong>soli</strong></span> <span class='ocrx_word' id='word_1_656' title='bbox 3462 2099 3662 2166; x_wconf 79' lang='lat' dir='ltr'><strong>peccavi</strong></span> <span class='ocrx_word' id='word_1_657' title='bbox 3681 2074 3724 2165; x_wconf 38' lang='grc' dir='ltr'><strong>,ν</strong></span> <span class='ocrx_word' id='word_1_658' title='bbox 3747 2109 3802 2154; x_wconf 81' lang='lat' dir='ltr'><strong>et</strong></span> 
     </span>
    </p>
   </div>
   <div class='ocr_carea' id='block_1_80' title="bbox 2201 2167 3800 2254">
    <p class='ocr_par' dir='ltr' id='par_1_80' title="bbox 2201 2167 3800 2254">
     <span class='ocr_line' id='line_1_80' title="bbox 2201 2167 3800 2254; baseline 0.018 -35"><span class='ocrx_word' id='word_1_659' title='bbox 2201 2167 2479 2239; x_wconf 87' lang='lat' dir='ltr'><strong>malignum</strong></span> <span class='ocrx_word' id='word_1_660' title='bbox 2515 2188 2684 2228; x_wconf 87' lang='lat' dir='ltr'><strong>coram</strong></span> <span class='ocrx_word' id='word_1_661' title='bbox 2711 2186 2760 2231; x_wconf 90' lang='lat' dir='ltr'><strong>te</strong></span> <span class='ocrx_word' id='word_1_662' title='bbox 2787 2179 2902 2248; x_wconf 82' lang='lat' dir='ltr'><strong>feci.</strong></span> <span class='ocrx_word' id='word_1_663' title='bbox 2935 2179 3053 2236; x_wconf 85' lang='lat' dir='ltr'><strong>Non</strong></span> <span class='ocrx_word' id='word_1_664' title='bbox 3079 2198 3141 2238; x_wconf 84' lang='lat' dir='ltr'><strong>ex</strong></span> <span class='ocrx_word' id='word_1_665' title='bbox 3171 2199 3402 2254; x_wconf 89' lang='lat' dir='ltr'><strong>persona</strong></span> <span class='ocrx_word' id='word_1_666' title='bbox 3442 2191 3598 2245; x_wconf 91' lang='lat' dir='ltr'><strong>unius</strong></span> <span class='ocrx_word' id='word_1_667' title='bbox 3631 2193 3800 2248; x_wconf 88' lang='lat' dir='ltr'><strong>David</strong></span> 
     </span>
    </p>
   </div>
   <div class='ocr_carea' id='block_1_81' title="bbox 2202 2257 3802 2352">
    <p class='ocr_par' dir='ltr' id='par_1_81' title="bbox 2202 2257 3802 2352">
     <span class='ocr_line' id='line_1_81' title="bbox 2202 2257 3802 2352; baseline 0.017 -40"><span class='ocrx_word' id='word_1_668' title='bbox 2202 2257 2304 2315; x_wconf 92' lang='lat' dir='ltr'><strong>hoc</strong></span> <span class='ocrx_word' id='word_1_669' title='bbox 2324 2260 2470 2326; x_wconf 91' lang='lat' dir='ltr'><strong>dicit,</strong></span> <span class='ocrx_word' id='word_1_670' title='bbox 2495 2264 2588 2319; x_wconf 89' lang='lat' dir='ltr'><strong>sed</strong></span> <span class='ocrx_word' id='word_1_671' title='bbox 2609 2281 2675 2320; x_wconf 88' lang='lat' dir='ltr'><strong>ex</strong></span> <span class='ocrx_word' id='word_1_672' title='bbox 2696 2268 2866 2324; x_wconf 82' lang='lat' dir='ltr'><strong>Adam</strong></span> <span class='ocrx_word' id='word_1_673' title='bbox 2895 2287 3146 2341; x_wconf 88' lang='lat' dir='ltr'><strong>persona,</strong></span> <span class='ocrx_word' id='word_1_674' title='bbox 3179 2275 3245 2329; x_wconf 91' lang='lat' dir='ltr'><strong>de</strong></span> <span class='ocrx_word' id='word_1_675' title='bbox 3267 2292 3372 2346; x_wconf 90' lang='lat' dir='ltr'><strong>quo</strong></span> <span class='ocrx_word' id='word_1_676' title='bbox 3393 2288 3477 2334; x_wconf 91' lang='lat' dir='ltr'><strong>est</strong></span> <span class='ocrx_word' id='word_1_677' title='bbox 3501 2297 3669 2352; x_wconf 89' lang='lat' dir='ltr'><strong>genus</strong></span> <span class='ocrx_word' id='word_1_678' title='bbox 3698 2283 3802 2340; x_wconf 83' lang='lat' dir='ltr'><strong>hu-</strong></span> 
     </span>
    </p>
   </div>
   <div class='ocr_carea' id='block_1_82' title="bbox 2201 2356 3802 2444">
    <p class='ocr_par' dir='ltr' id='par_1_82' title="bbox 2201 2356 3802 2444">
     <span class='ocr_line' id='line_1_82' title="bbox 2201 2356 3802 2444; baseline 0.016 -40"><span class='ocrx_word' id='word_1_679' title='bbox 2201 2365 2441 2408; x_wconf 90' lang='lat' dir='ltr'><strong>manum.</strong></span> <span class='ocrx_word' id='word_1_680' title='bbox 2467 2356 2604 2412; x_wconf 85' lang='lat' dir='ltr'><strong>Audi</strong></span> <span class='ocrx_word' id='word_1_681' title='bbox 2626 2359 2768 2414; x_wconf 89' lang='lat' dir='ltr'><strong>enim</strong></span> <span class='ocrx_word' id='word_1_682' title='bbox 2799 2365 3074 2433; x_wconf 87' lang='lat' dir='ltr'><strong>sequentia</strong></span> <span class='ocrx_word' id='word_1_683' title='bbox 3104 2383 3116 2419; x_wconf 88' lang='lat'><strong>:</strong></span> <span class='ocrx_word' id='word_1_684' title='bbox 3145 2365 3293 2434; x_wconf 88' lang='lat' dir='ltr'><strong>Tibi,</strong></span> <span class='ocrx_word' id='word_1_685' title='bbox 3331 2369 3521 2441; x_wconf 89' lang='lat' dir='ltr'><strong>inquit,</strong></span> <span class='ocrx_word' id='word_1_686' title='bbox 3554 2374 3649 2427; x_wconf 88' lang='lat' dir='ltr'><strong>soli</strong></span> <span class='ocrx_word' id='word_1_687' title='bbox 3679 2391 3802 2444; x_wconf 84' lang='lat' dir='ltr'><strong>pec-</strong></span> 
     </span>
    </p>
   </div>
   <div class='ocr_carea' id='block_1_83' title="bbox 2200 2445 3799 2532">
    <p class='ocr_par' dir='ltr' id='par_1_83' title="bbox 2200 2445 3799 2532">
     <span class='ocr_line' id='line_1_83' title="bbox 2200 2445 3799 2532; baseline 0.015 -34"><span class='ocrx_word' id='word_1_688' title='bbox 2200 2445 2329 2512; x_wconf 88' lang='lat' dir='ltr'><strong>cavi,</strong></span> <span class='ocrx_word' id='word_1_689' title='bbox 2359 2456 2408 2502; x_wconf 91' lang='lat' dir='ltr'><strong>et</strong></span> <span class='ocrx_word' id='word_1_690' title='bbox 2441 2449 2724 2519; x_wconf 84' lang='lat' dir='ltr'><strong>malignum</strong></span> <span class='ocrx_word' id='word_1_691' title='bbox 2763 2469 2935 2508; x_wconf 86' lang='lat' dir='ltr'><strong>coram</strong></span> <span class='ocrx_word' id='word_1_692' title='bbox 2973 2466 3021 2510; x_wconf 89' lang='lat' dir='ltr'><strong>te</strong></span> <span class='ocrx_word' id='word_1_693' title='bbox 3045 2458 3176 2529; x_wconf 79' lang='lat' dir='ltr'><strong>feci;</strong></span> <span class='ocrx_word' id='word_1_694' title='bbox 3203 2468 3256 2513; x_wconf 90' lang='lat' dir='ltr'><strong>ut</strong></span> <span class='ocrx_word' id='word_1_695' title='bbox 3277 2461 3574 2532; x_wconf 81' lang='lat' dir='ltr'><strong>justiﬁceris</strong></span> <span class='ocrx_word' id='word_1_696' title='bbox 3601 2465 3654 2519; x_wconf 87' lang='lat' dir='ltr'><strong>in</strong></span> <span class='ocrx_word' id='word_1_697' title='bbox 3682 2483 3799 2522; x_wconf 85' lang='lat' dir='ltr'><strong>ser-</strong></span> 
     </span>
    </p>
   </div>
   <div class='ocr_carea' id='block_1_84' title="bbox 2199 2541 3800 2628">
    <p class='ocr_par' dir='ltr' id='par_1_84' title="bbox 2199 2541 3800 2628">
     <span class='ocr_line' id='line_1_84' title="bbox 2199 2541 3800 2628; baseline 0.013 -35"><span class='ocrx_word' id='word_1_698' title='bbox 2199 2541 2430 2597; x_wconf 86' lang='lat' dir='ltr'><strong>monibus</strong></span> <span class='ocrx_word' id='word_1_699' title='bbox 2458 2544 2575 2599; x_wconf 83' lang='lat' dir='ltr'><strong>tuis.</strong></span> <span class='ocrx_word' id='word_1_700' title='bbox 2603 2544 2816 2602; x_wconf 88' lang='lat' dir='ltr'><strong>Christo</strong></span> <span class='ocrx_word' id='word_1_701' title='bbox 2841 2549 3037 2605; x_wconf 91' lang='lat' dir='ltr'><strong>dicitur</strong></span> <span class='ocrx_word' id='word_1_702' title='bbox 3065 2569 3077 2604; x_wconf 93' lang='lat'><strong>:</strong></span> <span class='ocrx_word' id='word_1_703' title='bbox 3110 2551 3250 2608; x_wconf 89' lang='lat' dir='ltr'><strong>unde</strong></span> <span class='ocrx_word' id='word_1_704' title='bbox 3277 2552 3380 2610; x_wconf 87' lang='lat' dir='ltr'><strong>hoc</strong></span> <span class='ocrx_word' id='word_1_705' title='bbox 3402 2555 3752 2628; x_wconf 79' lang='lat' dir='ltr'><strong>intelligimus</strong></span> <span class='ocrx_word' id='word_1_706' title='bbox 3771 2557 3800 2614; x_wconf 72' lang='grc' dir='ltr'><em>ἳ</em></span> 
     </span>
    </p>
   </div>
   <div class='ocr_carea' id='block_1_85' title="bbox 2199 2634 3796 2720">
    <p class='ocr_par' dir='ltr' id='par_1_85' title="bbox 2199 2634 3796 2720">
     <span class='ocr_line' id='line_1_85' title="bbox 2199 2634 3796 2720; baseline 0.013 -33"><span class='ocrx_word' id='word_1_707' title='bbox 2199 2634 2335 2689; x_wconf 81' lang='lat' dir='ltr'><strong>Audi</strong></span> <span class='ocrx_word' id='word_1_708' title='bbox 2367 2635 2507 2706; x_wconf 92' lang='lat' dir='ltr'><strong>quod</strong></span> <span class='ocrx_word' id='word_1_709' title='bbox 2538 2639 2783 2708; x_wconf 90' lang='lat' dir='ltr'><strong>sequitur</strong></span> <span class='ocrx_word' id='word_1_710' title='bbox 2816 2659 2829 2695; x_wconf 92' lang='lat'><strong>:</strong></span> <span class='ocrx_word' id='word_1_711' title='bbox 2863 2640 2928 2696; x_wconf 87' lang='lat' dir='ltr'><strong>Et</strong></span> <span class='ocrx_word' id='word_1_712' title='bbox 2967 2644 3168 2711; x_wconf 82' lang='lat' dir='ltr'><strong>vincas,</strong></span> <span class='ocrx_word' id='word_1_713' title='bbox 3203 2661 3316 2699; x_wconf 81' lang='lat' dir='ltr'><strong>eum</strong></span> <span class='ocrx_word' id='word_1_714' title='bbox 3339 2647 3594 2718; x_wconf 78' lang='lat' dir='ltr'><strong>iudicaris</strong></span> <span class='ocrx_word' id='word_1_715' title='bbox 3616 2649 3796 2720; x_wconf 88' lang='lat' dir='ltr'><strong>(Psal.</strong></span> 
     </span>
    </p>
   </div>
   <div class='ocr_carea' id='block_1_86' title="bbox 2201 2731 3798 2813">
    <p class='ocr_par' dir='ltr' id='par_1_86' title="bbox 2201 2731 3798 2813">
     <span class='ocr_line' id='line_1_86' title="bbox 2201 2731 3798 2813; baseline 0.011 -29"><span class='ocrx_word' id='word_1_716' title='bbox 2201 2746 2251 2796; x_wconf 80' lang='grc' dir='ltr'><strong>ι..</strong></span> <span class='ocrx_word' id='word_1_717' title='bbox 2285 2731 2362 2802; x_wconf 90' lang='grc'><strong>6).</strong></span> <span class='ocrx_word' id='word_1_718' title='bbox 2387 2731 2503 2787; x_wconf 91' lang='lat' dir='ltr'><strong>Non</strong></span> <span class='ocrx_word' id='word_1_719' title='bbox 2529 2743 2612 2788; x_wconf 91' lang='lat' dir='ltr'><strong>est</strong></span> <span class='ocrx_word' id='word_1_720' title='bbox 2631 2733 2903 2804; x_wconf 90' lang='lat' dir='ltr'><strong>judicatus</strong></span> <span class='ocrx_word' id='word_1_721' title='bbox 2923 2737 3065 2793; x_wconf 91' lang='lat' dir='ltr'><strong>Deus</strong></span> <span class='ocrx_word' id='word_1_722' title='bbox 3091 2739 3269 2808; x_wconf 90' lang='lat' dir='ltr'><strong>Pater,</strong></span> <span class='ocrx_word' id='word_1_723' title='bbox 3293 2757 3398 2796; x_wconf 88' lang='lat' dir='ltr'><strong>non</strong></span> <span class='ocrx_word' id='word_1_724' title='bbox 3424 2743 3798 2813; x_wconf 86' lang='lat' dir='ltr'><strong>estjudicatus</strong></span> 
     </span>
    </p>
   </div>
   <div class='ocr_carea' id='block_1_87' title="bbox 2202 2822 3797 2894">
    <p class='ocr_par' dir='ltr' id='par_1_87' title="bbox 2202 2822 3797 2894">
     <span class='ocr_line' id='line_1_87' title="bbox 2202 2822 3797 2894; baseline 0.012 -19"><span class='ocrx_word' id='word_1_725' title='bbox 2202 2822 2339 2878; x_wconf 92' lang='lat' dir='ltr'><strong>Deus</strong></span> <span class='ocrx_word' id='word_1_726' title='bbox 2379 2823 2607 2894; x_wconf 89' lang='lat' dir='ltr'><strong>Spiritus</strong></span> <span class='ocrx_word' id='word_1_727' title='bbox 2645 2837 2860 2884; x_wconf 89' lang='lat' dir='ltr'><strong>sanctus</strong></span> <span class='ocrx_word' id='word_1_728' title='bbox 2910 2845 2924 2882; x_wconf 92' lang='lat'>:</span> <span class='ocrx_word' id='word_1_729' title='bbox 2967 2844 3071 2884; x_wconf 90' lang='lat' dir='ltr'><strong>non</strong></span> <span class='ocrx_word' id='word_1_730' title='bbox 3119 2830 3420 2890; x_wconf 89' lang='lat' dir='ltr'><strong>invenimus</strong></span> <span class='ocrx_word' id='word_1_731' title='bbox 3464 2836 3566 2891; x_wconf 90' lang='lat' dir='ltr'><strong>nisi</strong></span> <span class='ocrx_word' id='word_1_732' title='bbox 3615 2838 3797 2894; x_wconf 88' lang='lat' dir='ltr'><strong>solum</strong></span> 
     </span>
    </p>
   </div>
   <div class='ocr_carea' id='block_1_88' title="bbox 2200 2913 3796 3000">
    <p class='ocr_par' dir='ltr' id='par_1_88' title="bbox 2200 2913 3796 3000">
     <span class='ocr_line' id='line_1_88' title="bbox 2200 2913 3796 3000; baseline 0.012 -33"><span class='ocrx_word' id='word_1_733' title='bbox 2200 2913 2392 2969; x_wconf 84' lang='lat' dir='ltr'><strong>Filium</strong></span> <span class='ocrx_word' id='word_1_734' title='bbox 2421 2915 2474 2970; x_wconf 91' lang='lat' dir='ltr'><strong>in</strong></span> <span class='ocrx_word' id='word_1_735' title='bbox 2504 2916 2606 2972; x_wconf 89' lang='lat' dir='ltr'><strong>ista</strong></span> <span class='ocrx_word' id='word_1_736' title='bbox 2630 2932 2811 2986; x_wconf 88' lang='lat' dir='ltr'><strong>carne,</strong></span> <span class='ocrx_word' id='word_1_737' title='bbox 2831 2935 2988 2990; x_wconf 90' lang='lat' dir='ltr'><strong>quam</strong></span> <span class='ocrx_word' id='word_1_738' title='bbox 3015 2920 3084 2977; x_wconf 87' lang='lat' dir='ltr'><strong>de</strong></span> <span class='ocrx_word' id='word_1_739' title='bbox 3112 2932 3293 2980; x_wconf 90' lang='lat' dir='ltr'><strong>nostra</strong></span> <span class='ocrx_word' id='word_1_740' title='bbox 3322 2939 3496 2982; x_wconf 87' lang='lat' dir='ltr'><strong>massa</strong></span> <span class='ocrx_word' id='word_1_741' title='bbox 3518 2929 3796 3000; x_wconf 86' lang='lat' dir='ltr'><strong>suscipere</strong></span> 
     </span>
    </p>
   </div>
   <div class='ocr_carea' id='block_1_89' title="bbox 2198 3005 3792 3091">
    <p class='ocr_par' dir='ltr' id='par_1_89' title="bbox 2198 3005 3792 3091">
     <span class='ocr_line' id='line_1_89' title="bbox 2198 3005 3792 3091; baseline 0.014 -34"><span class='ocrx_word' id='word_1_742' title='bbox 2198 3005 2444 3075; x_wconf 89' lang='lat' dir='ltr'><strong>dignatus</strong></span> <span class='ocrx_word' id='word_1_743' title='bbox 2469 3015 2570 3072; x_wconf 90' lang='lat' dir='ltr'><strong>est,</strong></span> <span class='ocrx_word' id='word_1_744' title='bbox 2597 3006 2891 3078; x_wconf 77' lang='lat' dir='ltr'><strong>judicat&#39;um</strong></span> <span class='ocrx_word' id='word_1_745' title='bbox 2921 3029 2934 3066; x_wconf 90' lang='lat'><strong>:</strong></span> <span class='ocrx_word' id='word_1_746' title='bbox 2966 3029 3070 3068; x_wconf 94' lang='lat' dir='ltr'><strong>non</strong></span> <span class='ocrx_word' id='word_1_747' title='bbox 3115 3031 3178 3070; x_wconf 85' lang='lat' dir='ltr'><strong>ex</strong></span> <span class='ocrx_word' id='word_1_748' title='bbox 3211 3017 3372 3074; x_wconf 91' lang='lat' dir='ltr'><strong>modo</strong></span> <span class='ocrx_word' id='word_1_749' title='bbox 3395 3021 3792 3091; x_wconf 89' lang='lat' dir='ltr'><strong>concupiscen-</strong></span> 
     </span>
    </p>
   </div>
   <div class='ocr_carea' id='block_1_90' title="bbox 2199 3098 3794 3185">
    <p class='ocr_par' dir='ltr' id='par_1_90' title="bbox 2199 3098 3794 3185">
     <span class='ocr_line' id='line_1_90' title="bbox 2199 3098 3794 3185; baseline 0.014 -35"><span class='ocrx_word' id='word_1_750' title='bbox 2199 3098 2286 3151; x_wconf 80' lang='lat' dir='ltr'><strong>tiae</strong></span> <span class='ocrx_word' id='word_1_751' title='bbox 2321 3099 2552 3154; x_wconf 87' lang='lat' dir='ltr'><strong>hominis</strong></span> <span class='ocrx_word' id='word_1_752' title='bbox 2593 3110 2646 3156; x_wconf 91' lang='lat' dir='ltr'><strong>et</strong></span> <span class='ocrx_word' id='word_1_753' title='bbox 2681 3099 2896 3159; x_wconf 70' lang='lat' dir='ltr'><strong>femina:</strong></span> <span class='ocrx_word' id='word_1_754' title='bbox 2929 3123 2944 3161; x_wconf 91' lang='lat'><strong>:</strong></span> <span class='ocrx_word' id='word_1_755' title='bbox 2974 3107 3125 3178; x_wconf 89' lang='lat' dir='ltr'><strong>virgo</strong></span> <span class='ocrx_word' id='word_1_756' title='bbox 3149 3109 3397 3178; x_wconf 86' lang='lat' dir='ltr'><strong>credidit,</strong></span> <span class='ocrx_word' id='word_1_757' title='bbox 3423 3113 3568 3185; x_wconf 84' lang='lat' dir='ltr'><strong>virgo</strong></span> <span class='ocrx_word' id='word_1_758' title='bbox 3595 3130 3794 3172; x_wconf 67' lang='lat' dir='ltr'><strong>conce—</strong></span> 
     </span>
    </p>
   </div>
   <div class='ocr_carea' id='block_1_91' title="bbox 2199 3192 3788 3278">
    <p class='ocr_par' dir='ltr' id='par_1_91' title="bbox 2199 3192 3788 3278">
     <span class='ocr_line' id='line_1_91' title="bbox 2199 3192 3788 3278; baseline 0.014 -34"><span class='ocrx_word' id='word_1_759' title='bbox 2199 3192 2292 3261; x_wconf 88' lang='lat' dir='ltr'><strong>pit,</strong></span> <span class='ocrx_word' id='word_1_760' title='bbox 2323 3193 2471 3263; x_wconf 91' lang='lat' dir='ltr'><strong>virgo</strong></span> <span class='ocrx_word' id='word_1_761' title='bbox 2501 3195 2726 3264; x_wconf 91' lang='lat' dir='ltr'><strong>peperit,</strong></span> <span class='ocrx_word' id='word_1_762' title='bbox 2755 3197 2904 3268; x_wconf 85' lang='lat' dir='ltr'><strong>virgo</strong></span> <span class='ocrx_word' id='word_1_763' title='bbox 2934 3203 3247 3270; x_wconf 90' lang='lat' dir='ltr'><strong>permansit.</strong></span> <span class='ocrx_word' id='word_1_764' title='bbox 3294 3203 3364 3259; x_wconf 87' lang='lat' dir='ltr'><strong>Et</strong></span> <span class='ocrx_word' id='word_1_765' title='bbox 3401 3205 3522 3263; x_wconf 92' lang='lat' dir='ltr'><strong>ideo</strong></span> <span class='ocrx_word' id='word_1_766' title='bbox 3545 3208 3745 3265; x_wconf 89' lang='lat' dir='ltr'><strong>dicitur</strong></span> <span class='ocrx_word' id='word_1_767' title='bbox 3772 3252 3788 3278; x_wconf 90' lang='lat'><strong>,</strong></span> 
     </span>
    </p>
   </div>
   <div class='ocr_carea' id='block_1_92' title="bbox 2198 3281 3788 3368">
    <p class='ocr_par' dir='ltr' id='par_1_92' title="bbox 2198 3281 3788 3368">
     <span class='ocr_line' id='line_1_92' title="bbox 2198 3281 3788 3368; baseline 0.013 -33"><span class='ocrx_word' id='word_1_768' title='bbox 2198 3281 2265 3336; x_wconf 87' lang='lat' dir='ltr'><strong>Et</strong></span> <span class='ocrx_word' id='word_1_769' title='bbox 2287 3285 2477 3352; x_wconf 84' lang='lat' dir='ltr'><strong>vincas,</strong></span> <span class='ocrx_word' id='word_1_770' title='bbox 2506 3287 2909 3358; x_wconf 85' lang='lat' dir='ltr'><strong>cumjudicaris.</strong></span> <span class='ocrx_word' id='word_1_771' title='bbox 2940 3290 3213 3349; x_wconf 86' lang='lat' dir='ltr'><strong>Judicatus</strong></span> <span class='ocrx_word' id='word_1_772' title='bbox 3241 3304 3325 3350; x_wconf 91' lang='lat' dir='ltr'><strong>est</strong></span> <span class='ocrx_word' id='word_1_773' title='bbox 3353 3297 3518 3365; x_wconf 91' lang='lat' dir='ltr'><strong>enim,</strong></span> <span class='ocrx_word' id='word_1_774' title='bbox 3551 3307 3606 3355; x_wconf 92' lang='lat' dir='ltr'><strong>et</strong></span> <span class='ocrx_word' id='word_1_775' title='bbox 3630 3300 3788 3368; x_wconf 86' lang='lat' dir='ltr'><strong>vicit;</strong></span> 
     </span>
    </p>
   </div>
   <div class='ocr_carea' id='block_1_93' title="bbox 2196 3376 3790 3451">
    <p class='ocr_par' dir='ltr' id='par_1_93' title="bbox 2196 3376 3790 3451">
     <span class='ocr_line' id='line_1_93' title="bbox 2196 3376 3790 3451; baseline 0.012 -22"><span class='ocrx_word' id='word_1_776' title='bbox 2196 3376 2319 3446; x_wconf 89' lang='lat' dir='ltr'><strong>quia</strong></span> <span class='ocrx_word' id='word_1_777' title='bbox 2357 3376 2471 3432; x_wconf 90' lang='lat' dir='ltr'><strong>sine</strong></span> <span class='ocrx_word' id='word_1_778' title='bbox 2497 3387 2717 3448; x_wconf 88' lang='lat' dir='ltr'><strong>peccato</strong></span> <span class='ocrx_word' id='word_1_779' title='bbox 2743 3381 3015 3451; x_wconf 88' lang='lat' dir='ltr'><strong>judicatus</strong></span> <span class='ocrx_word' id='word_1_780' title='bbox 3042 3394 3142 3440; x_wconf 91' lang='lat' dir='ltr'><strong>est.</strong></span> <span class='ocrx_word' id='word_1_781' title='bbox 3177 3386 3454 3444; x_wconf 72' lang='lat' dir='ltr'><strong>Patientia:</strong></span> <span class='ocrx_word' id='word_1_782' title='bbox 3489 3391 3587 3445; x_wconf 88' lang='lat' dir='ltr'><strong>fuit</strong></span> <span class='ocrx_word' id='word_1_783' title='bbox 3623 3393 3790 3447; x_wconf 87' lang='lat' dir='ltr'><strong>susti-</strong></span> 
     </span>
    </p>
   </div>
   <div class='ocr_carea' id='block_1_94' title="bbox 2196 3471 3788 3554">
    <p class='ocr_par' dir='ltr' id='par_1_94' title="bbox 2196 3471 3788 3554">
     <span class='ocr_line' id='line_1_94' title="bbox 2196 3471 3788 3554; baseline 0.01 -28"><span class='ocrx_word' id='word_1_784' title='bbox 2196 3485 2328 3526; x_wconf 92' lang='lat' dir='ltr'><strong>nere</strong></span> <span class='ocrx_word' id='word_1_785' title='bbox 2351 3471 2630 3542; x_wconf 85' lang='lat' dir='ltr'><strong>judicium,</strong></span> <span class='ocrx_word' id='word_1_786' title='bbox 2662 3489 2766 3530; x_wconf 93' lang='lat' dir='ltr'><strong>non</strong></span> <span class='ocrx_word' id='word_1_787' title='bbox 2795 3486 2993 3532; x_wconf 90' lang='lat' dir='ltr'><strong>reatus.</strong></span> <span class='ocrx_word' id='word_1_788' title='bbox 3026 3476 3174 3534; x_wconf 86' lang='lat' dir='ltr'><strong>Multi</strong></span> <span class='ocrx_word' id='word_1_789' title='bbox 3203 3480 3514 3540; x_wconf 90' lang='lat' dir='ltr'><strong>innocentes</strong></span> <span class='ocrx_word' id='word_1_790' title='bbox 3540 3483 3788 3554; x_wconf 88' lang='lat' dir='ltr'><strong>judican-</strong></span> 
     </span>
    </p>
   </div>
   <div class='ocr_carea' id='block_1_95' title="bbox 2197 3563 3786 3649">
    <p class='ocr_par' dir='ltr' id='par_1_95' title="bbox 2197 3563 3786 3649">
     <span class='ocr_line' id='line_1_95' title="bbox 2197 3563 3786 3649; baseline 0.011 -32"><span class='ocrx_word' id='word_1_791' title='bbox 2197 3571 2310 3630; x_wconf 91' lang='lat' dir='ltr'><strong>tur,</strong></span> <span class='ocrx_word' id='word_1_792' title='bbox 2341 3563 2434 3620; x_wconf 88' lang='lat' dir='ltr'><strong>sed</strong></span> <span class='ocrx_word' id='word_1_793' title='bbox 2463 3565 2516 3620; x_wconf 91' lang='lat' dir='ltr'><strong>in</strong></span> <span class='ocrx_word' id='word_1_794' title='bbox 2544 3566 2676 3636; x_wconf 90' lang='lat' dir='ltr'><strong>ipsis</strong></span> <span class='ocrx_word' id='word_1_795' title='bbox 2703 3569 2881 3649; x_wconf 90' lang='lat' dir='ltr'><strong>causis</strong></span> <span class='ocrx_word' id='word_1_796' title='bbox 2909 3585 3043 3641; x_wconf 91' lang='lat' dir='ltr'><strong>quas</strong></span> <span class='ocrx_word' id='word_1_797' title='bbox 3074 3582 3256 3642; x_wconf 79' lang='lat' dir='ltr'><strong>agunt.</strong></span> <span class='ocrx_word' id='word_1_798' title='bbox 3298 3573 3431 3630; x_wconf 78' lang='lat' dir='ltr'><strong>Nam</strong></span> <span class='ocrx_word' id='word_1_799' title='bbox 3460 3576 3528 3632; x_wconf 91' lang='lat' dir='ltr'><strong>de</strong></span> <span class='ocrx_word' id='word_1_800' title='bbox 3553 3578 3786 3649; x_wconf 89' lang='lat' dir='ltr'><strong>reliquo,</strong></span> 
     </span>
    </p>
   </div>
   <div class='ocr_carea' id='block_1_96' title="bbox 2194 3647 3785 3744">
    <p class='ocr_par' dir='ltr' id='par_1_96' title="bbox 2194 3647 3785 3744">
     <span class='ocr_line' id='line_1_96' title="bbox 2194 3647 3785 3744; baseline 0.013 -35"><span class='ocrx_word' id='word_1_801' title='bbox 2194 3665 2413 3726; x_wconf 88' lang='lat' dir='ltr'><strong>peccato</strong></span> <span class='ocrx_word' id='word_1_802' title='bbox 2440 3673 2547 3713; x_wconf 92' lang='lat' dir='ltr'><strong>non</strong></span> <span class='ocrx_word' id='word_1_803' title='bbox 2585 3647 2800 3726; x_wconf 89' lang='lat' dir='ltr'><strong>carent;</strong></span> <span class='ocrx_word' id='word_1_804' title='bbox 2842 3662 2964 3732; x_wconf 87' lang='lat' dir='ltr'><strong>quia</strong></span> <span class='ocrx_word' id='word_1_805' title='bbox 3010 3665 3148 3721; x_wconf 90' lang='lat' dir='ltr'><strong>sicut</strong></span> <span class='ocrx_word' id='word_1_806' title='bbox 3190 3676 3315 3723; x_wconf 88' lang='lat' dir='ltr'><strong>ante</strong></span> <span class='ocrx_word' id='word_1_807' title='bbox 3344 3669 3588 3728; x_wconf 86' lang='lat' dir='ltr'><strong>homines</strong></span> <span class='ocrx_word' id='word_1_808' title='bbox 3617 3647 3744 3729; x_wconf 76' lang='lat' dir='ltr'><strong>facti</strong></span> <span class='ocrx_word' id='word_1_809' title='bbox 3767 3716 3785 3744; x_wconf 94' lang='lat'><strong>,</strong></span> 
     </span>
    </p>
   </div>
   <div class='ocr_carea' id='block_1_97' title="bbox 2194 3749 3785 3828">
    <p class='ocr_par' dir='ltr' id='par_1_97' title="bbox 2194 3749 3785 3828">
     <span class='ocr_line' id='line_1_97' title="bbox 2194 3749 3785 3828; baseline 0.013 -26"><span class='ocrx_word' id='word_1_810' title='bbox 2194 3749 2270 3802; x_wconf 89' lang='lat' dir='ltr'><strong>sic</strong></span> <span class='ocrx_word' id='word_1_811' title='bbox 2309 3757 2433 3804; x_wconf 92' lang='lat' dir='ltr'><strong>ante</strong></span> <span class='ocrx_word' id='word_1_812' title='bbox 2484 3749 2650 3806; x_wconf 90' lang='lat' dir='ltr'><strong>Deum</strong></span> <span class='ocrx_word' id='word_1_813' title='bbox 2692 3753 3030 3823; x_wconf 87' lang='lat' dir='ltr'><strong>cogitationis</strong></span> <span class='ocrx_word' id='word_1_814' title='bbox 3080 3769 3357 3828; x_wconf 85' lang='lat' dir='ltr'><strong>peccatum</strong></span> <span class='ocrx_word' id='word_1_815' title='bbox 3407 3771 3507 3818; x_wconf 91' lang='lat' dir='ltr'><strong>est.</strong></span> <span class='ocrx_word' id='word_1_816' title='bbox 3564 3763 3785 3823; x_wconf 89' lang='lat' dir='ltr'><strong>Factum</strong></span> 
     </span>
    </p>
   </div>
   <div class='ocr_carea' id='block_1_98' title="bbox 2156 3843 3788 3920">
    <p class='ocr_par' dir='ltr' id='par_1_98' title="bbox 2156 3843 3788 3920">
     <span class='ocr_line' id='line_1_98' title="bbox 2156 3843 3788 3920; baseline 0.013 -28"><span class='ocrx_word' id='word_1_817' title='bbox 2156 3845 2342 3894; x_wconf 78' lang='lat' dir='ltr'><strong>&#39;tnum</strong></span> <span class='ocrx_word' id='word_1_818' title='bbox 2381 3845 2560 3896; x_wconf 76' lang='lat' dir='ltr'><strong>coram</strong></span> <span class='ocrx_word' id='word_1_819' title='bbox 2603 3843 2769 3898; x_wconf 89' lang='lat' dir='ltr'><strong>oculis</strong></span> <span class='ocrx_word' id='word_1_820' title='bbox 2800 3845 2930 3914; x_wconf 87' lang='lat' dir='ltr'><strong>Dei,</strong></span> <span class='ocrx_word' id='word_1_821' title='bbox 2983 3849 3234 3920; x_wconf 88' lang='lat' dir='ltr'><strong>cogitatio</strong></span> <span class='ocrx_word' id='word_1_822' title='bbox 3278 3861 3365 3908; x_wconf 90' lang='lat' dir='ltr'><strong>tua</strong></span> <span class='ocrx_word' id='word_1_823' title='bbox 3407 3863 3491 3909; x_wconf 89' lang='lat' dir='ltr'><strong>est</strong></span> <span class='ocrx_word' id='word_1_824' title='bbox 3525 3857 3566 3909; x_wconf 81' lang='lat'><strong>’.</strong></span> <span class='ocrx_word' id='word_1_825' title='bbox 3611 3856 3788 3914; x_wconf 88' lang='lat' dir='ltr'><strong>Testis</strong></span> 
     </span>
    </p>
   </div>
   <div class='ocr_carea' id='block_1_99' title="bbox 2191 3929 3784 4016">
    <p class='ocr_par' dir='ltr' id='par_1_99' title="bbox 2191 3929 3784 4016">
     <span class='ocr_line' id='line_1_99' title="bbox 2191 3929 3784 4016; baseline 0.014 -31"><span class='ocrx_word' id='word_1_826' title='bbox 2191 3929 2319 3987; x_wconf 84' lang='lat' dir='ltr'><strong>facti</strong></span> <span class='ocrx_word' id='word_1_827' title='bbox 2347 3942 2428 3988; x_wconf 91' lang='lat' dir='ltr'><strong>est</strong></span> <span class='ocrx_word' id='word_1_828' title='bbox 2456 3933 2568 4004; x_wconf 92' lang='lat' dir='ltr'><strong>ipse</strong></span> <span class='ocrx_word' id='word_1_829' title='bbox 2591 3934 2755 4004; x_wconf 88' lang='lat' dir='ltr'><strong>judex</strong></span> <span class='ocrx_word' id='word_1_830' title='bbox 2789 3952 2802 3991; x_wconf 91' lang='lat'><strong>:</strong></span> <span class='ocrx_word' id='word_1_831' title='bbox 2834 3942 3128 3996; x_wconf 84' lang='lat' dir='ltr'><strong>accusatrix</strong></span> <span class='ocrx_word' id='word_1_832' title='bbox 3157 3944 3279 3999; x_wconf 89' lang='lat' dir='ltr'><strong>facti</strong></span> <span class='ocrx_word' id='word_1_833' title='bbox 3304 3945 3414 4016; x_wconf 91' lang='lat' dir='ltr'><strong>ipsa</strong></span> <span class='ocrx_word' id='word_1_834' title='bbox 3435 3951 3784 4007; x_wconf 85' lang='lat' dir='ltr'><strong>conscientia.</strong></span> 
     </span>
    </p>
   </div>
   <div class='ocr_carea' id='block_1_100' title="bbox 2192 4022 3782 4104">
    <p class='ocr_par' dir='ltr' id='par_1_100' title="bbox 2192 4022 3782 4104">
     <span class='ocr_line' id='line_1_100' title="bbox 2192 4022 3782 4104; baseline 0.014 -27"><span class='ocrx_word' id='word_1_835' title='bbox 2192 4022 2332 4095; x_wconf 86' lang='lat' dir='ltr'><strong>Ergo</strong></span> <span class='ocrx_word' id='word_1_836' title='bbox 2360 4025 2448 4080; x_wconf 87' lang='lat' dir='ltr'><strong>ille</strong></span> <span class='ocrx_word' id='word_1_837' title='bbox 2477 4041 2600 4081; x_wconf 90' lang='lat' dir='ltr'><strong>vere</strong></span> <span class='ocrx_word' id='word_1_838' title='bbox 2630 4028 2885 4085; x_wconf 91' lang='lat' dir='ltr'><strong>innocens</strong></span> <span class='ocrx_word' id='word_1_839' title='bbox 2924 4032 3194 4101; x_wconf 87' lang='lat' dir='ltr'><strong>judicatus</strong></span> <span class='ocrx_word' id='word_1_840' title='bbox 3235 4045 3336 4104; x_wconf 89' lang='lat' dir='ltr'><strong>est,</strong></span> <span class='ocrx_word' id='word_1_841' title='bbox 3380 4050 3432 4096; x_wconf 91' lang='lat' dir='ltr'><strong>et</strong></span> <span class='ocrx_word' id='word_1_842' title='bbox 3475 4042 3595 4098; x_wconf 88' lang='lat' dir='ltr'><strong>ideo</strong></span> <span class='ocrx_word' id='word_1_843' title='bbox 3634 4045 3782 4102; x_wconf 85' lang='lat' dir='ltr'><strong>vicit.</strong></span> 
     </span>
    </p>
   </div>
   <div class='ocr_carea' id='block_1_101' title="bbox 2191 4113 3785 4209">
    <p class='ocr_par' dir='ltr' id='par_1_101' title="bbox 2191 4113 3785 4209">
     <span class='ocr_line' id='line_1_101' title="bbox 2191 4113 3785 4209; baseline 0.017 -41"><span class='ocrx_word' id='word_1_844' title='bbox 2191 4113 2350 4170; x_wconf 93' lang='lat' dir='ltr'><strong>Solus</strong></span> <span class='ocrx_word' id='word_1_845' title='bbox 2379 4118 2519 4171; x_wconf 90' lang='lat' dir='ltr'><strong>enim</strong></span> <span class='ocrx_word' id='word_1_846' title='bbox 2548 4118 2689 4185; x_wconf 91' lang='lat' dir='ltr'><strong>vicit,</strong></span> <span class='ocrx_word' id='word_1_847' title='bbox 2725 4136 2832 4176; x_wconf 92' lang='lat' dir='ltr'><strong>non</strong></span> <span class='ocrx_word' id='word_1_848' title='bbox 2857 4122 2924 4179; x_wconf 90' lang='lat' dir='ltr'><strong>de</strong></span> <span class='ocrx_word' id='word_1_849' title='bbox 2953 4125 3134 4194; x_wconf 88' lang='lat' dir='ltr'><strong>judice</strong></span> <span class='ocrx_word' id='word_1_850' title='bbox 3163 4128 3354 4187; x_wconf 91' lang='lat' dir='ltr'><strong>Pontio</strong></span> <span class='ocrx_word' id='word_1_851' title='bbox 3384 4130 3569 4196; x_wconf 87' lang='lat' dir='ltr'><strong>Pilato.</strong></span> <span class='ocrx_word' id='word_1_852' title='bbox 3605 4153 3785 4209; x_wconf 89' lang='lat' dir='ltr'><strong>neque</strong></span> 
     </span>
    </p>
   </div>
   <div class='ocr_carea' id='block_1_102' title="bbox 2192 4208 3786 4302">
    <p class='ocr_par' dir='ltr' id='par_1_102' title="bbox 2192 4208 3786 4302">
     <span class='ocr_line' id='line_1_102' title="bbox 2192 4208 3786 4302; baseline 0.015 -38"><span class='ocrx_word' id='word_1_853' title='bbox 2192 4208 2260 4265; x_wconf 90' lang='lat' dir='ltr'><strong>de</strong></span> <span class='ocrx_word' id='word_1_854' title='bbox 2302 4209 2500 4266; x_wconf 73' lang='lat' dir='ltr'><strong>Iudaeis</strong></span> <span class='ocrx_word' id='word_1_855' title='bbox 2551 4214 2929 4284; x_wconf 64' lang='lat' dir='ltr'><strong>saevientibus;</strong></span> <span class='ocrx_word' id='word_1_856' title='bbox 2980 4212 3075 4275; x_wconf 81' lang='lat' dir='ltr'><strong>sed</strong></span> <span class='ocrx_word' id='word_1_857' title='bbox 3131 4221 3198 4278; x_wconf 91' lang='lat' dir='ltr'><strong>de</strong></span> <span class='ocrx_word' id='word_1_858' title='bbox 3238 4224 3354 4293; x_wconf 91' lang='lat' dir='ltr'><strong>ipso</strong></span> <span class='ocrx_word' id='word_1_859' title='bbox 3398 4225 3640 4296; x_wconf 88' lang='lat' dir='ltr'><strong>diabolo,</strong></span> <span class='ocrx_word' id='word_1_860' title='bbox 3691 4208 3786 4302; x_wconf 87' lang='lat' dir='ltr'><strong>qui</strong></span> 
     </span>
    </p>
   </div>
   <div class='ocr_carea' id='block_1_103' title="bbox 2191 4301 3721 4384">
    <p class='ocr_par' dir='ltr' id='par_1_103' title="bbox 2191 4301 3721 4384">
     <span class='ocr_line' id='line_1_103' title="bbox 2191 4301 3721 4384; baseline 0.013 -28"><span class='ocrx_word' id='word_1_861' title='bbox 2191 4301 2370 4356; x_wconf 90' lang='lat' dir='ltr'><strong>omnia</strong></span> <span class='ocrx_word' id='word_1_862' title='bbox 2397 4311 2573 4357; x_wconf 89' lang='lat' dir='ltr'><strong>nostra</strong></span> <span class='ocrx_word' id='word_1_863' title='bbox 2597 4315 2812 4374; x_wconf 88' lang='lat' dir='ltr'><strong>peccata</strong></span> <span class='ocrx_word' id='word_1_864' title='bbox 2840 4307 3064 4365; x_wconf 89' lang='lat' dir='ltr'><strong>rimatur</strong></span> <span class='ocrx_word' id='word_1_865' title='bbox 3083 4311 3360 4384; x_wconf 89' lang='lat' dir='ltr'><strong>diligentia</strong></span> <span class='ocrx_word' id='word_1_866' title='bbox 3388 4301 3721 4376; x_wconf 73' lang='lat' dir='ltr'><strong>invidentize.</strong></span> 
     </span>
    </p>
   </div>
   <div class='ocr_carea' id='block_1_104' title="bbox 2260 4393 3784 4474">
    <p class='ocr_par' dir='ltr' id='par_1_104' title="bbox 2260 4393 3784 4474">
     <span class='ocr_line' id='line_1_104' title="bbox 2260 4393 3784 4474; baseline 0.014 -25"><span class='ocrx_word' id='word_1_867' title='bbox 2260 4393 2488 4450; x_wconf 85' lang='lat' dir='ltr'><strong>CAPUT</strong></span> <span class='ocrx_word' id='word_1_868' title='bbox 2516 4395 2604 4450; x_wconf 83' lang='lat' dir='ltr'><strong>IV.</strong></span> <span class='ocrx_word' id='word_1_869' title='bbox 2631 4427 2702 4436; x_wconf 94' lang='lat'><strong>—</strong></span> <span class='ocrx_word' id='word_1_870' title='bbox 2731 4398 2784 4453; x_wconf 78' lang='grc'><strong>4.</strong></span> <span class='ocrx_word' id='word_1_871' title='bbox 2818 4399 3046 4456; x_wconf 82' lang='lat' dir='ltr'><strong>Mundus</strong></span> <span class='ocrx_word' id='word_1_872' title='bbox 3063 4443 3078 4470; x_wconf 91' lang='lat'><strong>,</strong></span> <span class='ocrx_word' id='word_1_873' title='bbox 3123 4416 3410 4474; x_wconf 87' lang='lat' dir='ltr'><strong>peccatores</strong></span> <span class='ocrx_word' id='word_1_874' title='bbox 3438 4419 3484 4464; x_wconf 86' lang='lat' dir='ltr'><strong>et</strong></span> <span class='ocrx_word' id='word_1_875' title='bbox 3511 4412 3784 4472; x_wconf 85' lang='lat' dir='ltr'><strong>dilectores</strong></span> 
     </span>
    </p>
   </div>
   <div class='ocr_carea' id='block_1_105' title="bbox 2189 4486 3782 4575">
    <p class='ocr_par' dir='ltr' id='par_1_105' title="bbox 2189 4486 3782 4575">
     <span class='ocr_line' id='line_1_105' title="bbox 2189 4486 3782 4575; baseline 0.015 -36"><span class='ocrx_word' id='word_1_876' title='bbox 2189 4487 2384 4540; x_wconf 86' lang='lat' dir='ltr'><strong>mundi.</strong></span> <span class='ocrx_word' id='word_1_877' title='bbox 2435 4486 2589 4542; x_wconf 88' lang='lat' dir='ltr'><strong>Solus</strong></span> <span class='ocrx_word' id='word_1_878' title='bbox 2624 4487 2856 4546; x_wconf 77' lang='lat' dir='ltr'><strong>Christus</strong></span> <span class='ocrx_word' id='word_1_879' title='bbox 2892 4493 3152 4551; x_wconf 87' lang='lat' dir='ltr'><strong>innocens.</strong></span> <span class='ocrx_word' id='word_1_880' title='bbox 3195 4496 3458 4573; x_wconf 82' lang='lat' dir='ltr'><strong>Originale</strong></span> <span class='ocrx_word' id='word_1_881' title='bbox 3496 4515 3782 4575; x_wconf 85' lang='lat' dir='ltr'><strong>peccatum.</strong></span> 
     </span>
    </p>
   </div>
   <div class='ocr_carea' id='block_1_106' title="bbox 2188 4576 3783 4660">
    <p class='ocr_par' dir='ltr' id='par_1_106' title="bbox 2188 4576 3783 4660">
     <span class='ocr_line' id='line_1_106' title="bbox 2188 4576 3783 4660; baseline 0.016 -30"><span class='ocrx_word' id='word_1_882' title='bbox 2188 4576 2257 4632; x_wconf 90' lang='lat' dir='ltr'><strong>Et</strong></span> <span class='ocrx_word' id='word_1_883' title='bbox 2283 4576 2411 4648; x_wconf 91' lang='lat' dir='ltr'><strong>quid</strong></span> <span class='ocrx_word' id='word_1_884' title='bbox 2437 4578 2512 4633; x_wconf 92' lang='lat' dir='ltr'><strong>ait</strong></span> <span class='ocrx_word' id='word_1_885' title='bbox 2541 4579 2798 4636; x_wconf 89' lang='lat' dir='ltr'><strong>Dominus</strong></span> <span class='ocrx_word' id='word_1_886' title='bbox 2822 4583 2976 4640; x_wconf 82' lang='lat' dir='ltr'><strong>Jesus</strong></span> <span class='ocrx_word' id='word_1_887' title='bbox 3001 4586 3071 4643; x_wconf 91' lang='lat' dir='ltr'><strong>de</strong></span> <span class='ocrx_word' id='word_1_888' title='bbox 3106 4588 3222 4660; x_wconf 88' lang='lat' dir='ltr'><strong>ipso</strong></span> <span class='ocrx_word' id='word_1_889' title='bbox 3247 4590 3502 4650; x_wconf 84' lang='lat' dir='ltr'><strong>diabolo?</strong></span> <span class='ocrx_word' id='word_1_890' title='bbox 3531 4597 3664 4653; x_wconf 85' lang='lat' dir='ltr'><strong>Ecce</strong></span> <span class='ocrx_word' id='word_1_891' title='bbox 3690 4615 3783 4655; x_wconf 79' lang='lat' dir='ltr'><strong>ve-</strong></span> 
     </span>
    </p>
   </div>
   <div class='ocr_carea' id='block_1_107' title="bbox 2186 4669 3784 4752">
    <p class='ocr_par' dir='ltr' id='par_1_107' title="bbox 2186 4669 3784 4752">
     <span class='ocr_line' id='line_1_107' title="bbox 2186 4669 3784 4752; baseline 0.018 -32"><span class='ocrx_word' id='word_1_892' title='bbox 2186 4669 2262 4722; x_wconf 85' lang='lat' dir='ltr'><strong>nit</strong></span> <span class='ocrx_word' id='word_1_893' title='bbox 2285 4669 2517 4739; x_wconf 82' lang='lat' dir='ltr'><strong>princeps</strong></span> <span class='ocrx_word' id='word_1_894' title='bbox 2545 4672 2722 4726; x_wconf 86' lang='lat' dir='ltr'><strong>mundi</strong></span> <span class='ocrx_word' id='word_1_895' title='bbox 2764 4674 2936 4745; x_wconf 81' lang='lat' dir='ltr'><strong>hujus.</strong></span> <span class='ocrx_word' id='word_1_896' title='bbox 2975 4677 3092 4733; x_wconf 88' lang='lat' dir='ltr'><strong>Jam</strong></span> <span class='ocrx_word' id='word_1_897' title='bbox 3133 4696 3276 4752; x_wconf 60' lang='lat' dir='ltr'><strong>saepe</strong></span> <span class='ocrx_word' id='word_1_898' title='bbox 3302 4684 3502 4741; x_wconf 88' lang='lat' dir='ltr'><strong>dictum</strong></span> <span class='ocrx_word' id='word_1_899' title='bbox 3529 4698 3611 4744; x_wconf 90' lang='lat' dir='ltr'><strong>est</strong></span> <span class='ocrx_word' id='word_1_900' title='bbox 3635 4690 3784 4748; x_wconf 80' lang='lat' dir='ltr'><strong>Cha-</strong></span> 
     </span>
    </p>
   </div>
   <div class='ocr_carea' id='block_1_108' title="bbox 2188 4757 3781 4848">
    <p class='ocr_par' dir='ltr' id='par_1_108' title="bbox 2188 4757 3781 4848">
     <span class='ocr_line' id='line_1_108' title="bbox 2188 4757 3781 4848; baseline 0.017 -35"><span class='ocrx_word' id='word_1_901' title='bbox 2188 4757 2333 4814; x_wconf 86' lang='lat' dir='ltr'><strong>ritati</strong></span> <span class='ocrx_word' id='word_1_902' title='bbox 2377 4770 2571 4816; x_wconf 77' lang='lat' dir='ltr'><strong>vestra:</strong></span> <span class='ocrx_word' id='word_1_903' title='bbox 2595 4805 2610 4829; x_wconf 93' lang='lat'><strong>,</strong></span> <span class='ocrx_word' id='word_1_904' title='bbox 2658 4766 2914 4821; x_wconf 91' lang='lat' dir='ltr'><strong>mundum</strong></span> <span class='ocrx_word' id='word_1_905' title='bbox 2958 4770 3117 4825; x_wconf 90' lang='lat' dir='ltr'><strong>istum</strong></span> <span class='ocrx_word' id='word_1_906' title='bbox 3150 4775 3407 4844; x_wconf 89' lang='lat' dir='ltr'><strong>appellari</strong></span> <span class='ocrx_word' id='word_1_907' title='bbox 3442 4790 3781 4848; x_wconf 83' lang='lat' dir='ltr'><strong>peccatores.</strong></span> 
     </span>
    </p>
   </div>
   <div class='ocr_carea' id='block_1_109' title="bbox 2188 4849 3783 4946">
    <p class='ocr_par' dir='ltr' id='par_1_109' title="bbox 2188 4849 3783 4946">
     <span class='ocr_line' id='line_1_109' title="bbox 2188 4849 3783 4946; baseline 0.018 -39"><span class='ocrx_word' id='word_1_908' title='bbox 2188 4849 2259 4907; x_wconf 84' lang='lat' dir='ltr'><strong>Et</strong></span> <span class='ocrx_word' id='word_1_909' title='bbox 2281 4865 2448 4943; x_wconf 85' lang='lat' dir='ltr'><strong>quare</strong></span> <span class='ocrx_word' id='word_1_910' title='bbox 2475 4865 2785 4924; x_wconf 89' lang='lat' dir='ltr'><strong>peccatores</strong></span> <span class='ocrx_word' id='word_1_911' title='bbox 2807 4861 3024 4917; x_wconf 91' lang='lat' dir='ltr'><strong>nomine</strong></span> <span class='ocrx_word' id='word_1_912' title='bbox 3051 4865 3231 4921; x_wconf 88' lang='lat' dir='ltr'><strong>mundi</strong></span> <span class='ocrx_word' id='word_1_913' title='bbox 3253 4871 3624 4940; x_wconf 84' lang='lat' dir='ltr'><strong>appellantur?</strong></span> <span class='ocrx_word' id='word_1_914' title='bbox 3643 4877 3783 4946; x_wconf 88' lang='lat' dir='ltr'><strong>Quia</strong></span> 
     </span>
    </p>
   </div>
   <div class='ocr_carea' id='block_1_110' title="bbox 2185 4943 3780 5033">
    <p class='ocr_par' dir='ltr' id='par_1_110' title="bbox 2185 4943 3780 5033">
     <span class='ocr_line' id='line_1_110' title="bbox 2185 4943 3780 5033; baseline 0.018 -34"><span class='ocrx_word' id='word_1_915' title='bbox 2185 4943 2476 5001; x_wconf 90' lang='lat' dir='ltr'><strong>dilectione</strong></span> <span class='ocrx_word' id='word_1_916' title='bbox 2501 4947 2682 5003; x_wconf 91' lang='lat' dir='ltr'><strong>mundi</strong></span> <span class='ocrx_word' id='word_1_917' title='bbox 2723 4951 3022 5010; x_wconf 87' lang='lat' dir='ltr'><strong>inhabitant</strong></span> <span class='ocrx_word' id='word_1_918' title='bbox 3050 4959 3333 5017; x_wconf 79' lang='lat' dir='ltr'><strong>mundum.</strong></span> <span class='ocrx_word' id='word_1_919' title='bbox 3359 4965 3460 5033; x_wconf 91' lang='lat' dir='ltr'><strong>Qui</strong></span> <span class='ocrx_word' id='word_1_920' title='bbox 3489 4969 3630 5023; x_wconf 89' lang='lat' dir='ltr'><strong>enim</strong></span> <span class='ocrx_word' id='word_1_921' title='bbox 3668 4943 3780 5028; x_wconf 80' lang='lat' dir='ltr'><strong>non</strong></span> 
     </span>
    </p>
   </div>
   <div class='ocr_carea' id='block_1_111' title="bbox 2186 5035 3779 5126">
    <p class='ocr_par' dir='ltr' id='par_1_111' title="bbox 2186 5035 3779 5126">
     <span class='ocr_line' id='line_1_111' title="bbox 2186 5035 3779 5126; baseline 0.018 -37"><span class='ocrx_word' id='word_1_922' title='bbox 2186 5035 2413 5108; x_wconf 90' lang='lat' dir='ltr'><strong>diligunt</strong></span> <span class='ocrx_word' id='word_1_923' title='bbox 2438 5039 2694 5095; x_wconf 91' lang='lat' dir='ltr'><strong>mundum</strong></span> <span class='ocrx_word' id='word_1_924' title='bbox 2716 5085 2730 5108; x_wconf 93' lang='lat'><strong>,</strong></span> <span class='ocrx_word' id='word_1_925' title='bbox 2765 5059 2870 5099; x_wconf 92' lang='lat' dir='ltr'><strong>non</strong></span> <span class='ocrx_word' id='word_1_926' title='bbox 2901 5044 3141 5104; x_wconf 89' lang='lat' dir='ltr'><strong>habitant</strong></span> <span class='ocrx_word' id='word_1_927' title='bbox 3171 5051 3222 5106; x_wconf 92' lang='lat' dir='ltr'><strong>in</strong></span> <span class='ocrx_word' id='word_1_928' title='bbox 3251 5069 3317 5109; x_wconf 91' lang='lat' dir='ltr'><strong>eo</strong></span> <span class='ocrx_word' id='word_1_929' title='bbox 3345 5057 3488 5126; x_wconf 89' lang='lat' dir='ltr'><strong>quod</strong></span> <span class='ocrx_word' id='word_1_930' title='bbox 3515 5075 3620 5115; x_wconf 91' lang='lat' dir='ltr'><strong>non</strong></span> <span class='ocrx_word' id='word_1_931' title='bbox 3649 5061 3779 5118; x_wconf 86' lang='lat' dir='ltr'><strong>dili-</strong></span> 
     </span>
    </p>
   </div>
   <div class='ocr_carea' id='block_1_112' title="bbox 2185 5129 3778 5228">
    <p class='ocr_par' dir='ltr' id='par_1_112' title="bbox 2185 5129 3778 5228">
     <span class='ocr_line' id='line_1_112' title="bbox 2185 5129 3778 5228; baseline 0.019 -46"><span class='ocrx_word' id='word_1_932' title='bbox 2185 5129 2581 5228; x_wconf 42' lang='lat' dir='ltr'><strong>gunt...MI\’o.stra,</strong></span> <span class='ocrx_word' id='word_1_933' title='bbox 2612 5133 2803 5205; x_wconf 88' lang='lat' dir='ltr'><strong>inquit,</strong></span> <span class='ocrx_word' id='word_1_934' title='bbox 2828 5144 3142 5198; x_wconf 80' lang='lat' dir='ltr'><strong>conversatio</strong></span> <span class='ocrx_word' id='word_1_935' title='bbox 3168 5145 3221 5200; x_wconf 88' lang='lat' dir='ltr'><strong>in</strong></span> <span class='ocrx_word' id='word_1_936' title='bbox 3250 5149 3390 5204; x_wconf 67' lang='lat' dir='ltr'><strong>cretis</strong></span> <span class='ocrx_word' id='word_1_937' title='bbox 3418 5162 3490 5206; x_wconf 89' lang='lat' dir='ltr'><strong>est</strong></span> <span class='ocrx_word' id='word_1_938' title='bbox 3515 5151 3778 5228; x_wconf 82' lang='lat' dir='ltr'><strong>(Philipp.</strong></span> 
     </span>
    </p>
   </div>
   <div class='ocr_carea' id='block_1_113' title="bbox 2186 5220 3782 5306">
    <p class='ocr_par' dir='ltr' id='par_1_113' title="bbox 2186 5220 3782 5306">
     <span class='ocr_line' id='line_1_113' title="bbox 2186 5220 3782 5306; baseline 0.021 -33"><span class='ocrx_word' id='word_1_939' title='bbox 2186 5235 2264 5287; x_wconf 87' lang='grc' dir='ltr'><strong>ιιι,</strong></span> <span class='ocrx_word' id='word_1_940' title='bbox 2292 5220 2411 5292; x_wconf 76' lang='lat'><strong>20).</strong></span> <span class='ocrx_word' id='word_1_941' title='bbox 2443 5222 2498 5278; x_wconf 93' lang='lat' dir='ltr'><strong>Si</strong></span> <span class='ocrx_word' id='word_1_942' title='bbox 2529 5240 2657 5296; x_wconf 90' lang='lat' dir='ltr'><strong>ergo</strong></span> <span class='ocrx_word' id='word_1_943' title='bbox 2694 5229 2784 5298; x_wconf 90' lang='lat' dir='ltr'><strong>qui</strong></span> <span class='ocrx_word' id='word_1_944' title='bbox 2829 5230 2997 5303; x_wconf 89' lang='lat' dir='ltr'><strong>diligit</strong></span> <span class='ocrx_word' id='word_1_945' title='bbox 3042 5235 3206 5292; x_wconf 91' lang='lat' dir='ltr'><strong>Deum</strong></span> <span class='ocrx_word' id='word_1_946' title='bbox 3230 5281 3246 5306; x_wconf 90' lang='lat'><strong>,</strong></span> <span class='ocrx_word' id='word_1_947' title='bbox 3295 5241 3350 5296; x_wconf 93' lang='lat' dir='ltr'><strong>in</strong></span> <span class='ocrx_word' id='word_1_948' title='bbox 3394 5220 3533 5300; x_wconf 75' lang='lat' dir='ltr'><strong>cmlo</strong></span> <span class='ocrx_word' id='word_1_949' title='bbox 3572 5220 3782 5306; x_wconf 72' lang='lat' dir='ltr'><strong>habitat</strong></span> 
     </span>
    </p>
   </div>
   <div class='ocr_carea' id='block_1_114' title="bbox 2185 5313 3781 5410">
    <p class='ocr_par' dir='ltr' id='par_1_114' title="bbox 2185 5313 3781 5410">
     <span class='ocr_line' id='line_1_114' title="bbox 2185 5313 3781 5410; baseline 0.02 -45"><span class='ocrx_word' id='word_1_950' title='bbox 2185 5327 2304 5410; x_wconf 83' lang='lat' dir='ltr'><strong>cum</strong></span> <span class='ocrx_word' id='word_1_951' title='bbox 2328 5313 2475 5410; x_wconf 78' lang='lat' dir='ltr'><strong>Deo;</strong></span> <span class='ocrx_word' id='word_1_952' title='bbox 2507 5317 2597 5386; x_wconf 89' lang='lat' dir='ltr'><strong>qui</strong></span> <span class='ocrx_word' id='word_1_953' title='bbox 2626 5317 2798 5388; x_wconf 85' lang='lat' dir='ltr'><strong>diligit</strong></span> <span class='ocrx_word' id='word_1_954' title='bbox 2823 5324 3115 5393; x_wconf 91' lang='lat' dir='ltr'><strong>mundum,</strong></span> <span class='ocrx_word' id='word_1_955' title='bbox 3147 5329 3199 5384; x_wconf 92' lang='lat' dir='ltr'><strong>in</strong></span> <span class='ocrx_word' id='word_1_956' title='bbox 3228 5333 3428 5389; x_wconf 90' lang='lat' dir='ltr'><strong>mundo</strong></span> <span class='ocrx_word' id='word_1_957' title='bbox 3463 5352 3582 5392; x_wconf 88' lang='lat' dir='ltr'><strong>cum</strong></span> <span class='ocrx_word' id='word_1_958' title='bbox 3630 5341 3781 5410; x_wconf 86' lang='lat' dir='ltr'><strong>prin-</strong></span> 
     </span>
    </p>
   </div>
   <div class='ocr_carea' id='block_1_115' title="bbox 2185 5403 3767 5502">
    <p class='ocr_par' dir='ltr' id='par_1_115' title="bbox 2185 5403 3767 5502">
     <span class='ocr_line' id='line_1_115' title="bbox 2185 5403 3767 5502; baseline 0.023 -48"><span class='ocrx_word' id='word_1_959' title='bbox 2328 5403 2532 5461; x_wconf 87' lang='lat' dir='ltr'><strong>habitat</strong></span> <span class='ocrx_word' id='word_1_960' title='bbox 2557 5412 2761 5502; x_wconf 91' lang='lat' dir='ltr'><strong>mundi.</strong></span> <span class='ocrx_word' id='word_1_961' title='bbox 2791 5412 2988 5472; x_wconf 90' lang='lat' dir='ltr'><strong>Omnes</strong></span> <span class='ocrx_word' id='word_1_962' title='bbox 3016 5419 3192 5491; x_wconf 87' lang='lat' dir='ltr'><strong>itaque</strong></span> <span class='ocrx_word' id='word_1_963' title='bbox 3225 5423 3510 5484; x_wconf 86' lang='lat' dir='ltr'><strong>dilectores</strong></span> <span class='ocrx_word' id='word_1_964' title='bbox 3535 5403 3720 5488; x_wconf 79' lang='lat' dir='ltr'><strong>mundi</strong></span> <span class='ocrx_word' id='word_1_965' title='bbox 3748 5476 3767 5502; x_wconf 94' lang='lat'><strong>,</strong></span> 
     </span>
    </p>
   </div>
   <div class='ocr_carea' id='block_1_116' title="bbox 2185 5495 3772 5596">
    <p class='ocr_par' dir='ltr' id='par_1_116' title="bbox 2185 5495 3772 5596">
     <span class='ocr_line' id='line_1_116' title="bbox 2185 5495 3772 5596; baseline 0.021 -48"><span class='ocrx_word' id='word_1_966' title='bbox 2185 5495 2284 5566; x_wconf 91' lang='lat' dir='ltr'><strong>ipsi</strong></span> <span class='ocrx_word' id='word_1_967' title='bbox 2335 5508 2458 5553; x_wconf 89' lang='lat' dir='ltr'><strong>sunt</strong></span> <span class='ocrx_word' id='word_1_968' title='bbox 2505 5501 2735 5560; x_wconf 88' lang='lat' dir='ltr'><strong>mundus</strong></span> <span class='ocrx_word' id='word_1_969' title='bbox 2765 5524 2778 5559; x_wconf 91' lang='lat'><strong>:</strong></span> <span class='ocrx_word' id='word_1_970' title='bbox 2812 5506 3138 5568; x_wconf 88' lang='lat' dir='ltr'><strong>habitatores</strong></span> <span class='ocrx_word' id='word_1_971' title='bbox 3175 5519 3400 5587; x_wconf 89' lang='lat' dir='ltr'><strong>mundi,</strong></span> <span class='ocrx_word' id='word_1_972' title='bbox 3435 5538 3540 5577; x_wconf 92' lang='lat' dir='ltr'><strong>non</strong></span> <span class='ocrx_word' id='word_1_973' title='bbox 3570 5495 3772 5596; x_wconf 65' lang='lat' dir='ltr'><strong>carne,</strong></span> 
     </span>
    </p>
   </div>
   <div class='ocr_carea' id='block_1_117' title="bbox 2247 5610 3780 5701">
    <p class='ocr_par' dir='ltr' id='par_1_117' title="bbox 2247 5610 3780 5701">
     <span class='ocr_line' id='line_1_117' title="bbox 2247 5610 3780 5701; baseline 0.025 -47"><span class='ocrx_word' id='word_1_974' title='bbox 2247 5610 2268 5696; x_wconf 49' lang='grc' dir='ltr'><strong><em>ξ</em></strong></span> <span class='ocrx_word' id='word_1_975' title='bbox 2288 5610 2717 5701; x_wconf 50' lang='lat' dir='ltr'><strong>,naddunt</strong></span> <span class='ocrx_word' id='word_1_976' title='bbox 2732 5619 2858 5701; x_wconf 44' lang='lat' dir='ltr'><strong>:At‘bi</strong></span> <span class='ocrx_word' id='word_1_977' title='bbox 2873 5634 2980 5674; x_wconf 86' lang='lat' dir='ltr'><strong>vero</strong></span> <span class='ocrx_word' id='word_1_978' title='bbox 2995 5638 3104 5676; x_wconf 87' lang='lat' dir='ltr'><strong>cum</strong></span> <span class='ocrx_word' id='word_1_979' title='bbox 3117 5631 3516 5691; x_wconf 75' lang='lat' dir='ltr'><strong>prtevaricatione</strong></span> <span class='ocrx_word' id='word_1_980' title='bbox 3526 5645 3780 5701; x_wconf 83' lang='lat' dir='ltr'><strong>peccatum</strong></span> 
     </span>
    </p>
   </div>
   <div class='ocr_carea' id='block_1_118' title="bbox 2183 5673 2842 5733">
    <p class='ocr_par' dir='ltr' id='par_1_118' title="bbox 2183 5673 2842 5733">
     <span class='ocr_line' id='line_1_118' title="bbox 2183 5673 2842 5733; baseline 0.015 -13"><span class='ocrx_word' id='word_1_981' title='bbox 2183 5675 2269 5727; x_wconf 89' lang='lat' dir='ltr'><strong>est,</strong></span> <span class='ocrx_word' id='word_1_982' title='bbox 2288 5673 2466 5723; x_wconf 75' lang='lat' dir='ltr'><strong>invenit</strong></span> <span class='ocrx_word' id='word_1_983' title='bbox 2490 5689 2540 5723; x_wconf 83' lang='lat' dir='ltr'><strong>se</strong></span> <span class='ocrx_word' id='word_1_984' title='bbox 2564 5673 2717 5733; x_wconf 81' lang='lat' dir='ltr'><strong>homo,</strong></span> <span class='ocrx_word' id='word_1_985' title='bbox 2749 5687 2842 5729; x_wconf 84' lang='lat' dir='ltr'><strong>cte.</strong></span> 
     </span>
    </p>
   </div>
   <div class='ocr_carea' id='block_1_119' title="bbox 2248 5734 3778 5820">
    <p class='ocr_par' dir='ltr' id='par_1_119' title="bbox 2248 5734 3778 5820">
     <span class='ocr_line' id='line_1_119' title="bbox 2248 5734 3778 5820; baseline 0.029 -41"><span class='ocrx_word' id='word_1_986' title='bbox 2248 5734 2802 5820; x_wconf 44' lang='lat' dir='ltr'><strong>:colbenilin-ungodcx,</strong></span> <span class='ocrx_word' id='word_1_987' title='bbox 2844 5752 3057 5820; x_wconf 3' lang='lat' dir='ltr'><strong>(factum,</strong></span> <span class='ocrx_word' id='word_1_988' title='bbox 3075 5757 3208 5802; x_wconf 85' lang='lat' dir='ltr'><strong>tuum</strong></span> <span class='ocrx_word' id='word_1_989' title='bbox 3239 5768 3404 5808; x_wconf 81' lang='lat' dir='ltr'><strong>coram</strong></span> <span class='ocrx_word' id='word_1_990' title='bbox 3434 5761 3588 5816; x_wconf 74' lang='lat' dir='ltr'><strong>oculis</strong></span> <span class='ocrx_word' id='word_1_991' title='bbox 3621 5763 3778 5820; x_wconf 80' lang='lat' dir='ltr'><strong>Itami-</strong></span> 
     </span>
    </p>
   </div>
   <div class='ocr_carea' id='block_1_120' title="bbox 2182 5800 3228 5874">
    <p class='ocr_par' dir='ltr' id='par_1_120' title="bbox 2182 5800 3228 5874">
     <span class='ocr_line' id='line_1_120' title="bbox 2182 5800 3228 5874; baseline 0.019 -28"><span class='ocrx_word' id='word_1_992' title='bbox 2182 5806 2315 5859; x_wconf 70' lang='lat' dir='ltr'><strong>num,</strong></span> <span class='ocrx_word' id='word_1_993' title='bbox 2334 5809 2496 5850; x_wconf 86' lang='lat' dir='ltr'><strong>coram</strong></span> <span class='ocrx_word' id='word_1_994' title='bbox 2517 5800 2669 5855; x_wconf 84' lang='lat' dir='ltr'><strong>oculis</strong></span> <span class='ocrx_word' id='word_1_995' title='bbox 2693 5800 3022 5874; x_wconf 52' lang='lat' dir='ltr'><strong>Bei&#39;cogitatio</strong></span> <span class='ocrx_word' id='word_1_996' title='bbox 3042 5818 3123 5865; x_wconf 84' lang='lat' dir='ltr'><strong>tua</strong></span> <span class='ocrx_word' id='word_1_997' title='bbox 3141 5800 3228 5868; x_wconf 80' lang='lat' dir='ltr'><strong>est.</strong></span> 
     </span>
    </p>
   </div>
  </div>
