4108 6336
307 502 453 576 quod
480 513 668 557 omnes
688 498 853 571 justi;
880 495 977 553 sed
1004 495 1203 564 animo,
1234 494 1376 567 quod
1405 493 1505 550 soli
1536 501 1846 565 peccatores
1876 534 1891 561 ,

308 595 504 669 quibus
526 593 776 666 princeps
800 600 883 647 est
905 590 1169 647 diabolus.
1189 588 1468 657 Quomodo
1488 586 1683 643 dicitur
1704 584 1896 641 domus

306 687 638 744 habitatores
675 684 867 740 domus
899 700 910 736 :
944 681 1234 739 secundum
1264 695 1422 751 quam
1462 678 1781 735 sententiam
1817 675 1899 730 di—

306 780 485 836 cimus
526 779 722 833 malam
766 776 985 833 domum
1011 790 1133 831 esse
1156 779 1564 836 marmoratam,
1605 778 1660 826 et
1700 770 1895 825 bonam

306 874 524 930 domum
564 886 685 928 esse
732 870 1060 941 fumigatam.
1091 868 1304 924 Iuvenis
1331 866 1549 921 domum
1591 863 1852 918 fumosam
1875 901 1890 927 ,

305 978 466 1038 quam
516 964 641 1019 boni
684 963 942 1027 habitant,
974 970 1029 1017 et
1056 959 1210 1027 dicis,
1244 959 1389 1015 Bona
1427 957 1640 1013 domus.
1682 952 1897 1009 Iuvenis

305 1059 525 1114 domum
559 1064 940 1112 marmoratam
970 1063 1026 1110 et
1067 1054 1396 1124 laqueatam,
1434 1063 1592 1121 quam
1623 1045 1898 1117 possident

304 1152 507 1221 iniqui,
536 1159 592 1206 et
615 1149 781 1213 dicis,
814 1148 948 1203 Mala
978 1148 1170 1202 domus
1196 1164 1211 1199 :
1237 1146 1457 1202 domum
1487 1140 1761 1211 appellans
1788 1153 1894 1193 non

305 1242 538 1312 parietes
580 1250 636 1296 et
676 1240 1013 1312 receptacula
1042 1253 1325 1308 corporum
1346 1278 1360 1301 ,
1392 1233 1484 1290 sed
1517 1235 1660 1303 ipsos
1686 1229 1894 1285 habita-

304 1343 470 1389 tores.
510 1333 599 1389 Sic
635 1331 891 1388 mundum
926 1329 1212 1402 appellavit
1252 1327 1526 1397 Scriptura
1570 1323 1896 1378 habitatores

302 1424 493 1482 mundi
550 1440 647 1495 per
706 1422 1191 1492 concupiscentiam
1249 1417 1586 1483 dilectionis,
1641 1430 1745 1470 non
1800 1428 1896 1483 per

303 1514 1073 1584 conversationem’corporis.
1116 1512 1279 1581 Ergo,
1326 1510 1477 1575 Ecce,
1520 1507 1712 1578 inquit,
1762 1505 1895 1560 venit

309 1610 547 1680 princeps
574 1608 779 1673 mundi,
811 1613 857 1661 et
894 1606 949 1660 in
986 1621 1065 1659 me
1106 1603 1233 1658 nihil
1269 1601 1473 1656 invenit.
1522 1600 1578 1654 In
1622 1599 1737 1654 solo
1777 1598 1894 1668 ipso

307 1700 441 1757 nihil
473 1701 678 1756 invenit
705 1699 969 1754 diabolus.
987 1699 1051 1752 Et
1066 1707 1313 1767 tanquam
1334 1696 1601 1751 diceretur
1623 1693 1695 1759 ei,
1717 1693 1893 1761 Quare

303 1810 435 1865 ergo
463 1793 721 1848 moreris?
751 1792 824 1847 ibi
864 1792 1122 1862 sequitur,
1156 1789 1262 1846 Sed
1300 1797 1356 1844 ut
1388 1790 1549 1843 sciant
1577 1805 1745 1843 omnes
1772 1786 1893 1858 quia

302 1884 607 1939 voluntatem
638 1882 809 1937 Patris
833 1883 931 1937 ntei
956 1883 1110 1955 facio,
1136 1882 1344 1952 surgite,
1371 1896 1544 1937 eamus
1570 1880 1687 1933 hinc
1710 1878 1886 1949 (Joan.

303 1992 418 2041 11v,
442 1976 531 2041 30,
562 1974 675 2045 3i).
705 1974 905 2045 Surgit,
937 1982 993 2029 et
1021 1974 1061 2028 it
1083 1972 1151 2029 ad
1172 1974 1497 2044 passionem.
1527 1970 1734 2039 Quare?
1758 1970 1890 2037 Quia

303 2069 608 2123 voluntatem
634 2066 809 2122 Patris
833 2066 929 2120 mei
955 2067 1106 2138 facio.
1136 2066 1361 2135 Propter
1388 2064 1529 2119 hanc
1556 2077 1686 2132 ergo
1711 2062 1892 2134 singu-

303 2158 469 2214 larem
507 2155 863 2213 innocentiam
901 2157 975 2212 ait
1001 2156 1282 2223 Psalmus,
1323 2154 1433 2209 Tibi
1456 2154 1551 2209 soli
1580 2153 1815 2225 peccavi,
1843 2162 1890 2208 et

303 2250 585 2320 malignum
622 2265 790 2302 coram
832 2258 879 2304 te
916 2248 1043 2318 feci;
1074 2258 1127 2302 ut
1152 2247 1451 2319 justiﬁceris
1488 2247 1542 2300 in
1579 2245 1889 2301 sermonibus

305 2344 427 2409 tuis,
453 2353 500 2397 et
524 2343 693 2397 vincas
721 2358 837 2396 cum
851 2341 1102 2412 judicaris
1129 2357 1147 2395 :
1174 2340 1297 2411 quia
1328 2339 1457 2394 nihil
1488 2338 1612 2393 mali
1641 2339 1693 2392 in
1723 2348 1774 2393 te
1802 2338 1887 2392 in-

302 2433 466 2489 venit.
494 2433 668 2502 Quare
692 2442 869 2489 autem
908 2433 960 2487 in
992 2441 1044 2488 te
1074 2432 1294 2499 invenit,
1322 2447 1354 2485 o
1372 2446 1541 2502 genus
1561 2430 1887 2485 humanum?

276 2526 281 2531 ’
301 2525 435 2593 Quia
455 2526 694 2596 sequitur
713 2532 767 2579 et
785 2523 933 2588 dicit,
968 2521 1077 2595 Ego
1096 2524 1231 2578 enim
1255 2524 1310 2576 in
1330 2523 1592 2593 iniquitate
1619 2530 1888 2591 conceptus

299 2635 434 2684 sum,
467 2627 514 2671 et
551 2618 604 2671 in
640 2617 857 2687 peccatis
896 2616 1120 2686 concepit
1152 2616 1167 2646 ¹
1196 2631 1274 2668 me
1303 2624 1462 2668 mater
1490 2630 1599 2667 mea
1632 2612 1802 2682 (Psal.
1835 2629 1885 2679 1.,

301 2712 355 2777 6,
389 2712 467 2781 7).
502 2710 651 2765 Dicit.
672 2709 774 2765 hoc
801 2709 983 2765 David.
1013 2710 1204 2777 Qumre
1229 2708 1370 2764 unde
1397 2716 1553 2762 natus
1581 2708 1650 2761 sit
1678 2706 1845 2762 David
1872 2724 1886 2773 ;

298 2801 539 2858 invenies
582 2802 650 2857 de
691 2801 923 2871 legitima
964 2814 1136 2855 uxore
1158 2841 1174 2867 ,
1210 2798 1279 2855 de
1308 2798 1454 2853 nullo
1480 2797 1760 2852 adulterio.
1791 2796 1889 2853 Se-

300 2894 532 2948 cundum
579 2907 738 2962 quam
770 2906 898 2962 ergo
941 2891 1286 2962 prepaginem
1332 2890 1479 2957 dicit,
1525 2888 1591 2944 In
1630 2890 1889 2960 iniquitate

299 2997 569 3058 conceptus
596 3002 745 3051 sum;
785 2986 888 3041 nisi
930 2986 1056 3056 quia
1095 2985 1164 3041 ibi
1213 2993 1297 3041 est
1328 2985 1575 3056 quiddam
1607 2986 1674 3042 de
1700 2987 1887 3045 mortis

300 3080 592 3149 propagine
614 3121 629 3147 ,
666 3078 809 3150 quod
845 3094 1028 3134 secum
1060 3078 1222 3135 trahit
1248 3080 1421 3135 omnis
1446 3080 1535 3151 qui
1559 3096 1630 3136 ex
1656 3080 1887 3150 conjun-

298 3172 477 3226 ctione
498 3171 596 3225 viri
626 3178 681 3226 et
709 3168 921 3226 feminae
944 3170 1219 3227 nascitur?

370 3260 596 3317 CAPUT
629 3261 689 3315 V.
716 3291 787 3303 -—-
815 3262 868 3319 5.
897 3262 1219 3318 Conversatio
1245 3263 1357 3318 sine
1390 3265 1591 3335 querela
1612 3265 1888 3320 secundum

298 3354 479 3425 legem.
532 3354 744 3411 Habens
793 3370 922 3426 ergo
964 3355 1331 3427 unusquisque
1358 3357 1843 3428 concupiscentiam
1869 3399 1885 3425 ,

298 3447 540 3502 attendat
591 3448 762 3519 legem
805 3448 1107 3515 dicentem,
1154 3448 1278 3503 Non
1323 3450 1642 3520 concupisces
1690 3450 1885 3521 (Exod.

302 3553 398 3604 xx,
432 3537 523 3611 16)
555 3556 568 3591 :
602 3538 804 3594 invenit
834 3538 886 3592 in
916 3554 974 3594 se
1008 3539 1148 3610 quod
1176 3539 1267 3594 lex
1299 3539 1564 3609 prohibet,
1597 3550 1652 3596 et
1678 3541 1738 3596 ﬁt
1762 3557 1889 3598 reus

297 3631 452 3702 legis.
481 3630 761 3685 luvenieus
788 3638 963 3685 autem
991 3629 1045 3685 in
1082 3646 1143 3686 se
1167 3631 1251 3686 eui
1278 3630 1520 3686 subditus
1547 3640 1648 3699 est,
1672 3632 1889 3702 incipiat

293 3723 403 3794 jam
440 3722 637 3787 dicere,
670 3720 998 3778 Condelector
1035 3722 1132 3793 legi
1170 3721 1267 3778 Dei
1296 3722 1573 3778 secundum
1604 3724 1888 3779 interiorem

295 3816 555 3871 hominem
584 3832 605 3870 :
629 3816 771 3871 video
807 3826 974 3871 autem
1010 3817 1168 3871 aliam
1197 3816 1355 3889 legem
1386 3817 1443 3872 in
1484 3817 1717 3873 membris
1744 3820 1882 3887 meis,

298 3915 664 3978 repugnantent
706 3907 804 3979 legi
854 3908 1034 3962 mentis
1084 3924 1234 3973 mea,
1284 3920 1330 3962 et
1366 3910 1703 3979 captivantem
1728 3925 1810 3963 me
1836 3911 1889 3965 in

300 4000 411 4069 lege
441 3998 649 4068 peccati,
699 4014 812 4067 qua:
854 4008 925 4053 est
963 4000 1018 4053 in
1063 4000 1297 4054 membris
1342 4002 1485 4054 meis.
1535 4000 1796 4072 Cognovit
1829 4017 1889 4059 se

300 4100 582 4161 :egrotum,
614 4090 865 4162 imploret
892 4091 1156 4147 medicum
1184 4110 1197 4146 :
1228 4092 1424 4166 Infelix
1452 4111 1541 4165 ego
1567 4095 1738 4162 homo,
1778 4098 1888 4166 quis

301 4198 382 4236 me
405 4182 631 4237 liberabit
664 4182 727 4236 de
751 4197 962 4252 corpore
988 4184 1162 4238 mortis
1191 4184 1344 4254 huius
1362 4185 1387 4238 Ξ)
1406 4184 1749 4255 Respondeat
1776 4202 1891 4242 me-

303 4275 474 4342 dicus,
504 4272 682 4329 Gratia
706 4273 803 4329 Dei
843 4291 932 4345 per
962 4275 1143 4330 Jesum
1181 4276 1434 4343 Christum
1473 4277 1753 4332 Dominum
1797 4296 1891 4333 no-

305 4374 463 4421 strum
490 4367 667 4437 (Rom.
697 4382 790 4434 vn,
820 4366 1040 4438 22-25).
1074 4366 1250 4423 Gratia
1279 4367 1396 4435 Dei,
1428 4385 1533 4424 non
1559 4372 1748 4427 merita
1778 4381 1887 4426 tua.

304 4442 479 4526 Quare
509 4472 637 4529 ergo
666 4465 721 4513 te
747 4457 928 4513 dixisti
949 4458 999 4512 in
1024 4457 1139 4530 lege
1166 4473 1285 4514 cum
1307 4458 1510 4530 justitia
1538 4461 1653 4517 sine
1674 4464 1889 4533 querela

302 4550 712 4607 conversatum?
756 4550 1025 4607 Attendite
1069 4569 1084 4607 :
1123 4551 1239 4608 sine
1288 4553 1501 4625 querela
1539 4554 1675 4609 dixit
1714 4556 1889 4611 homi-

303 4659 452 4701 num.
483 4644 581 4699 Est
605 4644 749 4699 enim
777 4642 1019 4714 quaedam
1046 4643 1252 4714 justitia
1273 4688 1287 4710 ,
1318 4660 1477 4717 quam
1505 4655 1682 4718 potest
1730 4646 1890 4704 homo

304 4742 569 4814 implere,
596 4750 655 4796 ut
702 4740 877 4796 nullus
923 4740 1198 4796 hominum
1245 4750 1499 4813 queratur
1543 4742 1611 4798 de
1652 4742 1887 4800 homine.

304 4835 442 4892 Dicit
470 4836 634 4902 enim,
659 4833 783 4889 Non
812 4836 1135 4904 concupiscas
1170 4836 1413 4890 alienum.
1442 4836 1520 4890 Tu
1558 4835 1606 4892 si
1650 4852 1757 4891 non
1804 4853 1892 4893 ra-

305 4928 485 4999 pueris
528 4927 787 4990 alienum,
840 4926 981 4981 nulla
1027 4926 1244 4997 querela
1289 4928 1393 4983 erit
1426 4927 1720 4983 hominum.
1751 4929 1893 4999 Ergo

302 5017 589 5090 aliquando
635 5017 991 5088 concupiscis,
1037 5025 1092 5072 et
1135 5033 1243 5073 non
1279 5019 1442 5089 rapis.
1484 5018 1587 5075 Sed
1628 5023 1891 5076 sententia

306 5113 398 5169 Dei
422 5125 583 5181 supra
605 5119 659 5167 te
685 5120 788 5176 est,
823 5109 946 5180 quia
973 5110 1305 5180 concupiscis
1333 5127 1347 5164 :
1377 5126 1501 5166 rens
1526 5127 1585 5166 es
1610 5112 1762 5182 legis,
1794 5113 1892 5169 sed

303 5204 361 5261 in
380 5203 553 5260 oculis
575 5201 913 5274 legislatoris.
946 5200 1074 5257 Sine
1112 5202 1329 5272 querela
1368 5202 1500 5256 vivis
1528 5219 1541 5255 :
1567 5218 1731 5272 quare
1765 5220 1892 5276 ergo

302 5297 405 5354 ista
431 5296 670 5351 damna?
697 5309 863 5365 quare
893 5294 992 5350 ista
1023 5295 1293 5349 stercora?
1314 5287 1665 5350 Constrictior
1689 5308 1770 5352 est
1795 5298 1893 5352 ali—

305 5395 507 5459 quanto
539 5386 712 5442 nodus
748 5385 850 5441 iste
879 5402 894 5441 :
923 5385 1020 5442 sed
1048 5385 1218 5442 solvet
1258 5386 1350 5456 qui
1390 5386 1548 5441 solet.
1577 5387 1689 5443 Hoc
1711 5397 1890 5445 autem

304 5494 415 5537 non
442 5493 543 5550 ego
568 5479 715 5534 solus
736 5478 821 5548 pia
859 5477 1191 5549 subjectione
1208 5518 1224 5543 ,
1262 5478 1357 5533 sed
1385 5494 1575 5535 omnes
1600 5482 1684 5550 pia
1712 5481 1892 5539 inten-

305 5570 456 5626 tione
485 5583 809 5626 mereamur.
832 5560 1099 5641 Quidquid
1127 5568 1392 5625 faciebant
1413 5570 1603 5636 Judtei,
1635 5572 1775 5628 unde
1798 5573 1893 5630 ho-

307 5662 485 5718 mines
512 5676 622 5716 non
654 5669 1027 5731 quererentur,
1055 5670 1111 5717 et
1139 5670 1283 5718 esset
1307 5662 1436 5732 ipsis
1465 5665 1804 5723 conversatio
1836 5665 1890 5723 in

377 5790 870 5845 ‘Siclnoolbertino
899 5793 1543 5860 ls.Atineditis,peperit.

1716 336 1954 433 summ
1989 374 2177 432 CLXX

2702 311 2738 319 ο..

2006 490 2125 561 lege
2171 506 2284 548 sme
2325 501 2539 564 querela
2561 540 2575 565 ,
2610 497 2709 555 sibi
2740 497 3043 559 tribuebant
3066 543 3081 567 ,
3129 510 3183 559 et
3228 518 3394 574 Ipsam
3427 504 3589 576 justi-

2004 581 2130 637 tiam
2176 586 2467 642 secundum
2515 590 2683 660 legem
2736 594 2935 649 viribus
2982 597 3091 650 suis
3145 597 3485 667 assignabant
3512 600 3581 656 ιε

2001 674 2225 744 implere
2254 693 2358 731 non
2389 689 2650 748 poterant,
2696 685 2789 739 sed
2829 687 2883 740 in
2932 697 3134 743 tantum
3185 688 3447 745 faciebant
3472 731 3488 756 ,
3522 690 3577 747 in

2000 776 2256 915 qrabntum
2295 778 2577 841 poterant;
2619 777 2719 833 sibi
2752 780 3058 847 tribuendo,
3088 797 3189 837 nec
3219 781 3323 838 hoc
3351 784 3437 854 pie
3478 784 3567 839 im-

2000 873 2036 915 n
2058 875 2087 915 e
2126 871 2236 915 ant.

2000 871 2236 929 plebanl.

2073 950 2297 1010 CAPUT
2336 956 2421 1011 Vl.
2440 988 2510 998 —
2526 958 2578 1014 6.
2610 959 2819 1016 Iustitia
2848 963 3063 1020 hominis
3087 966 3183 1020 nisi
3207 985 3238 1021 a
3264 966 3393 1036 Deo,
3418 967 3583 1024 nulla.

2000 1044 2114 1101 Hoc
2142 1062 2269 1118 ergo
2298 1049 2425 1104 dicit
2456 1052 2623 1121 legem
2663 1055 2918 1123 implere,
2966 1056 3068 1113 hoc
3102 1067 3211 1123 est,
3252 1076 3357 1115 non
3388 1075 3586 1116 concu-

2000 1138 2225 1207 piscere.
2275 1141 2404 1209 Quis
2449 1143 2550 1199 hoc
2602 1146 2690 1215 qui
2740 1146 2907 1213 vivit,
2954 1151 3164 1219 potest?
3210 1154 3436 1222 Adjuvet
3485 1169 3583 1211 nos

1998 1229 2276 1298 Psalmus,
2307 1235 2395 1305 qui
2437 1237 2597 1292 modo
2635 1247 2877 1293 cantatus
2902 1251 3004 1307 est,
3030 1241 3237 1298 Exaudi
3282 1262 3359 1299 me
3402 1247 3455 1299 in
3494 1254 3582 1300 tua

1988 1321 2190 1393 justitia
2222 1341 2240 1379 :
2266 1325 2368 1382 hoc
2391 1336 2490 1394 est,
2532 1345 2636 1385 non
2670 1331 2721 1383 in
2749 1346 2888 1386 mea.
2918 1331 2972 1387 Si
3002 1332 3221 1402 diceret,
3249 1336 3452 1391 Exaudi
3497 1353 3584 1393 me

1999 1413 2052 1468 in
2095 1415 2300 1484 justitia
2348 1435 2464 1475 mea
2512 1439 2525 1475 :
2560 1431 2809 1492 tanquam
2858 1425 3106 1480 meritum
3142 1437 3374 1484 vocaret.
3418 1429 3585 1484 Vocat

1998 1507 2211 1576 quidem
2243 1510 2293 1563 in
2323 1512 2591 1568 nonnullis
2616 1514 2747 1569 locis
2777 1524 2829 1571 et
2857 1531 3007 1571 suam
3028 1517 3287 1586 justitiam
3323 1538 3338 1575 :
3365 1521 3457 1576 sed
3496 1522 3583 1578 hic

1995 1597 2187 1654 melius
2213 1598 2487 1669 discernit,
2515 1604 2636 1673 quia
2677 1614 2731 1660 et
2771 1620 2919 1661 suam
2968 1610 3180 1679 quando
3226 1609 3373 1675 dicit,
3401 1588 3579 1667 datam

1995 1687 2155 1753 dicit;
2180 1693 2450 1761 quomodo
2476 1694 2723 1763 dicimus,
2754 1696 2948 1753 Panem
2975 1709 3200 1754 nostrum
3230 1703 3582 1770 quotidianum

1994 1780 2062 1834 da
2092 1782 2232 1837 nobis
2258 1783 2406 1839 hodie
2426 1786 2579 1855 (Luc.
2607 1805 2680 1855 χι,
2712 1788 2788 1861 3).
2820 1790 3116 1859 Quomodo,
3148 1805 3413 1861 nostrum;
3442 1810 3578 1866 quo-

1993 1872 2173 1938 modo,
2198 1875 2304 1928 da?
2333 1876 2475 1946 Ergo
2514 1877 2601 1933 hic
2643 1879 2945 1937 distinctius
2983 1884 3206 1953 loquens
3241 1886 3346 1953 ait,
3374 1885 3581 1941 Exaudi

1992 1978 2072 2017 me
2096 1964 2147 2017 in
2176 1973 2261 2017 tua
2285 1966 2507 2036 justitia.
2549 1968 2617 2023 Et
2655 1972 2910 2041 sequitur,
2944 1974 3006 2027 Et
3030 1992 3131 2029 non
3157 1976 3313 2030 intres
3350 1976 3404 2030 in
3434 1977 3584 2050 judi-

1992 2058 2124 2112 cium
2151 2076 2263 2113 cum
2291 2056 2432 2117 servo
2457 2072 2563 2117 tuo.
2602 2064 2742 2133 Quid
2770 2075 2851 2122 est
2870 2109 2885 2132 ,
2921 2066 3042 2122 Non
3071 2069 3225 2124 intres
3252 2071 3306 2125 in
3326 2070 3583 2142 judicium

1993 2169 2106 2208 cum
2129 2170 2270 2230 servo
2300 2166 2387 2212 tuo
2406 2159 2432 2213 γ
2460 2159 2575 2215 Νοη
2606 2170 2717 2218 stes
2741 2178 2953 2218 mecum
2979 2164 3031 2219 in
3056 2165 3291 2235 judicio,
3320 2167 3582 2238 exigendo

1990 2258 2023 2299 a
2067 2260 2153 2301 me
2199 2248 2377 2302 omnia
2424 2266 2543 2320 qua:
2586 2254 2909 2324 prmcepisti,
2942 2256 3202 2327 exigendo
3247 2258 3423 2311 omnia
3462 2273 3582 2327 quze

1987 2336 2212 2407 jussisti.
2242 2340 2372 2395 Nam
2405 2359 2553 2397 reum
2578 2359 2666 2399 me
2697 2345 2953 2413 invenies,
2984 2348 3027 2403 si
3057 2349 3110 2403 in
3136 2348 3394 2423 judicium
3416 2349 3583 2404 intra-

1991 2433 2132 2486 veris
2175 2449 2406 2491 mecum.
2457 2436 2603 2507 Opus
2636 2448 2720 2493 est
2756 2455 2918 2510 ergo,
2951 2440 3157 2512 inquit,
3198 2441 3329 2497 mihi
3373 2442 3580 2498 miseri-

1992 2525 2175 2579 cordia
2227 2536 2312 2580 tua
2362 2528 2560 2598 potius,
2608 2545 2766 2600 quam
2822 2532 3175 2602 liquidissima
3218 2533 3416 2603 judicio
3469 2542 3578 2588 tuo.

1992 2614 2169 2684 Quare
2207 2634 2369 2689 ergo,
2413 2619 2496 2675 Ne
2534 2622 2688 2677 intres
2724 2623 2777 2677 in
2805 2624 3061 2696 judicium
3101 2642 3215 2678 cum
3261 2642 3402 2681 servo
3445 2635 3530 2682 tuo
3556 2628 3583 2682 .9
3664 2676 3679 2684 -

1991 2707 2262 2780 Sequitur,
2292 2719 2347 2766 et
2372 2711 2530 2778 dicit,
2564 2712 2698 2781 Quia
2726 2731 2827 2769 non
2846 2716 3210 2786 justiﬁcabitur
3234 2719 3286 2771 in
3314 2728 3583 2790 conspectu

1992 2808 2077 2853 tuo
2120 2802 2282 2855 omnis
2323 2804 2508 2858 vivens.
2549 2805 2747 2860 Servus
2775 2807 2919 2863 enim
2963 2823 3081 2862 sum
3115 2826 3131 2863 :
3163 2825 3329 2879 quare
3371 2825 3580 2866 mecum

1991 2900 2103 2948 stas
2133 2893 2183 2948 in
2209 2894 2455 2964 judicio?
2494 2896 2854 2953 Misericordia
2898 2899 3108 2954 Domini
3146 2908 3267 2954 utar
3289 2903 3330 2954 ³.
3364 2901 3582 2967 Quare?

1995 2985 2249 3053 Quoniam
2283 3004 2385 3041 non
2412 2989 2867 3059 justiﬁeabiturin
2902 3002 3171 3062 conspectu
3199 3000 3284 3047 tuo
3309 2994 3471 3047 omnis
3504 2994 3581 3046 vi-

1990 3093 2127 3132 vens.
2159 3078 2295 3147 Quid
2325 3079 2495 3133 dixit?
2522 3081 2786 3147 Quamdiu
2812 3083 3008 3137 vivitur
3036 3083 3092 3137 in
3125 3082 3226 3138 hac
3247 3084 3353 3137 vita
3377 3124 3391 3149 ,
3426 3098 3583 3139 nemo

1985 3168 2306 3239 jnstilicatus
2331 3179 2433 3236 est,
2462 3171 2555 3226 sed
2578 3172 2630 3226 in
2652 3182 2945 3244 conspectu
2975 3173 3090 3230 Dei.
3121 3173 3238 3229 Non
3262 3172 3458 3229 frustra
3483 3174 3585 3230 adu

1990 3261 2146 3327 didit,
2179 3263 2232 3315 in
2257 3272 2527 3333 conspectu
2556 3273 2642 3318 tuo
2688 3282 2708 3319 :
2750 3264 2853 3320 nisi
2891 3267 3013 3335 quia
3044 3275 3219 3336 potest
3242 3280 3362 3323 esse
3382 3266 3583 3338 justiﬁ-

1990 3360 2140 3406 catns
2180 3352 2369 3422 aliquis
2410 3352 2464 3407 in
2492 3362 2782 3423 conspectu
2809 3355 3082 3410 hominum
3103 3398 3119 3423 ,
3150 3366 3207 3411 ut
3233 3366 3285 3412 et
3314 3356 3442 3412 illud
3480 3359 3581 3412 im-

1991 3445 2218 3514 pleatur,
2239 3444 2533 3500 Secundum
2548 3446 2806 3517 justitiam
2825 3463 2938 3517 qua:
2963 3464 3023 3502 ex
3042 3449 3151 3521 lege
3173 3459 3264 3511 est,
3287 3450 3374 3520 qui
3393 3450 3578 3519 fuerim

1991 3535 2100 3589 sine
2145 3536 2348 3606 querela
2368 3578 2382 3601 ,
2428 3536 2481 3590 in
2526 3547 2815 3606 conspectu
2842 3537 3135 3593 hominum.
3169 3540 3329 3594 Refer
3355 3540 3420 3594 ad
3452 3555 3580 3596 con-

1992 3640 2231 3699 spectum
2256 3630 2350 3685 Dei
2382 3646 2395 3682 :
2426 3628 2549 3683 Non
2563 3630 2933 3700 justi/imbitur
2956 3631 3009 3685 in
3030 3640 3299 3702 conspectu
3315 3640 3401 3687 tuo
3416 3632 3579 3687 omnis

1991 3719 2176 3774 vivens.

2062 3809 2289 3866 CAPUT
2329 3809 2439 3865 VII.
2466 3839 2539 3851 --
2565 3812 2620 3866 7.
2653 3810 2862 3877 Iustitia
2900 3813 3053 3883 hujus
3084 3812 3201 3868 vita:
3228 3813 3298 3867 ad
3330 3814 3582 3885 justitiam

1993 3902 2221 3972 futuram
2248 3901 2466 3966 collata,
2497 3919 2650 3974 quam
2679 3903 2829 3958 nihili
2853 3904 3106 3973 facienda.
3147 3904 3284 3972 Quid
3331 3919 3459 3975 ergo
3500 3905 3579 3959 fa-

1992 3994 2128 4050 cturi
2158 3994 2375 4049 sumus?
2420 3994 2752 4063 Clamemus,
2805 3996 2888 4051 Ne
2920 3998 3074 4050 intres
3104 3997 3156 4052 in
3181 3998 3435 4069 judicium
3464 4015 3582 4053 cum

1992 4103 2132 4143 servo
2177 4097 2282 4141 tuo.
2324 4087 2650 4152 Clamemus,
2683 4086 2878 4160 Infelix
2900 4105 2991 4159 ego
3018 4089 3187 4154 homo,
3210 4090 3323 4160 quis
3351 4106 3431 4144 me
3456 4090 3580 4144 libe—

1992 4180 2123 4233 rabit
2166 4180 2229 4233 de
2271 4196 2483 4249 corpore
2510 4180 2684 4234 mortis
2712 4180 2865 4251 hujus
2887 4180 2913 4233 ?
2942 4179 3119 4235 Gratia
3146 4181 3241 4235 Dei
3289 4199 3377 4252 per
3403 4182 3582 4237 Jesum

1993 4268 2251 4327 Christum
2282 4270 2555 4325 Dominum
2576 4280 2825 4325 nostrum.
2852 4271 2966 4326 Hoc
2986 4288 3112 4342 ergo
3134 4273 3403 4328 Psalmum
3432 4274 3584 4328 audi-

1996 4366 2189 4429 vimus,
2238 4365 2339 4420 hoc
2382 4365 2698 4435 Apostolnm
2744 4365 3068 4429 audivimus;
3107 4367 3229 4436 quia
3260 4382 3381 4421 cum
3426 4366 3583 4421 fuerit

1996 4459 2084 4513 illa
2108 4458 2311 4535 justitia
2336 4457 2629 4513 secundum
2650 4472 2809 4527 quam
2838 4457 3020 4511 vivunt
3048 4459 3253 4527 Angeli,
3278 4473 3397 4513 cum
3424 4457 3584 4512 fuerit

1995 4550 2083 4605 illa
2110 4548 2314 4619 justitia
2340 4548 2429 4603 ubi
2457 4549 2599 4603 nulla
2625 4548 2728 4605 erit
2765 4549 3229 4619 concupiscentia,
3264 4549 3386 4605 inde
3420 4564 3581 4603 unus-

1995 4641 2219 4712 quisque
2245 4641 2497 4694 metiatur
2522 4655 2579 4694 se
2605 4640 2731 4709 quid
2756 4648 2839 4695 est
2865 4640 3045 4707 modo,
3064 4649 3118 4696 et
3145 4640 3270 4711 quid
3294 4641 3395 4695 erit
3416 4630 3580 4708 tunc;

1995 4739 2051 4787 et
2100 4731 2335 4787 inveniet
2386 4732 2438 4784 in
2490 4730 2889 4802 comparatione
2942 4732 3083 4786 illius
3120 4732 3372 4801 justitite,
3425 4730 3583 4786 istam

1976 4815 2190 4877 ’damna
2238 4836 2359 4877 esse
2405 4831 2460 4877 et
2506 4830 2761 4876 stercora.
2811 4822 3060 4893 Quisquis
3104 4833 3283 4878 autem
3328 4831 3479 4894 putat
3519 4838 3581 4880 se

1999 4918 2158 4972 modo
2209 4932 2362 4986 posse
2416 4917 2637 4986 implere
2686 4916 2977 4986 justitiam,
3029 4931 3150 4970 cum
3200 4916 3393 4970 vixerit
3447 4914 3584 4972 bene

1997 5016 2158 5077 atque
2183 5008 2491 5062 innocenter
2518 5006 2814 5063 secundum
2851 5006 3277 5076 probabilitatem
3303 5006 3582 5062 existima-

2001 5097 2159 5153 tionis
2215 5097 2493 5164 humanae;
2558 5098 2610 5154 in
2660 5099 2744 5153 via
2792 5098 3045 5154 remansit
3097 5114 3111 5150 :
3160 5113 3264 5154 non
3314 5097 3587 5155 desiderat

2000 5191 2215 5255 melius,
2247 5190 2369 5259 quia
2412 5189 2662 5261 implesse
2689 5205 2747 5245 se
2772 5198 2953 5260 putat;
2996 5189 3330 5260 maximeque
3358 5189 3459 5244 sibi
3490 5190 3586 5245 tri-

2000 5284 2189 5349 buens,
2213 5282 2317 5337 erit
2339 5282 2618 5351 superbus.
2651 5282 2717 5336 Et
2742 5282 2933 5337 melior
2961 5290 3044 5336 est
3073 5290 3322 5350 peccator
3346 5282 3583 5349 humilis,

1998 5390 2158 5447 quam
2174 5375 2351 5445 justus
2373 5374 2653 5445 superbus.
2684 5372 2809 5428 Ideo
2839 5374 2934 5440 ait,
2959 5372 3026 5426 Et
3049 5372 3275 5427 inveniar
3291 5373 3347 5427 in
3370 5372 3464 5428 illo
3484 5390 3585 5427 non

1999 5467 2188 5523 habens
2214 5483 2377 5522 meam
2397 5466 2674 5537 justitiam,
2705 5481 2818 5537 quae
2853 5481 2917 5520 ex
2953 5466 3061 5536 lege
3107 5474 3200 5532 est,
3245 5466 3383 5521 sicut
3413 5465 3585 5522 Judaei

1999 5560 2293 5631 putabant;
2342 5558 2431 5613 sed
2474 5558 2718 5627 iustitiam
2752 5572 2865 5627 qua:
2892 5573 2956 5613 ex
2981 5557 3084 5627 ﬁde
3120 5566 3195 5614 est
3222 5556 3411 5614 Christi
3437 5557 3583 5611 Iesu.

2065 5741 2081 5772 ⁸
2107 5738 2535 5797 Oolbertinustls.,
2568 5733 2747 5797 viribus
2888 5735 3208 5788 observabant.

2067 5805 2087 5834 ’
2110 5809 2238 5864 ωδε»,
2264 5796 2573 5853 Misericorde
2589 5796 2790 5851 Domino
2812 5804 2940 5866 utar.
