  <div class='ocr_page' id='page_1' title='image "/cluster/home/n/w/nwhite01/storage/ocr_20150623/38/hvd.32044015706294/473.png"; bbox 0 0 3996 6438; ppageno 0'>
   <div class='ocr_carea' id='block_1_1' title="bbox 497 376 604 434">
    <p class='ocr_par' dir='ltr' id='par_1_1' title="bbox 497 376 604 434">
     <span class='ocr_line' id='line_1_1' title="bbox 497 376 604 434; baseline 0 0"><span class='ocrx_word' id='word_1_1' title='bbox 497 376 604 434; x_wconf 77' lang='lat'><strong>935</strong></span> 
     </span>
    </p>
   </div>
   <div class='ocr_carea' id='block_1_2' title="bbox 499 483 2082 560">
    <p class='ocr_par' dir='ltr' id='par_1_2' title="bbox 499 483 2082 560">
     <span class='ocr_line' id='line_1_2' title="bbox 499 483 2082 560; baseline -0.004 -13"><span class='ocrx_word' id='word_1_2' title='bbox 499 492 614 547; x_wconf 88' lang='lat' dir='ltr'><strong>Alia</strong></span> <span class='ocrx_word' id='word_1_3' title='bbox 644 496 767 546; x_wconf 86' lang='lat' dir='ltr'><strong>sunt</strong></span> <span class='ocrx_word' id='word_1_4' title='bbox 799 502 922 560; x_wconf 67' lang='lat' dir='ltr'><strong>quae</strong></span> <span class='ocrx_word' id='word_1_5' title='bbox 959 485 1160 543; x_wconf 87' lang='lat' dir='ltr'><strong>faciunt</strong></span> <span class='ocrx_word' id='word_1_6' title='bbox 1200 483 1477 554; x_wconf 84' lang='lat' dir='ltr'><strong>homines,</strong></span> <span class='ocrx_word' id='word_1_7' title='bbox 1514 483 1616 539; x_wconf 84' lang='lat' dir='ltr'><strong>alia</strong></span> <span class='ocrx_word' id='word_1_8' title='bbox 1644 499 1763 556; x_wconf 68' lang='lat' dir='ltr'><strong>quae</strong></span> <span class='ocrx_word' id='word_1_9' title='bbox 1793 485 2082 555; x_wconf 91' lang='lat' dir='ltr'><strong>patiuntur,</strong></span> 
     </span>
    </p>
   </div>
   <div class='ocr_carea' id='block_1_3' title="bbox 496 577 2089 650">
    <p class='ocr_par' dir='ltr' id='par_1_3' title="bbox 496 577 2089 650">
     <span class='ocr_line' id='line_1_3' title="bbox 496 577 2089 650; baseline -0.004 -11"><span class='ocrx_word' id='word_1_10' title='bbox 496 584 597 640; x_wconf 88' lang='lat' dir='ltr'><strong>etsi</strong></span> <span class='ocrx_word' id='word_1_11' title='bbox 622 583 842 645; x_wconf 79' lang='lat' dir='ltr'><strong>nolunt,</strong></span> <span class='ocrx_word' id='word_1_12' title='bbox 875 583 1068 636; x_wconf 87' lang='lat' dir='ltr'><strong>ferunt.</strong></span> <span class='ocrx_word' id='word_1_13' title='bbox 1100 579 1236 648; x_wconf 83' lang='lat' dir='ltr'><strong>Quid</strong></span> <span class='ocrx_word' id='word_1_14' title='bbox 1275 594 1403 650; x_wconf 87' lang='lat' dir='ltr'><strong>ergo</strong></span> <span class='ocrx_word' id='word_1_15' title='bbox 1443 586 1527 634; x_wconf 86' lang='lat' dir='ltr'><strong>est</strong></span> <span class='ocrx_word' id='word_1_16' title='bbox 1565 577 1665 633; x_wconf 92' lang='lat' dir='ltr'><strong>hoc</strong></span> <span class='ocrx_word' id='word_1_17' title='bbox 1708 579 1994 645; x_wconf 66' lang='lat' dir='ltr'><strong>saeculum,</strong></span> <span class='ocrx_word' id='word_1_18' title='bbox 2033 586 2089 634; x_wconf 88' lang='lat' dir='ltr'><strong>et</strong></span> 
     </span>
    </p>
   </div>
   <div class='ocr_carea' id='block_1_4' title="bbox 493 669 2086 748">
    <p class='ocr_par' dir='ltr' id='par_1_4' title="bbox 493 669 2086 748">
     <span class='ocr_line' id='line_1_4' title="bbox 493 669 2086 748; baseline -0.004 -15"><span class='ocrx_word' id='word_1_19' title='bbox 493 677 636 748; x_wconf 90' lang='lat' dir='ltr'><strong>quod</strong></span> <span class='ocrx_word' id='word_1_20' title='bbox 680 686 763 733; x_wconf 88' lang='lat' dir='ltr'><strong>est</strong></span> <span class='ocrx_word' id='word_1_21' title='bbox 807 676 1056 748; x_wconf 75' lang='lat' dir='ltr'><strong>gaudium</strong></span> <span class='ocrx_word' id='word_1_22' title='bbox 1103 674 1330 731; x_wconf 72' lang='lat' dir='ltr'><strong>muli?</strong></span> <span class='ocrx_word' id='word_1_23' title='bbox 1374 675 1531 740; x_wconf 88' lang='lat' dir='ltr'><strong>Dico,</strong></span> <span class='ocrx_word' id='word_1_24' title='bbox 1577 671 1803 737; x_wconf 75' lang='lat' dir='ltr'><strong>fratres,</strong></span> <span class='ocrx_word' id='word_1_25' title='bbox 1856 669 2086 727; x_wconf 89' lang='lat' dir='ltr'><strong>breviter</strong></span> 
     </span>
    </p>
   </div>
   <div class='ocr_carea' id='block_1_5' title="bbox 493 764 2081 841">
    <p class='ocr_par' dir='ltr' id='par_1_5' title="bbox 493 764 2081 841">
     <span class='ocr_line' id='line_1_5' title="bbox 493 764 2081 841; baseline -0.003 -18"><span class='ocrx_word' id='word_1_26' title='bbox 493 779 747 841; x_wconf 89' lang='lat' dir='ltr'><strong>quantum</strong></span> <span class='ocrx_word' id='word_1_27' title='bbox 769 785 1008 841; x_wconf 87' lang='lat' dir='ltr'><strong>possum,</strong></span> <span class='ocrx_word' id='word_1_28' title='bbox 1034 780 1292 840; x_wconf 92' lang='lat' dir='ltr'><strong>quantum</strong></span> <span class='ocrx_word' id='word_1_29' title='bbox 1314 768 1454 823; x_wconf 83' lang='lat' dir='ltr'><strong>Deus</strong></span> <span class='ocrx_word' id='word_1_30' title='bbox 1473 767 1717 838; x_wconf 82' lang='lat' dir='ltr'><strong>adjuvat;</strong></span> <span class='ocrx_word' id='word_1_31' title='bbox 1749 764 2081 831; x_wconf 90' lang='lat' dir='ltr'><strong>festinanter,</strong></span> 
     </span>
    </p>
   </div>
   <div class='ocr_carea' id='block_1_6' title="bbox 494 849 2081 929">
    <p class='ocr_par' dir='ltr' id='par_1_6' title="bbox 494 849 2081 929">
     <span class='ocr_line' id='line_1_6' title="bbox 494 849 2081 929; baseline -0.005 -10"><span class='ocrx_word' id='word_1_32' title='bbox 494 863 728 919; x_wconf 83' lang='lat' dir='ltr'><strong>breviter</strong></span> <span class='ocrx_word' id='word_1_33' title='bbox 771 864 910 919; x_wconf 89' lang='lat' dir='ltr'><strong>dico.</strong></span> <span class='ocrx_word' id='word_1_34' title='bbox 955 861 1148 919; x_wconf 77' lang='lat' dir='ltr'><strong>Saeculi</strong></span> <span class='ocrx_word' id='word_1_35' title='bbox 1190 862 1372 917; x_wconf 70' lang='lat' dir='ltr'><strong>laetitia</strong></span> <span class='ocrx_word' id='word_1_36' title='bbox 1407 869 1491 917; x_wconf 91' lang='lat' dir='ltr'><strong>est</strong></span> <span class='ocrx_word' id='word_1_37' title='bbox 1527 849 1784 929; x_wconf 88' lang='lat' dir='ltr'><strong>impunita</strong></span> <span class='ocrx_word' id='word_1_38' title='bbox 1826 857 2081 929; x_wconf 87' lang='lat' dir='ltr'><strong>nequitia.</strong></span> 
     </span>
    </p>
   </div>
   <div class='ocr_carea' id='block_1_7' title="bbox 494 953 2081 1024">
    <p class='ocr_par' dir='ltr' id='par_1_7' title="bbox 494 953 2081 1024">
     <span class='ocr_line' id='line_1_7' title="bbox 494 953 2081 1024; baseline -0.003 -13"><span class='ocrx_word' id='word_1_39' title='bbox 494 955 852 1011; x_wconf 87' lang='lat' dir='ltr'><strong>Luxurientur</strong></span> <span class='ocrx_word' id='word_1_40' title='bbox 875 955 1120 1011; x_wconf 84' lang='lat' dir='ltr'><strong>homines</strong></span> <span class='ocrx_word' id='word_1_41' title='bbox 1145 998 1159 1023; x_wconf 95' lang='lat'><strong>,</strong></span> <span class='ocrx_word' id='word_1_42' title='bbox 1192 955 1535 1022; x_wconf 89' lang='lat' dir='ltr'><strong>fornieentur,</strong></span> <span class='ocrx_word' id='word_1_43' title='bbox 1564 954 1614 1008; x_wconf 94' lang='lat' dir='ltr'><strong>in</strong></span> <span class='ocrx_word' id='word_1_44' title='bbox 1642 953 1955 1024; x_wconf 83' lang='lat' dir='ltr'><strong>spectaculis</strong></span> <span class='ocrx_word' id='word_1_45' title='bbox 1979 968 2081 1007; x_wconf 90' lang='lat' dir='ltr'><strong>nu-</strong></span> 
     </span>
    </p>
   </div>
   <div class='ocr_carea' id='block_1_8' title="bbox 491 1044 2081 1119">
    <p class='ocr_par' dir='ltr' id='par_1_8' title="bbox 491 1044 2081 1119">
     <span class='ocr_line' id='line_1_8' title="bbox 491 1044 2081 1119; baseline -0.003 -15"><span class='ocrx_word' id='word_1_46' title='bbox 491 1057 715 1119; x_wconf 85' lang='lat' dir='ltr'><strong>gentur,</strong></span> <span class='ocrx_word' id='word_1_47' title='bbox 747 1049 1053 1105; x_wconf 87' lang='lat' dir='ltr'><strong>ebriositate</strong></span> <span class='ocrx_word' id='word_1_48' title='bbox 1077 1049 1492 1119; x_wconf 85' lang='lat' dir='ltr'><strong>ingurgitentur,</strong></span> <span class='ocrx_word' id='word_1_49' title='bbox 1525 1045 1847 1117; x_wconf 89' lang='lat' dir='ltr'><strong>turpitudine</strong></span> <span class='ocrx_word' id='word_1_50' title='bbox 1875 1044 2081 1101; x_wconf 75' lang='lat' dir='ltr'><strong>fteden-</strong></span> 
     </span>
    </p>
   </div>
   <div class='ocr_carea' id='block_1_9' title="bbox 492 1136 2078 1211">
    <p class='ocr_par' dir='ltr' id='par_1_9' title="bbox 492 1136 2078 1211">
     <span class='ocr_line' id='line_1_9' title="bbox 492 1136 2078 1211; baseline -0.001 -18"><span class='ocrx_word' id='word_1_51' title='bbox 492 1146 612 1205; x_wconf 89' lang='lat' dir='ltr'><strong>tur,</strong></span> <span class='ocrx_word' id='word_1_52' title='bbox 642 1139 774 1194; x_wconf 88' lang='lat' dir='ltr'><strong>nihil</strong></span> <span class='ocrx_word' id='word_1_53' title='bbox 815 1139 938 1194; x_wconf 90' lang='lat' dir='ltr'><strong>mali</strong></span> <span class='ocrx_word' id='word_1_54' title='bbox 969 1141 1234 1211; x_wconf 90' lang='lat' dir='ltr'><strong>patiantur</strong></span> <span class='ocrx_word' id='word_1_55' title='bbox 1263 1157 1276 1194; x_wconf 90' lang='lat'><strong>:</strong></span> <span class='ocrx_word' id='word_1_56' title='bbox 1309 1148 1364 1196; x_wconf 80' lang='lat' dir='ltr'><strong>et</strong></span> <span class='ocrx_word' id='word_1_57' title='bbox 1391 1138 1567 1194; x_wconf 85' lang='lat' dir='ltr'><strong>videte</strong></span> <span class='ocrx_word' id='word_1_58' title='bbox 1597 1138 1775 1193; x_wconf 68' lang='lat' dir='ltr'><strong>saeculi</strong></span> <span class='ocrx_word' id='word_1_59' title='bbox 1805 1136 2078 1208; x_wconf 80' lang='lat' dir='ltr'><strong>gaudium.</strong></span> 
     </span>
    </p>
   </div>
   <div class='ocr_carea' id='block_1_10' title="bbox 492 1228 2080 1302">
    <p class='ocr_par' dir='ltr' id='par_1_10' title="bbox 492 1228 2080 1302">
     <span class='ocr_line' id='line_1_10' title="bbox 492 1228 2080 1302; baseline 0.001 -18"><span class='ocrx_word' id='word_1_60' title='bbox 492 1229 594 1285; x_wconf 86' lang='lat' dir='ltr'><strong>ista</strong></span> <span class='ocrx_word' id='word_1_61' title='bbox 616 1231 754 1285; x_wconf 89' lang='lat' dir='ltr'><strong>mala</strong></span> <span class='ocrx_word' id='word_1_62' title='bbox 775 1246 894 1302; x_wconf 71' lang='lat' dir='ltr'><strong>qua:</strong></span> <span class='ocrx_word' id='word_1_63' title='bbox 913 1231 1350 1297; x_wconf 88' lang='lat' dir='ltr'><strong>commemoravi,</strong></span> <span class='ocrx_word' id='word_1_64' title='bbox 1379 1245 1485 1284; x_wconf 91' lang='lat' dir='ltr'><strong>non</strong></span> <span class='ocrx_word' id='word_1_65' title='bbox 1508 1230 1732 1299; x_wconf 82' lang='lat' dir='ltr'><strong>castiget</strong></span> <span class='ocrx_word' id='word_1_66' title='bbox 1754 1228 1944 1295; x_wconf 88' lang='lat' dir='ltr'><strong>fames,</strong></span> <span class='ocrx_word' id='word_1_67' title='bbox 1973 1243 2080 1286; x_wconf 88' lang='lat' dir='ltr'><strong>non</strong></span> 
     </span>
    </p>
   </div>
   <div class='ocr_carea' id='block_1_11' title="bbox 488 1318 2076 1393">
    <p class='ocr_par' dir='ltr' id='par_1_11' title="bbox 488 1318 2076 1393">
     <span class='ocr_line' id='line_1_11' title="bbox 488 1318 2076 1393; baseline 0 -19"><span class='ocrx_word' id='word_1_68' title='bbox 488 1318 614 1375; x_wconf 84' lang='lat' dir='ltr'><strong>belli</strong></span> <span class='ocrx_word' id='word_1_69' title='bbox 647 1322 839 1389; x_wconf 83' lang='lat' dir='ltr'><strong>timor,</strong></span> <span class='ocrx_word' id='word_1_70' title='bbox 870 1337 974 1376; x_wconf 89' lang='lat' dir='ltr'><strong>non</strong></span> <span class='ocrx_word' id='word_1_71' title='bbox 1002 1322 1193 1393; x_wconf 84' lang='lat' dir='ltr'><strong>aliquis</strong></span> <span class='ocrx_word' id='word_1_72' title='bbox 1222 1322 1416 1388; x_wconf 87' lang='lat' dir='ltr'><strong>timor,</strong></span> <span class='ocrx_word' id='word_1_73' title='bbox 1462 1334 1569 1376; x_wconf 93' lang='lat' dir='ltr'><strong>non</strong></span> <span class='ocrx_word' id='word_1_74' title='bbox 1608 1318 1800 1390; x_wconf 83' lang='lat' dir='ltr'><strong>aliquis</strong></span> <span class='ocrx_word' id='word_1_75' title='bbox 1836 1319 2076 1388; x_wconf 87' lang='lat' dir='ltr'><strong>morbus,</strong></span> 
     </span>
    </p>
   </div>
   <div class='ocr_carea' id='block_1_12' title="bbox 487 1411 2077 1492">
    <p class='ocr_par' dir='ltr' id='par_1_12' title="bbox 487 1411 2077 1492">
     <span class='ocr_line' id='line_1_12' title="bbox 487 1411 2077 1492; baseline 0.001 -27"><span class='ocrx_word' id='word_1_76' title='bbox 487 1426 594 1466; x_wconf 90' lang='lat' dir='ltr'><strong>non</strong></span> <span class='ocrx_word' id='word_1_77' title='bbox 630 1411 822 1483; x_wconf 65' lang='lat' dir='ltr'><strong>aliqua:</strong></span> <span class='ocrx_word' id='word_1_78' title='bbox 860 1412 1247 1492; x_wconf 78' lang='lat' dir='ltr'><strong>adversitates;</strong></span> <span class='ocrx_word' id='word_1_79' title='bbox 1293 1413 1386 1467; x_wconf 90' lang='lat' dir='ltr'><strong>sed</strong></span> <span class='ocrx_word' id='word_1_80' title='bbox 1429 1411 1537 1466; x_wconf 92' lang='lat' dir='ltr'><strong>sint</strong></span> <span class='ocrx_word' id='word_1_81' title='bbox 1577 1411 1755 1466; x_wconf 88' lang='lat' dir='ltr'><strong>omnia</strong></span> <span class='ocrx_word' id='word_1_82' title='bbox 1801 1411 1852 1465; x_wconf 92' lang='lat' dir='ltr'><strong>in</strong></span> <span class='ocrx_word' id='word_1_83' title='bbox 1899 1427 2077 1467; x_wconf 91' lang='lat' dir='ltr'><strong>rerum</strong></span> 
     </span>
    </p>
   </div>
   <div class='ocr_carea' id='block_1_13' title="bbox 487 1503 2076 1575">
    <p class='ocr_par' dir='ltr' id='par_1_13' title="bbox 487 1503 2076 1575">
     <span class='ocr_line' id='line_1_13' title="bbox 487 1503 2076 1575; baseline 0.001 -18"><span class='ocrx_word' id='word_1_84' title='bbox 487 1503 810 1559; x_wconf 79' lang='lat' dir='ltr'><strong>abundantia</strong></span> <span class='ocrx_word' id='word_1_85' title='bbox 829 1544 843 1571; x_wconf 98' lang='lat'><strong>,</strong></span> <span class='ocrx_word' id='word_1_86' title='bbox 873 1505 926 1559; x_wconf 92' lang='lat' dir='ltr'><strong>in</strong></span> <span class='ocrx_word' id='word_1_87' title='bbox 955 1520 1083 1575; x_wconf 87' lang='lat' dir='ltr'><strong>pace</strong></span> <span class='ocrx_word' id='word_1_88' title='bbox 1106 1505 1315 1570; x_wconf 87' lang='lat' dir='ltr'><strong>carnis,</strong></span> <span class='ocrx_word' id='word_1_89' title='bbox 1348 1505 1399 1559; x_wconf 91' lang='lat' dir='ltr'><strong>in</strong></span> <span class='ocrx_word' id='word_1_90' title='bbox 1429 1503 1714 1560; x_wconf 86' lang='lat' dir='ltr'><strong>securitate</strong></span> <span class='ocrx_word' id='word_1_91' title='bbox 1746 1503 1900 1558; x_wconf 72' lang='lat' dir='ltr'><strong>malae</strong></span> <span class='ocrx_word' id='word_1_92' title='bbox 1925 1517 2076 1559; x_wconf 90' lang='lat' dir='ltr'><strong>men-</strong></span> 
     </span>
    </p>
   </div>
   <div class='ocr_carea' id='block_1_14' title="bbox 489 1596 2076 1668">
    <p class='ocr_par' dir='ltr' id='par_1_14' title="bbox 489 1596 2076 1668">
     <span class='ocr_line' id='line_1_14' title="bbox 489 1596 2076 1668; baseline 0.001 -17"><span class='ocrx_word' id='word_1_93' title='bbox 489 1596 558 1652; x_wconf 87' lang='lat' dir='ltr'><strong>tis</strong></span> <span class='ocrx_word' id='word_1_94' title='bbox 582 1615 598 1652; x_wconf 90' lang='lat'><strong>:</strong></span> <span class='ocrx_word' id='word_1_95' title='bbox 626 1612 752 1653; x_wconf 87' lang='lat' dir='ltr'><strong>ecce</strong></span> <span class='ocrx_word' id='word_1_96' title='bbox 776 1597 949 1653; x_wconf 85' lang='lat' dir='ltr'><strong>videte</strong></span> <span class='ocrx_word' id='word_1_97' title='bbox 973 1597 1151 1653; x_wconf 80' lang='lat' dir='ltr'><strong>saeculi</strong></span> <span class='ocrx_word' id='word_1_98' title='bbox 1170 1597 1440 1668; x_wconf 80' lang='lat' dir='ltr'><strong>gaudium.</strong></span> <span class='ocrx_word' id='word_1_99' title='bbox 1464 1596 1569 1652; x_wconf 86' lang='lat' dir='ltr'><strong>Sed</strong></span> <span class='ocrx_word' id='word_1_100' title='bbox 1593 1610 1698 1652; x_wconf 91' lang='lat' dir='ltr'><strong>non</strong></span> <span class='ocrx_word' id='word_1_101' title='bbox 1719 1596 1916 1667; x_wconf 83' lang='lat' dir='ltr'><strong>cogitat</strong></span> <span class='ocrx_word' id='word_1_102' title='bbox 1935 1596 2076 1652; x_wconf 87' lang='lat' dir='ltr'><strong>Deus</strong></span> 
     </span>
    </p>
   </div>
   <div class='ocr_carea' id='block_1_15' title="bbox 487 1685 2074 1759">
    <p class='ocr_par' dir='ltr' id='par_1_15' title="bbox 487 1685 2074 1759">
     <span class='ocr_line' id='line_1_15' title="bbox 487 1685 2074 1759; baseline 0.001 -18"><span class='ocrx_word' id='word_1_103' title='bbox 487 1685 625 1742; x_wconf 84' lang='lat' dir='ltr'><strong>sicut</strong></span> <span class='ocrx_word' id='word_1_104' title='bbox 653 1686 814 1744; x_wconf 88' lang='lat' dir='ltr'><strong>homo</strong></span> <span class='ocrx_word' id='word_1_105' title='bbox 841 1706 855 1743; x_wconf 89' lang='lat'><strong>:</strong></span> <span class='ocrx_word' id='word_1_106' title='bbox 882 1688 984 1743; x_wconf 89' lang='lat' dir='ltr'><strong>alia</strong></span> <span class='ocrx_word' id='word_1_107' title='bbox 1011 1696 1093 1744; x_wconf 91' lang='lat' dir='ltr'><strong>est</strong></span> <span class='ocrx_word' id='word_1_108' title='bbox 1120 1689 1214 1745; x_wconf 89' lang='lat' dir='ltr'><strong>Dei</strong></span> <span class='ocrx_word' id='word_1_109' title='bbox 1237 1688 1488 1759; x_wconf 84' lang='lat' dir='ltr'><strong>cogitatio</strong></span> <span class='ocrx_word' id='word_1_110' title='bbox 1506 1729 1521 1755; x_wconf 93' lang='lat'><strong>,</strong></span> <span class='ocrx_word' id='word_1_111' title='bbox 1549 1688 1653 1743; x_wconf 91' lang='lat' dir='ltr'><strong>alia</strong></span> <span class='ocrx_word' id='word_1_112' title='bbox 1682 1687 1932 1743; x_wconf 85' lang='lat' dir='ltr'><strong>hominis.</strong></span> <span class='ocrx_word' id='word_1_113' title='bbox 1962 1687 2074 1743; x_wconf 81' lang='lat' dir='ltr'><strong>Ma-</strong></span> 
     </span>
    </p>
   </div>
   <div class='ocr_carea' id='block_1_16' title="bbox 483 1780 2074 1853">
    <p class='ocr_par' dir='ltr' id='par_1_16' title="bbox 483 1780 2074 1853">
     <span class='ocr_line' id='line_1_16' title="bbox 483 1780 2074 1853; baseline 0.002 -20"><span class='ocrx_word' id='word_1_114' title='bbox 483 1793 603 1850; x_wconf 73' lang='lat' dir='ltr'><strong>gnte</strong></span> <span class='ocrx_word' id='word_1_115' title='bbox 662 1780 1038 1836; x_wconf 70' lang='lat' dir='ltr'><strong>misericordia:</strong></span> <span class='ocrx_word' id='word_1_116' title='bbox 1091 1790 1208 1849; x_wconf 91' lang='lat' dir='ltr'><strong>est,</strong></span> <span class='ocrx_word' id='word_1_117' title='bbox 1263 1781 1552 1852; x_wconf 87' lang='lat' dir='ltr'><strong>nequitiam</strong></span> <span class='ocrx_word' id='word_1_118' title='bbox 1600 1781 1912 1853; x_wconf 87' lang='lat' dir='ltr'><strong>impunitam</strong></span> <span class='ocrx_word' id='word_1_119' title='bbox 1966 1795 2074 1836; x_wconf 89' lang='lat' dir='ltr'><strong>non</strong></span> 
     </span>
    </p>
   </div>
   <div class='ocr_carea' id='block_1_17' title="bbox 485 1869 2074 1943">
    <p class='ocr_par' dir='ltr' id='par_1_17' title="bbox 485 1869 2074 1943">
     <span class='ocr_line' id='line_1_17' title="bbox 485 1869 2074 1943; baseline 0.001 -19"><span class='ocrx_word' id='word_1_120' title='bbox 485 1869 787 1941; x_wconf 85' lang='lat' dir='ltr'><strong>relinquere</strong></span> <span class='ocrx_word' id='word_1_121' title='bbox 811 1873 827 1904; x_wconf 79' lang='grc'>⁸</span> <span class='ocrx_word' id='word_1_122' title='bbox 853 1889 868 1927; x_wconf 91' lang='lat'><strong>:</strong></span> <span class='ocrx_word' id='word_1_123' title='bbox 897 1881 952 1928; x_wconf 88' lang='lat' dir='ltr'><strong>et</strong></span> <span class='ocrx_word' id='word_1_124' title='bbox 979 1887 1047 1928; x_wconf 90' lang='lat' dir='ltr'><strong>ne</strong></span> <span class='ocrx_word' id='word_1_125' title='bbox 1084 1882 1302 1943; x_wconf 88' lang='lat' dir='ltr'><strong>cogatur</strong></span> <span class='ocrx_word' id='word_1_126' title='bbox 1329 1873 1381 1926; x_wconf 93' lang='lat' dir='ltr'><strong>in</strong></span> <span class='ocrx_word' id='word_1_127' title='bbox 1424 1879 1665 1928; x_wconf 83' lang='lat' dir='ltr'><strong>extremo</strong></span> <span class='ocrx_word' id='word_1_128' title='bbox 1688 1871 1948 1943; x_wconf 76' lang='lat' dir='ltr'><strong>gehenna:</strong></span> <span class='ocrx_word' id='word_1_129' title='bbox 1979 1870 2074 1926; x_wconf 82' lang='lat' dir='ltr'><strong>da-</strong></span> 
     </span>
    </p>
   </div>
   <div class='ocr_carea' id='block_1_18' title="bbox 482 1956 1703 2036">
    <p class='ocr_par' dir='ltr' id='par_1_18' title="bbox 482 1956 1703 2036">
     <span class='ocr_line' id='line_1_18' title="bbox 482 1956 1703 2036; baseline 0.002 -18"><span class='ocrx_word' id='word_1_130' title='bbox 482 1977 692 2030; x_wconf 90' lang='lat' dir='ltr'><strong>mnare,</strong></span> <span class='ocrx_word' id='word_1_131' title='bbox 723 1963 884 2019; x_wconf 92' lang='lat' dir='ltr'><strong>modo</strong></span> <span class='ocrx_word' id='word_1_132' title='bbox 911 1956 1120 2035; x_wconf 81' lang='lat' dir='ltr'><strong>ﬂagello</strong></span> <span class='ocrx_word' id='word_1_133' title='bbox 1145 1965 1394 2036; x_wconf 87' lang='lat' dir='ltr'><strong>dignatur</strong></span> <span class='ocrx_word' id='word_1_134' title='bbox 1418 1964 1703 2035; x_wconf 89' lang='lat' dir='ltr'><strong>castigare.</strong></span> 
     </span>
    </p>
   </div>
   <div class='ocr_carea' id='block_1_19' title="bbox 553 2053 2068 2128">
    <p class='ocr_par' dir='ltr' id='par_1_19' title="bbox 553 2053 2068 2128">
     <span class='ocr_line' id='line_1_19' title="bbox 553 2053 2068 2128; baseline 0.001 -18"><span class='ocrx_word' id='word_1_135' title='bbox 553 2054 779 2112; x_wconf 84' lang='lat' dir='ltr'><strong>CAPUT</strong></span> <span class='ocrx_word' id='word_1_136' title='bbox 811 2055 873 2110; x_wconf 82' lang='lat' dir='ltr'><strong>V.</strong></span> <span class='ocrx_word' id='word_1_137' title='bbox 900 2085 974 2096; x_wconf 93' lang='lat'><strong>--</strong></span> <span class='ocrx_word' id='word_1_138' title='bbox 1001 2055 1054 2111; x_wconf 84' lang='lat'><strong>5.</strong></span> <span class='ocrx_word' id='word_1_139' title='bbox 1081 2053 1405 2128; x_wconf 86' lang='lat' dir='ltr'><strong>Impunitas,</strong></span> <span class='ocrx_word' id='word_1_140' title='bbox 1446 2055 1671 2110; x_wconf 70' lang='lat' dir='ltr'><strong>maxima</strong></span> <span class='ocrx_word' id='word_1_141' title='bbox 1700 2053 1795 2109; x_wconf 90' lang='lat' dir='ltr'><strong>Dei</strong></span> <span class='ocrx_word' id='word_1_142' title='bbox 1826 2055 2068 2111; x_wconf 78' lang='lat' dir='ltr'><strong>vindicta.</strong></span> 
     </span>
    </p>
   </div>
   <div class='ocr_carea' id='block_1_20' title="bbox 481 2146 2067 2219">
    <p class='ocr_par' dir='ltr' id='par_1_20' title="bbox 481 2146 2067 2219">
     <span class='ocr_line' id='line_1_20' title="bbox 481 2146 2067 2219; baseline -0.001 -15"><span class='ocrx_word' id='word_1_143' title='bbox 481 2146 755 2204; x_wconf 58' lang='lat' dir='ltr'><strong>Saturitas.</strong></span> <span class='ocrx_word' id='word_1_144' title='bbox 783 2147 915 2203; x_wconf 86' lang='lat' dir='ltr'><strong>Nam</strong></span> <span class='ocrx_word' id='word_1_145' title='bbox 937 2148 1016 2204; x_wconf 88' lang='lat' dir='ltr'><strong>vis</strong></span> <span class='ocrx_word' id='word_1_146' title='bbox 1035 2163 1217 2216; x_wconf 90' lang='lat' dir='ltr'><strong>nosse,</strong></span> <span class='ocrx_word' id='word_1_147' title='bbox 1241 2148 1383 2203; x_wconf 90' lang='lat' dir='ltr'><strong>nulla</strong></span> <span class='ocrx_word' id='word_1_148' title='bbox 1405 2163 1562 2219; x_wconf 72' lang='lat' dir='ltr'><strong>pinna</strong></span> <span class='ocrx_word' id='word_1_149' title='bbox 1584 2157 1779 2219; x_wconf 85' lang='lat' dir='ltr'><strong>quanta</strong></span> <span class='ocrx_word' id='word_1_150' title='bbox 1799 2148 1869 2204; x_wconf 88' lang='lat' dir='ltr'><strong>sit</strong></span> <span class='ocrx_word' id='word_1_151' title='bbox 1890 2163 2067 2219; x_wconf 61' lang='lat' dir='ltr'><strong>paena,</strong></span> 
     </span>
    </p>
   </div>
   <div class='ocr_carea' id='block_1_21' title="bbox 479 2238 2070 2310">
    <p class='ocr_par' dir='ltr' id='par_1_21' title="bbox 479 2238 2070 2310">
     <span class='ocr_line' id='line_1_21' title="bbox 479 2238 2070 2310; baseline 0 -16"><span class='ocrx_word' id='word_1_152' title='bbox 479 2251 588 2294; x_wconf 90' lang='lat' dir='ltr'><strong>non</strong></span> <span class='ocrx_word' id='word_1_153' title='bbox 634 2247 808 2294; x_wconf 91' lang='lat' dir='ltr'><strong>tamen</strong></span> <span class='ocrx_word' id='word_1_154' title='bbox 847 2239 1028 2309; x_wconf 89' lang='lat' dir='ltr'><strong>justo,</strong></span> <span class='ocrx_word' id='word_1_155' title='bbox 1073 2239 1169 2295; x_wconf 86' lang='lat' dir='ltr'><strong>sed</strong></span> <span class='ocrx_word' id='word_1_156' title='bbox 1210 2239 1508 2310; x_wconf 82' lang='lat' dir='ltr'><strong>peccaturi,</strong></span> <span class='ocrx_word' id='word_1_157' title='bbox 1541 2239 1626 2294; x_wconf 90' lang='lat' dir='ltr'><strong>cui</strong></span> <span class='ocrx_word' id='word_1_158' title='bbox 1655 2247 1748 2294; x_wconf 85' lang='lat' dir='ltr'><strong>est.</strong></span> <span class='ocrx_word' id='word_1_159' title='bbox 1767 2238 2070 2310; x_wconf 88' lang='lat' dir='ltr'><strong>temporalis</strong></span> 
     </span>
    </p>
   </div>
   <div class='ocr_carea' id='block_1_22' title="bbox 478 2331 2069 2402">
    <p class='ocr_par' dir='ltr' id='par_1_22' title="bbox 478 2331 2069 2402">
     <span class='ocr_line' id='line_1_22' title="bbox 478 2331 2069 2402; baseline -0.001 -14"><span class='ocrx_word' id='word_1_160' title='bbox 478 2344 671 2400; x_wconf 76' lang='lat' dir='ltr'><strong>ptena,</strong></span> <span class='ocrx_word' id='word_1_161' title='bbox 716 2345 786 2387; x_wconf 91' lang='lat' dir='ltr'><strong>ne</strong></span> <span class='ocrx_word' id='word_1_162' title='bbox 828 2332 1080 2387; x_wconf 86' lang='lat' dir='ltr'><strong>succedat</strong></span> <span class='ocrx_word' id='word_1_163' title='bbox 1126 2331 1364 2387; x_wconf 63' lang='lat' dir='ltr'><strong>aeterna?</strong></span> <span class='ocrx_word' id='word_1_164' title='bbox 1397 2331 1488 2386; x_wconf 86' lang='lat' dir='ltr'><strong>Vis</strong></span> <span class='ocrx_word' id='word_1_165' title='bbox 1529 2347 1658 2402; x_wconf 90' lang='lat' dir='ltr'><strong>ergo</strong></span> <span class='ocrx_word' id='word_1_166' title='bbox 1699 2345 1890 2396; x_wconf 90' lang='lat' dir='ltr'><strong>nosse,</strong></span> <span class='ocrx_word' id='word_1_167' title='bbox 1924 2331 2069 2386; x_wconf 87' lang='lat' dir='ltr'><strong>nulla</strong></span> 
     </span>
    </p>
   </div>
   <div class='ocr_carea' id='block_1_23' title="bbox 479 2421 2070 2494">
    <p class='ocr_par' dir='ltr' id='par_1_23' title="bbox 479 2421 2070 2494">
     <span class='ocr_line' id='line_1_23' title="bbox 479 2421 2070 2494; baseline 0 -18"><span class='ocrx_word' id='word_1_168' title='bbox 479 2435 634 2492; x_wconf 70' lang='lat' dir='ltr'><strong>pinna</strong></span> <span class='ocrx_word' id='word_1_169' title='bbox 664 2430 860 2493; x_wconf 88' lang='lat' dir='ltr'><strong>quanta</strong></span> <span class='ocrx_word' id='word_1_170' title='bbox 888 2423 958 2478; x_wconf 87' lang='lat' dir='ltr'><strong>sit</strong></span> <span class='ocrx_word' id='word_1_171' title='bbox 981 2423 1178 2493; x_wconf 67' lang='lat' dir='ltr'><strong>paena?</strong></span> <span class='ocrx_word' id='word_1_172' title='bbox 1209 2423 1477 2478; x_wconf 85' lang='lat' dir='ltr'><strong>Psalmum</strong></span> <span class='ocrx_word' id='word_1_173' title='bbox 1501 2423 1768 2494; x_wconf 88' lang='lat' dir='ltr'><strong>interroga</strong></span> <span class='ocrx_word' id='word_1_174' title='bbox 1797 2439 1812 2477; x_wconf 88' lang='lat'><strong>:</strong></span> <span class='ocrx_word' id='word_1_175' title='bbox 1840 2421 2070 2476; x_wconf 79' lang='lat' dir='ltr'><strong>Irritavit</strong></span> 
     </span>
    </p>
   </div>
   <div class='ocr_carea' id='block_1_24' title="bbox 480 2511 2065 2586">
    <p class='ocr_par' dir='ltr' id='par_1_24' title="bbox 480 2511 2065 2586">
     <span class='ocr_line' id='line_1_24' title="bbox 480 2511 2065 2586; baseline 0.001 -18"><span class='ocrx_word' id='word_1_176' title='bbox 480 2511 758 2568; x_wconf 86' lang='lat' dir='ltr'><strong>Dominum</strong></span> <span class='ocrx_word' id='word_1_177' title='bbox 787 2526 1038 2586; x_wconf 77' lang='lat' dir='ltr'><strong>peccator.</strong></span> <span class='ocrx_word' id='word_1_178' title='bbox 1070 2516 1402 2571; x_wconf 82' lang='lat' dir='ltr'><strong>Exclamavit</strong></span> <span class='ocrx_word' id='word_1_179' title='bbox 1429 2515 1789 2579; x_wconf 84' lang='lat' dir='ltr'><strong>vehementer,</strong></span> <span class='ocrx_word' id='word_1_180' title='bbox 1821 2515 2065 2582; x_wconf 88' lang='lat' dir='ltr'><strong>attendit,</strong></span> 
     </span>
    </p>
   </div>
   <div class='ocr_carea' id='block_1_25' title="bbox 477 2605 2064 2677">
    <p class='ocr_par' dir='ltr' id='par_1_25' title="bbox 477 2605 2064 2677">
     <span class='ocr_line' id='line_1_25' title="bbox 477 2605 2064 2677; baseline 0 -17"><span class='ocrx_word' id='word_1_181' title='bbox 477 2605 854 2672; x_wconf 86' lang='lat' dir='ltr'><strong>consideravit,</strong></span> <span class='ocrx_word' id='word_1_182' title='bbox 877 2608 1196 2662; x_wconf 81' lang='lat' dir='ltr'><strong>exclamavit</strong></span> <span class='ocrx_word' id='word_1_183' title='bbox 1221 2624 1236 2662; x_wconf 91' lang='lat'><strong>:</strong></span> <span class='ocrx_word' id='word_1_184' title='bbox 1266 2606 1496 2661; x_wconf 85' lang='lat' dir='ltr'><strong>Irritovit</strong></span> <span class='ocrx_word' id='word_1_185' title='bbox 1519 2606 1794 2662; x_wconf 88' lang='lat' dir='ltr'><strong>Dominum</strong></span> <span class='ocrx_word' id='word_1_186' title='bbox 1815 2616 2064 2677; x_wconf 80' lang='lat' dir='ltr'><strong>peccator.</strong></span> 
     </span>
    </p>
   </div>
   <div class='ocr_carea' id='block_1_26' title="bbox 475 2695 2069 2768">
    <p class='ocr_par' dir='ltr' id='par_1_26' title="bbox 475 2695 2069 2768">
     <span class='ocr_line' id='line_1_26' title="bbox 475 2695 2069 2768; baseline 0.001 -17"><span class='ocrx_word' id='word_1_187' title='bbox 475 2695 688 2765; x_wconf 86' lang='lat' dir='ltr'><strong>Quare,</strong></span> <span class='ocrx_word' id='word_1_188' title='bbox 716 2696 980 2752; x_wconf 82' lang='lat' dir='ltr'><strong>obsecro?</strong></span> <span class='ocrx_word' id='word_1_189' title='bbox 1007 2698 1134 2768; x_wconf 91' lang='lat' dir='ltr'><strong>quid</strong></span> <span class='ocrx_word' id='word_1_190' title='bbox 1173 2698 1390 2754; x_wconf 73' lang='lat' dir='ltr'><strong>vidisti?</strong></span> <span class='ocrx_word' id='word_1_191' title='bbox 1417 2698 1517 2767; x_wconf 86' lang='lat' dir='ltr'><strong>Qui</strong></span> <span class='ocrx_word' id='word_1_192' title='bbox 1558 2707 1734 2752; x_wconf 87' lang='lat' dir='ltr'><strong>autem</strong></span> <span class='ocrx_word' id='word_1_193' title='bbox 1767 2698 1866 2752; x_wconf 90' lang='lat' dir='ltr'><strong>hoc</strong></span> <span class='ocrx_word' id='word_1_194' title='bbox 1892 2698 2069 2752; x_wconf 88' lang='lat' dir='ltr'><strong>excla-</strong></span> 
     </span>
    </p>
   </div>
   <div class='ocr_carea' id='block_1_27' title="bbox 476 2789 2068 2860">
    <p class='ocr_par' dir='ltr' id='par_1_27' title="bbox 476 2789 2068 2860">
     <span class='ocr_line' id='line_1_27' title="bbox 476 2789 2068 2860; baseline 0.001 -16"><span class='ocrx_word' id='word_1_195' title='bbox 476 2790 672 2855; x_wconf 89' lang='lat' dir='ltr'><strong>mavit,</strong></span> <span class='ocrx_word' id='word_1_196' title='bbox 705 2789 835 2844; x_wconf 89' lang='lat' dir='ltr'><strong>vidit</strong></span> <span class='ocrx_word' id='word_1_197' title='bbox 873 2798 1209 2859; x_wconf 84' lang='lat' dir='ltr'><strong>peccatorem</strong></span> <span class='ocrx_word' id='word_1_198' title='bbox 1252 2791 1469 2860; x_wconf 90' lang='lat' dir='ltr'><strong>impune</strong></span> <span class='ocrx_word' id='word_1_199' title='bbox 1513 2789 1898 2855; x_wconf 77' lang='lat' dir='ltr'><strong>luxuriantem,</strong></span> <span class='ocrx_word' id='word_1_200' title='bbox 1929 2791 2068 2845; x_wconf 91' lang='lat' dir='ltr'><strong>male</strong></span> 
     </span>
    </p>
   </div>
   <div class='ocr_carea' id='block_1_28' title="bbox 473 2879 2068 2948">
    <p class='ocr_par' dir='ltr' id='par_1_28' title="bbox 473 2879 2068 2948">
     <span class='ocr_line' id='line_1_28' title="bbox 473 2879 2068 2948; baseline 0.001 -14"><span class='ocrx_word' id='word_1_201' title='bbox 473 2879 777 2946; x_wconf 74' lang='lat' dir='ltr'><strong>facientem,</strong></span> <span class='ocrx_word' id='word_1_202' title='bbox 800 2881 955 2936; x_wconf 90' lang='lat' dir='ltr'><strong>bonis</strong></span> <span class='ocrx_word' id='word_1_203' title='bbox 977 2880 1357 2948; x_wconf 86' lang='lat' dir='ltr'><strong>abundantem,</strong></span> <span class='ocrx_word' id='word_1_204' title='bbox 1385 2888 1438 2935; x_wconf 92' lang='lat' dir='ltr'><strong>et</strong></span> <span class='ocrx_word' id='word_1_205' title='bbox 1461 2881 1778 2935; x_wconf 79' lang='lat' dir='ltr'><strong>exclamavit</strong></span> <span class='ocrx_word' id='word_1_206' title='bbox 1801 2900 1812 2934; x_wconf 92' lang='lat'>:</span> <span class='ocrx_word' id='word_1_207' title='bbox 1837 2879 2068 2935; x_wconf 82' lang='lat' dir='ltr'><strong>Irritavit</strong></span> 
     </span>
    </p>
   </div>
   <div class='ocr_carea' id='block_1_29' title="bbox 473 2969 2066 3042">
    <p class='ocr_par' dir='ltr' id='par_1_29' title="bbox 473 2969 2066 3042">
     <span class='ocr_line' id='line_1_29' title="bbox 473 2969 2066 3042; baseline 0.001 -16"><span class='ocrx_word' id='word_1_208' title='bbox 473 2969 751 3026; x_wconf 85' lang='lat' dir='ltr'><strong>Dominum</strong></span> <span class='ocrx_word' id='word_1_209' title='bbox 777 2981 1029 3042; x_wconf 82' lang='lat' dir='ltr'><strong>peccator.</strong></span> <span class='ocrx_word' id='word_1_210' title='bbox 1069 2973 1244 3039; x_wconf 85' lang='lat' dir='ltr'><strong>Quare</strong></span> <span class='ocrx_word' id='word_1_211' title='bbox 1274 2971 1376 3027; x_wconf 93' lang='lat' dir='ltr'><strong>hoc</strong></span> <span class='ocrx_word' id='word_1_212' title='bbox 1404 2972 1622 3026; x_wconf 83' lang='lat' dir='ltr'><strong>dixisti?</strong></span> <span class='ocrx_word' id='word_1_213' title='bbox 1649 2972 1786 3039; x_wconf 89' lang='lat' dir='ltr'><strong>Quid</strong></span> <span class='ocrx_word' id='word_1_214' title='bbox 1815 2973 1954 3028; x_wconf 90' lang='lat' dir='ltr'><strong>enim</strong></span> <span class='ocrx_word' id='word_1_215' title='bbox 1983 2973 2066 3027; x_wconf 91' lang='lat' dir='ltr'><strong>vi-</strong></span> 
     </span>
    </p>
   </div>
   <div class='ocr_carea' id='block_1_30' title="bbox 471 3063 2064 3136">
    <p class='ocr_par' dir='ltr' id='par_1_30' title="bbox 471 3063 2064 3136">
     <span class='ocr_line' id='line_1_30' title="bbox 471 3063 2064 3136; baseline 0 -15"><span class='ocrx_word' id='word_1_216' title='bbox 471 3063 636 3121; x_wconf 80' lang='lat' dir='ltr'><strong>disti?</strong></span> <span class='ocrx_word' id='word_1_217' title='bbox 675 3063 796 3120; x_wconf 69' lang='lat' dir='ltr'><strong>Prw</strong></span> <span class='ocrx_word' id='word_1_218' title='bbox 831 3066 1178 3136; x_wconf 76' lang='lat' dir='ltr'><strong>magnitudine</strong></span> <span class='ocrx_word' id='word_1_219' title='bbox 1217 3066 1309 3120; x_wconf 77' lang='lat' dir='ltr'><strong>ira:</strong></span> <span class='ocrx_word' id='word_1_220' title='bbox 1351 3081 1457 3128; x_wconf 72' lang='lat' dir='ltr'><strong>sum</strong></span> <span class='ocrx_word' id='word_1_221' title='bbox 1501 3082 1602 3118; x_wconf 87' lang='lat' dir='ltr'><strong>non</strong></span> <span class='ocrx_word' id='word_1_222' title='bbox 1645 3066 1852 3135; x_wconf 82' lang='lat' dir='ltr'><strong>requirit</strong></span> <span class='ocrx_word' id='word_1_223' title='bbox 1895 3066 2064 3134; x_wconf 82' lang='lat' dir='ltr'><strong>(Psal.</strong></span> 
     </span>
    </p>
   </div>
   <div class='ocr_carea' id='block_1_31' title="bbox 473 3155 2065 3228">
    <p class='ocr_par' dir='ltr' id='par_1_31' title="bbox 473 3155 2065 3228">
     <span class='ocr_line' id='line_1_31' title="bbox 473 3155 2065 3228; baseline 0 -15"><span class='ocrx_word' id='word_1_224' title='bbox 473 3171 566 3223; x_wconf 75' lang='grc' dir='ltr'><strong>ιι,</strong></span> <span class='ocrx_word' id='word_1_225' title='bbox 591 3156 672 3228; x_wconf 78' lang='grc'><strong>4).</strong></span> <span class='ocrx_word' id='word_1_226' title='bbox 715 3156 1030 3228; x_wconf 91' lang='lat' dir='ltr'><strong>lntelligite,</strong></span> <span class='ocrx_word' id='word_1_227' title='bbox 1071 3155 1264 3212; x_wconf 88' lang='lat' dir='ltr'><strong>fratres</strong></span> <span class='ocrx_word' id='word_1_228' title='bbox 1303 3157 1612 3223; x_wconf 89' lang='lat' dir='ltr'><strong>christiani,</strong></span> <span class='ocrx_word' id='word_1_229' title='bbox 1645 3157 2065 3213; x_wconf 88' lang='lat' dir='ltr'><strong>misericordiam</strong></span> 
     </span>
    </p>
   </div>
   <div class='ocr_carea' id='block_1_32' title="bbox 474 3248 2067 3320">
    <p class='ocr_par' dir='ltr' id='par_1_32' title="bbox 474 3248 2067 3320">
     <span class='ocr_line' id='line_1_32' title="bbox 474 3248 2067 3320; baseline -0.001 -14"><span class='ocrx_word' id='word_1_230' title='bbox 474 3249 590 3306; x_wconf 86' lang='lat' dir='ltr'><strong>Dei.</strong></span> <span class='ocrx_word' id='word_1_231' title='bbox 632 3249 854 3317; x_wconf 87' lang='lat' dir='ltr'><strong>Quando</strong></span> <span class='ocrx_word' id='word_1_232' title='bbox 896 3250 1119 3320; x_wconf 84' lang='lat' dir='ltr'><strong>castigat</strong></span> <span class='ocrx_word' id='word_1_233' title='bbox 1166 3249 1458 3316; x_wconf 91' lang='lat' dir='ltr'><strong>mundum,</strong></span> <span class='ocrx_word' id='word_1_234' title='bbox 1508 3264 1612 3302; x_wconf 93' lang='lat' dir='ltr'><strong>non</strong></span> <span class='ocrx_word' id='word_1_235' title='bbox 1656 3249 1769 3303; x_wconf 83' lang='lat' dir='ltr'><strong>vult</strong></span> <span class='ocrx_word' id='word_1_236' title='bbox 1811 3248 2067 3306; x_wconf 85' lang='lat' dir='ltr'><strong>damnare</strong></span> 
     </span>
    </p>
   </div>
   <div class='ocr_carea' id='block_1_33' title="bbox 473 3341 2061 3414">
    <p class='ocr_par' dir='ltr' id='par_1_33' title="bbox 473 3341 2061 3414">
     <span class='ocr_line' id='line_1_33' title="bbox 473 3341 2061 3414; baseline -0.002 -15"><span class='ocrx_word' id='word_1_237' title='bbox 473 3343 749 3399; x_wconf 88' lang='lat' dir='ltr'><strong>mundum.</strong></span> <span class='ocrx_word' id='word_1_238' title='bbox 812 3341 934 3398; x_wconf 75' lang='lat' dir='ltr'><strong>Pra:</strong></span> <span class='ocrx_word' id='word_1_239' title='bbox 983 3342 1330 3414; x_wconf 83' lang='lat' dir='ltr'><strong>magnitudine</strong></span> <span class='ocrx_word' id='word_1_240' title='bbox 1378 3341 1471 3396; x_wconf 73' lang='lat' dir='ltr'><strong>ira:</strong></span> <span class='ocrx_word' id='word_1_241' title='bbox 1519 3355 1627 3395; x_wconf 78' lang='lat' dir='ltr'><strong>sua:</strong></span> <span class='ocrx_word' id='word_1_242' title='bbox 1676 3356 1775 3395; x_wconf 91' lang='lat' dir='ltr'><strong>non</strong></span> <span class='ocrx_word' id='word_1_243' title='bbox 1826 3342 2061 3409; x_wconf 73' lang='lat' dir='ltr'><strong>exquirit.</strong></span> 
     </span>
    </p>
   </div>
   <div class='ocr_carea' id='block_1_34' title="bbox 471 3433 2064 3505">
    <p class='ocr_par' dir='ltr' id='par_1_34' title="bbox 471 3433 2064 3505">
     <span class='ocr_line' id='line_1_34' title="bbox 471 3433 2064 3505; baseline -0.002 -14"><span class='ocrx_word' id='word_1_244' title='bbox 471 3434 598 3491; x_wconf 85' lang='lat' dir='ltr'><strong>Ideo</strong></span> <span class='ocrx_word' id='word_1_245' title='bbox 645 3451 750 3490; x_wconf 91' lang='lat' dir='ltr'><strong>non</strong></span> <span class='ocrx_word' id='word_1_246' title='bbox 798 3435 1064 3504; x_wconf 80' lang='lat' dir='ltr'><strong>exquirit,</strong></span> <span class='ocrx_word' id='word_1_247' title='bbox 1117 3435 1239 3505; x_wconf 87' lang='lat' dir='ltr'><strong>quia</strong></span> <span class='ocrx_word' id='word_1_248' title='bbox 1288 3435 1513 3489; x_wconf 90' lang='lat' dir='ltr'><strong>multum</strong></span> <span class='ocrx_word' id='word_1_249' title='bbox 1562 3433 1826 3488; x_wconf 89' lang='lat' dir='ltr'><strong>irascitur.</strong></span> <span class='ocrx_word' id='word_1_250' title='bbox 1878 3433 2064 3504; x_wconf 82' lang='lat' dir='ltr'><strong>Magna</strong></span> 
     </span>
    </p>
   </div>
   <div class='ocr_carea' id='block_1_35' title="bbox 471 3524 2066 3597">
    <p class='ocr_par' dir='ltr' id='par_1_35' title="bbox 471 3524 2066 3597">
     <span class='ocr_line' id='line_1_35' title="bbox 471 3524 2066 3597; baseline -0.002 -14"><span class='ocrx_word' id='word_1_251' title='bbox 471 3536 557 3583; x_wconf 89' lang='lat' dir='ltr'><strong>est</strong></span> <span class='ocrx_word' id='word_1_252' title='bbox 585 3527 661 3580; x_wconf 92' lang='lat' dir='ltr'><strong>ira</strong></span> <span class='ocrx_word' id='word_1_253' title='bbox 701 3525 836 3597; x_wconf 89' lang='lat' dir='ltr'><strong>ejus.</strong></span> <span class='ocrx_word' id='word_1_254' title='bbox 883 3525 1157 3582; x_wconf 91' lang='lat' dir='ltr'><strong>Parcendo</strong></span> <span class='ocrx_word' id='word_1_255' title='bbox 1201 3525 1385 3591; x_wconf 66' lang='lat' dir='ltr'><strong>saevit,</strong></span> <span class='ocrx_word' id='word_1_256' title='bbox 1431 3524 1524 3580; x_wconf 87' lang='lat' dir='ltr'><strong>sed</strong></span> <span class='ocrx_word' id='word_1_257' title='bbox 1565 3525 1710 3595; x_wconf 88' lang='lat' dir='ltr'><strong>justc</strong></span> <span class='ocrx_word' id='word_1_258' title='bbox 1751 3525 1924 3579; x_wconf 80' lang='lat' dir='ltr'><strong>saevit.</strong></span> <span class='ocrx_word' id='word_1_259' title='bbox 1973 3525 2066 3580; x_wconf 83' lang='lat' dir='ltr'><strong>Est</strong></span> 
     </span>
    </p>
   </div>
   <div class='ocr_carea' id='block_1_36' title="bbox 473 3616 2064 3690">
    <p class='ocr_par' dir='ltr' id='par_1_36' title="bbox 473 3616 2064 3690">
     <span class='ocr_line' id='line_1_36' title="bbox 473 3616 2064 3690; baseline -0.001 -16"><span class='ocrx_word' id='word_1_260' title='bbox 473 3619 614 3674; x_wconf 92' lang='lat' dir='ltr'><strong>enim</strong></span> <span class='ocrx_word' id='word_1_261' title='bbox 641 3620 919 3685; x_wconf 88' lang='lat' dir='ltr'><strong>severitas,</strong></span> <span class='ocrx_word' id='word_1_262' title='bbox 951 3618 1098 3690; x_wconf 89' lang='lat' dir='ltr'><strong>quasi</strong></span> <span class='ocrx_word' id='word_1_263' title='bbox 1126 3631 1266 3672; x_wconf 82' lang='lat' dir='ltr'><strong>saeva</strong></span> <span class='ocrx_word' id='word_1_264' title='bbox 1295 3617 1516 3672; x_wconf 90' lang='lat' dir='ltr'><strong>veritas.</strong></span> <span class='ocrx_word' id='word_1_265' title='bbox 1544 3616 1600 3672; x_wconf 89' lang='lat' dir='ltr'><strong>Si</strong></span> <span class='ocrx_word' id='word_1_266' title='bbox 1623 3632 1751 3688; x_wconf 87' lang='lat' dir='ltr'><strong>ergo</strong></span> <span class='ocrx_word' id='word_1_267' title='bbox 1777 3616 2064 3688; x_wconf 89' lang='lat' dir='ltr'><strong>aliquando</strong></span> 
     </span>
    </p>
   </div>
   <div class='ocr_carea' id='block_1_37' title="bbox 470 3707 2064 3779">
    <p class='ocr_par' dir='ltr' id='par_1_37' title="bbox 470 3707 2064 3779">
     <span class='ocr_line' id='line_1_37' title="bbox 470 3707 2064 3779; baseline -0.001 -14"><span class='ocrx_word' id='word_1_268' title='bbox 470 3710 628 3765; x_wconf 68' lang='lat' dir='ltr'><strong>saevit</strong></span> <span class='ocrx_word' id='word_1_269' title='bbox 666 3708 964 3779; x_wconf 89' lang='lat' dir='ltr'><strong>parcendo,</strong></span> <span class='ocrx_word' id='word_1_270' title='bbox 997 3709 1192 3764; x_wconf 91' lang='lat' dir='ltr'><strong>bonum</strong></span> <span class='ocrx_word' id='word_1_271' title='bbox 1225 3715 1307 3764; x_wconf 92' lang='lat' dir='ltr'><strong>est</strong></span> <span class='ocrx_word' id='word_1_272' title='bbox 1335 3707 1490 3762; x_wconf 91' lang='lat' dir='ltr'><strong>nobis</strong></span> <span class='ocrx_word' id='word_1_273' title='bbox 1516 3717 1571 3762; x_wconf 93' lang='lat' dir='ltr'><strong>ut</strong></span> <span class='ocrx_word' id='word_1_274' title='bbox 1600 3709 1876 3763; x_wconf 90' lang='lat' dir='ltr'><strong>subveniat</strong></span> <span class='ocrx_word' id='word_1_275' title='bbox 1900 3709 2064 3763; x_wconf 89' lang='lat' dir='ltr'><strong>casti-</strong></span> 
     </span>
    </p>
   </div>
   <div class='ocr_carea' id='block_1_38' title="bbox 468 3797 2061 3871">
    <p class='ocr_par' dir='ltr' id='par_1_38' title="bbox 468 3797 2061 3871">
     <span class='ocr_line' id='line_1_38' title="bbox 468 3797 2061 3871; baseline -0.002 -15"><span class='ocrx_word' id='word_1_276' title='bbox 468 3800 662 3871; x_wconf 84' lang='lat' dir='ltr'><strong>gando.</strong></span> <span class='ocrx_word' id='word_1_277' title='bbox 700 3801 763 3854; x_wconf 81' lang='lat' dir='ltr'><strong>Et</strong></span> <span class='ocrx_word' id='word_1_278' title='bbox 793 3808 970 3855; x_wconf 90' lang='lat' dir='ltr'><strong>tamen</strong></span> <span class='ocrx_word' id='word_1_279' title='bbox 999 3800 1045 3854; x_wconf 94' lang='lat' dir='ltr'><strong>si</strong></span> <span class='ocrx_word' id='word_1_280' title='bbox 1087 3799 1222 3854; x_wconf 85' lang='lat' dir='ltr'><strong>facta</strong></span> <span class='ocrx_word' id='word_1_281' title='bbox 1258 3799 1472 3869; x_wconf 91' lang='lat' dir='ltr'><strong>generis</strong></span> <span class='ocrx_word' id='word_1_282' title='bbox 1504 3797 1721 3852; x_wconf 87' lang='lat' dir='ltr'><strong>humani</strong></span> <span class='ocrx_word' id='word_1_283' title='bbox 1753 3797 2061 3853; x_wconf 83' lang='lat' dir='ltr'><strong>considere-</strong></span> 
     </span>
    </p>
   </div>
   <div class='ocr_carea' id='block_1_39' title="bbox 469 3887 2062 3960">
    <p class='ocr_par' dir='ltr' id='par_1_39' title="bbox 469 3887 2062 3960">
     <span class='ocr_line' id='line_1_39' title="bbox 469 3887 2062 3960; baseline -0.002 -14"><span class='ocrx_word' id='word_1_284' title='bbox 469 3904 621 3956; x_wconf 88' lang='lat' dir='ltr'><strong>mus,</strong></span> <span class='ocrx_word' id='word_1_285' title='bbox 651 3889 777 3960; x_wconf 91' lang='lat' dir='ltr'><strong>quid</strong></span> <span class='ocrx_word' id='word_1_286' title='bbox 817 3889 1084 3959; x_wconf 84' lang='lat' dir='ltr'><strong>patimur?</strong></span> <span class='ocrx_word' id='word_1_287' title='bbox 1119 3888 1235 3944; x_wconf 88' lang='lat' dir='ltr'><strong>Non</strong></span> <span class='ocrx_word' id='word_1_288' title='bbox 1279 3887 1574 3943; x_wconf 90' lang='lat' dir='ltr'><strong>secundum</strong></span> <span class='ocrx_word' id='word_1_289' title='bbox 1623 3898 1838 3956; x_wconf 87' lang='lat' dir='ltr'><strong>peccata</strong></span> <span class='ocrx_word' id='word_1_290' title='bbox 1882 3897 2062 3943; x_wconf 91' lang='lat' dir='ltr'><strong>nostra</strong></span> 
     </span>
    </p>
   </div>
   <div class='ocr_carea' id='block_1_40' title="bbox 469 3978 2063 4054">
    <p class='ocr_par' dir='ltr' id='par_1_40' title="bbox 469 3978 2063 4054">
     <span class='ocr_line' id='line_1_40' title="bbox 469 3978 2063 4054; baseline -0.001 -18"><span class='ocrx_word' id='word_1_291' title='bbox 469 3979 599 4037; x_wconf 87' lang='lat' dir='ltr'><strong>fecit</strong></span> <span class='ocrx_word' id='word_1_292' title='bbox 623 3982 776 4036; x_wconf 89' lang='lat' dir='ltr'><strong>nobis</strong></span> <span class='ocrx_word' id='word_1_293' title='bbox 799 3979 970 4054; x_wconf 87' lang='lat' dir='ltr'><strong>(Psal.</strong></span> <span class='ocrx_word' id='word_1_294' title='bbox 993 3995 1084 4045; x_wconf 85' lang='lat' dir='ltr'><strong>cu,</strong></span> <span class='ocrx_word' id='word_1_295' title='bbox 1108 3980 1220 4050; x_wconf 82' lang='grc'><strong>10).</strong></span> <span class='ocrx_word' id='word_1_296' title='bbox 1251 3978 1366 4033; x_wconf 88' lang='lat' dir='ltr'><strong>Filii</strong></span> <span class='ocrx_word' id='word_1_297' title='bbox 1387 3980 1530 4033; x_wconf 90' lang='lat' dir='ltr'><strong>enim</strong></span> <span class='ocrx_word' id='word_1_298' title='bbox 1554 3993 1762 4034; x_wconf 91' lang='lat' dir='ltr'><strong>sumus.</strong></span> <span class='ocrx_word' id='word_1_299' title='bbox 1787 3979 1940 4035; x_wconf 90' lang='lat' dir='ltr'><strong>Unde</strong></span> <span class='ocrx_word' id='word_1_300' title='bbox 1957 3979 2063 4034; x_wconf 89' lang='lat' dir='ltr'><strong>hoc</strong></span> 
     </span>
    </p>
   </div>
   <div class='ocr_carea' id='block_1_41' title="bbox 469 4070 2059 4143">
    <p class='ocr_par' dir='ltr' id='par_1_41' title="bbox 469 4070 2059 4143">
     <span class='ocr_line' id='line_1_41' title="bbox 469 4070 2059 4143; baseline 0 -16"><span class='ocrx_word' id='word_1_301' title='bbox 469 4072 796 4143; x_wconf 78' lang='lat' dir='ltr'><strong>probamus?</strong></span> <span class='ocrx_word' id='word_1_302' title='bbox 824 4073 1059 4126; x_wconf 81' lang='lat' dir='ltr'><strong>Mortuus</strong></span> <span class='ocrx_word' id='word_1_303' title='bbox 1087 4080 1170 4126; x_wconf 89' lang='lat' dir='ltr'><strong>est</strong></span> <span class='ocrx_word' id='word_1_304' title='bbox 1209 4086 1304 4141; x_wconf 91' lang='lat' dir='ltr'><strong>pro</strong></span> <span class='ocrx_word' id='word_1_305' title='bbox 1343 4070 1497 4125; x_wconf 86' lang='lat' dir='ltr'><strong>nobis</strong></span> <span class='ocrx_word' id='word_1_306' title='bbox 1524 4070 1756 4136; x_wconf 92' lang='lat' dir='ltr'><strong>Unicus,</strong></span> <span class='ocrx_word' id='word_1_307' title='bbox 1788 4087 1856 4127; x_wconf 89' lang='lat' dir='ltr'><strong>ne</strong></span> <span class='ocrx_word' id='word_1_308' title='bbox 1884 4087 2059 4127; x_wconf 85' lang='lat' dir='ltr'><strong>rema-</strong></span> 
     </span>
    </p>
   </div>
   <div class='ocr_carea' id='block_1_42' title="bbox 470 4163 2056 4231">
    <p class='ocr_par' dir='ltr' id='par_1_42' title="bbox 470 4163 2056 4231">
     <span class='ocr_line' id='line_1_42' title="bbox 470 4163 2056 4231; baseline -0.001 -13"><span class='ocrx_word' id='word_1_309' title='bbox 470 4172 625 4219; x_wconf 90' lang='lat' dir='ltr'><strong>neret</strong></span> <span class='ocrx_word' id='word_1_310' title='bbox 655 4178 809 4218; x_wconf 90' lang='lat' dir='ltr'><strong>unus.</strong></span> <span class='ocrx_word' id='word_1_311' title='bbox 841 4163 1021 4218; x_wconf 87' lang='lat' dir='ltr'><strong>Noluit</strong></span> <span class='ocrx_word' id='word_1_312' title='bbox 1047 4177 1167 4218; x_wconf 91' lang='lat' dir='ltr'><strong>esse</strong></span> <span class='ocrx_word' id='word_1_313' title='bbox 1193 4178 1363 4226; x_wconf 89' lang='lat' dir='ltr'><strong>unus,</strong></span> <span class='ocrx_word' id='word_1_314' title='bbox 1401 4163 1492 4231; x_wconf 93' lang='lat' dir='ltr'><strong>qui</strong></span> <span class='ocrx_word' id='word_1_315' title='bbox 1522 4174 1762 4217; x_wconf 90' lang='lat' dir='ltr'><strong>mortuus</strong></span> <span class='ocrx_word' id='word_1_316' title='bbox 1789 4171 1872 4217; x_wconf 90' lang='lat' dir='ltr'><strong>est</strong></span> <span class='ocrx_word' id='word_1_317' title='bbox 1901 4179 2056 4218; x_wconf 90' lang='lat' dir='ltr'><strong>unus.</strong></span> 
     </span>
    </p>
   </div>
   <div class='ocr_carea' id='block_1_43' title="bbox 468 4252 2062 4311">
    <p class='ocr_par' dir='ltr' id='par_1_43' title="bbox 468 4252 2062 4311">
     <span class='ocr_line' id='line_1_43' title="bbox 468 4252 2062 4311; baseline -0.001 0"><span class='ocrx_word' id='word_1_318' title='bbox 468 4254 664 4311; x_wconf 75' lang='lat' dir='ltr'><strong>Ilultos</strong></span> <span class='ocrx_word' id='word_1_319' title='bbox 705 4255 848 4310; x_wconf 91' lang='lat' dir='ltr'><strong>enim</strong></span> <span class='ocrx_word' id='word_1_320' title='bbox 889 4255 1027 4310; x_wconf 88' lang='lat' dir='ltr'><strong>ﬁlios</strong></span> <span class='ocrx_word' id='word_1_321' title='bbox 1069 4253 1164 4309; x_wconf 90' lang='lat' dir='ltr'><strong>Dei</strong></span> <span class='ocrx_word' id='word_1_322' title='bbox 1201 4255 1325 4309; x_wconf 85' lang='lat' dir='ltr'><strong>fecit</strong></span> <span class='ocrx_word' id='word_1_323' title='bbox 1360 4254 1549 4309; x_wconf 90' lang='lat' dir='ltr'><strong>unicus</strong></span> <span class='ocrx_word' id='word_1_324' title='bbox 1578 4252 1744 4309; x_wconf 90' lang='lat' dir='ltr'><strong>Filius</strong></span> <span class='ocrx_word' id='word_1_325' title='bbox 1775 4254 1887 4309; x_wconf 90' lang='lat' dir='ltr'><strong>Dei.</strong></span> <span class='ocrx_word' id='word_1_326' title='bbox 1916 4255 2062 4310; x_wconf 88' lang='lat' dir='ltr'><strong>Emit</strong></span> 
     </span>
    </p>
   </div>
   <div class='ocr_carea' id='block_1_44' title="bbox 469 4346 2061 4419">
    <p class='ocr_par' dir='ltr' id='par_1_44' title="bbox 469 4346 2061 4419">
     <span class='ocr_line' id='line_1_44' title="bbox 469 4346 2061 4419; baseline -0.001 -15"><span class='ocrx_word' id='word_1_327' title='bbox 469 4347 573 4405; x_wconf 88' lang='lat' dir='ltr'><strong>sibi</strong></span> <span class='ocrx_word' id='word_1_328' title='bbox 593 4347 785 4403; x_wconf 88' lang='lat' dir='ltr'><strong>fratres</strong></span> <span class='ocrx_word' id='word_1_329' title='bbox 805 4347 1062 4419; x_wconf 87' lang='lat' dir='ltr'><strong>sanguine</strong></span> <span class='ocrx_word' id='word_1_330' title='bbox 1083 4362 1200 4409; x_wconf 90' lang='lat' dir='ltr'><strong>suo,</strong></span> <span class='ocrx_word' id='word_1_331' title='bbox 1221 4346 1462 4415; x_wconf 85' lang='lat' dir='ltr'><strong>probavit</strong></span> <span class='ocrx_word' id='word_1_332' title='bbox 1481 4346 1814 4415; x_wconf 89' lang='lat' dir='ltr'><strong>reprobatus,</strong></span> <span class='ocrx_word' id='word_1_333' title='bbox 1833 4347 2061 4402; x_wconf 90' lang='lat' dir='ltr'><strong>redemit</strong></span> 
     </span>
    </p>
   </div>
   <div class='ocr_carea' id='block_1_45' title="bbox 467 4437 2062 4508">
    <p class='ocr_par' dir='ltr' id='par_1_45' title="bbox 467 4437 2062 4508">
     <span class='ocr_line' id='line_1_45' title="bbox 467 4437 2062 4508; baseline -0.003 -12"><span class='ocrx_word' id='word_1_334' title='bbox 467 4439 738 4504; x_wconf 80' lang='lat' dir='ltr'><strong>venditus,</strong></span> <span class='ocrx_word' id='word_1_335' title='bbox 762 4438 1042 4494; x_wconf 89' lang='lat' dir='ltr'><strong>honoravit</strong></span> <span class='ocrx_word' id='word_1_336' title='bbox 1065 4438 1362 4508; x_wconf 83' lang='lat' dir='ltr'><strong>injuriatus,</strong></span> <span class='ocrx_word' id='word_1_337' title='bbox 1393 4437 1678 4493; x_wconf 82' lang='lat' dir='ltr'><strong>viviﬁcavit</strong></span> <span class='ocrx_word' id='word_1_338' title='bbox 1700 4439 1929 4492; x_wconf 89' lang='lat' dir='ltr'><strong>occisus.</strong></span> <span class='ocrx_word' id='word_1_339' title='bbox 1955 4439 2062 4492; x_wconf 85' lang='lat' dir='ltr'><strong>Du-</strong></span> 
     </span>
    </p>
   </div>
   <div class='ocr_carea' id='block_1_46' title="bbox 468 4528 2060 4602">
    <p class='ocr_par' dir='ltr' id='par_1_46' title="bbox 468 4528 2060 4602">
     <span class='ocr_line' id='line_1_46' title="bbox 468 4528 2060 4602; baseline -0.004 -12"><span class='ocrx_word' id='word_1_340' title='bbox 468 4531 609 4590; x_wconf 84' lang='lat' dir='ltr'><strong>bitas</strong></span> <span class='ocrx_word' id='word_1_341' title='bbox 633 4529 777 4602; x_wconf 90' lang='lat' dir='ltr'><strong>quod</strong></span> <span class='ocrx_word' id='word_1_342' title='bbox 798 4529 944 4586; x_wconf 87' lang='lat' dir='ltr'><strong>dabit</strong></span> <span class='ocrx_word' id='word_1_343' title='bbox 973 4529 1067 4584; x_wconf 90' lang='lat' dir='ltr'><strong>tibi</strong></span> <span class='ocrx_word' id='word_1_344' title='bbox 1097 4530 1232 4584; x_wconf 86' lang='lat' dir='ltr'><strong>bona</strong></span> <span class='ocrx_word' id='word_1_345' title='bbox 1261 4544 1376 4594; x_wconf 90' lang='lat' dir='ltr'><strong>sua,</strong></span> <span class='ocrx_word' id='word_1_346' title='bbox 1398 4528 1488 4598; x_wconf 87' lang='lat' dir='ltr'><strong>qui</strong></span> <span class='ocrx_word' id='word_1_347' title='bbox 1515 4544 1618 4583; x_wconf 93' lang='lat' dir='ltr'><strong>non</strong></span> <span class='ocrx_word' id='word_1_348' title='bbox 1643 4529 1958 4598; x_wconf 87' lang='lat' dir='ltr'><strong>dedignatus</strong></span> <span class='ocrx_word' id='word_1_349' title='bbox 1977 4537 2060 4584; x_wconf 88' lang='lat' dir='ltr'><strong>est</strong></span> 
     </span>
    </p>
   </div>
   <div class='ocr_carea' id='block_1_47' title="bbox 467 4620 2055 4696">
    <p class='ocr_par' dir='ltr' id='par_1_47' title="bbox 467 4620 2055 4696">
     <span class='ocr_line' id='line_1_47' title="bbox 467 4620 2055 4696; baseline -0.005 -13"><span class='ocrx_word' id='word_1_350' title='bbox 467 4626 742 4696; x_wconf 73' lang='lat' dir='ltr'><strong>suscipere</strong></span> <span class='ocrx_word' id='word_1_351' title='bbox 766 4624 904 4680; x_wconf 89' lang='lat' dir='ltr'><strong>mala</strong></span> <span class='ocrx_word' id='word_1_352' title='bbox 928 4623 1053 4678; x_wconf 81' lang='lat' dir='ltr'><strong>tua?</strong></span> <span class='ocrx_word' id='word_1_353' title='bbox 1079 4622 1239 4693; x_wconf 86' lang='lat' dir='ltr'><strong>Ergo,</strong></span> <span class='ocrx_word' id='word_1_354' title='bbox 1267 4622 1476 4689; x_wconf 85' lang='lat' dir='ltr'><strong>fratres,</strong></span> <span class='ocrx_word' id='word_1_355' title='bbox 1505 4623 1717 4692; x_wconf 82' lang='lat' dir='ltr'><strong>gaudete</strong></span> <span class='ocrx_word' id='word_1_356' title='bbox 1740 4622 1791 4675; x_wconf 89' lang='lat' dir='ltr'><strong>in</strong></span> <span class='ocrx_word' id='word_1_357' title='bbox 1813 4620 2055 4689; x_wconf 88' lang='lat' dir='ltr'><strong>Domino,</strong></span> 
     </span>
    </p>
   </div>
   <div class='ocr_carea' id='block_1_48' title="bbox 466 4714 2056 4785">
    <p class='ocr_par' dir='ltr' id='par_1_48' title="bbox 466 4714 2056 4785">
     <span class='ocr_line' id='line_1_48' title="bbox 466 4714 2056 4785; baseline -0.005 -9"><span class='ocrx_word' id='word_1_358' title='bbox 466 4732 577 4776; x_wconf 81' lang='lat' dir='ltr'><strong>non</strong></span> <span class='ocrx_word' id='word_1_359' title='bbox 617 4715 672 4774; x_wconf 90' lang='lat' dir='ltr'><strong>in</strong></span> <span class='ocrx_word' id='word_1_360' title='bbox 717 4717 914 4773; x_wconf 62' lang='lat' dir='ltr'><strong>saeculo</strong></span> <span class='ocrx_word' id='word_1_361' title='bbox 949 4733 962 4771; x_wconf 90' lang='lat'><strong>:</strong></span> <span class='ocrx_word' id='word_1_362' title='bbox 993 4715 1045 4770; x_wconf 92' lang='lat' dir='ltr'><strong>id</strong></span> <span class='ocrx_word' id='word_1_363' title='bbox 1075 4723 1185 4783; x_wconf 90' lang='lat' dir='ltr'><strong>est,</strong></span> <span class='ocrx_word' id='word_1_364' title='bbox 1216 4714 1443 4785; x_wconf 89' lang='lat' dir='ltr'><strong>gaudete</strong></span> <span class='ocrx_word' id='word_1_365' title='bbox 1478 4715 1530 4768; x_wconf 92' lang='lat' dir='ltr'><strong>in</strong></span> <span class='ocrx_word' id='word_1_366' title='bbox 1563 4715 1817 4782; x_wconf 87' lang='lat' dir='ltr'><strong>veritate,</strong></span> <span class='ocrx_word' id='word_1_367' title='bbox 1862 4729 1967 4770; x_wconf 92' lang='lat' dir='ltr'><strong>non</strong></span> <span class='ocrx_word' id='word_1_368' title='bbox 2003 4714 2056 4769; x_wconf 91' lang='lat' dir='ltr'><strong>in</strong></span> 
     </span>
    </p>
   </div>
   <div class='ocr_carea' id='block_1_49' title="bbox 467 4807 2058 4882">
    <p class='ocr_par' dir='ltr' id='par_1_49' title="bbox 467 4807 2058 4882">
     <span class='ocr_line' id='line_1_49' title="bbox 467 4807 2058 4882; baseline -0.004 -13"><span class='ocrx_word' id='word_1_369' title='bbox 467 4811 781 4882; x_wconf 83' lang='lat' dir='ltr'><strong>iniquitate;</strong></span> <span class='ocrx_word' id='word_1_370' title='bbox 823 4807 1051 4880; x_wconf 86' lang='lat' dir='ltr'><strong>gaudete</strong></span> <span class='ocrx_word' id='word_1_371' title='bbox 1097 4808 1150 4862; x_wconf 90' lang='lat' dir='ltr'><strong>in</strong></span> <span class='ocrx_word' id='word_1_372' title='bbox 1192 4823 1289 4877; x_wconf 86' lang='lat' dir='ltr'><strong>spe</strong></span> <span class='ocrx_word' id='word_1_373' title='bbox 1333 4807 1681 4873; x_wconf 71' lang='lat' dir='ltr'><strong>aeternitatis,</strong></span> <span class='ocrx_word' id='word_1_374' title='bbox 1711 4821 1816 4863; x_wconf 92' lang='lat' dir='ltr'><strong>non</strong></span> <span class='ocrx_word' id='word_1_375' title='bbox 1847 4809 1898 4862; x_wconf 93' lang='lat' dir='ltr'><strong>in</strong></span> <span class='ocrx_word' id='word_1_376' title='bbox 1925 4808 2058 4864; x_wconf 86' lang='lat' dir='ltr'><strong>ﬂore</strong></span> 
     </span>
    </p>
   </div>
   <div class='ocr_carea' id='block_1_50' title="bbox 465 4899 2058 4974">
    <p class='ocr_par' dir='ltr' id='par_1_50' title="bbox 465 4899 2058 4974">
     <span class='ocr_line' id='line_1_50' title="bbox 465 4899 2058 4974; baseline -0.003 -14"><span class='ocrx_word' id='word_1_377' title='bbox 465 4903 735 4960; x_wconf 81' lang='lat' dir='ltr'><strong>vanitatis.</strong></span> <span class='ocrx_word' id='word_1_378' title='bbox 749 4902 824 4958; x_wconf 85' lang='lat' dir='ltr'><strong>Ita</strong></span> <span class='ocrx_word' id='word_1_379' title='bbox 847 4901 1073 4974; x_wconf 82' lang='lat' dir='ltr'><strong>gaudete</strong></span> <span class='ocrx_word' id='word_1_380' title='bbox 1102 4918 1116 4954; x_wconf 92' lang='lat'><strong>:</strong></span> <span class='ocrx_word' id='word_1_381' title='bbox 1143 4909 1197 4956; x_wconf 90' lang='lat' dir='ltr'><strong>et</strong></span> <span class='ocrx_word' id='word_1_382' title='bbox 1222 4899 1558 4970; x_wconf 90' lang='lat' dir='ltr'><strong>ubicumque,</strong></span> <span class='ocrx_word' id='word_1_383' title='bbox 1579 4909 1634 4955; x_wconf 92' lang='lat' dir='ltr'><strong>et</strong></span> <span class='ocrx_word' id='word_1_384' title='bbox 1656 4900 2058 4970; x_wconf 78' lang='lat' dir='ltr'><strong>quamdiucum—</strong></span> 
     </span>
    </p>
   </div>
   <div class='ocr_carea' id='block_1_51' title="bbox 467 4991 2058 5067">
    <p class='ocr_par' dir='ltr' id='par_1_51' title="bbox 467 4991 2058 5067">
     <span class='ocr_line' id='line_1_51' title="bbox 467 4991 2058 5067; baseline -0.001 -16"><span class='ocrx_word' id='word_1_385' title='bbox 467 5011 572 5067; x_wconf 84' lang='lat' dir='ltr'><strong>que</strong></span> <span class='ocrx_word' id='word_1_386' title='bbox 601 4995 688 5050; x_wconf 89' lang='lat' dir='ltr'><strong>hic</strong></span> <span class='ocrx_word' id='word_1_387' title='bbox 712 4995 940 5060; x_wconf 87' lang='lat' dir='ltr'><strong>fueritis,</strong></span> <span class='ocrx_word' id='word_1_388' title='bbox 966 4992 1219 5047; x_wconf 83' lang='lat' dir='ltr'><strong>Dominus</strong></span> <span class='ocrx_word' id='word_1_389' title='bbox 1244 4991 1297 5046; x_wconf 84' lang='lat' dir='ltr'><strong>in</strong></span> <span class='ocrx_word' id='word_1_390' title='bbox 1326 4992 1554 5062; x_wconf 75' lang='lat' dir='ltr'><strong>proximo</strong></span> <span class='ocrx_word' id='word_1_391' title='bbox 1579 5001 1671 5058; x_wconf 82' lang='lat' dir='ltr'><strong>est,</strong></span> <span class='ocrx_word' id='word_1_392' title='bbox 1701 4992 1830 5048; x_wconf 81' lang='lat' dir='ltr'><strong>nihil</strong></span> <span class='ocrx_word' id='word_1_393' title='bbox 1855 4992 2058 5048; x_wconf 78' lang='lat' dir='ltr'><strong>solliciti</strong></span> 
     </span>
    </p>
   </div>
   <div class='ocr_carea' id='block_1_52' title="bbox 465 5087 684 5158">
    <p class='ocr_par' dir='ltr' id='par_1_52' title="bbox 465 5087 684 5158">
     <span class='ocr_line' id='line_1_52' title="bbox 465 5087 684 5158; baseline -0.009 -14"><span class='ocrx_word' id='word_1_394' title='bbox 465 5087 684 5158; x_wconf 76' lang='lat' dir='ltr'><strong>fueritis.</strong></span> 
     </span>
    </p>
   </div>
   <div class='ocr_carea' id='block_1_53' title="bbox 926 5201 1590 5274">
    <p class='ocr_par' dir='ltr' id='par_1_53' title="bbox 926 5201 1590 5274">
     <span class='ocr_line' id='line_1_53' title="bbox 926 5201 1590 5274; baseline -0.003 -16"><span class='ocrx_word' id='word_1_395' title='bbox 926 5201 1155 5258; x_wconf 81' lang='lat' dir='ltr'><strong>SERMO</strong></span> <span class='ocrx_word' id='word_1_396' title='bbox 1191 5201 1422 5258; x_wconf 79' lang='lat' dir='ltr'><strong>CLXXII</strong></span> <span class='ocrx_word' id='word_1_397' title='bbox 1448 5207 1468 5227; x_wconf 85' lang='lat'><strong>&#39;</strong></span> <span class='ocrx_word' id='word_1_398' title='bbox 1497 5202 1590 5274; x_wconf 88' lang='lat' dir='ltr'><strong>(a).</strong></span> 
     </span>
    </p>
   </div>
   <div class='ocr_carea' id='block_1_54' title="bbox 463 5347 2053 5422">
    <p class='ocr_par' dir='ltr' id='par_1_54' title="bbox 463 5347 2053 5422">
     <span class='ocr_line' id='line_1_54' title="bbox 463 5347 2053 5422; baseline 0.003 -18"><span class='ocrx_word' id='word_1_399' title='bbox 463 5348 546 5405; x_wconf 86' lang='lat' dir='ltr'><strong>De</strong></span> <span class='ocrx_word' id='word_1_400' title='bbox 569 5349 728 5406; x_wconf 78' lang='lat' dir='ltr'><strong>verbis</strong></span> <span class='ocrx_word' id='word_1_401' title='bbox 754 5349 1006 5422; x_wconf 84' lang='lat' dir='ltr'><strong>Apostoti,</strong></span> <span class='ocrx_word' id='word_1_402' title='bbox 1034 5348 1055 5404; x_wconf 90' lang='lat' dir='ltr'><strong>l</strong></span> <span class='ocrx_word' id='word_1_403' title='bbox 1089 5347 1262 5403; x_wconf 84' lang='lat' dir='ltr'><strong>Thess.</strong></span> <span class='ocrx_word' id='word_1_404' title='bbox 1295 5365 1409 5420; x_wconf 83' lang='lat' dir='ltr'><strong>cap.</strong></span> <span class='ocrx_word' id='word_1_405' title='bbox 1437 5364 1509 5417; x_wconf 82' lang='lat' dir='ltr'><strong>tv,</strong></span> <span class='ocrx_word' id='word_1_406' title='bbox 1541 5349 1634 5415; x_wconf 78' lang='lat' dir='ltr'><strong>l2,</strong></span> <span class='ocrx_word' id='word_1_407' title='bbox 1665 5348 1920 5407; x_wconf 84' lang='lat' dir='ltr'><strong>Nolumus</strong></span> <span class='ocrx_word' id='word_1_408' title='bbox 1957 5368 2053 5408; x_wconf 91' lang='lat' dir='ltr'><strong>au-</strong></span> 
     </span>
    </p>
   </div>
   <div class='ocr_carea' id='block_1_55' title="bbox 466 5522 2055 5648">
    <p class='ocr_par' dir='ltr' id='par_1_55' title="bbox 466 5522 2055 5648">
     <span class='ocr_line' id='line_1_55' title="bbox 466 5522 2055 5648; baseline 0.006 -77"><span class='ocrx_word' id='word_1_409' title='bbox 466 5525 560 5637; x_wconf 59' lang='grc' dir='ltr'><strong>ηοὲ</strong></span> <span class='ocrx_word' id='word_1_410' title='bbox 572 5523 859 5648; x_wconf 48' lang='lat' dir='ltr'><strong>szcwallll’iggt</strong></span> <span class='ocrx_word' id='word_1_411' title='bbox 876 5525 1202 5588; x_wconf 85' lang='lat' dir='ltr'><strong>manuscripti.</strong></span> <span class='ocrx_word' id='word_1_412' title='bbox 1229 5531 1285 5575; x_wconf 79' lang='lat' dir='ltr'><strong>At</strong></span> <span class='ocrx_word' id='word_1_413' title='bbox 1316 5522 1458 5586; x_wconf 89' lang='lat' dir='ltr'><strong>editi,</strong></span> <span class='ocrx_word' id='word_1_414' title='bbox 1480 5523 1708 5589; x_wconf 74' lang='lat' dir='ltr'><strong>nequitia:</strong></span> <span class='ocrx_word' id='word_1_415' title='bbox 1727 5525 2055 5589; x_wconf 80' lang='lat' dir='ltr'><strong>impunitatem</strong></span> 
     </span>
    </p>
   </div>
   <div class='ocr_carea' id='block_1_56' title="bbox 531 5668 2050 5767">
    <p class='ocr_par' dir='ltr' id='par_1_56' title="bbox 531 5668 2050 5767">
     <span class='ocr_line' id='line_1_56' title="bbox 531 5668 2050 5767; baseline 0.007 -51"><span class='ocrx_word' id='word_1_416' title='bbox 531 5671 548 5691; x_wconf 83' lang='lat'><strong><em>°</em></strong></span> <span class='ocrx_word' id='word_1_417' title='bbox 946 5682 1025 5767; x_wconf 53' lang='grc' dir='ltr'><strong>ἒξ.</strong></span> <span class='ocrx_word' id='word_1_418' title='bbox 1046 5670 1130 5719; x_wconf 89' lang='lat' dir='ltr'><strong>bn.</strong></span> <span class='ocrx_word' id='word_1_419' title='bbox 1155 5669 1218 5721; x_wconf 88' lang='lat' dir='ltr'><strong>cl.</strong></span> <span class='ocrx_word' id='word_1_420' title='bbox 1238 5671 1315 5721; x_wconf 87' lang='lat' dir='ltr'><strong>cb.</strong></span> <span class='ocrx_word' id='word_1_421' title='bbox 1339 5670 1372 5720; x_wconf 89' lang='lat' dir='ltr'><strong>f.</strong></span> <span class='ocrx_word' id='word_1_422' title='bbox 1391 5670 1448 5722; x_wconf 90' lang='lat' dir='ltr'><strong>fs.</strong></span> <span class='ocrx_word' id='word_1_423' title='bbox 1467 5684 1518 5735; x_wconf 89' lang='lat' dir='ltr'><strong>g.</strong></span> <span class='ocrx_word' id='word_1_424' title='bbox 1537 5670 1572 5722; x_wconf 89' lang='grc' dir='ltr'><strong>Ι.</strong></span> <span class='ocrx_word' id='word_1_425' title='bbox 1591 5679 1652 5724; x_wconf 89' lang='lat' dir='ltr'><strong>tr.</strong></span> <span class='ocrx_word' id='word_1_426' title='bbox 1683 5685 1866 5767; x_wconf 89' lang='lat' dir='ltr'><strong>m._</strong></span> <span class='ocrx_word' id='word_1_427' title='bbox 1889 5687 1935 5725; x_wconf 90' lang='lat' dir='ltr'><strong>r.</strong></span> <span class='ocrx_word' id='word_1_428' title='bbox 1958 5687 2050 5726; x_wconf 87' lang='lat' dir='ltr'><strong>rm.</strong></span> 
     </span>
    </p>
   </div>
   <div class='ocr_carea' id='block_1_57' title="bbox 468 5731 1028 5785">
    <p class='ocr_par' dir='ltr' id='par_1_57' title="bbox 468 5731 1028 5785">
     <span class='ocr_line' id='line_1_57' title="bbox 468 5731 1028 5785; baseline -0.004 -1"><span class='ocrx_word' id='word_1_429' title='bbox 468 5731 548 5785; x_wconf 78' lang='lat' dir='ltr'><strong>vd.</strong></span> <span class='ocrx_word' id='word_1_430' title='bbox 571 5741 672 5780; x_wconf 78' lang='lat' dir='ltr'><strong>Am.</strong></span> <span class='ocrx_word' id='word_1_431' title='bbox 692 5738 768 5781; x_wconf 78' lang='lat' dir='ltr'><strong>Er.</strong></span> <span class='ocrx_word' id='word_1_432' title='bbox 793 5739 895 5780; x_wconf 84' lang='lat' dir='ltr'><strong>Par.</strong></span> <span class='ocrx_word' id='word_1_433' title='bbox 919 5737 1028 5782; x_wconf 63' lang='grc' dir='ltr'><strong>ων.</strong></span> 
     </span>
    </p>
   </div>
   <div class='ocr_carea' id='block_1_58' title="bbox 529 5811 1365 5884">
    <p class='ocr_par' dir='ltr' id='par_1_58' title="bbox 529 5811 1365 5884">
     <span class='ocr_line' id='line_1_58' title="bbox 529 5811 1365 5884; baseline 0.001 -20"><span class='ocrx_word' id='word_1_434' title='bbox 529 5813 606 5884; x_wconf 74' lang='grc' dir='ltr'><strong>(α)</strong></span> <span class='ocrx_word' id='word_1_435' title='bbox 627 5811 766 5878; x_wconf 75' lang='lat' dir='ltr'><strong>Alias,</strong></span> <span class='ocrx_word' id='word_1_436' title='bbox 791 5811 856 5863; x_wconf 89' lang='lat' dir='ltr'><strong>de</strong></span> <span class='ocrx_word' id='word_1_437' title='bbox 872 5812 1042 5864; x_wconf 83' lang='lat' dir='ltr'><strong>verbis</strong></span> <span class='ocrx_word' id='word_1_438' title='bbox 1061 5813 1269 5876; x_wconf 81' lang='lat' dir='ltr'><strong>Apostoli</strong></span> <span class='ocrx_word' id='word_1_439' title='bbox 1287 5814 1365 5868; x_wconf 65' lang='grc' dir='ltr'><strong>δε.</strong></span> 
     </span>
    </p>
   </div>
   <div class='ocr_carea' id='block_1_59' title="bbox 1739 335 2546 430">
    <p class='ocr_par' dir='ltr' id='par_1_59' title="bbox 1739 335 2546 430">
     <span class='ocr_line' id='line_1_59' title="bbox 1739 335 2546 430; baseline 0.001 -4"><span class='ocrx_word' id='word_1_440' title='bbox 1739 335 1798 426; x_wconf 86' lang='lat' dir='ltr'><strong>s.</strong></span> <span class='ocrx_word' id='word_1_441' title='bbox 1837 367 2207 428; x_wconf 71' lang='lat' dir='ltr'><strong>mansum</strong></span> <span class='ocrx_word' id='word_1_442' title='bbox 2246 370 2546 430; x_wconf 82' lang='lat' dir='ltr'><strong>EPISCOPI</strong></span> 
     </span>
    </p>
   </div>
   <div class='ocr_carea' id='block_1_60' title="bbox 2267 487 3780 563">
    <p class='ocr_par' dir='ltr' id='par_1_60' title="bbox 2267 487 3780 563">
     <span class='ocr_line' id='line_1_60' title="bbox 2267 487 3780 563; baseline 0.011 -21"><span class='ocrx_word' id='word_1_443' title='bbox 2267 495 2373 542; x_wconf 88' lang='lat' dir='ltr'><strong>tem</strong></span> <span class='ocrx_word' id='word_1_444' title='bbox 2399 502 2494 542; x_wconf 82' lang='lat' dir='ltr'><strong>vos</strong></span> <span class='ocrx_word' id='word_1_445' title='bbox 2523 487 2789 557; x_wconf 83' lang='lat' dir='ltr'><strong>ignorare,</strong></span> <span class='ocrx_word' id='word_1_446' title='bbox 2822 488 3032 557; x_wconf 88' lang='lat' dir='ltr'><strong>fratres,</strong></span> <span class='ocrx_word' id='word_1_447' title='bbox 3060 490 3129 547; x_wconf 92' lang='lat' dir='ltr'><strong>de</strong></span> <span class='ocrx_word' id='word_1_448' title='bbox 3155 491 3560 563; x_wconf 85' lang='lat' dir='ltr'><strong>dormientibus,</strong></span> <span class='ocrx_word' id='word_1_449' title='bbox 3590 507 3650 556; x_wconf 90' lang='lat' dir='ltr'><strong>ut</strong></span> <span class='ocrx_word' id='word_1_450' title='bbox 3672 517 3780 560; x_wconf 86' lang='lat' dir='ltr'><strong>non</strong></span> 
     </span>
    </p>
   </div>
   <div class='ocr_carea' id='block_1_61' title="bbox 2265 582 3776 660">
    <p class='ocr_par' dir='ltr' id='par_1_61' title="bbox 2265 582 3776 660">
     <span class='ocr_line' id='line_1_61' title="bbox 2265 582 3776 660; baseline 0.012 -25"><span class='ocrx_word' id='word_1_451' title='bbox 2265 582 2675 650; x_wconf 90' lang='lat' dir='ltr'><strong>contristemini,</strong></span> <span class='ocrx_word' id='word_1_452' title='bbox 2697 586 2834 640; x_wconf 91' lang='lat' dir='ltr'><strong>sicut</strong></span> <span class='ocrx_word' id='word_1_453' title='bbox 2853 594 2909 642; x_wconf 85' lang='lat' dir='ltr'><strong>et</strong></span> <span class='ocrx_word' id='word_1_454' title='bbox 2931 588 3113 644; x_wconf 67' lang='lat' dir='ltr'><strong>caeteri</strong></span> <span class='ocrx_word' id='word_1_455' title='bbox 3141 589 3231 659; x_wconf 89' lang='lat' dir='ltr'><strong>qui</strong></span> <span class='ocrx_word' id='word_1_456' title='bbox 3258 605 3406 660; x_wconf 89' lang='lat' dir='ltr'><strong>spem</strong></span> <span class='ocrx_word' id='word_1_457' title='bbox 3431 606 3538 648; x_wconf 92' lang='lat' dir='ltr'><strong>non</strong></span> <span class='ocrx_word' id='word_1_458' title='bbox 3561 593 3776 654; x_wconf 86' lang='lat' dir='ltr'><strong>habent.</strong></span> 
     </span>
    </p>
   </div>
   <div class='ocr_carea' id='block_1_62' title="bbox 2262 673 3780 757">
    <p class='ocr_par' dir='ltr' id='par_1_62' title="bbox 2262 673 3780 757">
     <span class='ocr_line' id='line_1_62' title="bbox 2262 673 3780 757; baseline 0.011 -29"><span class='ocrx_word' id='word_1_459' title='bbox 2262 673 2330 728; x_wconf 84' lang='lat' dir='ltr'><strong>Et</strong></span> <span class='ocrx_word' id='word_1_460' title='bbox 2373 674 2437 729; x_wconf 88' lang='lat' dir='ltr'><strong>de</strong></span> <span class='ocrx_word' id='word_1_461' title='bbox 2477 675 2708 748; x_wconf 84' lang='lat' dir='ltr'><strong>operibus</strong></span> <span class='ocrx_word' id='word_1_462' title='bbox 2749 677 3136 749; x_wconf 70' lang='lat' dir='ltr'><strong>misericordiaz,</strong></span> <span class='ocrx_word' id='word_1_463' title='bbox 3182 682 3360 752; x_wconf 88' lang='lat' dir='ltr'><strong>quibus</strong></span> <span class='ocrx_word' id='word_1_464' title='bbox 3398 688 3585 741; x_wconf 80' lang='lat' dir='ltr'><strong>mortui</strong></span> <span class='ocrx_word' id='word_1_465' title='bbox 3626 690 3780 757; x_wconf 70' lang='lat' dir='ltr'><strong>adiu-</strong></span> 
     </span>
    </p>
   </div>
   <div class='ocr_carea' id='block_1_63' title="bbox 2261 765 2565 836">
    <p class='ocr_par' dir='ltr' id='par_1_63' title="bbox 2261 765 2565 836">
     <span class='ocr_line' id='line_1_63' title="bbox 2261 765 2565 836; baseline 0.007 -18"><span class='ocrx_word' id='word_1_466' title='bbox 2261 774 2445 819; x_wconf 77' lang='lat' dir='ltr'><strong>vantur</strong></span> <span class='ocrx_word' id='word_1_467' title='bbox 2463 765 2565 836; x_wconf 89' lang='lat' dir='ltr'><strong>(a).</strong></span> 
     </span>
    </p>
   </div>
   <div class='ocr_carea' id='block_1_64' title="bbox 2260 858 3780 943">
    <p class='ocr_par' dir='ltr' id='par_1_64' title="bbox 2260 858 3780 943">
     <span class='ocr_line' id='line_1_64' title="bbox 2260 858 3780 943; baseline 0.01 -29"><span class='ocrx_word' id='word_1_468' title='bbox 2260 858 2484 916; x_wconf 81' lang='lat' dir='ltr'><strong>CAPUT</strong></span> <span class='ocrx_word' id='word_1_469' title='bbox 2521 860 2806 918; x_wconf 75' lang='lat' dir='ltr'><strong>PRIMUM.</strong></span> <span class='ocrx_word' id='word_1_470' title='bbox 2832 892 2905 904; x_wconf 94' lang='lat'><strong>—</strong></span> <span class='ocrx_word' id='word_1_471' title='bbox 2927 865 2978 921; x_wconf 78' lang='grc'><strong>1.</strong></span> <span class='ocrx_word' id='word_1_472' title='bbox 3007 864 3238 920; x_wconf 71' lang='lat' dir='ltr'><strong>Tristitia</strong></span> <span class='ocrx_word' id='word_1_473' title='bbox 3262 867 3326 922; x_wconf 90' lang='lat' dir='ltr'><strong>de</strong></span> <span class='ocrx_word' id='word_1_474' title='bbox 3349 871 3587 938; x_wconf 78' lang='lat' dir='ltr'><strong>mortuis,</strong></span> <span class='ocrx_word' id='word_1_475' title='bbox 3615 876 3780 943; x_wconf 79' lang='lat' dir='ltr'><strong>qualis</strong></span> 
     </span>
    </p>
   </div>
   <div class='ocr_carea' id='block_1_65' title="bbox 2189 951 3781 1030">
    <p class='ocr_par' dir='ltr' id='par_1_65' title="bbox 2189 951 3781 1030">
     <span class='ocr_line' id='line_1_65' title="bbox 2189 951 3781 1030; baseline 0.012 -26"><span class='ocrx_word' id='word_1_476' title='bbox 2189 951 2494 1022; x_wconf 85' lang='lat' dir='ltr'><strong>prohibetur.</strong></span> <span class='ocrx_word' id='word_1_477' title='bbox 2525 954 2792 1011; x_wconf 84' lang='lat' dir='ltr'><strong>Admonet</strong></span> <span class='ocrx_word' id='word_1_478' title='bbox 2816 971 2914 1012; x_wconf 88' lang='lat' dir='ltr'><strong>nos</strong></span> <span class='ocrx_word' id='word_1_479' title='bbox 2938 957 3126 1014; x_wconf 88' lang='lat' dir='ltr'><strong>beatus</strong></span> <span class='ocrx_word' id='word_1_480' title='bbox 3145 961 3453 1030; x_wconf 84' lang='lat' dir='ltr'><strong>Apostolus,</strong></span> <span class='ocrx_word' id='word_1_481' title='bbox 3485 972 3542 1019; x_wconf 92' lang='lat' dir='ltr'><strong>ut</strong></span> <span class='ocrx_word' id='word_1_482' title='bbox 3564 964 3632 1020; x_wconf 92' lang='lat' dir='ltr'><strong>de</strong></span> <span class='ocrx_word' id='word_1_483' title='bbox 3657 966 3781 1022; x_wconf 83' lang='lat' dir='ltr'><strong>dor-</strong></span> 
     </span>
    </p>
   </div>
   <div class='ocr_carea' id='block_1_66' title="bbox 2185 1044 3780 1120">
    <p class='ocr_par' dir='ltr' id='par_1_66' title="bbox 2185 1044 3780 1120">
     <span class='ocr_line' id='line_1_66' title="bbox 2185 1044 3780 1120; baseline 0.01 -22"><span class='ocrx_word' id='word_1_484' title='bbox 2185 1044 2505 1112; x_wconf 89' lang='lat' dir='ltr'><strong>mientibus,</strong></span> <span class='ocrx_word' id='word_1_485' title='bbox 2536 1045 2640 1102; x_wconf 90' lang='lat' dir='ltr'><strong>hoc</strong></span> <span class='ocrx_word' id='word_1_486' title='bbox 2663 1057 2780 1115; x_wconf 89' lang='lat' dir='ltr'><strong>est,</strong></span> <span class='ocrx_word' id='word_1_487' title='bbox 2812 1049 3034 1104; x_wconf 89' lang='lat' dir='ltr'><strong>mortuis</strong></span> <span class='ocrx_word' id='word_1_488' title='bbox 3054 1049 3384 1108; x_wconf 87' lang='lat' dir='ltr'><strong>charissimis</strong></span> <span class='ocrx_word' id='word_1_489' title='bbox 3411 1056 3607 1110; x_wconf 89' lang='lat' dir='ltr'><strong>nostris</strong></span> <span class='ocrx_word' id='word_1_490' title='bbox 3625 1095 3641 1120; x_wconf 91' lang='lat'><strong>,</strong></span> <span class='ocrx_word' id='word_1_491' title='bbox 3671 1074 3780 1114; x_wconf 92' lang='lat' dir='ltr'><strong>non</strong></span> 
     </span>
    </p>
   </div>
   <div class='ocr_carea' id='block_1_67' title="bbox 2185 1135 3776 1216">
    <p class='ocr_par' dir='ltr' id='par_1_67' title="bbox 2185 1135 3776 1216">
     <span class='ocr_line' id='line_1_67' title="bbox 2185 1135 3776 1216; baseline 0.008 -26"><span class='ocrx_word' id='word_1_492' title='bbox 2185 1135 2599 1203; x_wconf 88' lang='lat' dir='ltr'><strong>contristemur,</strong></span> <span class='ocrx_word' id='word_1_493' title='bbox 2638 1137 2777 1193; x_wconf 89' lang='lat' dir='ltr'><strong>sicut</strong></span> <span class='ocrx_word' id='word_1_494' title='bbox 2812 1147 2866 1193; x_wconf 93' lang='lat' dir='ltr'><strong>et</strong></span> <span class='ocrx_word' id='word_1_495' title='bbox 2902 1140 3082 1195; x_wconf 65' lang='lat' dir='ltr'><strong>caeteri</strong></span> <span class='ocrx_word' id='word_1_496' title='bbox 3120 1139 3211 1209; x_wconf 89' lang='lat' dir='ltr'><strong>qui</strong></span> <span class='ocrx_word' id='word_1_497' title='bbox 3240 1156 3388 1211; x_wconf 91' lang='lat' dir='ltr'><strong>spem</strong></span> <span class='ocrx_word' id='word_1_498' title='bbox 3420 1159 3526 1198; x_wconf 89' lang='lat' dir='ltr'><strong>non</strong></span> <span class='ocrx_word' id='word_1_499' title='bbox 3557 1143 3776 1216; x_wconf 90' lang='lat' dir='ltr'><strong>habent,</strong></span> 
     </span>
    </p>
   </div>
   <div class='ocr_carea' id='block_1_68' title="bbox 2184 1229 3776 1304">
    <p class='ocr_par' dir='ltr' id='par_1_68' title="bbox 2184 1229 3776 1304">
     <span class='ocr_line' id='line_1_68' title="bbox 2184 1229 3776 1304; baseline 0.009 -23"><span class='ocrx_word' id='word_1_500' title='bbox 2184 1240 2336 1296; x_wconf 78' lang='lat' dir='ltr'><strong>Spem</strong></span> <span class='ocrx_word' id='word_1_501' title='bbox 2359 1229 2564 1284; x_wconf 89' lang='lat' dir='ltr'><strong>scilicet</strong></span> <span class='ocrx_word' id='word_1_502' title='bbox 2586 1232 2990 1287; x_wconf 90' lang='lat' dir='ltr'><strong>resurrectionis</strong></span> <span class='ocrx_word' id='word_1_503' title='bbox 3015 1241 3071 1288; x_wconf 92' lang='lat' dir='ltr'><strong>et</strong></span> <span class='ocrx_word' id='word_1_504' title='bbox 3097 1233 3508 1304; x_wconf 88' lang='lat' dir='ltr'><strong>incorruptionis</strong></span> <span class='ocrx_word' id='word_1_505' title='bbox 3536 1248 3776 1294; x_wconf 67' lang='lat' dir='ltr'><strong>internae.</strong></span> 
     </span>
    </p>
   </div>
   <div class='ocr_carea' id='block_1_69' title="bbox 2182 1315 3779 1397">
    <p class='ocr_par' dir='ltr' id='par_1_69' title="bbox 2182 1315 3779 1397">
     <span class='ocr_line' id='line_1_69' title="bbox 2182 1315 3779 1397; baseline 0.01 -27"><span class='ocrx_word' id='word_1_506' title='bbox 2182 1315 2316 1372; x_wconf 86' lang='lat' dir='ltr'><strong>Nam</strong></span> <span class='ocrx_word' id='word_1_507' title='bbox 2357 1318 2477 1374; x_wconf 90' lang='lat' dir='ltr'><strong>ideo</strong></span> <span class='ocrx_word' id='word_1_508' title='bbox 2515 1329 2569 1374; x_wconf 91' lang='lat' dir='ltr'><strong>et</strong></span> <span class='ocrx_word' id='word_1_509' title='bbox 2604 1319 2932 1376; x_wconf 84' lang='lat' dir='ltr'><strong>dormientes</strong></span> <span class='ocrx_word' id='word_1_510' title='bbox 2973 1337 3067 1377; x_wconf 92' lang='lat' dir='ltr'><strong>eos</strong></span> <span class='ocrx_word' id='word_1_511' title='bbox 3107 1324 3338 1394; x_wconf 86' lang='lat' dir='ltr'><strong>appellat</strong></span> <span class='ocrx_word' id='word_1_512' title='bbox 3365 1324 3655 1397; x_wconf 73' lang='lat' dir='ltr'><strong>Scriptum</strong></span> <span class='ocrx_word' id='word_1_513' title='bbox 3685 1345 3779 1385; x_wconf 59' lang='lat' dir='ltr'><strong>ve.</strong></span> 
     </span>
    </p>
   </div>
   <div class='ocr_carea' id='block_1_70' title="bbox 2181 1409 3777 1485">
    <p class='ocr_par' dir='ltr' id='par_1_70' title="bbox 2181 1409 3777 1485">
     <span class='ocr_line' id='line_1_70' title="bbox 2181 1409 3777 1485; baseline 0.008 -23"><span class='ocrx_word' id='word_1_514' title='bbox 2181 1409 2458 1464; x_wconf 91' lang='lat' dir='ltr'><strong>racissima</strong></span> <span class='ocrx_word' id='word_1_515' title='bbox 2501 1411 2865 1477; x_wconf 91' lang='lat' dir='ltr'><strong>consuetudo,</strong></span> <span class='ocrx_word' id='word_1_516' title='bbox 2907 1419 2964 1466; x_wconf 92' lang='lat' dir='ltr'><strong>ut</strong></span> <span class='ocrx_word' id='word_1_517' title='bbox 3001 1428 3120 1467; x_wconf 92' lang='lat' dir='ltr'><strong>cum</strong></span> <span class='ocrx_word' id='word_1_518' title='bbox 3155 1414 3481 1472; x_wconf 90' lang='lat' dir='ltr'><strong>dormientes</strong></span> <span class='ocrx_word' id='word_1_519' title='bbox 3497 1418 3777 1485; x_wconf 82' lang='lat' dir='ltr'><strong>audimus,</strong></span> 
     </span>
    </p>
   </div>
   <div class='ocr_carea' id='block_1_71' title="bbox 2181 1501 3780 1573">
    <p class='ocr_par' dir='ltr' id='par_1_71' title="bbox 2181 1501 3780 1573">
     <span class='ocr_line' id='line_1_71' title="bbox 2181 1501 3780 1573; baseline 0.008 -18"><span class='ocrx_word' id='word_1_520' title='bbox 2181 1501 2523 1570; x_wconf 89' lang='lat' dir='ltr'><strong>evigilaturos</strong></span> <span class='ocrx_word' id='word_1_521' title='bbox 2545 1503 2763 1558; x_wconf 89' lang='lat' dir='ltr'><strong>minime</strong></span> <span class='ocrx_word' id='word_1_522' title='bbox 2782 1503 3148 1573; x_wconf 87' lang='lat' dir='ltr'><strong>desperemus.</strong></span> <span class='ocrx_word' id='word_1_523' title='bbox 3179 1505 3330 1562; x_wconf 91' lang='lat' dir='ltr'><strong>Unde</strong></span> <span class='ocrx_word' id='word_1_524' title='bbox 3350 1508 3508 1563; x_wconf 90' lang='lat' dir='ltr'><strong>etiam</strong></span> <span class='ocrx_word' id='word_1_525' title='bbox 3530 1519 3780 1568; x_wconf 87' lang='lat' dir='ltr'><strong>cantatur</strong></span> 
     </span>
    </p>
   </div>
   <div class='ocr_carea' id='block_1_72' title="bbox 2181 1591 3780 1671">
    <p class='ocr_par' dir='ltr' id='par_1_72' title="bbox 2181 1591 3780 1671">
     <span class='ocr_line' id='line_1_72' title="bbox 2181 1591 3780 1671; baseline 0.009 -24"><span class='ocrx_word' id='word_1_526' title='bbox 2181 1591 2233 1647; x_wconf 88' lang='lat' dir='ltr'><strong>in</strong></span> <span class='ocrx_word' id='word_1_527' title='bbox 2256 1592 2466 1648; x_wconf 82' lang='lat' dir='ltr'><strong>Psalmo</strong></span> <span class='ocrx_word' id='word_1_528' title='bbox 2494 1612 2507 1647; x_wconf 89' lang='lat'><strong>:</strong></span> <span class='ocrx_word' id='word_1_529' title='bbox 2537 1592 2802 1665; x_wconf 83' lang='lat' dir='ltr'><strong>Numquid</strong></span> <span class='ocrx_word' id='word_1_530' title='bbox 2826 1598 2914 1666; x_wconf 90' lang='lat' dir='ltr'><strong>qui</strong></span> <span class='ocrx_word' id='word_1_531' title='bbox 2940 1597 3146 1664; x_wconf 88' lang='lat' dir='ltr'><strong>dormit,</strong></span> <span class='ocrx_word' id='word_1_532' title='bbox 3177 1615 3275 1652; x_wconf 90' lang='lat' dir='ltr'><strong>non</strong></span> <span class='ocrx_word' id='word_1_533' title='bbox 3302 1601 3505 1671; x_wconf 87' lang='lat' dir='ltr'><strong>adjiciet</strong></span> <span class='ocrx_word' id='word_1_534' title='bbox 3528 1613 3584 1657; x_wconf 81' lang='lat' dir='ltr'><strong>ut</strong></span> <span class='ocrx_word' id='word_1_535' title='bbox 3606 1621 3780 1660; x_wconf 81' lang='lat' dir='ltr'><strong>resur-</strong></span> 
     </span>
    </p>
   </div>
   <div class='ocr_carea' id='block_1_73' title="bbox 2178 1684 3778 1766">
    <p class='ocr_par' dir='ltr' id='par_1_73' title="bbox 2178 1684 3778 1766">
     <span class='ocr_line' id='line_1_73' title="bbox 2178 1684 3778 1766; baseline 0.011 -29"><span class='ocrx_word' id='word_1_536' title='bbox 2178 1695 2265 1757; x_wconf 89' lang='lat' dir='ltr'><strong>gat</strong></span> <span class='ocrx_word' id='word_1_537' title='bbox 2309 1684 2480 1760; x_wconf 85' lang='lat' dir='ltr'><strong>(Psal.</strong></span> <span class='ocrx_word' id='word_1_538' title='bbox 2516 1702 2604 1753; x_wconf 82' lang='lat' dir='ltr'><strong>XL,</strong></span> <span class='ocrx_word' id='word_1_539' title='bbox 2635 1688 2730 1758; x_wconf 85' lang='lat'><strong>9)?</strong></span> <span class='ocrx_word' id='word_1_540' title='bbox 2761 1688 2858 1744; x_wconf 90' lang='lat' dir='ltr'><strong>Est</strong></span> <span class='ocrx_word' id='word_1_541' title='bbox 2896 1705 3023 1760; x_wconf 84' lang='lat' dir='ltr'><strong>ergo</strong></span> <span class='ocrx_word' id='word_1_542' title='bbox 3066 1690 3132 1745; x_wconf 90' lang='lat' dir='ltr'><strong>de</strong></span> <span class='ocrx_word' id='word_1_543' title='bbox 3173 1695 3394 1748; x_wconf 90' lang='lat' dir='ltr'><strong>mortuis</strong></span> <span class='ocrx_word' id='word_1_544' title='bbox 3421 1695 3500 1749; x_wconf 89' lang='lat' dir='ltr'><strong>eis</strong></span> <span class='ocrx_word' id='word_1_545' title='bbox 3527 1696 3617 1766; x_wconf 92' lang='lat' dir='ltr'><strong>qui</strong></span> <span class='ocrx_word' id='word_1_546' title='bbox 3647 1697 3778 1756; x_wconf 86' lang='lat' dir='ltr'><strong>dili-</strong></span> 
     </span>
    </p>
   </div>
   <div class='ocr_carea' id='block_1_74' title="bbox 2176 1778 3780 1852">
    <p class='ocr_par' dir='ltr' id='par_1_74' title="bbox 2176 1778 3780 1852">
     <span class='ocr_line' id='line_1_74' title="bbox 2176 1778 3780 1852; baseline 0.011 -23"><span class='ocrx_word' id='word_1_547' title='bbox 2176 1786 2308 1848; x_wconf 88' lang='lat' dir='ltr'><strong>gunt</strong></span> <span class='ocrx_word' id='word_1_548' title='bbox 2331 1778 2370 1843; x_wconf 82' lang='grc'><strong>¹,</strong></span> <span class='ocrx_word' id='word_1_549' title='bbox 2397 1778 2640 1848; x_wconf 66' lang='grc' dir='ltr'><strong>(ιυωάθηι</strong></span> <span class='ocrx_word' id='word_1_550' title='bbox 2666 1779 2877 1834; x_wconf 87' lang='lat' dir='ltr'><strong>tristitia</strong></span> <span class='ocrx_word' id='word_1_551' title='bbox 2899 1781 3128 1852; x_wconf 88' lang='lat' dir='ltr'><strong>quodam</strong></span> <span class='ocrx_word' id='word_1_552' title='bbox 3157 1784 3317 1838; x_wconf 90' lang='lat' dir='ltr'><strong>modo</strong></span> <span class='ocrx_word' id='word_1_553' title='bbox 3337 1789 3611 1844; x_wconf 89' lang='lat' dir='ltr'><strong>naturalis.</strong></span> <span class='ocrx_word' id='word_1_554' title='bbox 3634 1789 3780 1846; x_wconf 75' lang='lat' dir='ltr'><strong>Mor-</strong></span> 
     </span>
    </p>
   </div>
   <div class='ocr_carea' id='block_1_75' title="bbox 2178 1868 3780 1941">
    <p class='ocr_par' dir='ltr' id='par_1_75' title="bbox 2178 1868 3780 1941">
     <span class='ocr_line' id='line_1_75' title="bbox 2178 1868 3780 1941; baseline 0.009 -19"><span class='ocrx_word' id='word_1_555' title='bbox 2178 1874 2284 1922; x_wconf 89' lang='lat' dir='ltr'><strong>tem</strong></span> <span class='ocrx_word' id='word_1_556' title='bbox 2311 1869 2505 1939; x_wconf 87' lang='lat' dir='ltr'><strong>quippe</strong></span> <span class='ocrx_word' id='word_1_557' title='bbox 2533 1868 2735 1936; x_wconf 90' lang='lat' dir='ltr'><strong>horret,</strong></span> <span class='ocrx_word' id='word_1_558' title='bbox 2768 1886 2872 1925; x_wconf 93' lang='lat' dir='ltr'><strong>non</strong></span> <span class='ocrx_word' id='word_1_559' title='bbox 2901 1873 3104 1941; x_wconf 86' lang='lat' dir='ltr'><strong>opinio,</strong></span> <span class='ocrx_word' id='word_1_560' title='bbox 3137 1873 3230 1928; x_wconf 90' lang='lat' dir='ltr'><strong>sed</strong></span> <span class='ocrx_word' id='word_1_561' title='bbox 3260 1885 3465 1930; x_wconf 88' lang='lat' dir='ltr'><strong>natura.</strong></span> <span class='ocrx_word' id='word_1_562' title='bbox 3491 1877 3600 1934; x_wconf 83' lang='lat' dir='ltr'><strong>Nec</strong></span> <span class='ocrx_word' id='word_1_563' title='bbox 3625 1896 3780 1938; x_wconf 87' lang='lat' dir='ltr'><strong>mors</strong></span> 
     </span>
    </p>
   </div>
   <div class='ocr_carea' id='block_1_76' title="bbox 2178 1961 3782 2038">
    <p class='ocr_par' dir='ltr' id='par_1_76' title="bbox 2178 1961 3782 2038">
     <span class='ocr_line' id='line_1_76' title="bbox 2178 1961 3782 2038; baseline 0.01 -24"><span class='ocrx_word' id='word_1_564' title='bbox 2178 1961 2380 2016; x_wconf 89' lang='lat' dir='ltr'><strong>homini</strong></span> <span class='ocrx_word' id='word_1_565' title='bbox 2421 1962 2718 2035; x_wconf 87' lang='lat' dir='ltr'><strong>accideret,</strong></span> <span class='ocrx_word' id='word_1_566' title='bbox 2766 1963 2867 2018; x_wconf 92' lang='lat' dir='ltr'><strong>nisi</strong></span> <span class='ocrx_word' id='word_1_567' title='bbox 2911 1981 2978 2018; x_wconf 88' lang='lat' dir='ltr'><strong>ex</strong></span> <span class='ocrx_word' id='word_1_568' title='bbox 3020 1980 3180 2034; x_wconf 70' lang='lat' dir='ltr'><strong>poena</strong></span> <span class='ocrx_word' id='word_1_569' title='bbox 3221 1983 3380 2037; x_wconf 88' lang='lat' dir='ltr'><strong>quam</strong></span> <span class='ocrx_word' id='word_1_570' title='bbox 3422 1981 3782 2038; x_wconf 61' lang='lat' dir='ltr'><strong>praecesserat</strong></span> 
     </span>
    </p>
   </div>
   <div class='ocr_carea' id='block_1_77' title="bbox 2173 2052 3780 2128">
    <p class='ocr_par' dir='ltr' id='par_1_77' title="bbox 2173 2052 3780 2128">
     <span class='ocr_line' id='line_1_77' title="bbox 2173 2052 3780 2128; baseline 0.007 -22"><span class='ocrx_word' id='word_1_571' title='bbox 2173 2052 2347 2120; x_wconf 89' lang='lat' dir='ltr'><strong>culpa.</strong></span> <span class='ocrx_word' id='word_1_572' title='bbox 2380 2052 2715 2122; x_wconf 82' lang='lat' dir='ltr'><strong>QuaprOpter</strong></span> <span class='ocrx_word' id='word_1_573' title='bbox 2742 2053 2788 2108; x_wconf 92' lang='lat' dir='ltr'><strong>si</strong></span> <span class='ocrx_word' id='word_1_574' title='bbox 2813 2053 3061 2108; x_wconf 84' lang='lat' dir='ltr'><strong>animalia</strong></span> <span class='ocrx_word' id='word_1_575' title='bbox 3087 2071 3206 2126; x_wconf 74' lang='lat' dir='ltr'><strong>quze</strong></span> <span class='ocrx_word' id='word_1_576' title='bbox 3233 2057 3303 2112; x_wconf 90' lang='lat' dir='ltr'><strong>ita</strong></span> <span class='ocrx_word' id='word_1_577' title='bbox 3327 2069 3503 2114; x_wconf 87' lang='lat' dir='ltr'><strong>creata</strong></span> <span class='ocrx_word' id='word_1_578' title='bbox 3528 2071 3686 2128; x_wconf 91' lang='lat' dir='ltr'><strong>sunt,</strong></span> <span class='ocrx_word' id='word_1_579' title='bbox 3721 2073 3780 2119; x_wconf 87' lang='lat' dir='ltr'><strong>ut</strong></span> 
     </span>
    </p>
   </div>
   <div class='ocr_carea' id='block_1_78' title="bbox 2175 2145 3777 2221">
    <p class='ocr_par' dir='ltr' id='par_1_78' title="bbox 2175 2145 3777 2221">
     <span class='ocr_line' id='line_1_78' title="bbox 2175 2145 3777 2221; baseline 0.007 -24"><span class='ocrx_word' id='word_1_580' title='bbox 2175 2157 2272 2199; x_wconf 91' lang='lat' dir='ltr'><strong>suo</strong></span> <span class='ocrx_word' id='word_1_581' title='bbox 2297 2159 2521 2214; x_wconf 70' lang='lat' dir='ltr'><strong>qureque</strong></span> <span class='ocrx_word' id='word_1_582' title='bbox 2549 2152 2788 2214; x_wconf 89' lang='lat' dir='ltr'><strong>tempore</strong></span> <span class='ocrx_word' id='word_1_583' title='bbox 2816 2145 3139 2214; x_wconf 91' lang='lat' dir='ltr'><strong>moriantur,</strong></span> <span class='ocrx_word' id='word_1_584' title='bbox 3168 2150 3655 2221; x_wconf 75' lang='lat' dir='ltr'><strong>mortem‘fugiunt,</strong></span> <span class='ocrx_word' id='word_1_585' title='bbox 3684 2153 3777 2209; x_wconf 90' lang='lat' dir='ltr'><strong>di-</strong></span> 
     </span>
    </p>
   </div>
   <div class='ocr_carea' id='block_1_79' title="bbox 2174 2235 3781 2309">
    <p class='ocr_par' dir='ltr' id='par_1_79' title="bbox 2174 2235 3781 2309">
     <span class='ocr_line' id='line_1_79' title="bbox 2174 2235 3781 2309; baseline 0.006 -20"><span class='ocrx_word' id='word_1_586' title='bbox 2174 2235 2342 2306; x_wconf 86' lang='lat' dir='ltr'><strong>ligunt</strong></span> <span class='ocrx_word' id='word_1_587' title='bbox 2367 2236 2562 2301; x_wconf 86' lang='lat' dir='ltr'><strong>vitam;</strong></span> <span class='ocrx_word' id='word_1_588' title='bbox 2592 2245 2791 2306; x_wconf 89' lang='lat' dir='ltr'><strong>quanto</strong></span> <span class='ocrx_word' id='word_1_589' title='bbox 2813 2236 2983 2306; x_wconf 89' lang='lat' dir='ltr'><strong>magis</strong></span> <span class='ocrx_word' id='word_1_590' title='bbox 3007 2236 3187 2306; x_wconf 89' lang='lat' dir='ltr'><strong>homo,</strong></span> <span class='ocrx_word' id='word_1_591' title='bbox 3211 2240 3298 2309; x_wconf 92' lang='lat' dir='ltr'><strong>qui</strong></span> <span class='ocrx_word' id='word_1_592' title='bbox 3325 2240 3403 2294; x_wconf 89' lang='lat' dir='ltr'><strong>sic</strong></span> <span class='ocrx_word' id='word_1_593' title='bbox 3428 2241 3598 2297; x_wconf 87' lang='lat' dir='ltr'><strong>fuerat</strong></span> <span class='ocrx_word' id='word_1_594' title='bbox 3621 2258 3781 2298; x_wconf 87' lang='lat' dir='ltr'><strong>crea-</strong></span> 
     </span>
    </p>
   </div>
   <div class='ocr_carea' id='block_1_80' title="bbox 2174 2328 3778 2407">
    <p class='ocr_par' dir='ltr' id='par_1_80' title="bbox 2174 2328 3778 2407">
     <span class='ocr_line' id='line_1_80' title="bbox 2174 2328 3778 2407; baseline 0.006 -25"><span class='ocrx_word' id='word_1_595' title='bbox 2174 2335 2288 2407; x_wconf 88' lang='lat' dir='ltr'><strong>tus,</strong></span> <span class='ocrx_word' id='word_1_596' title='bbox 2322 2338 2380 2382; x_wconf 93' lang='lat' dir='ltr'><strong>ut</strong></span> <span class='ocrx_word' id='word_1_597' title='bbox 2404 2329 2450 2384; x_wconf 91' lang='lat' dir='ltr'><strong>si</strong></span> <span class='ocrx_word' id='word_1_598' title='bbox 2478 2328 2655 2382; x_wconf 81' lang='lat' dir='ltr'><strong>vivere</strong></span> <span class='ocrx_word' id='word_1_599' title='bbox 2685 2329 2800 2382; x_wconf 91' lang='lat' dir='ltr'><strong>sine</strong></span> <span class='ocrx_word' id='word_1_600' title='bbox 2831 2337 3050 2399; x_wconf 90' lang='lat' dir='ltr'><strong>peccato</strong></span> <span class='ocrx_word' id='word_1_601' title='bbox 3074 2330 3366 2398; x_wconf 89' lang='lat' dir='ltr'><strong>voluisset,</strong></span> <span class='ocrx_word' id='word_1_602' title='bbox 3393 2333 3510 2388; x_wconf 91' lang='lat' dir='ltr'><strong>sine</strong></span> <span class='ocrx_word' id='word_1_603' title='bbox 3538 2335 3778 2391; x_wconf 91' lang='lat' dir='ltr'><strong>termino</strong></span> 
     </span>
    </p>
   </div>
   <div class='ocr_carea' id='block_1_81' title="bbox 2172 2419 3777 2493">
    <p class='ocr_par' dir='ltr' id='par_1_81' title="bbox 2172 2419 3777 2493">
     <span class='ocr_line' id='line_1_81' title="bbox 2172 2419 3777 2493; baseline 0.006 -19"><span class='ocrx_word' id='word_1_604' title='bbox 2172 2420 2415 2475; x_wconf 85' lang='lat' dir='ltr'><strong>viveret?</strong></span> <span class='ocrx_word' id='word_1_605' title='bbox 2459 2419 2590 2474; x_wconf 84' lang='lat' dir='ltr'><strong>illnc</strong></span> <span class='ocrx_word' id='word_1_606' title='bbox 2634 2419 2812 2489; x_wconf 89' lang='lat' dir='ltr'><strong>itaque</strong></span> <span class='ocrx_word' id='word_1_607' title='bbox 2859 2435 3084 2476; x_wconf 88' lang='lat' dir='ltr'><strong>necesse</strong></span> <span class='ocrx_word' id='word_1_608' title='bbox 3126 2430 3208 2478; x_wconf 90' lang='lat' dir='ltr'><strong>est</strong></span> <span class='ocrx_word' id='word_1_609' title='bbox 3252 2430 3310 2477; x_wconf 91' lang='lat' dir='ltr'><strong>ut</strong></span> <span class='ocrx_word' id='word_1_610' title='bbox 3355 2423 3534 2480; x_wconf 90' lang='lat' dir='ltr'><strong>tristes</strong></span> <span class='ocrx_word' id='word_1_611' title='bbox 3576 2425 3777 2493; x_wconf 88' lang='lat' dir='ltr'><strong>simus,</strong></span> 
     </span>
    </p>
   </div>
   <div class='ocr_carea' id='block_1_82' title="bbox 2171 2512 3777 2590">
    <p class='ocr_par' dir='ltr' id='par_1_82' title="bbox 2171 2512 3777 2590">
     <span class='ocr_line' id='line_1_82' title="bbox 2171 2512 3777 2590; baseline 0.005 -24"><span class='ocrx_word' id='word_1_612' title='bbox 2171 2512 2386 2584; x_wconf 91' lang='lat' dir='ltr'><strong>quando</strong></span> <span class='ocrx_word' id='word_1_613' title='bbox 2425 2527 2525 2567; x_wconf 90' lang='lat' dir='ltr'><strong>nos</strong></span> <span class='ocrx_word' id='word_1_614' title='bbox 2569 2512 2845 2567; x_wconf 90' lang='lat' dir='ltr'><strong>moriendo</strong></span> <span class='ocrx_word' id='word_1_615' title='bbox 2885 2512 3139 2568; x_wconf 87' lang='lat' dir='ltr'><strong>deserunt</strong></span> <span class='ocrx_word' id='word_1_616' title='bbox 3165 2529 3299 2584; x_wconf 90' lang='lat' dir='ltr'><strong>quos</strong></span> <span class='ocrx_word' id='word_1_617' title='bbox 3327 2531 3568 2572; x_wconf 88' lang='lat' dir='ltr'><strong>amamus</strong></span> <span class='ocrx_word' id='word_1_618' title='bbox 3599 2535 3612 2571; x_wconf 96' lang='lat'>:</span> <span class='ocrx_word' id='word_1_619' title='bbox 3643 2521 3777 2590; x_wconf 87' lang='lat' dir='ltr'><strong>quia</strong></span> 
     </span>
    </p>
   </div>
   <div class='ocr_carea' id='block_1_83' title="bbox 2171 2604 3778 2679">
    <p class='ocr_par' dir='ltr' id='par_1_83' title="bbox 2171 2604 3778 2679">
     <span class='ocr_line' id='line_1_83' title="bbox 2171 2604 3778 2679; baseline 0.004 -19"><span class='ocrx_word' id='word_1_620' title='bbox 2171 2604 2270 2660; x_wconf 89' lang='lat' dir='ltr'><strong>etsi</strong></span> <span class='ocrx_word' id='word_1_621' title='bbox 2297 2605 2542 2660; x_wconf 90' lang='lat' dir='ltr'><strong>novimus</strong></span> <span class='ocrx_word' id='word_1_622' title='bbox 2561 2619 2656 2660; x_wconf 90' lang='lat' dir='ltr'><strong>eos</strong></span> <span class='ocrx_word' id='word_1_623' title='bbox 2677 2620 2783 2659; x_wconf 92' lang='lat' dir='ltr'><strong>non</strong></span> <span class='ocrx_word' id='word_1_624' title='bbox 2807 2605 2861 2660; x_wconf 91' lang='lat' dir='ltr'><strong>in</strong></span> <span class='ocrx_word' id='word_1_625' title='bbox 2881 2614 3135 2661; x_wconf 71' lang='lat' dir='ltr'><strong>aeternum</strong></span> <span class='ocrx_word' id='word_1_626' title='bbox 3163 2608 3465 2679; x_wconf 88' lang='lat' dir='ltr'><strong>relinquere</strong></span> <span class='ocrx_word' id='word_1_627' title='bbox 3491 2626 3590 2665; x_wconf 91' lang='lat' dir='ltr'><strong>nos</strong></span> <span class='ocrx_word' id='word_1_628' title='bbox 3617 2627 3778 2667; x_wconf 84' lang='lat' dir='ltr'><strong>man-</strong></span> 
     </span>
    </p>
   </div>
   <div class='ocr_carea' id='block_1_84' title="bbox 2174 2696 3775 2768">
    <p class='ocr_par' dir='ltr' id='par_1_84' title="bbox 2174 2696 3775 2768">
     <span class='ocr_line' id='line_1_84' title="bbox 2174 2696 3775 2768; baseline 0.006 -18"><span class='ocrx_word' id='word_1_629' title='bbox 2174 2710 2363 2762; x_wconf 91' lang='lat' dir='ltr'><strong>suros,</strong></span> <span class='ocrx_word' id='word_1_630' title='bbox 2395 2696 2488 2750; x_wconf 91' lang='lat' dir='ltr'><strong>sed</strong></span> <span class='ocrx_word' id='word_1_631' title='bbox 2530 2696 2856 2766; x_wconf 88' lang='lat' dir='ltr'><strong>aliquantum</strong></span> <span class='ocrx_word' id='word_1_632' title='bbox 2901 2697 3205 2768; x_wconf 79' lang='lat' dir='ltr'><strong>praecedere</strong></span> <span class='ocrx_word' id='word_1_633' title='bbox 3239 2710 3546 2766; x_wconf 89' lang='lat' dir='ltr'><strong>secuturos;</strong></span> <span class='ocrx_word' id='word_1_634' title='bbox 3586 2711 3775 2760; x_wconf 86' lang='lat' dir='ltr'><strong>tamen</strong></span> 
     </span>
    </p>
   </div>
   <div class='ocr_carea' id='block_1_85' title="bbox 2171 2787 3774 2862">
    <p class='ocr_par' dir='ltr' id='par_1_85' title="bbox 2171 2787 3774 2862">
     <span class='ocr_line' id='line_1_85' title="bbox 2171 2787 3774 2862; baseline 0.006 -22"><span class='ocrx_word' id='word_1_635' title='bbox 2171 2801 2319 2841; x_wconf 91' lang='lat' dir='ltr'><strong>mors</strong></span> <span class='ocrx_word' id='word_1_636' title='bbox 2341 2787 2453 2856; x_wconf 89' lang='lat' dir='ltr'><strong>ipsa</strong></span> <span class='ocrx_word' id='word_1_637' title='bbox 2478 2802 2637 2856; x_wconf 90' lang='lat' dir='ltr'><strong>quam</strong></span> <span class='ocrx_word' id='word_1_638' title='bbox 2659 2797 2845 2842; x_wconf 86' lang='lat' dir='ltr'><strong>natura</strong></span> <span class='ocrx_word' id='word_1_639' title='bbox 2870 2788 3080 2858; x_wconf 88' lang='lat' dir='ltr'><strong>refugit,</strong></span> <span class='ocrx_word' id='word_1_640' title='bbox 3103 2804 3223 2844; x_wconf 91' lang='lat' dir='ltr'><strong>cum</strong></span> <span class='ocrx_word' id='word_1_641' title='bbox 3246 2801 3469 2861; x_wconf 84' lang='lat' dir='ltr'><strong>occupat</strong></span> <span class='ocrx_word' id='word_1_642' title='bbox 3487 2793 3774 2862; x_wconf 86' lang='lat' dir='ltr'><strong>dilectum,</strong></span> 
     </span>
    </p>
   </div>
   <div class='ocr_carea' id='block_1_86' title="bbox 2169 2877 3776 2948">
    <p class='ocr_par' dir='ltr' id='par_1_86' title="bbox 2169 2877 3776 2948">
     <span class='ocr_line' id='line_1_86' title="bbox 2169 2877 3776 2948; baseline 0.004 -15"><span class='ocrx_word' id='word_1_643' title='bbox 2169 2879 2448 2933; x_wconf 87' lang='lat' dir='ltr'><strong>contristat</strong></span> <span class='ocrx_word' id='word_1_644' title='bbox 2489 2879 2540 2932; x_wconf 92' lang='lat' dir='ltr'><strong>in</strong></span> <span class='ocrx_word' id='word_1_645' title='bbox 2585 2877 2738 2933; x_wconf 92' lang='lat' dir='ltr'><strong>nobis</strong></span> <span class='ocrx_word' id='word_1_646' title='bbox 2781 2879 2947 2948; x_wconf 91' lang='lat' dir='ltr'><strong>ipsius</strong></span> <span class='ocrx_word' id='word_1_647' title='bbox 2988 2879 3292 2935; x_wconf 90' lang='lat' dir='ltr'><strong>dilectionis</strong></span> <span class='ocrx_word' id='word_1_648' title='bbox 3331 2880 3601 2937; x_wconf 79' lang='lat' dir='ltr'><strong>affectum.</strong></span> <span class='ocrx_word' id='word_1_649' title='bbox 3635 2883 3776 2941; x_wconf 85' lang='lat' dir='ltr'><strong>Ideo</strong></span> 
     </span>
    </p>
   </div>
   <div class='ocr_carea' id='block_1_87' title="bbox 2170 2969 3773 3042">
    <p class='ocr_par' dir='ltr' id='par_1_87' title="bbox 2170 2969 3773 3042">
     <span class='ocr_line' id='line_1_87' title="bbox 2170 2969 3773 3042; baseline 0.004 -18"><span class='ocrx_word' id='word_1_650' title='bbox 2170 2984 2275 3024; x_wconf 92' lang='lat' dir='ltr'><strong>non</strong></span> <span class='ocrx_word' id='word_1_651' title='bbox 2307 2969 2584 3023; x_wconf 90' lang='lat' dir='ltr'><strong>admonuit</strong></span> <span class='ocrx_word' id='word_1_652' title='bbox 2611 2970 2929 3039; x_wconf 90' lang='lat' dir='ltr'><strong>Apostolus,</strong></span> <span class='ocrx_word' id='word_1_653' title='bbox 2965 2979 3022 3024; x_wconf 90' lang='lat' dir='ltr'><strong>ut</strong></span> <span class='ocrx_word' id='word_1_654' title='bbox 3063 2986 3168 3025; x_wconf 93' lang='lat' dir='ltr'><strong>non</strong></span> <span class='ocrx_word' id='word_1_655' title='bbox 3203 2973 3616 3041; x_wconf 88' lang='lat' dir='ltr'><strong>contristemur;</strong></span> <span class='ocrx_word' id='word_1_656' title='bbox 3645 2976 3773 3042; x_wconf 85' lang='lat' dir='ltr'><strong>sed,</strong></span> 
     </span>
    </p>
   </div>
   <div class='ocr_carea' id='block_1_88' title="bbox 2170 3062 3776 3132">
    <p class='ocr_par' dir='ltr' id='par_1_88' title="bbox 2170 3062 3776 3132">
     <span class='ocr_line' id='line_1_88' title="bbox 2170 3062 3776 3132; baseline 0.006 -17"><span class='ocrx_word' id='word_1_657' title='bbox 2170 3075 2275 3115; x_wconf 86' lang='lat' dir='ltr'><strong>non</strong></span> <span class='ocrx_word' id='word_1_658' title='bbox 2315 3062 2442 3114; x_wconf 81' lang='lat' dir='ltr'><strong>sicut</strong></span> <span class='ocrx_word' id='word_1_659' title='bbox 2480 3062 2646 3115; x_wconf 78' lang='lat' dir='ltr'><strong>cwteri</strong></span> <span class='ocrx_word' id='word_1_660' title='bbox 2685 3063 2770 3131; x_wconf 84' lang='lat' dir='ltr'><strong>qui</strong></span> <span class='ocrx_word' id='word_1_661' title='bbox 2812 3079 2950 3132; x_wconf 84' lang='lat' dir='ltr'><strong>spent</strong></span> <span class='ocrx_word' id='word_1_662' title='bbox 2992 3080 3090 3117; x_wconf 89' lang='lat' dir='ltr'><strong>non</strong></span> <span class='ocrx_word' id='word_1_663' title='bbox 3132 3063 3332 3119; x_wconf 80' lang='lat' dir='ltr'><strong>habent.</strong></span> <span class='ocrx_word' id='word_1_664' title='bbox 3372 3065 3776 3125; x_wconf 75' lang='lat' dir='ltr'><strong>Contristaer</strong></span> 
     </span>
    </p>
   </div>
   <div class='ocr_carea' id='block_1_89' title="bbox 2167 3154 3770 3228">
    <p class='ocr_par' dir='ltr' id='par_1_89' title="bbox 2167 3154 3770 3228">
     <span class='ocr_line' id='line_1_89' title="bbox 2167 3154 3770 3228; baseline 0.005 -20"><span class='ocrx_word' id='word_1_665' title='bbox 2167 3167 2297 3223; x_wconf 86' lang='lat' dir='ltr'><strong>ergo</strong></span> <span class='ocrx_word' id='word_1_666' title='bbox 2323 3167 2418 3207; x_wconf 90' lang='lat' dir='ltr'><strong>nos</strong></span> <span class='ocrx_word' id='word_1_667' title='bbox 2441 3154 2492 3207; x_wconf 93' lang='lat' dir='ltr'><strong>in</strong></span> <span class='ocrx_word' id='word_1_668' title='bbox 2517 3161 2818 3208; x_wconf 89' lang='lat' dir='ltr'><strong>nostrorum</strong></span> <span class='ocrx_word' id='word_1_669' title='bbox 2840 3155 3100 3209; x_wconf 87' lang='lat' dir='ltr'><strong>mortibus</strong></span> <span class='ocrx_word' id='word_1_670' title='bbox 3123 3157 3440 3213; x_wconf 88' lang='lat' dir='ltr'><strong>necessitate</strong></span> <span class='ocrx_word' id='word_1_671' title='bbox 3459 3159 3770 3228; x_wconf 83' lang='lat' dir='ltr'><strong>amittendi,</strong></span> 
     </span>
    </p>
   </div>
   <div class='ocr_carea' id='block_1_90' title="bbox 2169 3243 3775 3317">
    <p class='ocr_par' dir='ltr' id='par_1_90' title="bbox 2169 3243 3775 3317">
     <span class='ocr_line' id='line_1_90' title="bbox 2169 3243 3775 3317; baseline 0.004 -17"><span class='ocrx_word' id='word_1_672' title='bbox 2169 3243 2262 3300; x_wconf 90' lang='lat' dir='ltr'><strong>sed</strong></span> <span class='ocrx_word' id='word_1_673' title='bbox 2290 3259 2411 3299; x_wconf 93' lang='lat' dir='ltr'><strong>cum</strong></span> <span class='ocrx_word' id='word_1_674' title='bbox 2441 3259 2535 3314; x_wconf 89' lang='lat' dir='ltr'><strong>spe</strong></span> <span class='ocrx_word' id='word_1_675' title='bbox 2562 3244 2871 3314; x_wconf 87' lang='lat' dir='ltr'><strong>recipiendi.</strong></span> <span class='ocrx_word' id='word_1_676' title='bbox 2905 3243 3033 3299; x_wconf 83' lang='lat' dir='ltr'><strong>inde</strong></span> <span class='ocrx_word' id='word_1_677' title='bbox 3055 3247 3328 3317; x_wconf 88' lang='lat' dir='ltr'><strong>angimur,</strong></span> <span class='ocrx_word' id='word_1_678' title='bbox 3355 3247 3478 3304; x_wconf 92' lang='lat' dir='ltr'><strong>hinc</strong></span> <span class='ocrx_word' id='word_1_679' title='bbox 3512 3252 3775 3307; x_wconf 84' lang='lat' dir='ltr'><strong>consola-</strong></span> 
     </span>
    </p>
   </div>
   <div class='ocr_carea' id='block_1_91' title="bbox 2168 3336 3778 3406">
    <p class='ocr_par' dir='ltr' id='par_1_91' title="bbox 2168 3336 3778 3406">
     <span class='ocr_line' id='line_1_91' title="bbox 2168 3336 3778 3406; baseline 0.007 -16"><span class='ocrx_word' id='word_1_680' title='bbox 2168 3351 2288 3390; x_wconf 91' lang='lat' dir='ltr'><strong>mur</strong></span> <span class='ocrx_word' id='word_1_681' title='bbox 2316 3354 2330 3391; x_wconf 90' lang='lat'><strong>:</strong></span> <span class='ocrx_word' id='word_1_682' title='bbox 2359 3336 2482 3391; x_wconf 90' lang='lat' dir='ltr'><strong>inde</strong></span> <span class='ocrx_word' id='word_1_683' title='bbox 2524 3336 2802 3392; x_wconf 87' lang='lat' dir='ltr'><strong>inﬁrmitas</strong></span> <span class='ocrx_word' id='word_1_684' title='bbox 2845 3337 3041 3406; x_wconf 87' lang='lat' dir='ltr'><strong>afﬁcit,</strong></span> <span class='ocrx_word' id='word_1_685' title='bbox 3070 3337 3193 3398; x_wconf 89' lang='lat' dir='ltr'><strong>hinc</strong></span> <span class='ocrx_word' id='word_1_686' title='bbox 3233 3340 3365 3397; x_wconf 91' lang='lat' dir='ltr'><strong>ﬁdes</strong></span> <span class='ocrx_word' id='word_1_687' title='bbox 3391 3341 3564 3398; x_wconf 82' lang='lat' dir='ltr'><strong>reﬁcit</strong></span> <span class='ocrx_word' id='word_1_688' title='bbox 3593 3361 3607 3396; x_wconf 88' lang='lat'><strong>:</strong></span> <span class='ocrx_word' id='word_1_689' title='bbox 3638 3345 3778 3402; x_wconf 89' lang='lat' dir='ltr'><strong>inde</strong></span> 
     </span>
    </p>
   </div>
   <div class='ocr_carea' id='block_1_92' title="bbox 2168 3427 3773 3505">
    <p class='ocr_par' dir='ltr' id='par_1_92' title="bbox 2168 3427 3773 3505">
     <span class='ocr_line' id='line_1_92' title="bbox 2168 3427 3773 3505; baseline 0.006 -24"><span class='ocrx_word' id='word_1_690' title='bbox 2168 3427 2313 3482; x_wconf 88' lang='lat' dir='ltr'><strong>dolet</strong></span> <span class='ocrx_word' id='word_1_691' title='bbox 2341 3429 2570 3482; x_wconf 88' lang='lat' dir='ltr'><strong>lmmana</strong></span> <span class='ocrx_word' id='word_1_692' title='bbox 2595 3428 2859 3494; x_wconf 90' lang='lat' dir='ltr'><strong>conditio,</strong></span> <span class='ocrx_word' id='word_1_693' title='bbox 2895 3429 3019 3485; x_wconf 90' lang='lat' dir='ltr'><strong>hinc</strong></span> <span class='ocrx_word' id='word_1_694' title='bbox 3061 3439 3214 3486; x_wconf 88' lang='lat' dir='ltr'><strong>sanat</strong></span> <span class='ocrx_word' id='word_1_695' title='bbox 3247 3431 3423 3487; x_wconf 87' lang='lat' dir='ltr'><strong>divina</strong></span> <span class='ocrx_word' id='word_1_696' title='bbox 3454 3435 3773 3505; x_wconf 88' lang='lat' dir='ltr'><strong>promissio.</strong></span> 
     </span>
    </p>
   </div>
   <div class='ocr_carea' id='block_1_93' title="bbox 2239 3519 3777 3594">
    <p class='ocr_par' dir='ltr' id='par_1_93' title="bbox 2239 3519 3777 3594">
     <span class='ocr_line' id='line_1_93' title="bbox 2239 3519 3777 3594; baseline 0.007 -19"><span class='ocrx_word' id='word_1_697' title='bbox 2239 3519 2464 3576; x_wconf 87' lang='lat' dir='ltr'><strong>CAPUT</strong></span> <span class='ocrx_word' id='word_1_698' title='bbox 2493 3520 2556 3576; x_wconf 84' lang='grc' dir='ltr'><strong>Ῑῐ.</strong></span> <span class='ocrx_word' id='word_1_699' title='bbox 2579 3552 2649 3561; x_wconf 95' lang='lat'>—</span> <span class='ocrx_word' id='word_1_700' title='bbox 2667 3521 2721 3577; x_wconf 77' lang='lat'><strong>2.</strong></span> <span class='ocrx_word' id='word_1_701' title='bbox 2756 3522 3021 3577; x_wconf 84' lang='lat' dir='ltr'><strong>Orationes</strong></span> <span class='ocrx_word' id='word_1_702' title='bbox 3047 3532 3096 3578; x_wconf 93' lang='lat' dir='ltr'><strong>et</strong></span> <span class='ocrx_word' id='word_1_703' title='bbox 3119 3525 3427 3594; x_wconf 80' lang='lat' dir='ltr'><strong>sacriﬁcium</strong></span> <span class='ocrx_word' id='word_1_704' title='bbox 3455 3544 3518 3581; x_wconf 87' lang='lat' dir='ltr'><strong>ac</strong></span> <span class='ocrx_word' id='word_1_705' title='bbox 3544 3527 3777 3585; x_wconf 68' lang='lat' dir='ltr'><strong>elemo-</strong></span> 
     </span>
    </p>
   </div>
   <div class='ocr_carea' id='block_1_94' title="bbox 2166 3615 3775 3692">
    <p class='ocr_par' dir='ltr' id='par_1_94' title="bbox 2166 3615 3775 3692">
     <span class='ocr_line' id='line_1_94' title="bbox 2166 3615 3775 3692; baseline 0.006 -23"><span class='ocrx_word' id='word_1_706' title='bbox 2166 3629 2308 3684; x_wconf 79' lang='lat' dir='ltr'><strong>syna:</strong></span> <span class='ocrx_word' id='word_1_707' title='bbox 2346 3629 2437 3684; x_wconf 89' lang='lat' dir='ltr'><strong>pro</strong></span> <span class='ocrx_word' id='word_1_708' title='bbox 2469 3615 2735 3684; x_wconf 81' lang='lat' dir='ltr'><strong>defunctis.</strong></span> <span class='ocrx_word' id='word_1_709' title='bbox 2768 3615 2998 3670; x_wconf 88' lang='lat' dir='ltr'><strong>Proinde</strong></span> <span class='ocrx_word' id='word_1_710' title='bbox 3039 3631 3246 3687; x_wconf 76' lang='lat' dir='ltr'><strong>pompae</strong></span> <span class='ocrx_word' id='word_1_711' title='bbox 3285 3618 3519 3686; x_wconf 89' lang='lat' dir='ltr'><strong>funeris,</strong></span> <span class='ocrx_word' id='word_1_712' title='bbox 3551 3623 3775 3692; x_wconf 88' lang='lat' dir='ltr'><strong>agmina</strong></span> 
     </span>
    </p>
   </div>
   <div class='ocr_carea' id='block_1_95' title="bbox 2167 3705 3778 3778">
    <p class='ocr_par' dir='ltr' id='par_1_95' title="bbox 2167 3705 3778 3778">
     <span class='ocr_line' id='line_1_95' title="bbox 2167 3705 3778 3778; baseline 0.006 -18"><span class='ocrx_word' id='word_1_713' title='bbox 2167 3705 2558 3775; x_wconf 80' lang='lat' dir='ltr'><strong>exsequiarum,</strong></span> <span class='ocrx_word' id='word_1_714' title='bbox 2589 3709 2897 3775; x_wconf 89' lang='lat' dir='ltr'><strong>sumptuosa</strong></span> <span class='ocrx_word' id='word_1_715' title='bbox 2927 3706 3199 3778; x_wconf 82' lang='lat' dir='ltr'><strong>diligentia</strong></span> <span class='ocrx_word' id='word_1_716' title='bbox 3230 3710 3547 3778; x_wconf 60' lang='lat' dir='ltr'><strong>sepulturae,</strong></span> <span class='ocrx_word' id='word_1_717' title='bbox 3576 3727 3778 3768; x_wconf 83' lang='lat' dir='ltr'><strong>monu-</strong></span> 
     </span>
    </p>
   </div>
   <div class='ocr_carea' id='block_1_96' title="bbox 2167 3796 3776 3875">
    <p class='ocr_par' dir='ltr' id='par_1_96' title="bbox 2167 3796 3776 3875">
     <span class='ocr_line' id='line_1_96' title="bbox 2167 3796 3776 3875; baseline 0.007 -26"><span class='ocrx_word' id='word_1_718' title='bbox 2167 3804 2467 3850; x_wconf 90' lang='lat' dir='ltr'><strong>mentorum</strong></span> <span class='ocrx_word' id='word_1_719' title='bbox 2512 3796 2766 3866; x_wconf 87' lang='lat' dir='ltr'><strong>opulenta</strong></span> <span class='ocrx_word' id='word_1_720' title='bbox 2809 3799 3170 3866; x_wconf 87' lang='lat' dir='ltr'><strong>constructio,</strong></span> <span class='ocrx_word' id='word_1_721' title='bbox 3203 3801 3442 3856; x_wconf 87' lang='lat' dir='ltr'><strong>vivorum</strong></span> <span class='ocrx_word' id='word_1_722' title='bbox 3472 3812 3599 3858; x_wconf 91' lang='lat' dir='ltr'><strong>sunt</strong></span> <span class='ocrx_word' id='word_1_723' title='bbox 3629 3819 3776 3875; x_wconf 86' lang='lat' dir='ltr'><strong>qua-</strong></span> 
     </span>
    </p>
   </div>
   <div class='ocr_carea' id='block_1_97' title="bbox 2167 3888 3774 3959">
    <p class='ocr_par' dir='ltr' id='par_1_97' title="bbox 2167 3888 3774 3959">
     <span class='ocr_line' id='line_1_97' title="bbox 2167 3888 3774 3959; baseline 0.006 -17"><span class='ocrx_word' id='word_1_724' title='bbox 2167 3888 2464 3959; x_wconf 82' lang='lat' dir='ltr'><strong>liacumque</strong></span> <span class='ocrx_word' id='word_1_725' title='bbox 2491 3889 2699 3954; x_wconf 90' lang='lat' dir='ltr'><strong>solatia,</strong></span> <span class='ocrx_word' id='word_1_726' title='bbox 2730 3903 2836 3942; x_wconf 90' lang='lat' dir='ltr'><strong>non</strong></span> <span class='ocrx_word' id='word_1_727' title='bbox 2867 3889 3129 3959; x_wconf 89' lang='lat' dir='ltr'><strong>adjutoria</strong></span> <span class='ocrx_word' id='word_1_728' title='bbox 3159 3899 3512 3947; x_wconf 87' lang='lat' dir='ltr'><strong>mortuorum.</strong></span> <span class='ocrx_word' id='word_1_729' title='bbox 3544 3895 3774 3951; x_wconf 85' lang='lat' dir='ltr'><strong>Oratio-</strong></span> 
     </span>
    </p>
   </div>
   <div class='ocr_carea' id='block_1_98' title="bbox 2167 3979 3775 4054">
    <p class='ocr_par' dir='ltr' id='par_1_98' title="bbox 2167 3979 3775 4054">
     <span class='ocr_line' id='line_1_98' title="bbox 2167 3979 3775 4054; baseline 0.006 -21"><span class='ocrx_word' id='word_1_730' title='bbox 2167 3980 2320 4034; x_wconf 91' lang='lat' dir='ltr'><strong>nibus</strong></span> <span class='ocrx_word' id='word_1_731' title='bbox 2350 3995 2477 4034; x_wconf 90' lang='lat' dir='ltr'><strong>vero</strong></span> <span class='ocrx_word' id='word_1_732' title='bbox 2505 3987 2702 4034; x_wconf 79' lang='lat' dir='ltr'><strong>sancta:</strong></span> <span class='ocrx_word' id='word_1_733' title='bbox 2733 3979 2988 4036; x_wconf 70' lang='lat' dir='ltr'><strong>Ecclesiae</strong></span> <span class='ocrx_word' id='word_1_734' title='bbox 3009 4023 3026 4049; x_wconf 91' lang='lat'><strong>,</strong></span> <span class='ocrx_word' id='word_1_735' title='bbox 3054 3992 3110 4037; x_wconf 91' lang='lat' dir='ltr'><strong>et</strong></span> <span class='ocrx_word' id='word_1_736' title='bbox 3135 3983 3395 4038; x_wconf 88' lang='lat' dir='ltr'><strong>sacriﬁcio</strong></span> <span class='ocrx_word' id='word_1_737' title='bbox 3425 3985 3674 4054; x_wconf 87' lang='lat' dir='ltr'><strong>salutari,</strong></span> <span class='ocrx_word' id='word_1_738' title='bbox 3715 3997 3775 4042; x_wconf 85' lang='lat' dir='ltr'><strong>et</strong></span> 
     </span>
    </p>
   </div>
   <div class='ocr_carea' id='block_1_99' title="bbox 2163 4073 3774 4150">
    <p class='ocr_par' dir='ltr' id='par_1_99' title="bbox 2163 4073 3774 4150">
     <span class='ocr_line' id='line_1_99' title="bbox 2163 4073 3774 4150; baseline 0.007 -23"><span class='ocrx_word' id='word_1_739' title='bbox 2163 4073 2536 4144; x_wconf 87' lang='lat' dir='ltr'><strong>eleemosynis,</strong></span> <span class='ocrx_word' id='word_1_740' title='bbox 2560 4089 2677 4144; x_wconf 72' lang='lat' dir='ltr'><strong>qum</strong></span> <span class='ocrx_word' id='word_1_741' title='bbox 2699 4089 2794 4144; x_wconf 92' lang='lat' dir='ltr'><strong>pro</strong></span> <span class='ocrx_word' id='word_1_742' title='bbox 2814 4089 2998 4130; x_wconf 91' lang='lat' dir='ltr'><strong>eorum</strong></span> <span class='ocrx_word' id='word_1_743' title='bbox 3026 4076 3299 4146; x_wconf 90' lang='lat' dir='ltr'><strong>spiritibus</strong></span> <span class='ocrx_word' id='word_1_744' title='bbox 3317 4091 3626 4150; x_wconf 86' lang='lat' dir='ltr'><strong>erogantur,</strong></span> <span class='ocrx_word' id='word_1_745' title='bbox 3652 4098 3774 4138; x_wconf 89' lang='lat' dir='ltr'><strong>non</strong></span> 
     </span>
    </p>
   </div>
   <div class='ocr_carea' id='block_1_100' title="bbox 2165 4163 3776 4238">
    <p class='ocr_par' dir='ltr' id='par_1_100' title="bbox 2165 4163 3776 4238">
     <span class='ocr_line' id='line_1_100' title="bbox 2165 4163 3776 4238; baseline 0.006 -19"><span class='ocrx_word' id='word_1_746' title='bbox 2165 4173 2248 4219; x_wconf 90' lang='lat' dir='ltr'><strong>est</strong></span> <span class='ocrx_word' id='word_1_747' title='bbox 2270 4163 2614 4220; x_wconf 88' lang='lat' dir='ltr'><strong>dubitandum</strong></span> <span class='ocrx_word' id='word_1_748' title='bbox 2643 4175 2880 4230; x_wconf 91' lang='lat' dir='ltr'><strong>mortuos</strong></span> <span class='ocrx_word' id='word_1_749' title='bbox 2906 4167 3178 4238; x_wconf 89' lang='lat' dir='ltr'><strong>adjuvari;</strong></span> <span class='ocrx_word' id='word_1_750' title='bbox 3213 4179 3270 4224; x_wconf 90' lang='lat' dir='ltr'><strong>ut</strong></span> <span class='ocrx_word' id='word_1_751' title='bbox 3296 4184 3418 4225; x_wconf 91' lang='lat' dir='ltr'><strong>cum</strong></span> <span class='ocrx_word' id='word_1_752' title='bbox 3443 4172 3524 4227; x_wconf 91' lang='lat' dir='ltr'><strong>eis</strong></span> <span class='ocrx_word' id='word_1_753' title='bbox 3548 4173 3776 4229; x_wconf 79' lang='lat' dir='ltr'><strong>miseri-</strong></span> 
     </span>
    </p>
   </div>
   <div class='ocr_carea' id='block_1_101' title="bbox 2163 4257 3773 4334">
    <p class='ocr_par' dir='ltr' id='par_1_101' title="bbox 2163 4257 3773 4334">
     <span class='ocr_line' id='line_1_101' title="bbox 2163 4257 3773 4334; baseline 0.007 -23"><span class='ocrx_word' id='word_1_754' title='bbox 2163 4257 2377 4311; x_wconf 90' lang='lat' dir='ltr'><strong>cordius</strong></span> <span class='ocrx_word' id='word_1_755' title='bbox 2417 4267 2604 4327; x_wconf 86' lang='lat' dir='ltr'><strong>agatur</strong></span> <span class='ocrx_word' id='word_1_756' title='bbox 2628 4273 2658 4312; x_wconf 93' lang='lat' dir='ltr'><strong>a</strong></span> <span class='ocrx_word' id='word_1_757' title='bbox 2689 4258 2947 4328; x_wconf 91' lang='lat' dir='ltr'><strong>Domino,</strong></span> <span class='ocrx_word' id='word_1_758' title='bbox 2975 4275 3135 4331; x_wconf 90' lang='lat' dir='ltr'><strong>quam</strong></span> <span class='ocrx_word' id='word_1_759' title='bbox 3175 4277 3360 4317; x_wconf 92' lang='lat' dir='ltr'><strong>eorum</strong></span> <span class='ocrx_word' id='word_1_760' title='bbox 3391 4273 3610 4334; x_wconf 82' lang='lat' dir='ltr'><strong>peccata</strong></span> <span class='ocrx_word' id='word_1_761' title='bbox 3640 4281 3773 4323; x_wconf 50' lang='lat' dir='ltr'><strong>ma</strong></span> 
     </span>
    </p>
   </div>
   <div class='ocr_carea' id='block_1_102' title="bbox 2164 4348 3773 4422">
    <p class='ocr_par' dir='ltr' id='par_1_102' title="bbox 2164 4348 3773 4422">
     <span class='ocr_line' id='line_1_102' title="bbox 2164 4348 3773 4422; baseline 0.008 -20"><span class='ocrx_word' id='word_1_762' title='bbox 2164 4357 2408 4402; x_wconf 91' lang='lat' dir='ltr'><strong>ruerunt.</strong></span> <span class='ocrx_word' id='word_1_763' title='bbox 2461 4348 2572 4402; x_wconf 92' lang='lat' dir='ltr'><strong>lloc</strong></span> <span class='ocrx_word' id='word_1_764' title='bbox 2618 4349 2760 4403; x_wconf 91' lang='lat' dir='ltr'><strong>enim</strong></span> <span class='ocrx_word' id='word_1_765' title='bbox 2808 4365 2838 4404; x_wconf 90' lang='lat' dir='ltr'><strong>a</strong></span> <span class='ocrx_word' id='word_1_766' title='bbox 2884 4353 3120 4421; x_wconf 89' lang='lat' dir='ltr'><strong>patribus</strong></span> <span class='ocrx_word' id='word_1_767' title='bbox 3169 4353 3453 4422; x_wconf 88' lang='lat' dir='ltr'><strong>traditum,</strong></span> <span class='ocrx_word' id='word_1_768' title='bbox 3505 4356 3773 4414; x_wconf 85' lang='lat' dir='ltr'><strong>universa</strong></span> 
     </span>
    </p>
   </div>
   <div class='ocr_carea' id='block_1_103' title="bbox 2163 4439 3775 4517">
    <p class='ocr_par' dir='ltr' id='par_1_103' title="bbox 2163 4439 3775 4517">
     <span class='ocr_line' id='line_1_103' title="bbox 2163 4439 3775 4517; baseline 0.006 -21"><span class='ocrx_word' id='word_1_769' title='bbox 2163 4441 2413 4496; x_wconf 88' lang='lat' dir='ltr'><strong>observat</strong></span> <span class='ocrx_word' id='word_1_770' title='bbox 2440 4439 2675 4496; x_wconf 89' lang='lat' dir='ltr'><strong>Ecclesia</strong></span> <span class='ocrx_word' id='word_1_771' title='bbox 2694 4483 2710 4508; x_wconf 98' lang='lat'><strong>,</strong></span> <span class='ocrx_word' id='word_1_772' title='bbox 2740 4449 2800 4497; x_wconf 89' lang='lat' dir='ltr'><strong>ut</strong></span> <span class='ocrx_word' id='word_1_773' title='bbox 2825 4457 2923 4512; x_wconf 90' lang='lat' dir='ltr'><strong>pro</strong></span> <span class='ocrx_word' id='word_1_774' title='bbox 2955 4443 3034 4499; x_wconf 91' lang='lat' dir='ltr'><strong>eis</strong></span> <span class='ocrx_word' id='word_1_775' title='bbox 3073 4445 3162 4515; x_wconf 91' lang='lat' dir='ltr'><strong>qui</strong></span> <span class='ocrx_word' id='word_1_776' title='bbox 3192 4445 3244 4500; x_wconf 94' lang='lat' dir='ltr'><strong>in</strong></span> <span class='ocrx_word' id='word_1_777' title='bbox 3273 4447 3514 4517; x_wconf 90' lang='lat' dir='ltr'><strong>corporis</strong></span> <span class='ocrx_word' id='word_1_778' title='bbox 3547 4458 3604 4504; x_wconf 88' lang='lat' dir='ltr'><strong>et</strong></span> <span class='ocrx_word' id='word_1_779' title='bbox 3631 4465 3775 4505; x_wconf 81' lang='lat' dir='ltr'><strong>san-</strong></span> 
     </span>
    </p>
   </div>
   <div class='ocr_carea' id='block_1_104' title="bbox 2161 4530 3774 4606">
    <p class='ocr_par' dir='ltr' id='par_1_104' title="bbox 2161 4530 3774 4606">
     <span class='ocr_line' id='line_1_104' title="bbox 2161 4530 3774 4606; baseline 0.008 -21"><span class='ocrx_word' id='word_1_780' title='bbox 2161 4531 2337 4602; x_wconf 91' lang='lat' dir='ltr'><strong>guinis</strong></span> <span class='ocrx_word' id='word_1_781' title='bbox 2375 4530 2574 4586; x_wconf 89' lang='lat' dir='ltr'><strong>Christi</strong></span> <span class='ocrx_word' id='word_1_782' title='bbox 2616 4533 2990 4590; x_wconf 91' lang='lat' dir='ltr'><strong>communione</strong></span> <span class='ocrx_word' id='word_1_783' title='bbox 3032 4534 3267 4592; x_wconf 86' lang='lat' dir='ltr'><strong>defuncti</strong></span> <span class='ocrx_word' id='word_1_784' title='bbox 3310 4548 3470 4606; x_wconf 91' lang='lat' dir='ltr'><strong>sunt,</strong></span> <span class='ocrx_word' id='word_1_785' title='bbox 3517 4555 3644 4596; x_wconf 90' lang='lat' dir='ltr'><strong>cum</strong></span> <span class='ocrx_word' id='word_1_786' title='bbox 3694 4543 3774 4598; x_wconf 82' lang='lat' dir='ltr'><strong>ad</strong></span> 
     </span>
    </p>
   </div>
   <div class='ocr_carea' id='block_1_105' title="bbox 2162 4623 3770 4705">
    <p class='ocr_par' dir='ltr' id='par_1_105' title="bbox 2162 4623 3770 4705">
     <span class='ocr_line' id='line_1_105' title="bbox 2162 4623 3770 4705; baseline 0.009 -27"><span class='ocrx_word' id='word_1_787' title='bbox 2162 4623 2336 4694; x_wconf 88' lang='lat' dir='ltr'><strong>ipsum</strong></span> <span class='ocrx_word' id='word_1_788' title='bbox 2376 4624 2692 4679; x_wconf 84' lang='lat' dir='ltr'><strong>sacriﬁcium</strong></span> <span class='ocrx_word' id='word_1_789' title='bbox 2727 4625 2846 4680; x_wconf 90' lang='lat' dir='ltr'><strong>loco</strong></span> <span class='ocrx_word' id='word_1_790' title='bbox 2873 4640 2972 4682; x_wconf 91' lang='lat' dir='ltr'><strong>suo</strong></span> <span class='ocrx_word' id='word_1_791' title='bbox 2996 4641 3511 4700; x_wconf 86' lang='lat' dir='ltr'><strong>commemorantur,</strong></span> <span class='ocrx_word' id='word_1_792' title='bbox 3543 4643 3770 4705; x_wconf 82' lang='lat' dir='ltr'><strong>oretur,</strong></span> 
     </span>
    </p>
   </div>
   <div class='ocr_carea' id='block_1_106' title="bbox 2162 4716 3774 4789">
    <p class='ocr_par' dir='ltr' id='par_1_106' title="bbox 2162 4716 3774 4789">
     <span class='ocr_line' id='line_1_106' title="bbox 2162 4716 3774 4789; baseline 0.009 -19"><span class='ocrx_word' id='word_1_793' title='bbox 2162 4731 2225 4771; x_wconf 94' lang='lat' dir='ltr'><strong>ac</strong></span> <span class='ocrx_word' id='word_1_794' title='bbox 2259 4731 2357 4787; x_wconf 84' lang='lat' dir='ltr'><strong>pro</strong></span> <span class='ocrx_word' id='word_1_795' title='bbox 2386 4716 2489 4771; x_wconf 89' lang='lat' dir='ltr'><strong>illis</strong></span> <span class='ocrx_word' id='word_1_796' title='bbox 2527 4733 2735 4789; x_wconf 91' lang='lat' dir='ltr'><strong>quoque</strong></span> <span class='ocrx_word' id='word_1_797' title='bbox 2779 4719 2831 4775; x_wconf 92' lang='lat' dir='ltr'><strong>id</strong></span> <span class='ocrx_word' id='word_1_798' title='bbox 2873 4720 3050 4777; x_wconf 79' lang='lat' dir='ltr'><strong>oﬁ‘erri</strong></span> <span class='ocrx_word' id='word_1_799' title='bbox 3097 4735 3570 4783; x_wconf 90' lang='lat' dir='ltr'><strong>commemoretur.</strong></span> <span class='ocrx_word' id='word_1_800' title='bbox 3620 4729 3774 4785; x_wconf 86' lang='lat' dir='ltr'><strong>Cum</strong></span> 
     </span>
    </p>
   </div>
   <div class='ocr_carea' id='block_1_107' title="bbox 2162 4809 3773 4885">
    <p class='ocr_par' dir='ltr' id='par_1_107' title="bbox 2162 4809 3773 4885">
     <span class='ocr_line' id='line_1_107' title="bbox 2162 4809 3773 4885; baseline 0.01 -26"><span class='ocrx_word' id='word_1_801' title='bbox 2162 4821 2290 4862; x_wconf 89' lang='lat' dir='ltr'><strong>vero</strong></span> <span class='ocrx_word' id='word_1_802' title='bbox 2318 4822 2502 4862; x_wconf 89' lang='lat' dir='ltr'><strong>eorum</strong></span> <span class='ocrx_word' id='word_1_803' title='bbox 2539 4809 3082 4866; x_wconf 88' lang='lat' dir='ltr'><strong>commendandorum</strong></span> <span class='ocrx_word' id='word_1_804' title='bbox 3123 4827 3282 4876; x_wconf 85' lang='lat' dir='ltr'><strong>causa</strong></span> <span class='ocrx_word' id='word_1_805' title='bbox 3323 4830 3486 4885; x_wconf 87' lang='lat' dir='ltr'><strong>opera</strong></span> <span class='ocrx_word' id='word_1_806' title='bbox 3531 4817 3773 4876; x_wconf 84' lang='lat' dir='ltr'><strong>miseri-</strong></span> 
     </span>
    </p>
   </div>
   <div class='ocr_carea' id='block_1_108' title="bbox 2160 4899 3777 4986">
    <p class='ocr_par' dir='ltr' id='par_1_108' title="bbox 2160 4899 3777 4986">
     <span class='ocr_line' id='line_1_108' title="bbox 2160 4899 3777 4986; baseline 0.01 -29"><span class='ocrx_word' id='word_1_807' title='bbox 2160 4899 2359 4957; x_wconf 74' lang='lat' dir='ltr'><strong>cordiae</strong></span> <span class='ocrx_word' id='word_1_808' title='bbox 2400 4900 2768 4970; x_wconf 88' lang='lat' dir='ltr'><strong>celebrantur,</strong></span> <span class='ocrx_word' id='word_1_809' title='bbox 2803 4904 2922 4974; x_wconf 90' lang='lat' dir='ltr'><strong>quis</strong></span> <span class='ocrx_word' id='word_1_810' title='bbox 2959 4905 3038 4962; x_wconf 91' lang='lat' dir='ltr'><strong>eis</strong></span> <span class='ocrx_word' id='word_1_811' title='bbox 3074 4905 3282 4963; x_wconf 90' lang='lat' dir='ltr'><strong>dubitet</strong></span> <span class='ocrx_word' id='word_1_812' title='bbox 3308 4909 3625 4982; x_wconf 85' lang='lat' dir='ltr'><strong>suffragari,</strong></span> <span class='ocrx_word' id='word_1_813' title='bbox 3659 4930 3777 4986; x_wconf 69' lang='lat' dir='ltr'><strong>pro</strong></span> 
     </span>
    </p>
   </div>
   <div class='ocr_carea' id='block_1_109' title="bbox 2226 5079 3168 5144">
    <p class='ocr_par' dir='ltr' id='par_1_109' title="bbox 2226 5079 3168 5144">
     <span class='ocr_line' id='line_1_109' title="bbox 2226 5079 3168 5144; baseline 0.028 -23"><span class='ocrx_word' id='word_1_814' title='bbox 2226 5079 2244 5144; x_wconf 59' lang='grc' dir='ltr'><strong>ξ</strong></span> <span class='ocrx_word' id='word_1_815' title='bbox 2268 5079 2341 5144; x_wconf 75' lang='lat' dir='ltr'><strong>sic</strong></span> <span class='ocrx_word' id='word_1_816' title='bbox 2359 5085 2466 5128; x_wconf 76' lang='lat' dir='ltr'><strong>Mss.</strong></span> <span class='ocrx_word' id='word_1_817' title='bbox 2489 5079 2609 5144; x_wconf 80' lang='lat' dir='ltr'><strong>Editi</strong></span> <span class='ocrx_word' id='word_1_818' title='bbox 2626 5093 2765 5144; x_wconf 84' lang='lat' dir='ltr'><strong>vero,</strong></span> <span class='ocrx_word' id='word_1_819' title='bbox 2786 5081 2871 5144; x_wconf 84' lang='lat' dir='ltr'><strong>qui</strong></span> <span class='ocrx_word' id='word_1_820' title='bbox 2888 5082 3168 5144; x_wconf 69' lang='lat' dir='ltr'><strong>diliW-</strong></span> 
     </span>
    </p>
   </div>
   <div class='ocr_carea' id='block_1_110' title="bbox 2221 5139 3780 5208">
    <p class='ocr_par' dir='ltr' id='par_1_110' title="bbox 2221 5139 3780 5208">
     <span class='ocr_line' id='line_1_110' title="bbox 2221 5139 3780 5208; baseline 0.011 -19"><span class='ocrx_word' id='word_1_821' title='bbox 2221 5139 2374 5208; x_wconf 87' lang='lat' dir='ltr'><strong>(a)De_</strong></span> <span class='ocrx_word' id='word_1_822' title='bbox 2395 5143 2634 5208; x_wconf 74' lang='lat' dir='ltr'><strong>sermonis</strong></span> <span class='ocrx_word' id='word_1_823' title='bbox 2653 5139 3097 5208; x_wconf 55' lang='lat' dir='ltr'><strong>hujusjntegritate</strong></span> <span class='ocrx_word' id='word_1_824' title='bbox 3109 5147 3355 5200; x_wconf 77' lang='lat' dir='ltr'><strong>dubitandi</strong></span> <span class='ocrx_word' id='word_1_825' title='bbox 3375 5161 3541 5200; x_wconf 84' lang='lat' dir='ltr'><strong>ansam</strong></span> <span class='ocrx_word' id='word_1_826' title='bbox 3560 5155 3780 5208; x_wconf 69' lang='lat' dir='ltr'><strong>prebet</strong></span> 
     </span>
    </p>
   </div>
   <div class='ocr_carea' id='block_1_111' title="bbox 2159 5200 3778 5277">
    <p class='ocr_par' dir='ltr' id='par_1_111' title="bbox 2159 5200 3778 5277">
     <span class='ocr_line' id='line_1_111' title="bbox 2159 5200 3778 5277; baseline 0.01 -26"><span class='ocrx_word' id='word_1_827' title='bbox 2357 5203 2460 5265; x_wconf 88' lang='lat' dir='ltr'><strong>(qui</strong></span> <span class='ocrx_word' id='word_1_828' title='bbox 2483 5211 2559 5277; x_wconf 76' lang='lat' dir='ltr'><strong>est</strong></span> <span class='ocrx_word' id='word_1_829' title='bbox 2582 5200 2976 5277; x_wconf 48' lang='lat' dir='ltr'><strong>tletla&#39;yulgatuvs)</strong></span> <span class='ocrx_word' id='word_1_830' title='bbox 2998 5209 3056 5256; x_wconf 89' lang='lat' dir='ltr'><strong>ad</strong></span> <span class='ocrx_word' id='word_1_831' title='bbox 3080 5215 3098 5277; x_wconf 58' lang='grc' dir='ltr'><em>ε</em></span> <span class='ocrx_word' id='word_1_832' title='bbox 3116 5209 3282 5277; x_wconf 77' lang='lat' dir='ltr'><strong>&#39;1‘l_1_ess.</strong></span> <span class='ocrx_word' id='word_1_833' title='bbox 3308 5225 3380 5261; x_wconf 81' lang='lat' dir='ltr'><strong>iv:</strong></span> <span class='ocrx_word' id='word_1_834' title='bbox 3403 5200 3610 5277; x_wconf 51' lang='lat' dir='ltr'><strong>quand;</strong></span> <span class='ocrx_word' id='word_1_835' title='bbox 3626 5200 3778 5277; x_wconf 37' lang='lat' dir='ltr'><strong>prta;</strong></span> 
     </span>
    </p>
   </div>
   <div class='ocr_carea' id='block_1_112' title="bbox 2159 5263 3780 5347">
    <p class='ocr_par' dir='ltr' id='par_1_112' title="bbox 2159 5263 3780 5347">
     <span class='ocr_line' id='line_1_112' title="bbox 2159 5263 3780 5347; baseline 0.001 0"><span class='ocrx_word' id='word_1_836' title='bbox 2159 5263 2712 5347; x_wconf 50' lang='lat' dir='ltr'><strong>amemssea:</strong></span> <span class='ocrx_word' id='word_1_837' title='bbox 2729 5273 2795 5318; x_wconf 74' lang='grc' dir='ltr'><strong>ει</strong></span> <span class='ocrx_word' id='word_1_838' title='bbox 2816 5263 3140 5347; x_wconf 50' lang='lat' dir='ltr'><strong>summa.</strong></span> <span class='ocrx_word' id='word_1_839' title='bbox 3162 5271 3332 5347; x_wconf 61' lang='lat' dir='ltr'><strong>auem</strong></span> <span class='ocrx_word' id='word_1_840' title='bbox 3363 5263 3780 5347; x_wconf 50' lang='lat' dir='ltr'><strong>vetus</strong></span> 
     </span>
    </p>
   </div>
   <div class='ocr_carea' id='block_1_113' title="bbox 2159 5325 3780 5399">
    <p class='ocr_par' dir='ltr' id='par_1_113' title="bbox 2159 5325 3780 5399">
     <span class='ocr_line' id='line_1_113' title="bbox 2159 5325 3780 5399; baseline -0.03 28"><span class='ocrx_word' id='word_1_841' title='bbox 2159 5325 2213 5387; x_wconf 52' lang='lat'><strong>&#39;1’</strong></span> <span class='ocrx_word' id='word_1_842' title='bbox 2236 5343 2259 5370; x_wconf 80' lang='grc'><em>’</em></span> <span class='ocrx_word' id='word_1_843' title='bbox 2277 5340 2385 5399; x_wconf 58' lang='grc' dir='ltr'><strong>-Ψο</strong></span> <span class='ocrx_word' id='word_1_844' title='bbox 2406 5329 2595 5399; x_wconf 45' lang='lat' dir='ltr'><strong>“mm-si</strong></span> <span class='ocrx_word' id='word_1_845' title='bbox 2616 5325 2948 5399; x_wconf 53' lang='grc' dir='ltr'><strong>ἔηὲωθρέιιω</strong></span> <span class='ocrx_word' id='word_1_846' title='bbox 2964 5333 3072 5399; x_wconf 57' lang='grc' dir='ltr'><strong>βίω</strong></span> <span class='ocrx_word' id='word_1_847' title='bbox 3101 5332 3411 5396; x_wconf 68' lang='lat' dir='ltr'><strong>signiﬁcatur.</strong></span> <span class='ocrx_word' id='word_1_848' title='bbox 3433 5336 3481 5386; x_wconf 89' lang='lat' dir='ltr'><strong>id</strong></span> <span class='ocrx_word' id='word_1_849' title='bbox 3504 5325 3780 5391; x_wconf 58' lang='lat' dir='ltr'><strong>nihiltibi-</strong></span> 
     </span>
    </p>
   </div>
   <div class='ocr_carea' id='block_1_114' title="bbox 2159 5390 3779 5458">
    <p class='ocr_par' dir='ltr' id='par_1_114' title="bbox 2159 5390 3779 5458">
     <span class='ocr_line' id='line_1_114' title="bbox 2159 5390 3779 5458; baseline 0.009 -22"><span class='ocrx_word' id='word_1_850' title='bbox 2159 5401 2252 5458; x_wconf 71' lang='lat' dir='ltr'><strong>nus</strong></span> <span class='ocrx_word' id='word_1_851' title='bbox 2275 5395 2426 5438; x_wconf 87' lang='lat' dir='ltr'><strong>totum</strong></span> <span class='ocrx_word' id='word_1_852' title='bbox 2459 5390 2667 5458; x_wconf 72' lang='lat' dir='ltr'><strong>subiicit,</strong></span> <span class='ocrx_word' id='word_1_853' title='bbox 2701 5390 2828 5454; x_wconf 67' lang='lat' dir='ltr'><strong>Quod</strong></span> <span class='ocrx_word' id='word_1_854' title='bbox 2859 5393 2936 5458; x_wconf 79' lang='lat' dir='ltr'><strong>hic</strong></span> <span class='ocrx_word' id='word_1_855' title='bbox 2963 5390 3188 5443; x_wconf 68' lang='lat' dir='ltr'><strong>habetur.</strong></span> <span class='ocrx_word' id='word_1_856' title='bbox 3228 5390 3536 5458; x_wconf 45' lang='lat' dir='ltr'><strong>auget&#39;vero</strong></span> <span class='ocrx_word' id='word_1_857' title='bbox 3558 5390 3779 5452; x_wconf 77' lang='lat' dir='ltr'><strong>dubita-</strong></span> 
     </span>
    </p>
   </div>
   <div class='ocr_carea' id='block_1_115' title="bbox 2159 5451 3780 5524">
    <p class='ocr_par' dir='ltr' id='par_1_115' title="bbox 2159 5451 3780 5524">
     <span class='ocr_line' id='line_1_115' title="bbox 2159 5451 3780 5524; baseline 0.007 -22"><span class='ocrx_word' id='word_1_858' title='bbox 2159 5451 2367 5524; x_wconf 67' lang='lat' dir='ltr'><strong>tionem,</strong></span> <span class='ocrx_word' id='word_1_859' title='bbox 2393 5464 2502 5524; x_wconf 77' lang='lat' dir='ltr'><strong>cum</strong></span> <span class='ocrx_word' id='word_1_860' title='bbox 2522 5451 2842 5524; x_wconf 29' lang='lat' dir='ltr'><strong>ibidemjpost</strong></span> <span class='ocrx_word' id='word_1_861' title='bbox 2867 5455 2995 5524; x_wconf 82' lang='lat' dir='ltr'><strong>hunc</strong></span> <span class='ocrx_word' id='word_1_862' title='bbox 3029 5458 3185 5524; x_wconf 67' lang='lat' dir='ltr'><strong>ipsum</strong></span> <span class='ocrx_word' id='word_1_863' title='bbox 3213 5451 3494 5524; x_wconf 68' lang='lat' dir='ltr'><strong>sermonem</strong></span> <span class='ocrx_word' id='word_1_864' title='bbox 3523 5451 3780 5523; x_wconf 81' lang='lat' dir='ltr'><strong>proxime</strong></span> 
     </span>
    </p>
   </div>
   <div class='ocr_carea' id='block_1_116' title="bbox 2155 5513 3783 5582">
    <p class='ocr_par' dir='ltr' id='par_1_116' title="bbox 2155 5513 3783 5582">
     <span class='ocr_line' id='line_1_116' title="bbox 2155 5513 3783 5582; baseline 0.01 -20"><span class='ocrx_word' id='word_1_865' title='bbox 2155 5513 2376 5582; x_wconf 81' lang='lat' dir='ltr'><strong>adjungit</strong></span> <span class='ocrx_word' id='word_1_866' title='bbox 2395 5513 2747 5582; x_wconf 72' lang='lat' dir='ltr'><strong>subsequentis</strong></span> <span class='ocrx_word' id='word_1_867' title='bbox 2764 5520 3003 5568; x_wconf 88' lang='lat' dir='ltr'><strong>sermonis</strong></span> <span class='ocrx_word' id='word_1_868' title='bbox 3024 5513 3128 5581; x_wconf 66' lang='lat' dir='ltr'><strong>c&#39;ap.</strong></span> <span class='ocrx_word' id='word_1_869' title='bbox 3152 5519 3184 5566; x_wconf 81' lang='lat'><strong>3</strong></span> <span class='ocrx_word' id='word_1_870' title='bbox 3211 5513 3539 5582; x_wconf 74' lang='lat' dir='ltr'><strong>fragmentum</strong></span> <span class='ocrx_word' id='word_1_871' title='bbox 3560 5525 3610 5573; x_wconf 92' lang='lat' dir='ltr'><strong>in</strong></span> <span class='ocrx_word' id='word_1_872' title='bbox 3647 5513 3783 5578; x_wconf 69' lang='lat' dir='ltr'><strong>haec</strong></span> 
     </span>
    </p>
   </div>
   <div class='ocr_carea' id='block_1_117' title="bbox 2157 5576 3782 5647">
    <p class='ocr_par' dir='ltr' id='par_1_117' title="bbox 2157 5576 3782 5647">
     <span class='ocr_line' id='line_1_117' title="bbox 2157 5576 3782 5647; baseline 0.009 -22"><span class='ocrx_word' id='word_1_873' title='bbox 2157 5576 2328 5647; x_wconf 74' lang='lat' dir='ltr'><strong>verba,</strong></span> <span class='ocrx_word' id='word_1_874' title='bbox 2354 5593 2382 5647; x_wconf 43' lang='grc' dir='ltr'><strong>,α</strong></span> <span class='ocrx_word' id='word_1_875' title='bbox 2396 5582 2519 5647; x_wconf 69' lang='lat' dir='ltr'><strong>item</strong></span> <span class='ocrx_word' id='word_1_876' title='bbox 2540 5589 2618 5646; x_wconf 42' lang='lat' dir='ltr'><strong>.ex</strong></span> <span class='ocrx_word' id='word_1_877' title='bbox 2639 5577 2816 5647; x_wconf 77' lang='lat' dir='ltr'><strong>eodem</strong></span> <span class='ocrx_word' id='word_1_878' title='bbox 2833 5576 3202 5647; x_wconf 56' lang='lat' dir='ltr'><strong>sermonefb&#39;on</strong></span> <span class='ocrx_word' id='word_1_879' title='bbox 3222 5576 3406 5647; x_wconf 71' lang='lat' dir='ltr'><strong>tantum</strong></span> <span class='ocrx_word' id='word_1_880' title='bbox 3437 5587 3523 5644; x_wconf 86' lang='lat' dir='ltr'><strong>ait,</strong></span> <span class='ocrx_word' id='word_1_881' title='bbox 3558 5592 3617 5634; x_wconf 85' lang='lat' dir='ltr'><strong>(&#39;t</strong></span> <span class='ocrx_word' id='word_1_882' title='bbox 3659 5576 3782 5639; x_wconf 64' lang='lat' dir='ltr'><strong>nali</strong></span> 
     </span>
    </p>
   </div>
   <div class='ocr_carea' id='block_1_118' title="bbox 2165 5641 3784 5710">
    <p class='ocr_par' dir='ltr' id='par_1_118' title="bbox 2165 5641 3784 5710">
     <span class='ocr_line' id='line_1_118' title="bbox 2165 5641 3784 5710; baseline 0.011 -26"><span class='ocrx_word' id='word_1_883' title='bbox 2165 5655 2188 5710; x_wconf 53' lang='grc' dir='ltr'><strong>ξ</strong></span> <span class='ocrx_word' id='word_1_884' title='bbox 2210 5641 2612 5710; x_wconf 46' lang='grc' dir='ltr'><strong>ερηξνὶδιῳηὲηἱιξ</strong></span> <span class='ocrx_word' id='word_1_885' title='bbox 2645 5646 2739 5688; x_wconf 90' lang='lat' dir='ltr'><strong>etc.</strong></span> <span class='ocrx_word' id='word_1_886' title='bbox 2759 5641 2831 5710; x_wconf 84' lang='lat' dir='ltr'><strong>Sic</strong></span> <span class='ocrx_word' id='word_1_887' title='bbox 2857 5643 3080 5710; x_wconf 82' lang='lat' dir='ltr'><strong>nimirum</strong></span> <span class='ocrx_word' id='word_1_888' title='bbox 3105 5642 3309 5710; x_wconf 80' lang='lat' dir='ltr'><strong>habetur</strong></span> <span class='ocrx_word' id='word_1_889' title='bbox 3320 5645 3383 5710; x_wconf 78' lang='lat' dir='ltr'><strong>_i_n_</strong></span> <span class='ocrx_word' id='word_1_890' title='bbox 3401 5641 3562 5697; x_wconf 85' lang='lat' dir='ltr'><strong>veteri</strong></span> <span class='ocrx_word' id='word_1_891' title='bbox 3578 5649 3784 5701; x_wconf 74' lang='lat' dir='ltr'><strong>codice</strong></span> 
     </span>
    </p>
   </div>
   <div class='ocr_carea' id='block_1_119' title="bbox 2156 5700 3783 5768">
    <p class='ocr_par' dir='ltr' id='par_1_119' title="bbox 2156 5700 3783 5768">
     <span class='ocr_line' id='line_1_119' title="bbox 2156 5700 3783 5768; baseline 0.009 -20"><span class='ocrx_word' id='word_1_892' title='bbox 2156 5700 2449 5768; x_wconf 59' lang='lat' dir='ltr'><strong>Corbeiensi</strong></span> <span class='ocrx_word' id='word_1_893' title='bbox 2474 5715 2485 5748; x_wconf 87' lang='lat'><strong>:</strong></span> <span class='ocrx_word' id='word_1_894' title='bbox 2528 5700 2768 5768; x_wconf 74' lang='lat' dir='ltr'><strong>ubinunc</strong></span> <span class='ocrx_word' id='word_1_895' title='bbox 2810 5709 2974 5768; x_wconf 78' lang='lat' dir='ltr'><strong>tamen</strong></span> <span class='ocrx_word' id='word_1_896' title='bbox 2998 5706 3046 5753; x_wconf 92' lang='lat' dir='ltr'><strong>in</strong></span> <span class='ocrx_word' id='word_1_897' title='bbox 3094 5705 3232 5753; x_wconf 71' lang='lat' dir='ltr'><strong>Bedte</strong></span> <span class='ocrx_word' id='word_1_898' title='bbox 3271 5706 3416 5755; x_wconf 86' lang='lat' dir='ltr'><strong>editis</strong></span> <span class='ocrx_word' id='word_1_899' title='bbox 3449 5717 3545 5768; x_wconf 77' lang='lat' dir='ltr'><strong>est,</strong></span> <span class='ocrx_word' id='word_1_900' title='bbox 3590 5700 3783 5763; x_wconf 68' lang='lat' dir='ltr'><strong>«ueni</strong></span> 
     </span>
    </p>
   </div>
   <div class='ocr_carea' id='block_1_120' title="bbox 2159 5759 3783 5831">
    <p class='ocr_par' dir='ltr' id='par_1_120' title="bbox 2159 5759 3783 5831">
     <span class='ocr_line' id='line_1_120' title="bbox 2159 5759 3783 5831; baseline 0.009 -19"><span class='ocrx_word' id='word_1_901' title='bbox 2159 5773 2224 5812; x_wconf 83' lang='lat' dir='ltr'><strong>ex</strong></span> <span class='ocrx_word' id='word_1_902' title='bbox 2245 5761 2469 5831; x_wconf 73' lang='lat' dir='ltr'><strong>set-m._2,</strong></span> <span class='ocrx_word' id='word_1_903' title='bbox 2511 5759 2577 5810; x_wconf 87' lang='lat' dir='ltr'><strong>de</strong></span> <span class='ocrx_word' id='word_1_904' title='bbox 2617 5763 2790 5813; x_wconf 86' lang='lat' dir='ltr'><strong>eadem</strong></span> <span class='ocrx_word' id='word_1_905' title='bbox 2825 5763 3053 5816; x_wconf 86' lang='lat' dir='ltr'><strong>lectione.</strong></span> <span class='ocrx_word' id='word_1_906' title='bbox 3091 5775 3188 5816; x_wconf 70' lang='lat' dir='ltr'><strong>non</strong></span> <span class='ocrx_word' id='word_1_907' title='bbox 3220 5775 3403 5817; x_wconf 80' lang='lat' dir='ltr'><strong>tanttun</strong></span> <span class='ocrx_word' id='word_1_908' title='bbox 3444 5759 3543 5831; x_wconf 51' lang='lat' dir='ltr'><strong>ait;</strong></span> <span class='ocrx_word' id='word_1_909' title='bbox 3573 5778 3634 5824; x_wconf 68' lang='grc' dir='ltr'><strong>ιιι</strong></span> <span class='ocrx_word' id='word_1_910' title='bbox 3659 5759 3783 5826; x_wconf 56' lang='grc' dir='ltr'><strong>’δεῖ</strong></span> 
     </span>
    </p>
   </div>
   <div class='ocr_carea' id='block_1_121' title="bbox 2164 5827 3503 5888">
    <p class='ocr_par' dir='ltr' id='par_1_121' title="bbox 2164 5827 3503 5888">
     <span class='ocr_line' id='line_1_121' title="bbox 2164 5827 3503 5888; baseline 0.005 -17"><span class='ocrx_word' id='word_1_911' title='bbox 2164 5838 2189 5871; x_wconf 74' lang='grc' dir='ltr'>ι</span> <span class='ocrx_word' id='word_1_912' title='bbox 2209 5827 2581 5888; x_wconf 79' lang='lat' dir='ltr'><strong>contristenum,</strong></span> <span class='ocrx_word' id='word_1_913' title='bbox 2605 5840 2628 5869; x_wconf 78' lang='grc' dir='ltr'><strong>ι</strong></span> <span class='ocrx_word' id='word_1_914' title='bbox 2660 5833 2756 5878; x_wconf 82' lang='lat' dir='ltr'><strong>etc.</strong></span> <span class='ocrx_word' id='word_1_915' title='bbox 3501 5861 3503 5863; x_wconf 65' lang='grc' dir='ltr'><strong><em>ι</em></strong></span> 
     </span>
    </p>
   </div>
  </div>
