4108 6336
340 352 505 419 κθδτ

369 1114 458 1172 hic
484 1131 695 1189 essent,
726 1126 945 1197 pignore
972 1147 1291 1203 caruerunt,
1333 1142 1417 1196 vel
1448 1158 1554 1199 non
1584 1149 1953 1220 suscipientes,

366 1207 449 1262 vel
486 1210 536 1264 in
576 1226 800 1270 vacuum
834 1221 1185 1293 suscipientes
1216 1228 1310 1285 Dei
1338 1234 1594 1303 gratiam,
1624 1247 1679 1293 et
1714 1241 1813 1295 sibi
1848 1258 1953 1299 non

362 1299 782 1361 misericordiam
831 1310 1277 1387 thesactrizantes,
1328 1324 1422 1379 sed
1469 1325 1622 1382 iram.
1668 1328 1782 1386 Non
1824 1348 1952 1405 ergo

359 1394 586 1448 mortuis
612 1412 748 1452 nova
777 1403 963 1458 merita
1004 1420 1411 1481 comparantur,
1440 1430 1559 1472 cum
1594 1436 1689 1489 pro
1718 1422 1795 1478 eis
1823 1424 1950 1482 boni

356 1482 558 1554 aliquid
578 1501 867 1558 operantur
886 1496 967 1551 sui
989 1538 1006 1565 ,
1035 1500 1130 1556 sed
1157 1517 1339 1559 eorum
1370 1510 1796 1576 praecedentibus
1819 1530 1949 1573 con-

349 1755 438 1812 hic
467 1760 646 1817 vivere
673 1763 1023 1824 destitissent.
1056 1773 1123 1828 Et
1150 1774 1270 1833 ideo
1298 1755 1451 1836 istam
1486 1755 1676 1842 finiens
1714 1790 1938 1861 quisque

348 1848 508 1904 vitam
527 1893 542 1916 ,
573 1854 675 1909 nisi
707 1857 847 1927 quod
875 1864 1067 1918 meruit
1100 1864 1157 1920 in
1186 1867 1297 1938 ipsa
1316 1910 1331 1937 ,
1362 1886 1469 1928 non
1508 1878 1704 1944 poterit
1732 1848 1937 1938 habere

345 1950 466 2010 post
492 1944 683 2014 ipsam.

417 2031 472 2089 5.
526 2033 716 2092 Luctus
768 2050 815 2095 et
861 2044 1023 2115 οῄῑεία
1064 2047 1316 2121 defunctis
1362 2055 1658 2112 exhibenda.
1709 2060 1933 2119 Permit-

343 2130 519 2180 tantur
538 2128 716 2200 itaque
744 2132 827 2202 pia
840 2138 1000 2192 corda
1025 2138 1307 2199 cbarorum
1336 2144 1405 2202 de
1431 2162 1645 2206 suorum
1667 2156 1928 2213 mortibus

1731 383 1961 448 SERMO
1997 389 2273 462 CLXXIII.

390 460 605 550 quibus.
627 460 895 541 orationes
930 472 1055 543 Deo.
1078 505 1184 547 non
1222 491 1448 553 inaniter
1486 499 1820 574 allegantur?
1856 506 1974 563 NOII

388 570 608 627 otnnino
631 575 1004 645 ambigendum
1031 591 1130 648 est,
1160 584 1258 641 ista
1286 591 1539 659 prodesse
1561 570 1853 665 defunctis;
1880 601 1973 656 sed

386 662 583 719 talibus
611 668 699 735 qui
742 677 813 722 Ita
848 671 1075 729 vixerint
1117 686 1240 733 ante
1284 692 1511 739 mortem
1532 729 1546 751 ,
1580 696 1638 742 Iit
1665 662 1869 759 possint
1892 693 1971 749 eis

382 749 499 807 haec
528 756 674 811 utilia
710 773 829 815 esse
869 772 988 832 post
1025 778 1270 825 mortem.
1299 772 1431 829 Nam
1458 749 1544 848 qui
1576 749 1691 837 sine
1720 782 1825 839 ﬁde
1850 801 1968 855 quae

378 856 477 912 per
496 844 833 906 dilectionem
860 866 1110 923 Operatur
1134 859 1328 930 (Galat.
1353 882 1406 934 v,
1431 844 1511 939 6),
1537 870 1757 943 ejusque
1778 844 1967 932 Sacra-

376 936 605 1005 nientis,
634 939 714 1009 fde
748 947 1060 1014 corporibus
1101 952 1377 1023 exierunt,
1422 958 1616 1017 frustra
1660 965 1764 1021 illis
1794 982 1823 1021 a
1853 969 1964 1025 suis

374 1023 677 1095 hujusmodi
708 1033 919 1102 pietatis
960 1039 1340 1112 impenduntur
1375 1049 1552 1107 ofﬁcia
1575 1096 1590 1120 ,
1622 1056 1804 1125 cujus,
1833 1023 1959 1115 dum

2082 525 2251 582 spem,
2306 518 2375 576 In
2403 529 2642 584 memoria
2670 541 2859 591 «eterna
2886 539 2980 595 erit
3016 543 3192 615 justus
3208 562 3231 603 :
3252 557 3470 622 propter
3498 556 3661 614 thum

2079 618 2214 727 :em,
2261 610 2336 715 ab
2392 619 2569 675 auditu
2613 627 2748 681 malo
2799 646 2901 686 non
2960 610 3148 693 timebit
3192 610 3369 714 (Paul:
3418 610 3662 727 cxiii).

2079 694 2192 802 lirit
2214 702 2356 806 enim
2364 710 2583 807 auditus
2602 732 2707 787 quo
2728 722 2905 781 nullus
2927 727 2997 783 sit
3019 694 3664 807 pejor,‘quandddicet.t1’r.

2073 789 2324 890 sinistris,
2351 797 2434 855 Ite
2456 802 2511 857 in
2533 806 2699 877 ignem
2732 824 2993 875 veternum.
3019 789 3122 881 ἈῘ)
3158 789 3262 884 hoc
3305 833 3485 890 auditu
3514 838 3658 895 malo

2064 878 2241 949 justus
2268 903 2375 945 non
2404 893 2627 953 timebit.
2659 902 2776 960 Erit
2794 908 2937 964 enim
2961 912 3028 968 ad
3049 914 3322 976 dexteram
3363 924 3501 982 inter
3525 928 3654 986 illos

2067 976 2257 1044 quibus
2283 980 2509 1055 dicetur,
2544 988 2737 1062 Venite,
2775 998 3020 1059 benedicti
3047 1006 3219 1065 Patris
3249 1015 3367 1081 mei,
3412 1020 3651 1089 percipiat

2063 1084 2273 1184 regnum
2298 1074 2507 1147 (Matth.
2531 1099 2658 1155 xxv,
2680 1089 2770 1159 41,
2816 1092 2927 1166 54).
2958 1096 3018 1153 In
3045 1100 3142 1157 hac
3168 1074 3498 1178 autem'vi'ta,

2062 1162 2235 1218 media
2261 1176 2384 1225 ante
2409 1185 2615 1233 summa
2640 1178 2779 1237 bona
2799 1192 2854 1240 et
2870 1197 2994 1244 ante
3014 1206 3221 1251 summa
3243 1200 3379 1256 mala
3405 1162 3642 1275 ducilur,

3411 1253 3640 1275 πων,

2059 1253 2112 1308 in
2143 1259 2320 1317 medio
2343 1263 2605 1326 bonorum
2655 1276 3026 1352 malorumque
3070 1289 3391 1362 mediorum,
3440 1297 3493 1352 id
3533 1310 3640 1370 est,

3069 1797 3122 1814 v’
3166 1797 3450 1806 ~~—-"--v
3491 1797 3627 1824 τινε-ον

2042 1801 2170 1861 illud
2195 1810 2335 1878 quod
2360 1815 2662 1878 audivimus
2688 1840 2831 1883 nunc
2859 1844 2927 1885 ex
2966 1832 3254 1907 Evangelio
3274 1881 3288 1906 ,
3322 1849 3504 1899 tenere
3529 1834 3643 1902 de-V

2039 1894 2247 1968 bemus,
2271 1903 2372 1970 Qui
2398 1910 2578 1979 credit,
2612 1914 2802 1987 inquit,
2828 1922 2882 1976 in
2918 1941 3015 1991 me,
3050 1928 3164 1984 licet
3190 1934 3455 2005 moriatur,
3482 1940 3623 1995 vivit.

2039 1984 2101 2005 η-
2130 2004 2143 2005 ,
2166 1989 2197 2005 η
2550 2003 2557 2005 Α

2036 1984 2106 2041 Ει
2129 1989 2288 2047 vitam
2314 2003 2644 2072 pronuntiat,
2678 1984 2732 2063 et
2759 1984 2986 2071 mortem
3004 2034 3110 2073 non
3140 1997 3315 2093 negat.
3346 1984 3624 2091 Qulcredit

2034 2076 2087 2131 in
2104 2096 2200 2149 me,
2216 2083 2329 2139 licet
2355 2092 2618 2164 moriatur,
2641 2100 2775 2155 vivit.
2790 2102 2926 2172 Quid
2938 2119 3037 2175 est,
3053 2112 3167 2167 licet
3187 2119 3449 2186 moriatur,
3464 2124 3580 2178 vivit
3594 2126 3622 2180 2

2030 2169 2179 2227 Licet
2201 2182 2460 2237 moriatur
2484 2202 2731 2259 corpore,
2781 2169 2909 2252 vivit
2938 2203 3150 2270 spiritu.
3182 2206 3389 2266 Deinde
3422 2213 3617 2284 adjun-

2029 2262 2103 2331 git
2127 2264 2227 2320 :Et
2254 2270 2342 2337 qui
2360 2273 2477 2328 vivit
2502 2286 2547 2331 et
2566 2282 2723 2336 credit
2746 2285 2801 2338 in
2828 2304 2924 2356 me,
2957 2308 3058 2347 non
3105 2299 3344 2354 morietur
3382 2303 3435 2356 in
3471 2262 3616 2359 deter-

2027 2369 2146 2465 1:th
2168 2356 2347 2427 (Joan.
2380 2381 2454 2433 xI,
2485 2368 2573 2434 26,
2597 2371 2711 2444 25).
2735 2374 2895 2435 Certe
2925 2383 3040 2438 licet
3075 2390 3360 2459 moriatur;
3385 2356 3611 2465 quomo-

2024 2445 2113 2512 do,
2166 2450 2210 2504 si
2254 2470 2356 2509 non
2386 2461 2666 2557 morietur?
2704 2467 2810 2524 Sed
2856 2473 2969 2528 licet
2994 2480 3237 2535 moriatur
3264 2484 3331 2538 ad
3362 2494 3607 2557 tempus,

2642 2516 2651 2518 -
2704 2516 2810 2524 η-..
2856 2516 2967 2528 ..νυν
2995 2516 3225 2535 "un-sum
3264 2516 3331 2538 au
3365 2516 3607 2557 ιῦιιιμυδ,

2022 2556 2124 2595 non
2153 2547 2391 2602 morietur
2418 2516 2470 2605 in
2492 2564 2753 2614 aeternum.
2797 2562 2886 2619 Sic
2908 2566 3009 2621 ista
3037 2571 3259 2629 solvitur
3282 2579 3526 2645 quaestio,
3552 2590 3610 2636 ut

2020 2648 2126 2688 non
2158 2637 2264 2692 sint
2292 2640 2429 2697 inter
2454 2660 2512 2700 se
2532 2655 2794 2707 contraria
2826 2658 2986 2713 verba
3014 2663 3275 2731 veritatis,
3306 2677 3359 2722 et
3398 2672 3608 2739 possint

2018 2721 2284 2784 instruere
2325 2731 2571 2791 aﬁ‘ectum
2604 2741 2833 2809 pietatis.
2864 2748 3010 2821 Ergo
3037 2753 3164 2810 licet
3182 2770 3407 2828 corpore
3434 2765 3605 2818 mori-

2018 2816 2119 2870 turi
2143 2817 2305 2876 simus
2325 2863 2339 2889 ,
2366 2825 2593 2885 vivimus
2619 2832 2661 2886 si
2691 2836 2983 2895 credimus.

2087 2908 2311 2969 CAPUT
2348 2914 2488 2969 IL—
2520 2921 2573 2975 2.
2624 2924 3023 2987 Resun'ectionis
3066 2937 3215 3006 fides,
3258 2941 3497 2999 solatium
3546 2948 3601 3001 in

2015 3011 2175 3056 morte
2198 3005 2490 3063 charorum.
2522 3012 2666 3070 Mors
2693 3035 2840 3088 paena
2881 3027 3091 3093 peccati.
3120 3029 3216 3085 Est
3240 3042 3419 3089 autem
3463 3036 3598 3094 ﬁdes

2011 3100 2193 3147 nostra
2239 3100 2469 3156 maxime
2507 3100 2739 3162 discreta
2790 3110 2859 3165 ab
2888 3116 3031 3169 omni
3059 3118 3165 3174 lide
3213 3121 3501 3179 Gentilium
3542 3129 3595 3183 in

2009 3187 2402 3245 resurrectione
2430 3202 2779 3252 mortuorum.
2806 3200 2953 3258 Hanc
2978 3207 3117 3263 enim
3144 3210 3221 3265 illi
3241 3216 3459 3270 omnino
3485 3234 3593 3274 nou

2008 3274 2272 3344 recipiunt
2299 3296 2313 3332 :
2341 3282 2463 3351 quia
2490 3284 2576 3339 ubi
2602 3288 2876 3358 recipiant,
2910 3311 3014 3351 non
3043 3297 3257 3357 habent.
3291 3305 3333 3358 A
3364 3307 3589 3365 Domino

2008 3366 2149 3420 enim
2179 3383 2510 3441 praeparatur
2535 3378 2779 3437 voluntas
2818 3383 3071 3452 hominis,
3114 3403 3169 3447 ut
3194 3396 3261 3449 sit
3283 3397 3407 3453 ﬁdei
3436 3416 3591 3456 rece«

2006 3458 2276 3524 ptaculum
2335 3461 2513 3534 (Prov.
2561 3484 2673 3536 Vlll,
2722 3471 2811 3539 55,
2863 3492 2962 3531 sec.
3011 3478 3200 3553 LXX).
3233 3486 3367 3541 Dicit
3393 3489 3591 3548 Judaeis

2005 3544 2258 3603 Dominus
2289 3568 2304 3604 :
2335 3551 2514 3609 Sermo
2536 3573 2676 3615 meus
2704 3578 2804 3616 non
2834 3567 2969 3635 cupit
3010 3569 3065 3623 in
3092 3574 3231 3628 vobis
3260 3576 3436 3649 (Joan.
3468 3598 3583 3647 vIII,

2003 3634 2114 3707 37).
2148 3639 2288 3712 Ergo
2313 3640 2366 3696 in
2390 3644 2472 3699 his
2497 3648 2671 3717 capit,
2696 3652 2748 3706 in
2779 3634 2971 3723 quibus
2999 3658 3202 3718 invenit
3223 3634 3364 3735 quod
3389 3634 3583 3740 capiat:

2002 3727 2058 3783 ln
2085 3729 2168 3786 his
2194 3734 2335 3788 enim
2365 3736 2565 3794 invenit
2592 3744 2733 3811 quod
2755 3746 2928 3816 capiat
2948 3764 3126 3806 sermo
3154 3727 3425 3829 qui-capit,
3449 3727 3585 3832 quos

2001 3817 2142 3875 Deus
2171 3823 2469 3891 pollicendo
2514 3845 2622 3885 non
2670 3833 2887 3905 decipit.
2933 3839 3025 3894 Ille
3075 3817 3217 3899 enim
3272 3817 3359 3918 qui
3392 3817 3585 3922 quierit

1998 3925 2152 3966 ovem
2200 3915 2461 3984 perditam
2519 3919 2665 3991 (Luc.
2715 3940 2803 3993 xv,
2834 3926 2912 4000 4),
2957 3940 3012 3985 et
3045 3948 3199 4003 quam
3234 3915 3424 4008 quaerit
3481 3960 3578 3999 no-

1998 4002 2105 4069 vit,
2160 4013 2211 4059 et
2262 4005 2349 4061 ubi
2394 4023 2615 4078 qumrat,
2653 4024 2708 4069 et
2750 4020 3015 4087 quomodo
3053 4002 3167 4093 ejus
3208 4002 3447 4086 membra
3496 4035 3576 4091 di-

1994 4108 2181 4163 spersa
2209 4099 2446 4170 colligat,
2477 4111 2530 4158 et
2560 4104 2611 4159 in
2652 4123 2810 4164 uuam
2845 4113 3071 4171 salutem
3103 4120 3305 4191 redigat
3329 4127 3370 4192 ',
3405 4136 3459 4182 et
3502 4130 3574 4185 ita

1994 4188 2239 4245 restituat
2269 4199 2327 4245 ut
2351 4206 2469 4247 eam
2512 4196 2734 4255 ulterius
2760 4217 2864 4256 non
2893 4205 3079 4273 perdat
3101 4208 3195 4282 (a).
3222 4188 3576 4274 DOIisolemur

1993 4294 2121 4350 ergo
2148 4298 2245 4337 nos
2273 4284 2499 4342 invicem
2526 4329 2539 4355 ,
2564 4299 2618 4346 et
2640 4292 2693 4347 in
2726 4294 2809 4349 his
2837 4301 3172 4357 sermonibus
3216 4311 3430 4365 nostris.
3460 4312 3567 4368 Po-

1991 4378 2097 4425 test
2152 4388 2258 4428 non
2304 4374 2486 4432 dolere
2526 4394 2627 4434 cor
2680 4382 2967 4442 humanum
3018 4390 3266 4450 defuncto
3320 4399 3570 4459 charissi-

1991 4477 2081 4518 mo
2123 4467 2360 4522 :melius
2406 4478 2581 4525 tamen
2625 4486 2743 4528 cum
2783 4475 2928 4533 dolet
2979 4493 3196 4540 sanatur
3243 4504 3337 4543 cor
3380 4491 3570 4548 huma-

1990 4572 2116 4610 num
2147 4574 2304 4628 quam
2336 4576 2441 4616 non
2472 4562 2702 4622 dolendo
2728 4567 2788 4623 ﬁt
2831 4571 3199 4632 inhumanum.
3246 4581 3409 4640 Maria
3456 4588 3565 4642 Do-

1988 4648 2132 4703 mino
2160 4651 2482 4719 cohrerebat,
2512 4666 2566 4710 et
2610 4668 2877 4716 mortuum
2927 4665 3139 4723 fratrem
3179 4670 3409 4730 dolebat.
3459 4677 3563 4734 Sed

1985 4740 2108 4810 quid
2131 4742 2337 4797 miraris
2358 4746 2479 4815 quia
2507 4746 2664 4803 Maria
2692 4750 2904 4809 dolebat
2926 4765 3069 4824 tunc,
3093 4774 3209 4815 cum
3242 4763 3356 4832 ipse
3373 4765 3558 4823 Domi-

1984 4847 2084 4886 nus
2121 4831 2318 4888 ﬂebat?
2346 4835 2558 4893 Movere
2589 4849 2766 4896 autem
2796 4848 3042 4914 quemvis
3062 4831 3273 4918 potest
3295 4860 3561 4924 quomodo

1982 4922 2142 4979 flebat
2169 4934 2458 4996 mortuum,
2491 4944 2550 4985 se
2577 4933 2827 4988 continuo
2843 4936 3063 5005 jubente
3089 4922 3347 4999 victurum
3378 4947 3558 5017 (Joan.

1980 5011 2093 5085 xI)?
2138 5014 2253 5071 Non
2290 5027 2560 5075 mortuum
2583 5020 2764 5093 ﬂebat,
2793 5041 2948 5095 quem
2970 5028 3082 5097 ipse
3111 5011 3419 5103 suscitavit;
3466 5042 3560 5099 sed

1979 5115 2226 5176 mortem,
2253 5125 2409 5180 quam
2451 5113 2553 5168 sibi
2591 5113 2752 5172 homo
2798 5121 3067 5188 peccando
3108 5131 3453 5196 comparavit.
3500 5133 3556 5191 Si

1979 5199 2120 5254 enim
2144 5211 2420 5271 peccatum
2449 5220 2555 5261 non
2603 5211 2997 5281 praecessisset,
3037 5215 3153 5271 sine
3207 5218 3366 5277 dubio
3409 5238 3554 5282 mors

337 2217 641 2275 contristari
686 2221 871 2281 dolore
909 2230 1153 2298 sanabili,
1198 2244 1253 2289 et
1280 2240 1634 2298 consolabiles
1661 2244 1925 2318 lacrymas

335 2305 559 2366 fundant
584 2315 890 2375 conditione
914 2325 1157 2391 mortali;
1188 2342 1323 2398 quas
1366 2332 1471 2387 cito
1502 2305 1919 2405 reprimat'ﬁdei

332 2404 578 2471 gaudium
598 2448 612 2474 ,
645 2424 749 2479 qua
775 2413 1065 2471 creduntur
1093 2418 1297 2489 ﬁdeles,
1340 2404 1916 2499 quandoimoriuntur,

331 2496 603 2563 paululum
626 2516 659 2555 a
678 2503 834 2559 nobis
863 2505 1013 2563 abire
1036 2549 1050 2574 ,
1074 2518 1129 2565 et
1156 2500 1471 2570 ad'meliora‘
1494 2521 1747 2576 transire.
1776 2496 1919 2579 Con;

327 2588 570 2645 solentur
592 2606 687 2649 eos
713 2598 877 2651 etiam
903 2598 1134 2655 fraterna
1163 2603 1438 2675 obsequia,
1472 2609 1585 2664 sive
1616 2626 1734 2681 quae
1764 2612 1917 2670 fune—

326 2680 473 2738 ribus
496 2685 843 2757 exhibentur,
875 2692 988 2748 sive
1007 2709 1126 2763 qua:
1146 2696 1451 2757 dolentibus
1481 2680 1818 2773 adhibentur,
1848 2724 1916 2765 ne

325 2775 393 2829 sit
412 2774 555 2845 justa
598 2782 815 2850 querela
845 2783 1167 2855 dicentium,
1196 2788 1430 2846 Sustinui
1471 2796 1557 2864 qui
1602 2797 1753 2853 simul
1787 2816 1911 2855 con-

326 2868 624 2939 tristaretur,
672 2882 719 2927 et
764 2891 865 2930 non
913 2878 1046 2948 fuit;
1088 2888 1135 2934 et
1163 2884 1500 2952 consolantes,
1544 2896 1720 2942 etnon
1746 2890 1911 2945 inveni

322 2955 490 3028 (Psal.
524 2964 843 3036 uvmﬂl).
876 2966 957 3023 Sit
988 2985 1083 3039 pro
1126 2972 1328 3027 viribus
1372 2990 1499 3030 cura
1544 2980 1836 3048 sepeliendi
1857 2992 1911 3038 et

320 3050 563 3118 sepulcra
592 3058 936 3113 construendi
969 3078 982 3114 :
1009 3062 1131 3131 quia
1158 3073 1212 3117 et
1242 3064 1357 3120 haec
1380 3066 1437 3121 in
1465 3066 1754 3140 Scripturis
1782 3089 1908 3130 sau-

318 3140 417 3194 ctis
446 3140 586 3198 inter
623 3144 761 3201 bona
813 3162 973 3218 opera
1016 3151 1263 3222 deputata
1313 3166 1476 3212 sunt:
1503 3175 1603 3215 nec
1633 3163 1806 3218 solum
1853 3166 1905 3221 in

318 3235 629 3301 corporibus
672 3238 1097 3298 Patriarcharum
1139 3247 1470 3320 aliorumque
1498 3264 1827 3324 sanctorum,
1850 3267 1905 3313 et

315 3318 562 3378 humanis
587 3326 937 3386 cadaveribus
975 3349 1431 3410 quorumcumque
1452 3342 1774 3414 jacentium;
1805 3364 1901 3404 ve-

314 3427 431 3467 rum
463 3416 623 3471 etiam
652 3419 704 3473 in
748 3422 911 3490 ipsius
942 3424 1151 3481 Domini
1180 3443 1403 3499 corpore
1448 3437 1717 3502 praedicati
1744 3449 1903 3510 atque

312 3505 597 3562 collaudati
624 3520 766 3577 sunt,
795 3514 884 3582 qui
930 3516 1027 3570 ista
1075 3517 1332 3575 fecerunt.
1363 3522 1622 3594 lmpleant
1658 3528 1773 3585 haec
1804 3505 1902 3585 bo-

310 3598 482 3653 mines
512 3616 635 3671 erga
669 3617 792 3658 suos
818 3604 994 3660 ofﬁcia
1022 3612 1275 3677 postremi
1305 3620 1561 3684 muneris,
1607 3627 1661 3673 et
1685 3621 1768 3675 sui
1796 3625 1898 3677 hu-

309 3690 457 3743 mani
486 3690 771 3747 lenimenta
794 3699 1064 3753 maeroris.
1098 3700 1293 3761 Verum
1344 3705 1431 3760 illa
1481 3724 1599 3777 qua:
1647 3711 1898 3780 adjuvant

308 3782 528 3851 spiritus
566 3784 953 3853 defunctorum,
1001 3792 1333 3862 oblationes,
1382 3801 1679 3871 orationes,
1710 3819 1895 3875 eroga-

309 3875 502 3942 tiones,
517 3878 682 3932 multo
699 3894 794 3946 pro
807 3881 883 3936 eis
895 3882 1282 3955 observantius,
1303 3889 1604 3959 instantius,
1618 3893 1893 3951 abundan-

310 3966 414 4022 tius
456 3968 786 4039 impendant,
814 3974 902 4043 qui
927 3990 1053 4032 suos
1073 3992 1253 4047 carne,
1283 3996 1387 4037 non
1416 3982 1889 4058 spiritumortuos,

308 4074 416 4115 non
446 4061 617 4118 solum
646 4066 950 4133 carnaliter,
982 4071 1076 4124 sed
1103 4072 1263 4126 etiam
1290 4075 1635 4144 spiritualiter
1656 4091 1852 4137 amant.

732 4156 958 4217 SERMO
1005 4159 1257 4217 CLXXIII
1284 4168 1300 4187 ο
1329 4165 1425 4238 (α).

307 4238 387 4294 De
435 4243 622 4300 eisdem
685 4249 846 4302 verbis
900 4250 1163 4321 Apostoli,
1219 4255 1240 4309 l
1284 4255 1461 4313 Thess.
1510 4277 1624 4333 cap.
1676 4280 1750 4332 Iv,
1810 4268 1846 4338 ᾖ
1872 4306 1885 4321 .

957 4344 1119 4399 12-17
1151 4345 1245 4417 (b).

398 4423 624 4482 CAPUT
690 4429 974 4487 PRIMUM.
1020 4464 1091 4474 —-
1158 4438 1206 4491 1.
1256 4437 1323 4493 1η
1393 4441 1741 4512 defunctorum
1799 4467 1887 4505 ex-

303 4516 486 4584 sequit's
525 4520 647 4588 quid
684 4524 1082 4593 recogitandum.
1132 4526 1354 4595 Quando
1398 4533 1728 4592 celebramus
1768 4540 1883 4597 dies

303 4603 525 4662 fratrum
553 4609 941 4681 defunctorum,
972 4617 1026 4671 in
1070 4628 1250 4675 mente
1281 4621 1475 4679 habere
1504 4625 1759 4684 debemus
1781 4673 1795 4699 ,
1828 4642 1884 4688 et

234 4761 250 4774 ο
301 4697 427 4766 quid
473 4702 813 4771 sperandum,
860 4715 913 4761 et
949 4708 1074 4777 quid
1104 4710 1398 4768 timendum
1441 4716 1528 4771 sit.
1578 4697 1879 4778 Secundum

299 4790 402 4845 hoc
428 4794 572 4848 enim
598 4798 918 4864 Sperandum
949 4810 1051 4868 est,
1103 4805 1351 4872 quoniam
1403 4811 1623 4877 pretiosa
1660 4814 1713 4868 in
1758 4832 1880 4871 con-

298 4893 470 4951 spectu
496 4884 705 4942 Domini
730 4907 867 4945 mors
896 4903 1187 4950 sanctorum
1236 4898 1344 4967 ejus
1388 4899 1557 4970 (Psal.
1590 4920 1711 4975 cxv,
1745 4909 1873 4981 l5):

296 4978 583 5034 secundum
613 4981 714 5037 hoc
740 4992 913 5039 autem
945 4986 1236 5042 timendum
1267 4999 1379 5058 est,
1430 4995 1553 5063 quia
1584 5014 1719 5052 mors
1760 5017 1877 5069 pec-

296 5076 523 5124 catorum
548 5074 762 5143 pessima
808 5077 828 5147 (
852 5076 1000 5131 Psal.
1026 5094 1232 5149 xxxm,
1262 5080 1375 5153 22).
1405 5082 1633 5156 Ideoque
1657 5101 1877 5161 propter

357 5225 373 5245 ’
390 5226 682 5308 Pnendatps
698 5230 760 5304 ad
782 5245 954 5308 omnes
969 5238 1076 5285 Mss.
1102 5241 1154 5284 et
1174 5234 1285 5286 Edd.
1332 5238 1381 5287 in
1415 5252 1643 5295 sermone
1685 5227 1872 5308 praece-

292 5285 428 5354 denti
450 5289 593 5354 modo
613 5291 911 5354 designatos.

353 5350 424 5419 (ᾳ)
449 5350 590 5412 Alias,
614 5352 679 5403 de
700 5350 870 5419 verbis
892 5357 1099 5419 Apostoli
1117 5359 1195 5409 3‘5.

353 5410 423 5482 gb)
446 5420 493 5484 In
538 5410 875 5479 manuscriptis
910 5410 1183 5470 inscribitur
1208 5456 1224 5481 ,
1266 5440 1289 5470 ε
1334 5431 1402 5475 De
1448 5426 1739 5481 celebritate
1780 5432 1872 5484 de-

296 5489 321 5556 τι
342 5471 611 5547 functorum
653 5471 801 5541 atque
821 5543 830 5552 .
848 5471 1223 5533 resurrectione,
1238 5471 1577 5556 mortuorum:
1601 5508 1624 5556 It
1651 5497 1735 5556 qui
1758 5497 1874 5546 titu.

290 5533 365 5583 Ius
386 5539 604 5598 apprime
627 5533 857 5612 convenit
890 5556 1000 5591 cum
1023 5533 1514 5612 sermonisexordie,
1538 5555 1627 5603 sed
1652 5533 1741 5606 hoc
1782 5572 1873 5607 ne-

286 5599 461 5645 scimus
495 5613 554 5647 an
576 5614 711 5671 vere
739 5604 803 5671 sit
839 5606 1102 5671 Augustini.
1139 5614 1439 5671 Suspicamur
1471 5599 1779 5668 ἐιδᾶἶῶιῆνῶ
1814 5599 1873 5671 iis

288 5662 368 5710 nui
390 5673 669 5711 sermonem
701 5664 753 5735 in
774 5662 1207 5735 istaﬁ‘celebriuttc
1226 5662 1507 5735 legendum
1538 5662 1867 5733 instituerunt:

286 5731 465 5807 Euippe
512 5727 552 5774 si
592 5725 849 5798 non'fallit
870 5727 1034 5801 Florus
1055 5731 1105 5779 in
1122 5725 1873 5807 ptsL‘coFbeiensiﬂlteraV-pars

286 5781 486 5841 hujusce
508 5788 764 5872 sgrmonis,
788 5802 933 5851 quam
949 5792 1055 5852 ipse
1077 5794 1137 5843 ad
1156 5801 1173 5843 ι
1193 5781 1872 5872 ’ἦυίθι-ιξνθξορῖὗῑεῖ

288 5857 363 5899 est
388 5859 452 5894 cx
475 5847 650 5896 eodem
672 5847 919 5911 sermone,
954 5847 1019 5902 ex
1040 5868 1138 5919 quo
1156 5869 1319 5911 sermo
1347 5847 1586 5926 superior.

441 5927 673 5996 Sacr.
696 5933 978 6023 Accusa.
1024 5937 1103 6011 γ.

2041 5377 2059 5408 ι
2081 5383 2236 5440 Forte,
2253 5391 2339 5431 nec
2356 5385 2674 5440 computanda
2693 5392 2819 5438 sunt.

2039 5440 2152 5523 1:Sic
2172 5440 2494 5513 manuscripti.
2528 5448 2739 5523 inpediti,
2771 5448 2991 5523 inan
3020 5453 3221 5506 salutem
3246 5460 3463 5514 reducat.
3488 5474 3553 5523 an

1976 5500 2099 5551 forte
2128 5515 2230 5563 pro,
2249 5502 2301 5554 in
2324 5500 2469 5556 unum
2481 5506 2599 5557 ovile
2613 5500 2812 5561 reducat
2832 5510 2856 5561 ?

2038 5562 2109 5625 (a)
2130 5562 2379 5628 Reliquum
2397 5571 2656 5644 sermonis,
2676 5574 2717 5621 si
2742 5576 2956 5644 excipias
2977 5576 3256 5644 clausulam,
3282 5602 3305 5631 ι
3319 5587 3549 5639 Suﬁiciant

1975 5623 2271 5702 hiec'pauca',
2297 5644 2318 5673 ν
2362 5636 2492 5709 atq?
2517 5623 2723 5709 habetur
2753 5623 3307 5709 initiollect—i—o—ne-F—lori,
3319 5623 3548 5704 "Eéii"3ii'é

1974 5692 2325 5762 sententiarum
2359 5692 2546 5766 ordne.
2586 5702 2697 5766 tiam
2744 5701 2850 5761 ejus
2897 5692 3182 5766 excerptum
3213 5692 3416 5760 abﬂistis
3440 5692 3544 5761 ver:

1974 5751 2051 5821 bis
2082 5751 2278 5845 incipit,
2320 5752 2517 5845 capia,
2553 5763 2691 5845 «Nonl
2719 5751 2904 5845 taingm
2935 5751 3542 5845 a'i'tteftjiionhconp'igf.

1974 5827 2091 5845 mm.
2134 5829 2156 5845 κ
2189 5828 2217 5845 ι.
2241 5828 2267 5845 ,ι
2302 5829 2313 5840 .
2351 5829 2433 5845 ..ηρ
2458 5831 2555 5845 ...ω
2588 5833 2734 5845 me..-
2789 5840 2805 5845 ..
2861 5838 2911 5845 η-
2939 5840 2951 5845 -
2994 5840 3013 5845 -

1973 5812 2112 5871 mini,
2134 5829 2156 5858 ν
2189 5820 2313 5885 et_c.;
2351 5812 2556 5885 postque
2588 5823 2757 5885 verba,
2786 5840 2807 5868 ιι
2824 5832 2911 5872 Per
2939 5812 3068 5873 Illam
3085 5812 3306 5880 transivit
3327 5842 3378 5884 et
3403 5812 3539 5885 Domi.

1973 5891 2095 5930 nus.
2117 5893 2137 5923 »
2168 5877 2443 5944 subjungit,
2474 5877 2519 5930 'a
2534 5881 2842 5936 Consolemur
2865 5900 2986 5951 ergo
3005 5902 3111 5951 nos,
3136 5907 3159 5937 ι
3190 5877 3286 5945 etc.

2847 5972 3174 6056 {Troum}
