3996 6438
464 377 577 445 939

468 506 657 557 secuta
686 508 795 553 non
818 491 1027 551 fuisset.
1050 486 1247 547 Secuta
1272 491 1357 544 est
1379 498 1508 558 ergo
1535 497 1682 540 mors
1733 483 1896 541 etiam
1932 498 2056 540 cor-

468 592 844 665 poris,.qunm
916 581 1193 657 praecessit
1242 591 1392 636 mors
1437 576 1651 634 animae.
1692 573 1836 633 Mors
1872 576 2065 632 animae

467 662 744 760 praecessit
762 676 1065 737 deserendo
1093 676 1261 733 Deum
1293 673 1336 743 ί,
1362 679 1418 729 et
1437 686 1586 729 mors
1613 670 1856 743 corporis
1883 677 2066 733 secuta
2113 662 2116 666 “

468 786 555 835 est
572 777 859 834 deserente
880 772 1084 828 anima.
1110 769 1221 826 liae
1249 767 1487 826 deseruit
1507 764 1714 835 volens,
1739 764 1841 833 hac
1880 770 2067 822 coacta

466 878 553 926 est
580 869 834 925 deserere
858 866 1069 922 nolens.
1114 862 1390 943 Tanquam
1417 860 1495 916 illi
1529 858 1801 917 diceretur
1830 876 1843 913 :
1870 857 2068 914 Reces-

466 962 589 1020 sisti
607 960 675 1017 ab
698 974 769 1017 eo
792 972 950 1031 quem
972 956 1197 1029 diligere
1225 954 1480 1023 debuisti,
1509 953 1707 1023 recede
1734 952 1802 1016 ab
1831 967 1897 1008 eo
1921 950 2066 1026 quod

467 1052 723 1111 dilexisti.
751 1050 884 1120 Quis
908 1049 1054 1107 enim
1084 1049 1200 1105 vult
1236 1048 1413 1105 mori!
1436 1046 1662 1105 Prorsus
1686 1059 1846 1107 nemo
1870 1064 1883 1100 :
1919 1054 1973 1101 et
1994 1044 2068 1100 ita

470 1160 656 1212 neruo,
690 1152 752 1200 ut
801 1143 960 1199 beato
987 1141 1150 1199 Petro
1193 1141 1495 1206 diceretur,
1542 1138 1684 1193 Alter
1720 1147 1767 1193 te
1809 1136 1994 1213 cinget,
2023 1143 2070 1190 et

468 1238 599 1310 feret
623 1250 723 1308 quo
749 1243 803 1289 tu
822 1248 926 1289 non
954 1233 1028 1288 vis
1053 1232 1235 1305 (lacn.
1259 1245 1371 1298 χιι,
1386 1229 1498 1302 18).
1525 1228 1582 1286 Si
1599 1242 1728 1300 ergo
1752 1227 1898 1283 nulla
1928 1232 2072 1282 esset

468 1331 661 1388 mortis
687 1326 1005 1395 amaritudo,
1035 1341 1143 1383 non
1171 1334 1316 1383 esset
1348 1336 1539 1396 magna
1567 1331 1869 1396 martyrum
1911 1320 2070 1377 forti-

472 1422 625 1480 tudo.

544 1512 771 1573 CAPIJ‘I‘
786 1510 1017 1569 Ill—5.
1031 1509 1324 1567 Consolatio
1348 1508 1404 1564 in
1423 1516 1741 1564 mortuorum
1761 1506 1917 1561 luctu.
1945 1502 2073 1561 ideo

471 1615 529 1666 et
557 1605 865 1679 Apostolus,
895 1603 977 1660 De
994 1598 1377 1673 dormientibus,
1408 1600 1605 1679 inquit,
1638 1599 1759 1655 nolo
1800 1614 1889 1654 vos
1926 1599 2074 1671 igno—

472 1716 590 1755 rare
608 1742 624 1768 ,
658 1703 863 1772 fratres,
889 1704 1070 1751 utnon
1093 1693 1479 1761 contristemini,
1502 1692 1631 1747 sicut
1650 1699 1701 1747 et
1728 1686 1933 1757 Gentes,
1962 1705 2076 1761 qua:

470 1808 619 1865 spem
656 1807 761 1846 non
797 1788 1003 1845 habent.
1033 1787 1149 1844 Non
1177 1793 1382 1843 tantum
1412 1786 1522 1853 ait,
1568 1792 1625 1840 ut
1667 1800 1772 1840 non
1815 1784 2077 1843 contriste-

475 1885 639 1951 mini;
664 1882 782 1950 sed,
810 1891 866 1936 ut
913 1896 1015 1935 non
1065 1876 1139 1935 sic
1193 1875 1595 1945 contristemlni,
1644 1873 2076 1948 quemadmodum

477 1975 683 2043 Gentes,
706 1987 820 2044 quae
844 1988 987 2043 spem
1007 1987 1110 2026 non
1157 1969 1360 2025 habent.
1407 1967 1640 2025 Necesse
1685 1974 1770 2023 est
1824 1965 1968 2022 enim
2018 1973 2078 2021 ut

476 2066 870 2127 contristemini
897 2084 914 2123 ι
943 2065 1039 2123 sed
1081 2064 1172 2121 ubi
1219 2063 1592 2131 contristaris,
1658 2061 1965 2119 consoletur
2026 2071 2077 2118 te

479 2178 623 2235 spes.
654 2159 935 2233 Quomodo
974 2159 1120 2216 enim
1165 2174 1273 2215 non
1319 2156 1657 2214 contristaris
1682 2199 1698 2225 ,
1747 2156 1840 2215 ubi
1882 2170 2079 2231 corpus

477 2255 621 2327 quod
651 2253 779 2310 vivit
799 2268 868 2310 ex
890 2252 1089 2318 anima,
1120 2249 1179 2306 iit
1206 2250 1471 2317 exanime,
1501 2247 1817 2305 discedente
1856 2245 2078 2303 anima?

479 2346 582 2416 Qui
628 2343 934 2402 ambulabat
976 2342 1137 2413 jacet,
1186 2341 1279 2414 qui
1332 2339 1653 2412 loquebatur
1695 2344 1856 2413 tacet,
1900 2336 2069 2394 clausi

483 2438 627 2495 oculi
650 2438 824 2495 lucem
850 2450 959 2492 non
980 2435 1213 2507 capiunt,
1247 2448 1404 2490 aures
1449 2431 1582 2488 nulli
1599 2432 1717 2487 voci
1748 2438 2075 2502 patescunt~;

456 2531 663 2615 .omnia
691 2529 1055 2586 membrorum
1112 2525 1287 2582 ofﬁcia
1332 2523 1788 2596 conquieverunt;
1838 2536 1946 2579 non
2000 2528 2086 2576 est

483 2623 573 2694 qui
595 2626 807 2678 moveat
825 2634 1042 2693 gressus
1064 2616 1130 2673 ad
1144 2616 1546 2684 ambulandum,
1563 2629 1753 2670 manus
1769 2612 1837 2673 ad
1853 2629 2084 2686 Operati-

483 2714 634 2784 dum,
658 2729 847 2771 sensus
872 2712 940 2769 ad
966 2710 1392 2786 percipiendum.
1424 2709 1613 2765 Nonne
1630 2708 1729 2767 ista
1755 2715 1837 2763 est
1866 2705 2080 2785 domus,

488 2824 655 2881 quam
679 2808 865 2865 nescio
906 2806 1026 2879 quis
1070 2804 1352 2867 invisibilis
1379 2801 1649 2860 habitator
1674 2802 1940 2858 ornabat?
1966 2800 2086 2867 Dis-

486 2903 650 2957 cessit
678 2900 770 2973 qui
800 2914 905 2955 non
940 2898 1241 2966 videbatur,
1272 2897 1532 2954 remansit
1566 2894 1710 2971 quod
1751 2911 1873 2959 cum
1899 2894 2087 2957 dolore

490 2991 753 3047 videatur.
802 2989 905 3046 ista
954 2998 1037 3046 est
1077 3003 1241 3045 causa
1268 2988 1518 3044 tristitiae.
1567 2988 1624 3044 Si
1668 2986 1786 3043 haec
1814 2996 2085 3051 estcausa

485 3083 749 3159 tristitiae,
769 3083 838 3138 sit
853 3082 1010 3151 hujus
1030 3082 1256 3151 tristitia:
1271 3081 1586 3138 consolatio.
1602 3080 1734 3150 Quae
1752 3081 2086 3137 consolatio?

496 3195 517 3229 ι
553 3176 687 3244 Quia
716 3175 833 3246 ipse
856 3175 1116 3231 Dominus
1146 3176 1197 3229 in
1224 3174 1376 3246 jussu
1400 3183 1453 3230 et
1481 3172 1536 3229 in
1574 3189 1708 3230 voce
1753 3174 2085 3249 archangeli,

490 3278 547 3325 et
567 3269 619 3323 in
648 3266 937 3323 novissima
960 3266 1082 3322 tuba
1112 3265 1402 3322 descendet
1427 3265 1496 3321 de
1515 3265 1676 3335 coelo,
1721 3274 1777 3329 et
1803 3267 2000 3329 mortui
2031 3266 2087 3333 in

493 3359 711 3416 Christo
757 3366 1040 3431 resurgent
1087 3357 1245 3430 primi
1275 3374 1288 3411 :
1318 3356 1512 3423 deinde
1548 3371 1648 3415 nos
1693 3357 1957 3425 viventes,
1996 3356 2089 3431 Qui

488 3451 684 3523 reliqui
710 3464 914 3518 sumus,
946 3450 1105 3513 simul
1134 3465 1253 3505 cum
1304 3448 1725 3521 illis-rapientur
1752 3450 1807 3513 in
1857 3448 2090 3515 nubibus

491 3545 704 3602 obviam
731 3543 947 3601 Christo
973 3543 1028 3600 in
1054 3558 1201 3607 aera.
1225 3561 1245 3596 ι
1275 3541 1544 3614 Numquid
1562 3541 1731 3603 ethoc
1756 3542 1825 3605 ad
1851 3544 2090 3615 tempus?

491 3634 612 3695 Non
639 3653 654 3690 :
685 3634 781 3692 sed
810 3633 939 3717 quid
959 3634 1074 3691 est?
1096 3634 1165 3689 Et
1193 3635 1267 3690 ita
1286 3650 1484 3709 semper
1507 3650 1621 3699 cum
1638 3633 1861 3695 Domina
1881 3634 2087 3697 etiam.

493 3723 686 3786 Pereat
711 3727 1067 3796 coutristatio,
1100 3726 1190 3783 ubi
1233 3734 1379 3781 tanta
1423 3735 1508 3792 est
1546 3727 1844 3793 consolatio
1871 3744 1885 3783 :
1913 3727 2091 3786 deter-

492 3830 648 3896 gatur
692 3823 868 3880 luctus
902 3837 970 3878 ex
1013 3820 1193 3881 animo
1216 3860 1231 3887 ,
1272 3818 1407 3885 ﬁdes
1454 3820 1687 3895 expellat
1731 3820 1995 3885 dolorem.
2027 3819 2089 3879 In

491 3925 640 3972 tanta
669 3929 765 3987 spe
788 3929 896 3970 non
936 3911 1094 3970 decet
1118 3926 1242 3970 esse
1270 3912 1423 3977 triste
1447 3913 1707 3993 templum
1740 3911 1855 3975 Dei.
1885 3910 1965 3967 lbi
1988 3910 2089 3967 ha-

492 4007 630 4064 bitat
655 4007 830 4065 bonus
850 4004 1176 4081 consolator,
1207 4003 1281 4071 ibi
1308 4004 1399 4075 qui
1431 4018 1539 4070 non
1571 4004 1723 4075 fallit,
1772 4004 2089 4076 promissor.

495 4097 634 4166 Quid
660 4106 929 4155 mortuum
948 4096 1038 4152 diu
1068 4095 1419 4177 plangamus?
1445 4094 1708 4165 Quoniam
1735 4109 1881 4161 mors
1906 4108 2090 4151 amara

497 4192 616 4249 est?
656 4192 759 4251 Per
796 4191 940 4247 illam
969 4190 1216 4253 transivit
1254 4198 1308 4246 et
1349 4189 1627 4249 Dominus.
1664 4187 1941 4255 Sufﬁciunt
1975 4186 2092 4247 11th

495 4298 667 4355 pauca
695 4282 954 4339 Charitati
995 4289 1231 4347 vestrae:
1260 4280 1566 4341 consoletur
1595 4294 1692 4337 vos
1732 4279 2091 4345 abundantius

495 4377 587 4449 qui
616 4391 721 4432 non
747 4376 941 4448 migrat
965 4374 1033 4432 de
1052 4374 1214 4435 corde
1243 4381 1456 4437 vestro;
1490 4373 1585 4441 sed
1616 4374 1686 4434 ita
1714 4371 1962 4446 dignetur
1993 4374 2092 4435 ha.-

494 4469 690 4538 bitare,
720 4477 781 4525 ut
805 4482 905 4525 nos
944 4467 1194 4541 dignetur
1220 4466 1383 4535 etiam
1422 4465 1477 4525 in
1506 4466 1611 4533 line
1640 4476 1853 4533 mutare
1873 4469 1916 4525 ’.
1945 4467 2087 4524 Con-

496 4562 642 4620 versi
672 4560 738 4618 ad
763 4562 1070 4627 Dominum,
1099 4569 1204 4623 etc.

960 4652 1193 4715 SERMO
1211 4651 1467 4715 CLXXIV
1492 4656 1508 4673 ο
1538 4649 1635 4725 (α).

497 4748 578 4807 De
598 4747 757 4804 verbis
782 4745 1038 4826 Apostoli,
1069 4746 1089 4801 l
1115 4744 1251 4826 Tim.
1282 4743 1423 4826 pop.
1461 4760 1519 4812 ι,
1552 4744 1640 4826 ιβ,
1663 4743 1957 4826 glareanus
1978 4757 2091 4800 ser-

574 4834 665 4877 mo
681 4829 741 4905 et
766 4813 913 4905 omni
933 4813 1243 4905 acceptione
1268 4813 1478 4886 dignus,
1511 4815 1633 4905 quia
1659 4814 1906 4905 Christus
1932 4813 2091 4872 Jcsus

572 4891 722 4975 venit
769 4891 824 4975 in
867 4884 1124 4975 mundum
1170 4884 1477 4975 peccatores
1520 4884 1697 4941 Salvos
1734 4884 1949 4975 facere,
1990 4894 2086 4975 eth

571 4964 732 5035 deque
769 4962 982 5021 lectione
1011 4957 1275 5033 Evangelii
1318 4958 1492 5025 Laeta,
1519 4973 1636 5029 cap.
1678 4972 1789 5028 ιιι,
1821 4957 1971 5026 1-10,
2002 4957 2091 5013 ubi

572 5036 637 5099 de
662 5033 929 5095 lace/two.
954 5031 1141 5095 Contra
1169 5030 1498 5102 Pelagianos.

674 5128 873 5187 Habitus
891 5127 943 5178 in
965 5125 1165 5187 basilica
1184 5123 1440 5185 εειθτίηεε,
1458 5122 1540 5174 die
1562 5122 1798 5181 dominica
1820 5120 1912 5188 (β).

569 5236 798 5301 CAPUT
843 5233 1125 5294 PRIMUM.
1150 5263 1223 5276 —
1246 5234 1300 5289 ί.
1325 5231 1580 5287 Adventus
1619 5229 1808 5287 Christi
1855 5231 1911 5286 in
1936 5245 2094 5291 mltu-

561 5392 986 5460 {Edituaeserente
1002 5399 1119 5460 Deo.
1138 5389 1232 5441 Sed
1245 5398 1352 5443 uss.
1372 5395 1423 5460 et
1440 5385 1621 5460 alatus,

563 5395 720 5455 'Editt,
737 5395 986 5445 deserente
1002 5399 1119 5442 Deo.
1138 5395 1232 5441 Sed
1245 5398 1352 5443 Mss.
1372 5395 1423 5451 et
1440 5395 1621 5460 alariis,
1635 5395 1904 5459 asserenda
1934 5450 1947 5461 ,

764 5455 1005 5509 nabanum
1026 5453 1204 5519 legere
1224 5460 1320 5519 est,
1346 5456 1399 5503 ut
1416 5464 1503 5503 nos
1520 5448 1745 5516 dignetur
1758 5395 2094 5516 alterum

497 5529 862 5690 "’Euégg‘iigtus
875 5579 936 5641 ad
954 5591 1001 5639 a,
1020 5578 1108 5637 bn.
1131 5578 1195 5635 ci.
1215 5582 1296 5635 ab.
1316 5578 1351 5629 f.
1372 5576 1432 5635 is.
1457 5592 1506 5643 ε.
1526 5574 1588 5637 1r.
1617 5589 1684 5628 tu.
1706 5588 1782 5639 pr.
1806 5589 1899 5628 rm.
1937 5574 2020 5629 vd.
2042 5581 2097 5627 et

495 5649 599 5695 Am.
629 5648 700 5690 hr.
784 5655 827 5691 r.
848 5649 958 5694 Lov.

470 5744 480 5755 .
660 5703 800 5766 alias,
835 5700 898 5757 de
922 5705 1092 5779 verbis
1117 5702 1323 5771 Apostoli
1344 5702 1393 5753 8.

588 5765 616 5817 b
672 5774 821 5817 Locus
841 5774 893 5817 et
913 5762 1023 5817 dies
1044 5766 1123 5817 hic
1144 5774 1337 5817 notatur
1360 5778 1427 5817 ex
1446 5764 1607 5818 veteri
1633 5763 1738 5815 codi

498 5831 577 5880 cie
639 5831 737 5880 ium
758 5831 807 5879 iu
842 5826 1116 5880 Jerusalem
1145 5828 1210 5880 de
1234 5829 1381 5880 Urbe.
1403 5829 1525 5880 citat
1547 5828 1738 5880 cumdel

672 5762 821 5817 Locus
841 5774 893 5817 et
913 5762 1023 5817 dies
1044 5766 1123 5817 hic
1144 5762 1337 5817 notatur
1360 5778 1427 5817 ex
1446 5764 1607 5818 veteri
1633 5763 1801 5816 codice
1817 5764 1898 5813 PP.
1916 5762 2095 5815 cister-

498 5826 737 5881 cie'dsium
758 5831 807 5879 iu
842 5826 1116 5880 Jerusalem
1145 5828 1210 5880 de
1234 5829 1381 5887 Urbe.
1403 5829 1525 5883 citat
1547 5828 1777 5889 eumdem
1813 5837 2095 5885 sermonem

499 5892 667 5946 Florus
683 5891 741 5943 ad
763 5897 779 5940 l
797 5893 915 5945 Ίῖω.
942 5908 973 5945 ι.
1612 5926 1621 5933 -

1707 365 1768 424 S-
1809 358 2179 439 Αυςυδτωι
2217 358 2520 437 ΕΡΙΞΩΟΡῙ

2171 482 2296 543 dum
2321 484 2518 551 ratione
2551 483 2721 549 carnis
2766 480 3147 561 intelligendus.
3181 474 3563 551 humationis
3598 499 3770 553 sisses-

2171 575 2319 632 sitas.
2370 575 2684 635 Audivimus
2721 577 2937 645 beatum
2977 577 3280 651 apostolum
3314 577 3538 644 Paulum
3585 577 3771 643 dicen-

2171 674 2305 734 tem,
2340 666 2610 726 Humanus
2646 688 2809 737 sermo
2848 679 2897 727 et
2926 672 3064 733 omni
3088 673 3380 749 acceptione
3400 672 3624 746 dignus,
3650 672 3772 745 quia

2174 759 2405 818 Christus
2426 760 2576 818 Iesus
2610 764 2742 819 venit
2786 765 2841 831 in
2869 763 3115 829 mundum
3161 774 3444 837 peccatores
3493 765 3663 831 salvos
3685 768 3773 838 {a-

2175 868 2307 929 cere,
2334 869 2549 926 quorum
2592 855 2784 927 primus
2804 872 2894 933 ego
2929 873 3062 917 sum.
3092 855 3366 913 Humanus
3384 872 3512 929 ergo
3533 873 3701 919 sermo
3723 864 3773 923 et

2172 961 2309 1003 amnt
2354 948 2641 1020 acceptione
2679 948 2884 1020 dignus,
2915 948 3091 1021 Quare
3119 949 3415 1018 humanus,
3445 957 3500 1013 et
3533 964 3644 1014 non
3680 949 3769 1007 di-

2171 1038 2370 1095 vinus?
2392 1038 2585 1096 Procul
2613 1040 2776 1103 dubio
2801 1041 2903 1107 nisi
2928 1043 3031 1107 iste
3066 1041 3335 1109 humanus
3375 1056 3562 1109 sermo
3604 1042 3773 1105 etiam

2172 1129 2385 1189 divinus
2404 1139 2548 1201 esset
2566 1173 2586 1209 ,
2612 1133 2805 1205 dignus
2827 1134 2974 1192 omni
3001 1135 3313 1208 acceptione
3335 1150 3445 1199 non
3469 1143 3637 1199 esset.
3664 1134 3773 1201 Sed

2173 1222 2254 1279 sic
2277 1231 2360 1280 est
2403 1239 2583 1285 sermo
2621 1225 2723 1289 iste
2751 1226 3019 1293 nummus
3054 1235 3107 1291 et
3135 1227 3366 1296 divini“.
3396 1225 3669 1299 (Ιιωηιοάο
3692 1233 3778 1283 θοι

2175 1317 2292 1392 ipse
2315 1318 2562 1389 Christus
2590 1328 2647 1381 et
2690 1320 2854 1385 homo
2895 1328 2951 1378 et
2978 1322 3140 1381 Deus.
3166 1320 3224 1378 Si
3247 1335 3377 1391 ergo
3400 1329 3547 1385 recte
3571 1319 3777 1383 intelli-

2175 1408 2356 1491 gimus
2382 1427 2687 1477 sermonem
2738 1412 2923 1487 istum,
2954 1428 3061 1470 non
3088 1412 3262 1475 solum
3291 1412 3583 1479 humanum
3609 1426 3739 1471 esse
3759 1451 3776 1479 ,

2175 1517 2363 1565 verum
2416 1504 2577 1573 etiam
2605 1504 2876 1574 divinum;
2921 1519 3087 1579 quare
3143 1504 3433 1576 Apostolus
3482 1504 3781 1569 humanum

2176 1594 2365 1653 maluit
2389 1594 2588 1663 dicere,
2620 1611 2779 1668 quam
2809 1597 3080 1663 divinum?
3106 1595 3301 1657 Procul
3326 1595 3490 1661 dubio
3510 1596 3657 1659 enim
3681 1593 3781 1666 qui

2178 1704 2286 1757 non
2330 1689 2645 1753 mentiretur
2670 1732 2684 1758 ,
2714 1690 2761 1753 si
2802 1689 3007 1758 diceret
3042 1689 3302 1759 divinum,
3323 1704 3430 1755 non
3474 1689 3783 1754 sinam

2179 1780 2368 1843 maluit
2392 1781 2571 1845 dicere
2601 1782 2909 1851 humanum.
2953 1783 3068 1850 Hoc
3117 1781 3249 1853 ergo
3280 1780 3468 1853 elusit.
3499 1795 3599 1852 BI!
3632 1779 3784 1853 (ῐυοίι

2180 1871 2422 1937 Christus
2463 1875 2518 1941 in
2564 1875 2822 1943 mundum
2876 1875 3042 1941 venit.
3088 1873 3249 1939 Venit
3301 1873 3448 1940 enim
3493 1888 3591 1945 βει-
3634 1872 3786 1945 quod

2181 1964 2344 2021 homo
2391 1975 2525 2022 erat.
2559 1968 2694 2023 Nam
2741 1983 2837 2039 per
2881 1966 3023 2037 quod
3075 1968 3218 2023 Deus
3262 1974 3413 2034 erat,
3448 1979 3671 2037 semper
3698 1965 3787 2023 hic

2181 2068 2319 2115 erat.
2360 2058 2462 2123 Ubi
2514 2060 2656 2127 enim
2686 2075 2796 2127 non
2839 2068 2927 2127 est
2971 2059 3148 2128 Deus,
3197 2058 3289 2139 qui
3313 2058 3486 2123 dixit,
3513 2058 3716 2117 Caluus
3740 2067 3787 2114 et

2184 2159 2369 2217 terram
2389 2168 2479 2229 ego
2496 2150 2681 2225 impleo
2703 2151 2915 2222 (Ierem-
2943 2166 3095 2229 xsm.
3121 2149 3241 2223 Si)?
3263 2149 3509 2215 Christus
3528 2158 3615 2207 est
3634 2160 3788 2208 certe

2184 2244 2354 2309 virtus
2376 2253 2432 2307 et
2448 2244 2709 2317 sapientia
2736 2244 2870 2312 Dei;
2900 2243 2968 2305 de
3007 2258 3112 2316 qua
3142 2243 3359 2311 dicitur.
3384 2241 3601 2314 dum
3623 2258 3657 2298 α
3683 2242 3791 2312 ﬁas

2185 2351 2345 2409 usque
2362 2336 2431 2391 ad
2459 2336 2614 2409 ﬁnem
2639 2336 2857 2408 fortiter,
2874 2342 2922 2399 et
2948 2335 3172 2408 disponit
3189 2334 3361 2399 omnia
3384 2334 3610 2395 “vita
3622 2331 3787 2405 (δερ.

2186 2446 2280 2488 vm
2299 2471 2316 2496 .
2342 2430 2419 2503 1)·
2445 2431 2587 2502 Ergo
2613 2431 2669 2487 in
2692 2431 2788 2495 hac
2821 2431 3010 2495 mundo
3037 2439 3145 2494 erat
3166 2468 3182 2499 .
3214 2440 3263 2489 et
3289 2431 3510 2493 mdes
3552 2447 3646 2502 ru
3669 2446 3793 2493 an
3830 2438 3843 2449 ‘

2188 2526 2352 2596 factus
2376 2531 2478 2591 est,
2503 2532 2549 2583 et
2578 2522 2799 2589 mundat
2826 2539 2942 2589 mm
2982 2538 3088 2588 non
3125 2523 3357 2594 cognovit
3378 2521 3562 2593 (lusa.
3590 2538 3643 2587 ι,
3671 2521 3790 2593 ιο).

2188 2616 2256 2673 Et
2277 2616 2363 2681 hic
2388 2624 2503 2681 erat
2525 2658 2541 2684 ,
2572 2624 2628 2681 et
2660 2615 2808 2681 venit
2838 2633 2853 2672 :
2884 2616 2972 2679 hic
2994 2624 3112 2673 erat
3133 2629 3230 2687 per
3272 2616 3509 2675 divinam
3536 2616 3797 2686 majesta-

2190 2718 2321 2779 tem,
2346 2711 2492 2775 venit
2520 2725 2614 2782 per
2638 2710 2924 2777 humanam
2961 2710 3347 2775 inﬁrmitatem.
3373 2710 3509 2779 Quia
3534 2724 3671 2781 ergo
3696 2724 3796 2767 vs-

2191 2801 2271 2865 nit
2311 2816 2406 2874 per
2448 2801 2813 2866 inﬁrmitatem
2854 2801 3173 2872 humanam,
3205 2801 3328 2863 ideo
3347 2802 3647 2873 pudicam
3698 2802 3799 2859 ad-

2191 2901 2412 2955 ventum
2442 2894 2559 2966 ejus
2581 2894 2716 2961 dixit
2736 2934 2751 2961 .
2783 2893 3053 2957 HW
3091 2911 3275 2955 seruio.
3305 2894 3423 2953 Non
3466 2895 3798 2953 liberamur

2190 2986 2483 3055 humanum
2510 3001 2711 3058 genus.
2743 2987 2845 3044 nisi
2871 3002 3051 3049 sermo
3073 2987 3169 3046 Dei
3198 2987 3512 3059 dignaretur
3535 3003 3657 3044 esse
3688 2990 3797 3044 hu-

2190 3093 2402 3139 manus.
2429 3075 2562 3139 Nam
2583 3085 2639 3137 et
2662 3077 2826 3143 homo
2845 3079 2936 3141 ille
2954 3079 3147 3139 dicitur
3170 3080 3457 3149 humanus,
3485 3080 3579 3153 qui
3602 3096 3665 3137 se
3694 3097 3800 3139 es-

2193 3169 2343 3227 bibet
2370 3170 2643 3237 hominem
2666 3211 2683 3241 ,
2707 3180 2764 3233 et
2786 3172 3018 3234 maxime
3065 3174 3156 3243 qui
3182 3173 3416 3245 hospitio
3442 3175 3670 3245 suscipit
3701 3177 3807 3230 bo-

2192 3265 2414 3331 minem.
2438 3265 2498 3322 Si
2518 3280 2648 3337 ergo
2671 3265 2937 3327 humanus
2957 3266 3154 3323 dicitur
3166 3267 3258 3339 qui
3283 3268 3336 3323 in
3362 3266 3527 3325 deum
3543 3282 3642 3323 sua
3672 3282 3804 3324 aus-

2193 3360 2322 3431 cipit
2366 3359 2667 3429 hominem,
2706 3374 2865 3430 quam
2914 3360 3179 3417 humanus
3222 3367 3305 3417 est
3354 3360 3524 3432 quiin
3574 3375 3637 3417 se
3676 3359 3809 3432 ipso

2193 3452 2430 3522 suscepit
2454 3450 2752 3513 hominem?

2264 3543 2491 3607 CAPUT
2531 3544 2594 3603 ll.
2643 3573 2715 3595 -.-.-
2761 3544 2818 3599 2.
2875 3542 3256 3600 lucernationis
3299 3560 3457 3599 causa
3505 3553 3798 3615 peceatum.

2193 3636 2364 3695 Liberi
2389 3636 2584 3697 arbitrii
2607 3636 2880 3707 inﬁrmitas
2909 3637 3133 3693 cernitur
3159 3637 3215 3692 in
3241 3636 3456 3690 Adatuo.
3482 3634 3682 3690 Gratiis
3708 3636 3810 3691 de-

2195 3746 2318 3789 num
2369 3730 2423 3791 in
2448 3728 2647 3786 Christo
2676 3730 2995 3801 perspicitur.
3045 3730 3186 3801 Ergo
3208 3768 3225 3797 ,
3254 3726 3527 3783 Humani»
3552 3743 3732 3783 sermo
3758 3734 3810 3783 et

2196 3822 2334 3883 omni
2358 3820 2648 3891 acceptione
2691 3821 2877 3892 dignas
2899 3860 2917 3890 ,
2946 3820 3066 3892 quia
3106 3819 3341 3875 CIu'isnts
3384 3817 3536 3874 Iesus
3559 3819 3698 3873 venit
3749 3819 3809 3873 iis

2196 3914 2442 3975 mundum
2467 3925 2749 3986 peccatum
2769 3915 2937 3975 salsos
2953 3918 3140 3985 facere.
3161 3912 3395 3970 Attende
3417 3912 3805 3983 Evangelium.

2204 4006 2351 4065 Venit
2375 4008 2515 4063 enim
2535 4006 2703 4067 Filias
2725 4007 2945 4065 heminis
2969 4021 3191 4078 quievere
3222 4014 3269 4060 et
3293 4005 3494 4060 sulm
3514 4004 3653 4075 quod
3683 4020 3809 4076 ρα-

2194 4102 2339 4161 ierat.
2372 4100 2427 4159 Si
2469 4101 2632 4157 homo
2660 4116 2768 4156 non
2794 4100 3061 4172 perisset,
3085 4098 3253 4156 Filius
3272 4098 3506 4155 hominis
3548 4112 3659 4154 non
3702 4112 3811 4155 ve-

2195 4193 2382 4250 nisset.
2410 4193 2553 4265 Ergo
2580 4192 2813 4263 perierat
2834 4193 2995 4248 homo
3014 4233 3033 4261 ,
3062 4191 3210 4247 venit
3239 4190 3381 4247 Deus
3410 4190 3607 4258 homo,
3631 4201 3696 4245 et
3722 4190 3812 4245 in-

2194 4293 2387 4349 ventus
2414 4293 2498 4343 est
2523 4284 2706 4353 homo.
2754 4284 2997 4343 Perierat
3041 4282 3203 4345 homo
3240 4297 3337 4354 per
3359 4282 3584 4338 liberam
3603 4283 3815 4337 volun-

2196 4385 2399 4434 tatem:
2434 4377 2580 4432 venit
2628 4376 2769 4431 Deus
2809 4375 2971 4431 homo
3016 4389 3114 4445 per
3160 4374 3384 4446 gratiam
3412 4374 3811 4430 liberatricem.

2196 4470 2405 4540 Quaeris
2447 4468 2578 4541 quid
2616 4468 2791 4525 valeat
2829 4469 2896 4524 ad
2934 4467 3133 4522 malum
3184 4465 3415 4523 liberum
3477 4466 3812 4522 arbitrium?

2195 4565 2397 4623 Recole
2434 4563 2707 4621 hominem
2758 4570 3089 4634 peccantem.
3128 4561 3338 4630 Quaeris
3366 4562 3491 4634 quid
3512 4560 3695 4617 valeat
3739 4560 3816 4616 ad

2197 4659 2455 4716 auxilium
2477 4657 2618 4714 Deus
2655 4665 2711 4714 et
2728 4657 2892 4713 homo
2909 4655 2935 4710 ν
2955 4654 3187 4712 Attende
3224 4655 3279 4711 in
3316 4670 3383 4711 eo
3410 4654 3631 4726 gratiam
3661 4654 3819 4709 libe-

2194 4759 2424 4808 ranten.
2451 4748 2723 4821 Nusquam
2745 4747 2920 4820 potuit
2943 4746 3020 4802 sic
3044 4746 3255 4803 ostendi
3282 4787 3299 4813 ,
3328 4753 3585 4817 quantum
3615 4744 3821 4801 valeat

2194 4843 2441 4899 voluntas
2479 4841 2711 4897 hominis
2757 4847 3011 4911 usurpata
3034 4854 3133 4910 per
3156 4837 3459 4908 superbiam
3479 4879 3495 4905 ,
3526 4837 3598 4892 ad
3622 4837 3819 4893 vitan-

2195 4933 2323 4991 dum
2352 4934 2371 4967 ί
2402 4934 2518 4991 sine
2538 4931 2810 5002 adiutorio
2832 4930 2929 4991 Dei
2971 4929 3170 4986 malum
3194 4945 3209 4996 ι
3243 4943 3349 4984 non
3394 4928 3567 4999 potuit
3595 4928 3730 4999 plus
3758 4934 3823 4984 et

2195 5024 2531 5083 manifestius
2552 5023 2815 5095 exprimi,
2842 5037 3002 5094 quam
3028 5021 3081 5077 in
3123 5020 3340 5076 homine
3367 5020 3560 5090 primo.
3580 5017 3652 5073 Et
3670 5031 3823 5074 eoae

2195 5120 2357 5194 periit
2384 5121 2587 5192 primus
2606 5118 2788 5183 homo,
2815 5124 2869 5172 at
2890 5113 2980 5170 ubi
2998 5121 3142 5170 esset
3164 5156 3178 5179 ,
3206 5113 3308 5167 nisi
3336 5111 3572 5171 venisset
3596 5124 3821 5166 eam-

2195 5212 2300 5269 dus
2325 5212 2530 5268 homo?
2552 5209 2686 5279 Quia
2712 5216 2767 5264 et
2789 5206 2879 5264 ille
2918 5207 3115 5285 homo,
3159 5204 3277 5261 ideo
3304 5212 3358 5260 et
3397 5204 3498 5259 iste
3521 5201 3725 5270 homo,
3760 5210 3826 5258 ct

2197 5303 2320 5361 ideo
2371 5305 2620 5359 humanus
2671 5318 2853 5358 sermo.
2882 5301 3110 5357 Prorsus
3138 5313 3402 5371 nusquam
3451 5297 3531 5363 sic
3571 5307 3821 5370 apparet

2196 5398 2500 5470 benignitas
2550 5396 2736 5469 gratia:
2762 5405 2819 5453 et
2870 5395 3163 5452 liberalitas
3214 5392 3616 5466 omnipotentiae
3657 5392 3819 5460 Dei,

2198 5508 2357 5565 quam
2385 5493 2440 5553 in
2478 5489 2695 5551 homine
2741 5489 3036 5550 mediatore
3080 5486 3177 5555 Dei
3200 5496 3256 5545 et
3296 5487 3648 5552 hominum’,
3702 5484 3831 5543 ho-

2197 5587 2344 5644 mine
2369 5584 2583 5642 Cliristo
2604 5584 2733 5642 Jesu
2765 5583 2809 5659 (i
2832 5583 2962 5639 Tim.
2982 5598 3019 5639 ll
3040 5625 3055 5654 ,
3089 5583 3165 5655 5).
3196 5581 3333 5651 Quid
3372 5581 3515 5636 enim
3541 5578 3829 5649 dicimus,

2265 5753 3577 5822 tadiu,adutsnduat.nmeadanuropeeenigaisni
3610 5756 3717 5804 Is.
3769 5760 3837 5806 ει

2198 5822 2467 5948 “vim,
2492 5884 2794 5949 quo-sudem
2819 5879 3011 5936 mss
3040 5878 3305 5939 MM
3338 5878 3432 5931 Ν
3460 5873 3834 5931 am
