4108 6336
397 399 589 466 {tatros
613 395 759 460 tusi?
785 397 842 459 In
871 397 976 458 ﬁde
994 392 1256 455 catholica
1284 390 1498 452 nutritis
1537 393 1728 467 loquor
1748 437 1763 464 ,
1802 392 1888 450 vel
1931 391 1988 448 in

397 505 584 562 pacem,
620 489 941 554 catholicam
985 489 1223 549 lueratis.
1246 488 1501 554 Nouimus
1533 496 1588 544 ot
1608 496 1852 548 tenemus
1875 499 1986 550 nte-

394 581 654 652 diatercm
678 579 772 646 Dei
795 589 849 642 et
869 581 1164 649 hominum,
1189 581 1460 640 hominem
1488 580 1759 637 Christum
1778 579 1984 645 losum,

393 672 448 728 in
477 680 734 742 quantum
776 671 938 736 homo
954 682 1102 741 erat,
1132 673 1248 746 ejus
1272 688 1392 730 esse
1419 681 1622 729 natura;
1639 673 1791 744 cujus
1816 679 1871 728 et
1888 683 1988 726 nos

393 780 596 831 sumus.
625 765 742 830 Non.
768 767 911 830 enim
934 767 1154 830 alterius
1185 776 1388 825 natura:
1413 783 1540 836 caro
1569 776 1750 823 nostra
1783 775 1836 822 et
1861 780 1989 822 caro

393 858 557 927 illius,
590 873 694 924 nec
727 858 944 922 alterius
974 868 1176 918 naturae
1223 860 1400 916 anima
1425 871 1603 925 nostra
1630 867 1684 916 et
1713 858 1892 914 anima
1918 858 1987 913 il-

393 951 514 1006 liIIS-
547 949 696 1014 Hane
749 951 986 1020 suscepit
1022 960 1304 1020 naturam,
1344 967 1504 1023 quam
1532 951 1840 1007 salvandam
1865 963 1988 1005 esse

387 1043 663 1115 judicavit.
695 1043 838 1108 Nihil
877 1044 1053 1104 minus
1100 1045 1331 1102 habebat
1367 1047 1419 1100 in
1472 1053 1692 1110 natura,
1720 1042 1816 1104 sed
1857 1041 1987 1098 nihil

393 1135 622 1202 habebat
642 1137 693 1200 in,
719 1138 894 1212 culpa.
921 1138 1116 1199 Natura
1145 1153 1279 1210 pura
1300 1180 1314 1201 ,
1338 1139 1432 1194 sed
1465 1153 1570 1193 non
1592 1138 1703 1193 sola
1731 1137 1982 1196 humana.

395 1227 469 1284 lbi
501 1236 616 1284 erat
645 1229 812 1297 Deus,
850 1230 918 1284 ibi
941 1239 1056 1286 erat
1096 1231 1330 1286 Verbum
1371 1231 1486 1287 Dei.
1518 1231 1586 1286 Et
1608 1231 1745 1286 sicut
1765 1238 1822 1284 tu
1850 1245 1987 1286 unus

391 1321 587 1388 homo,
634 1322 808 1384 animo
853 1337 915 1379 es
961 1332 1016 1378 et
1050 1338 1210 1389 caro;
1240 1323 1320 1379 sic
1349 1332 1402 1378 et
1443 1324 1530 1379 ille
1551 1338 1686 1378 unus
1708 1319 1982 1394 Christus,

391 1413 532 1476 Deus
558 1422 612 1476 et
631 1413 811 1472 homo.
840 1414 1069 1472 Audebit
1105 1430 1232 1486 ergo
1271 1415 1462 1486 aliquis
1508 1415 1688 1471 dicere
1735 1416 1858 1486 quia
1892 1430 1988 1470 na-

393 1516 508 1570 tura
535 1516 715 1566 nostra
751 1507 803 1562 in
832 1507 922 1562 illo
946 1505 1237 1564 llediatore
1269 1509 1497 1579 primum
1525 1523 1622 1579 per
1650 1508 1874 1564 liberum
1900 1524 1987 1564 ar-

390 1596 607 1661 lﬂtrium
653 1600 953 1669 promeruit
982 1600 1184 1668 Deum,
1229 1610 1284 1660 et
1329 1602 1408 1656 sic
1431 1601 1628 1672 suscipi
1663 1604 1899 1670 meruit,
1929 1610 1989 1658 ut

391 1700 534 1754 esset
561 1692 725 1752 homo
770 1703 826 1748 et
852 1694 990 1750 Deus
1038 1708 1177 1749 unus
1204 1693 1448 1750 Christus
1476 1695 1673 1751 Jesus'i
1715 1697 1852 1752 Ecce
1886 1711 1986 1753 nos

392 1799 675 1856 possumus
699 1785 882 1842 dicere
911 1786 1196 1843 virtutibus
1221 1788 1419 1842 nostris
1443 1829 1458 1855 ,
1482 1788 1720 1843 moribus
1744 1788 1943 1843 nostris
1966 1830 1982 1858 ,

392 1881 797 1946 conversatione
821 1879 947 1935 vita:
988 1890 1185 1936 nostrae
1228 1881 1490 1937 meruisse
1516 1890 1575 1936 ut
1605 1881 1900 1936 efﬁciamur
1923 1881 1986 1935 ﬁ-

393 1971 448 2030 lii
497 1972 629 2029 Dei:
663 1987 948 2044 possumus
989 1973 1197 2040 dicere,
1245 1973 1564 2044 Accepimus
1615 1982 1982 2045 prtcceplum,

393 2066 440 2126 si
470 2068 860 2124 servaverimus
887 2078 940 2123 et
960 2067 1098 2124 bene
1123 2069 1434 2136 vixerimus,
1466 2070 1788 2139 recipiemur
1808 2071 1860 2126 in
1883 2088 1985 2126 nu-

394 2175 600 2216 merum
627 2159 855 2228 ﬁliorum
892 2161 1005 2216 Dei.
1037 2161 1301 2231 Numquid
1324 2171 1378 2216 et
1399 2160 1486 2216 ille
1513 2163 1659 2232 prius
1685 2163 1814 2218 vixit
1849 2164 1986 2219 ﬁlius

394 2250 628 2314 hominis
648 2293 663 2320 ,
696 2261 752 2308 et
771 2252 907 2309 bene
932 2253 1160 2310 vivendo
1199 2252 1371 2309 factus
1413 2263 1496 2310 est
1539 2254 1678 2310 ﬁlius
1704 2255 1838 2311 Dei?
1859 2256 1986 2312 Inde

394 2347 596 2416 erupit,
627 2355 683 2403 et
728 2347 851 2404 inde
898 2349 1148 2419 inempit,
1197 2359 1253 2405 et
1302 2351 1641 2421 susceptione
1667 2351 1835 2408 factus
1881 2361 1982 2407 est.

407 2436 621 2494 Varium
667 2439 809 2494 enim
862 2457 982 2495 caro
1009 2445 1197 2512 factum
1225 2449 1300 2497 est
1320 2484 1333 2507 ,
1363 2450 1417 2495 ut
1444 2443 1693 2497 habitaret
1723 2444 1777 2498 in
1821 2443 1983 2499 nobis.

396 2527 630 2587 Verbum
656 2529 786 2598 Dei,
815 2531 1003 2588 unicus
1050 2531 1146 2587 Dei
1173 2532 1340 2587 Filius
1365 2534 1650 2604 assumpsit
1678 2534 1909 2589 animam
1935 2542 1988 2591 et

395 2637 612 2682 carnem
635 2623 866 2680 hominis
888 2666 903 2691 ,
933 2639 1039 2682 non
1069 2633 1222 2680 antea
1271 2641 1329 2682 se
1376 2629 1728 2697 promerentis
1747 2670 1762 2696 ,
1795 2644 1896 2684 nec
1920 2625 1988 2684 ad

396 2712 543 2770 illam
575 2715 970 2786 percipiendam
1006 2717 1385 2774 sublimitatem
1416 2718 1608 2774 virtute
1648 2720 1860 2790 propria
1905 2719 1986 2774 la-

398 2808 670 2876 borantis,
712 2809 808 2866 sed
849 2811 1067 2866 omnino
1108 2796 1291 2882 gratis.
1341 2811 1479 2867 Nihil
1528 2813 1670 2868 enim
1717 2812 1989 2882 praecessit

398 2902 544 2959 illam
594 2906 988 2975 susceptionem
1015 2923 1030 2960 τ
1054 2908 1390 2976 susceptione
1436 2905 1608 2964 factus
1646 2917 1728 2964 est
1755 2909 1793 2962 ⁸.
1824 2908 1988 2980 Virgo

399 2997 644 3066 cotioepit
673 3015 689 3051 ε
720 3005 844 3053 ante
884 3007 1198 3069 conceptum
1243 2999 1462 3070 virginis
1497 3001 1658 3056 homo
1686 3002 1989 3058 mediator?

400 3087 514 3144 Non
544 3091 722 3161 utique
751 3092 898 3161 prius
946 3092 1119 3162 justus
1167 3092 1286 3148 fuit.
1318 3095 1598 3163 Quomodo
1646 3097 1786 3154 enim
1815 3096 1988 3168 justus

401 3181 538 3250 fuit,
567 3184 657 3255 qui
685 3200 782 3240 nec
807 3184 943 3240 fuit?
972 3186 1134 3257 Virgo
1154 3187 1428 3262 concepit,
1457 3197 1512 3244 et
1531 3190 1866 3260 susceptione
1892 3189 1990 3246 ho-

401 3277 561 3334 minis
606 3277 731 3333 inde
759 3279 938 3351 erepit.
976 3279 1163 3337 Merito
1206 3279 1406 3336 dictum
1437 3291 1564 3338 est:
1602 3282 1835 3339 Vidimus
1879 3284 1992 3360 910-.

400 3370 529 3424 riam
555 3372 686 3442 ejus,
715 3373 928 3443 gloriam
972 3383 1209 3445 tanquam
1237 3375 1480 3446 unigeniti
1523 3393 1554 3429 a
1584 3375 1759 3444 Patre,
1785 3378 1990 3450 plenum

399 3465 567 3534 gratia
592 3473 639 3519 et
666 3465 868 3519 ueritate
897 3464 1086 3536 (Joan.
1117 3481 1163 3532 ι,
1191 3467 1315 3536 14).
1369 3468 1532 3523 Amas
1561 3455 1991 3526 liberam'volun-

400 3564 562 3613 tatem
594 3566 736 3612 tuam
759 3599 773 3623 ,
805 3544 1043 3614 dicturus
1064 3573 1123 3614 es
1148 3561 1282 3629 patri
1321 3569 1413 3615 tuo
1443 3579 1456 3615 :
1490 3560 1570 3614 Da
1600 3563 1724 3616 mihi
1760 3562 1992 3618 substan-

399 3650 526 3704 tiam
575 3665 739 3703 meam
763 3665 876 3720 quos
903 3666 983 3704 me
1024 3651 1266 3722 contingit
1292 3649 1312 3724 (
1334 3650 1457 3705 Luc.
1483 3668 1575 3715 xv,
1606 3652 1730 3724 12).
1762 3653 1898 3721 Quid
1933 3663 1991 3714 ιθ

401 3741 496 3796 tibi
523 3741 1057 3799 committis?Melius
1083 3752 1134 3799 te
1184 3753 1359 3813 potest
1407 3761 1621 3801 servare
1646 3788 1658 3812 ,
1685 3747 1775 3817 qui
1806 3755 1858 3802 te
1899 3763 1992 3818 po-

400 3835 500 3889 tuit
523 3876 537 3902 ,
561 3842 844 3904 antequam
860 3849 1029 3902 esses,
1057 3850 1259 3892 creare.
1287 3837 1530 3907 Agnosco
1551 3852 1676 3908 ergo
1696 3836 1988 3907 Christum,

401 3928 568 3997 gratia
597 3927 786 3997 plenus
831 3937 932 3982 est.
981 3927 1092 3982 Hoc
1126 3927 1219 3985 tibi
1247 3926 1358 3982 vult
1385 3926 1645 3994 fundere,
1679 3945 1781 3999 quo
1805 3930 1992 4000 plenus

403 4027 486 4074 est
515 4037 528 4073 :
554 4019 656 4074 hoc
680 4019 772 4074 tibi
795 4018 957 4087 dicit,
988 4019 1180 4088 Quaere
1201 4018 1339 4074 dona
1369 4035 1508 4087 mea,
1539 4019 1853 4077 obliviscere
1881 4038 1992 4077 me-

401 4112 500 4166 rita
524 4121 646 4178 tua;
678 4112 798 4182 quia
841 4112 887 4168 si
937 4127 1038 4183 ego
1060 4127 1353 4183 quzererem
1396 4114 1583 4168 merita
1617 4123 1701 4169 tua
1723 4157 1737 4180 ,
1770 4131 1874 4170 non
1903 4132 1991 4172 vc-

404 4204 547 4259 nires
577 4204 641 4259 ad
668 4204 806 4261 dona
855 4220 994 4261 mea.
1027 4204 1144 4260 Noli
1190 4213 1244 4262 te
1270 4206 1548 4276 extollere,
1578 4208 1799 4278 pusillus
1827 4217 1943 4266 esto
1969 4251 1987 4287 ,

403 4293 686 4352 Zaeclueus
718 4305 854 4353 esto.

471 4408 698 4468 CAPUT
723 4411 811 4468 lll.
835 4444 904 4452 —
932 4412 984 4468 5.
1013 4411 1248 4479 ΖασεΙιαβὶ
1280 4419 1470 4488 factum
1499 4417 1786 4492 allegorice,
1820 4417 1986 4490 Sycoe

403 4517 604 4572 morus,
641 4520 766 4570 crux
807 4502 1013 4559 Christi.
1069 4503 1205 4572 Crux
1253 4507 1308 4573 in
1362 4510 1544 4580 fronte.
1594 4508 1699 4575 Sed
1751 4509 1991 4574 dicturus

400 4606 461 4648 es
485 4612 497 4647 :
525 4592 580 4650 Si
608 4592 895 4662 Zacchaeus
925 4595 1076 4652 fuero
1095 4640 1109 4664 ,
1133 4613 1243 4668 prae
1264 4598 1418 4665 turba
1455 4612 1559 4665 non
1587 4609 1774 4674 potero
1807 4601 1990 4668 videre

400 4681 600 4744 Jesum.
624 4684 742 4740 Noli
758 4701 878 4755 esse
902 4688 1088 4753 tristis,
1104 4689 1333 4756 ascende
1354 4690 1573 4760 lignum,
1601 4693 1687 4756 ubi
1705 4709 1803 4770 pro
1820 4703 1873 4758 te
1893 4711 1989 4766 pe.-

399 4777 580 4846 pendit
605 4777 789 4848 Jesus,
831 4789 885 4850 et
923 4781 1125 4848 videbis
1154 4782 1352 4850 Jesum.
1379 4784 1447 4848 Et
1481 4785 1637 4856 quale
1660 4804 1829 4862 genus
1861 4790 1989 4862 ligni

399 4870 639 4926 ascendit
685 4871 1011 4938 Zacchaeus?
1039 4873 1407 4946 Sycomqrum.
1443 4878 1503 4944 in
1545 4881 1848 4952 regionibus
1892 4899 1990 4942 nos

400 4964 525 5019 stris
569 4974 660 5020 aut
686 4967 906 5028 omnino
935 4983 1217 5039 nusquam,
1241 4979 1333 5032 aut
1366 4986 1492 5034 raro
1511 4971 1648 5038 fortc
1676 4975 1872 5042 alicubi
1894 4991 1989 5042 nae

399 5055 564 5111 scitur
595 5075 608 5112 :
639 5057 692 5112 in
729 5058 834 5113 illis
863 5067 1039 5122 autem
1067 5061 1304 5140 partibus
1343 5063 1568 5126 multum
1599 5075 1681 5121 est
1709 5065 1870 5137 hujus
1895 5083 1988 5140 ge-

401 5147 543 5202 neris
571 5148 697 5223 ligni
716 5157 770 5205 et
797 5151 957 5224 pomi.
979 5151 1269 5223 Sycomora
1286 5153 1536 5222 dicuntur
1563 5171 1719 5226 poma
1744 5158 1988 5228 quaedam

401 5237 515 5294 ﬁcis
560 5241 754 5308 similia
788 5261 802 5308 :_
833 5243 926 5310 sed
953 5231 1131 5310 tamen
1172 5245 1369 5314 distant
1405 5248 1644 5322 aliquid;
1669 5251 1810 5323 quod
1859 5268 1986 5324 pos-

399 5345 524 5390 sunt
557 5350 717 5392 nosse
764 5337 855 5408 qui
903 5338 1152 5406 viderunt
1199 5340 1281 5408 vel
1321 5351 1686 5418 gustavcrunt.
1717 5345 1985 5415 Quantum

398 5434 576 5514 tamen
624 5430 861 5498 indicant
910 5432 1352 5506 interpretatione
1397 5440 1656 5508 nominis,
1704 5457 1985 5514 sycomora

398 5510 512 5570 Fici
540 5516 698 5572 fatuae
729 5518 892 5575 latine
921 5521 1354 5594 interpretantur.
1377 5523 1494 5594 Jam
1519 5526 1640 5584 vide
1669 5510 1983 5590 Za'cchaeum

393 5669 734 5817 ωέωζεθάίω
993 5681 1980 5747 Μοσαηωυεὶῆωωειιιθεηβθ-

483 5767 533 5804 ιι.
620 5793 632 5806 .

483 5767 533 5804 Π.
549 5767 632 5806 IIS.

1773 272 2008 333 saeuo
2041 246 2320 332 chmv.

3577 289 3686 349 Ml

2098 405 2299 459 meum,
2331 390 2451 449 vide
2476 390 2648 463 illum,
2675 390 2902 456 obsecro
2930 403 2983 454 te
3001 439 3016 465 ,
3040 397 3310 470 volentem
3337 401 3391 457 in
3422 403 3574 461 turba
3601 406 3686 463 vi-

2092 483 2224 540 dere
2246 485 2431 543 losum
2455 528 2470 555 ,
2500 494 2556 543 et
2585 503 2690 546 non
2734 491 3022 548 valmtetn.
3056 493 3284 551 Humilis
3329 497 3473 562 enim
3526 507 3684 570 erat,

2094 577 2248 633 turba
2274 578 2502 647 superba
2537 589 2692 636 erat:
2714 589 2770 638 et
2806 583 2918 654 ipsa
2944 584 3094 640 turba
3141 585 3210 641 ad
3233 586 3516 644 videndum
3548 589 3690 653 bene

2094 669 2378 726 Dominum
2398 710 2412 735 ,
2443 670 2580 728 sicut
2620 672 2757 728 solet
2805 675 2957 731 turba
2979 717 2994 740 ,
3021 691 3080 732 se
3110 677 3278 746 ipsam
3309 679 3634 749 impediebat
3669 697 3686 738 δ

2094 761 2332 816 ascendit
2353 776 2383 816 a
2413 763 2590 830 turba,
2613 773 2667 819 et
2684 765 2812 821 vidit
2831 766 3014 824 losum
3037 784 3142 824 non
3165 769 3487 842 impediente
3506 772 3684 831 turba.

2096 853 2273 911 Turba
2299 854 2442 910 enim
2462 854 2592 910 dicit
2613 856 2920 924 humilibus,
2949 861 3260 920 humilitatis
3275 865 3412 920 viam
3433 867 3652 936 gradien
3667 895 3692 910 ο

2092 942 2266 1010 tibus,
2289 944 2510 1015 injurias
2537 960 2660 1002 suas
2690 948 2800 1003 Deo
2827 949 3216 1010 dimittentibus
3238 994 3254 1022 ,
3289 955 3572 1013 vindictam
3610 958 3683 1028 de

2093 1036 2322 1095 inimicis
2359 1054 2468 1096 non
2504 1040 2925 1111 requirentibus,
2956 1046 3107 1104 turba
3150 1047 3398 1115 insultat,
3428 1058 3482 1105 et
3505 1051 3636 1107 dicit
3668 1072 3683 1108 :

2092 1127 2376 1186 lndefense
2403 1172 2418 1197 ,
2460 1133 2550 1202 qui
2601 1139 2656 1196 te
2701 1149 2807 1189 non
2839 1144 2990 1206 potes
3035 1137 3322 1196 vindicare.
3371 1141 3546 1198 Turba
3587 1145 3687 1199 im-

2090 1220 2239 1293 pedit
2279 1237 2349 1278 nc
2372 1223 2614 1280 videatur
2640 1225 2794 1282 Jesus
2823 1245 2835 1280 :
2866 1228 3018 1284 turba
3066 1230 3297 1300 glorians
3337 1243 3393 1289 et
3438 1236 3687 1304 exultans

2091 1312 2306 1382 quando
2335 1329 2393 1370 se
2416 1317 2645 1385 potuerit
2664 1318 2934 1375 vindicare
2958 1361 2972 1385 ,
2991 1320 3210 1392 impedit
3235 1340 3303 1380 ne
3325 1325 3568 1382 videatur
3593 1329 3686 1384 ille

2091 1406 2182 1474 qui
2229 1408 2472 1477 pendens
2514 1410 2621 1476 ait,
2649 1408 2828 1478 Pater,
2870 1413 3073 1484 ignosce
3118 1413 3250 1478 illis,
3292 1418 3412 1487 quia
3455 1421 3686 1476 nesciunt

2091 1496 2212 1566 quid
2242 1498 2438 1567 faciunt
2459 1499 2610 1572 (Luc.
2635 1518 2788 1571 χχιιι,
2818 1505 2930 1577 54).
2960 1505 3112 1564 Hunc
3136 1523 3265 1577 ergo
3294 1511 3475 1566 volens
3503 1512 3688 1569 videre

2091 1588 2396 1660 Zacohams,
2431 1594 2482 1650 in
2513 1611 2618 1666 quo
2639 1597 2962 1669 ﬁgurabatur.
2997 1617 3225 1672 persona
3250 1603 3549 1674 humilium,
3576 1623 3686 1663 non

2091 1684 2321 1739 attendit
2353 1687 2560 1742 turbam
2589 1690 3006 1760 impedientem;
3038 1694 3133 1750 sed
3162 1696 3404 1752 ascendit
3440 1712 3689 1769 sycomo-

2090 1786 2232 1845 rum,
2264 1782 2414 1851 quasi
2436 1782 2565 1839 fatui
2585 1786 2730 1854 pomi
2760 1787 2982 1858 lignum.
3008 1787 3121 1846 Nos
3146 1791 3312 1860 enim,
3342 1793 3513 1862 inquit
3537 1794 3690 1866 Apo-

2090 1871 2259 1927 stolus
2278 1911 2292 1937 ,
2322 1875 2657 1943 praedicamus
2681 1876 2939 1934 Christum
2964 1882 3268 1951 cruciﬁxum
3288 1925 3302 1950 ,
3330 1884 3530 1941 ludatis
3565 1888 3687 1959 qui-

2089 1962 2204 2018 dem
2247 1967 2546 2022 scandalum
2574 1987 2592 2024 :
2620 1971 2836 2028 attende
2894 1988 3271 2046 sycomorum:
3306 1976 3547 2034 Gentibus
3586 1997 3688 2034 au-

2092 2063 2191 2109 tent
2215 2057 2484 2116 stultitiam
2501 2059 2545 2131 (i
2565 2059 2683 2115 Cor.
2715 2079 2769 2130 ι,
2791 2063 2907 2136 95).
2940 2064 3178 2137 Denique
3204 2068 3272 2125 de
3300 2085 3458 2126 cruce
3483 2071 3688 2129 Christi

2091 2148 2246 2205 nobis
2286 2151 2543 2208 insultant
2585 2157 2853 2226 sapientes
2906 2159 3063 2232 hujus
3091 2162 3309 2230 mundi,
3355 2172 3410 2221 et
3456 2165 3685 2225 dicunt:

2091 2239 2258 2307 Quale
2281 2257 2376 2298 cor
2402 2244 2630 2313 habetis,
2660 2250 2748 2318 qui
2767 2250 2932 2306 Deum
2957 2253 3134 2309 colitis
3158 2257 3500 2314 cruciﬁxum?
3519 2260 3688 2329 Quale

2089 2347 2186 2388 cor
2215 2335 2512 2393 habemus?
2539 2339 2653 2394 Non
2699 2343 2883 2413 utique
2912 2356 3168 2402 vestrum.
3210 2347 3480 2420 Sapientia
3527 2352 3690 2422 hujus

2091 2427 2274 2482 mundi
2324 2430 2548 2486 stultitia
2599 2442 2682 2488 est
2729 2435 2871 2505 apud
2902 2435 3070 2493 Deum
3102 2439 3228 2509 (Id.
3276 2441 3523 2515 111,19).
3572 2443 3689 2502 Non

2092 2521 2234 2575 enim
2266 2531 2500 2578 vestrum
2546 2540 2642 2580 cor
2671 2526 2950 2585 habemus.
2976 2529 3082 2586 Sed
3125 2531 3298 2588 dicitis
3325 2548 3418 2590 cor
3445 2544 3686 2594 nostrum

2092 2615 2330 2670 stultum.
2363 2617 2533 2676 Dicite
2578 2619 2719 2690 quod
2747 2621 2906 2677 vultis
2938 2641 2952 2676 :
2992 2638 3091 2680 nos
3136 2627 3490 2702 ascendamus
3533 2645 3689 2702 syco-

2093 2721 2324 2776 morum,
2354 2717 2410 2765 et
2453 2711 2732 2770 videamus
2770 2713 2973 2771 Jesum.
3021 2716 3149 2774 Ideo
3191 2719 3334 2776 enim
3359 2736 3455 2777 vos
3503 2721 3688 2779 Iesum

2091 2799 2273 2856 videre
2302 2815 2408 2856 non
2442 2804 2686 2873 potestis,
2714 2807 2835 2876 quia
2865 2822 3206 2879 sycomorum
3234 2812 3525 2870 ascendere
3563 2830 3686 2870 cru-

2093 2893 2327 2952 bescitis.
2361 2897 2742 2977 Apprehendat
2769 2901 3054 2958 Zacchreus
3090 2919 3429 2976 sycomorum
3453 2951 3469 2976 ,
3495 2923 3689 2966 ascen-

2093 2986 2184 3042 dat
2226 2987 2446 3045 humilis
2493 3006 2727 3047 crucem.
2775 2993 2968 3049 Parum
2995 3003 3113 3062 est,
3163 2999 3449 3066 ascendat;
3495 3017 3564 3057 ne
3618 3002 3689 3059 de

2093 3095 2252 3138 cruce
2277 3083 2479 3138 Christi
2501 3085 2781 3142 erubescat
2803 3129 2819 3155 ,
2850 3087 2906 3142 in
2931 3088 3104 3144 fronte
3135 3089 3276 3146 illam
3299 3091 3458 3162 ﬁgat,
3490 3092 3577 3148 ubi
3605 3108 3693 3150 se-

2095 3173 2192 3229 des
2222 3174 2437 3244 pudoris
2463 3183 2546 3231 est
2579 3195 2593 3230 :
2625 3177 2697 3231 ibi
2719 3177 2959 3247 omnino,
2993 3179 3063 3235 ibi
3095 3179 3151 3235 in
3177 3196 3282 3251 quo
3310 3183 3551 3242 membro
3567 3200 3691 3241 eru-

2094 3266 2360 3332 bescitur,
2391 3268 2461 3322 ibi
2485 3268 2675 3338 ﬁgatur
2699 3269 2841 3325 unde
2881 3285 2987 3326 non
3019 3272 3382 3330 erubescatur.
3411 3275 3546 3331 Puto
3565 3276 3691 3348 quia

2095 3366 2152 3413 tu
2175 3360 2363 3414 irrides
2392 3376 2732 3432 sycomorum
2761 3381 2775 3417 :
2798 3370 2854 3418 et
2881 3362 2994 3433 ipsa
3017 3379 3103 3419 me
3123 3363 3249 3422 fecit
3272 3365 3455 3423 videre
3479 3367 3688 3425 Jesum.

2097 3449 2202 3506 Sed
2239 3461 2294 3506 tu
2340 3453 2532 3508 irrides
2571 3468 2912 3525 sycomorum
2933 3497 2948 3522 ,
2975 3457 3099 3527 quia
3144 3456 3306 3513 homo
3335 3473 3395 3514 es
3425 3477 3438 3514 :
3466 3461 3692 3518 stultum

2095 3552 2273 3598 autem
2336 3544 2432 3599 Dei
2478 3546 2770 3616 sapientius
2816 3554 2898 3602 est
2955 3562 3115 3618 quam
3153 3547 3425 3606 hominum
3468 3551 3578 3624 (1d.
3628 3569 3688 3638 ιη

2095 3633 2209 3704 es).

2168 3726 2393 3783 CAPUT
2433 3727 2520 3784 iV.
2556 3759 2628 3770 -—
2660 3730 2714 3784 4.
2768 3727 2961 3785 Gratim
3007 3733 3352 3804 prtevenicntis
3401 3737 3688 3793 necessitas.

2095 3821 2161 3876 Et
2191 3821 2322 3876 vidit
2355 3821 2614 3879 Dominus
2643 3823 2816 3892 ipsum
2843 3823 3176 3881 Zacchzeum.
3204 3827 3363 3884 Visus
3385 3838 3499 3899 est,
3530 3839 3586 3887 et
3613 3833 3693 3889 vi-

2096 3914 2214 3970 dit:
2244 3914 2338 3970 sed
2389 3915 2493 3970 nisi
2533 3917 2680 3972 visus
2725 3927 2901 3985 esset,
2942 3935 3048 3976 non
3077 3920 3302 3978 videret.
3353 3924 3499 3992 Quos
3543 3927 3689 3988 enim

2097 4008 2510 4078 praedestinavit,
2536 4009 2654 4064 illos
2696 4018 2751 4066 et
2768 4011 2975 4066 vocavit
2997 4011 3174 4086 (Rom.
3192 4029 3303 4082 vm,
3324 4013 3437 4087 50).
3468 4015 3584 4088 ipse
3605 4029 3692 4076 est

2095 4103 2183 4172 qui
2230 4101 2539 4158 Nathanaeli
2567 4103 2741 4170 dixit,
2764 4104 2873 4175 jam
2897 4107 3046 4176 quasi
3071 4108 3379 4164 testimonio
3395 4126 3493 4166 suo
3530 4112 3688 4184 adju-

2095 4195 2240 4248 vanti
2268 4194 2634 4265 Evangelium,
2659 4205 2714 4252 et
2733 4196 2950 4265 dicenti,
2965 4198 3010 4252 Α
3032 4197 3292 4255 Nazareth
3313 4211 3473 4274 potest
3492 4204 3691 4273 aliquid

2095 4286 2212 4342 boni
2231 4289 2370 4346 esse?
2399 4290 2654 4344 Dominus
2682 4289 2748 4346 ad
2779 4290 2929 4346 illum
2950 4332 2964 4357 ,
2994 4290 3306 4366 Priusquam
3342 4304 3388 4350 te
3409 4294 3690 4370 Philippus

2094 4388 2312 4445 vocaret,
2333 4396 2447 4434 cum
2462 4397 2590 4436 esses
2610 4381 2701 4436 sub
2717 4381 2896 4437 arbore
2908 4383 3014 4462 ﬁci,
3026 4384 3129 4438 vidi
3150 4392 3195 4439 te
3213 4384 3394 4458 (John.
3408 4403 3445 4453 ι,
3463 4387 3554 4456 46,
3573 4387 3686 4462 48).

2095 4471 2274 4528 Nostis
2298 4473 2436 4530 unde
2453 4473 2554 4529 sibi
2572 4461 2923 4538 succinctoria
2939 4475 3184 4533 fecerunt
3199 4479 3355 4548 primi
3377 4461 3684 4549 peccatores

2095 4565 2265 4622 Adam
2293 4574 2347 4622 et
2381 4567 2510 4622 Eva.
2540 4566 2764 4635 Quando
2787 4579 3171 4640 peccaverunt,
3197 4569 3265 4625 de
3289 4570 3428 4626 foliis
3455 4573 3540 4628 ﬁci
3561 4588 3687 4629 suc-

2095 4657 2350 4713 cinctoria
2381 4657 2480 4713 sibi
2507 4657 2745 4715 fecerunt
2781 4667 2836 4714 et
2863 4659 3109 4731 pudenda
3135 4669 3379 4716 texerunt
3404 4661 3561 4732 (Gen.
3587 4680 3644 4720 ιιι
3665 4705 3687 4736 ,

2097 4748 2151 4820 7)
2181 4749 2338 4819 :quia
2383 4749 2525 4820 quod
2565 4765 2660 4806 eos
2685 4750 2909 4822 puderet
2951 4751 3220 4823 peccando
3250 4751 3507 4809 fecerunt.
3544 4756 3687 4828 Ergo

2093 4840 2139 4895 si
2167 4841 2520 4896 succinctoria
2559 4841 2659 4897 sibi
2706 4843 2859 4914 primi
2905 4851 3211 4914 peccatores
3249 4843 3514 4917 fecerunt,
3541 4849 3687 4906 unde

2095 4931 2358 5002 originem
2411 4932 2696 5003 ducimus,
2749 4935 2805 4990 in
2852 4934 3046 5008 quibus
3083 4935 3442 5006 perieramus,
3475 4949 3536 4996 ut
3583 4957 3681 4998 ve-

2094 5025 2235 5080 niret
2271 5025 2359 5081 ille
2402 5041 2646 5097 quaerere
2689 5036 2744 5082 et
2769 5027 2975 5083 salvare
3005 5027 3145 5099 quod
3168 5030 3428 5102 perierat,
3452 5032 3520 5088 de
3544 5036 3656 5095 folii
3719 5063 3730 5080 ι

2095 5115 2182 5172 ﬁci
2224 5117 2290 5173 ad
2333 5118 2581 5188 pudenda
2629 5119 2851 5192 tegenda
2907 5119 3182 5190 fecerunt;
3229 5123 3356 5194 quid
3399 5127 3541 5180 aliud
3594 5127 3680 5182 di-

2094 5217 2240 5264 ctum
2284 5218 2402 5280 est,
2447 5209 2577 5266 Cum
2617 5228 2748 5268 esses
2785 5212 2877 5268 sub
2917 5212 3095 5269 arbore
3119 5214 3206 5284 ﬁci
3227 5256 3244 5284 ,
3275 5215 3376 5270 vidi
3408 5225 3492 5284 te;
3535 5218 3636 5275 nisi
3662 5263 3679 5288 ,

2097 5318 2203 5359 non
2231 5304 2444 5361 venires
2492 5305 2558 5362 ad
2603 5314 2943 5382 purgatorem
2997 5308 3236 5379 peccati,
3287 5309 3389 5365 nisi
3437 5311 3585 5382 prior
3629 5322 3682 5370 te

2097 5321 2203 5359 non
2231 5321 2444 5361 ventres
2492 5321 2558 5362 aa
2603 5323 2673 5376 pu
2771 5321 2943 5362 torem
2997 5321 3236 5379 peccati,
3287 5321 3389 5365 nisi
3437 5321 3585 5382 prior
3629 5322 3682 5370 te

2091 5395 2313 5452 vidisset
2355 5398 2408 5453 in
2457 5397 2645 5452 umbra
2673 5321 2922 5468 lpacati?
2961 5396 3031 5455 Ut
3075 5398 3404 5469 videremus,
3450 5405 3552 5459 visi
3593 5421 3686 5461 su-

2092 5502 2251 5555 mus;
2276 5495 2335 5543 ut
2377 5488 2717 5560 diligeremus
2741 5529 2755 5551 ,
2778 5487 2957 5545 dilecti
2985 5491 3340 5550 sumus.Deus
3365 5509 3540 5564 meus,
3573 5498 3679 5553 mi-

2091 5580 2382 5642 sericordia
2408 5581 2526 5650 ejus
2555 5581 2846 5652 prmveniet
2866 5597 2955 5649 me
2986 5581 3169 5658 (Paul.
3199 5601 3324 5655 artu
3345 5627 3360 5654 ,
3388 5585 3500 5661 Η).

2161 5676 2217 5731 5.
2245 5675 2515 5746 Suscipere
2537 5673 2717 5730 Jesum
2738 5676 2794 5730 in
2821 5692 2928 5733 cor.
2951 5676 3069 5734 Iam
3106 5693 3236 5751 ergo
3270 5679 3564 5758 Dominus,
3593 5683 3684 5754 qui

2088 5766 2404 5825 lucebat-um
2439 5767 2494 5825 in
2537 5766 2702 5826 corde
2729 5779 3077 5843 susceperat.
3102 5771 3158 5832 in
3182 5772 3403 5834 domum
3427 5772 3549 5842 eius
3592 5773 3685 5837 di-
