4108 6336
428 314 535 372 ’45

432 447 625 512 gnatus
647 444 731 494 est
750 431 948 503 suscipi
1003 445 1016 484 :

429 532 710 598 descende,
757 526 994 599 quoniam
1028 522 1084 576 in
1129 519 1280 574 domo
1309 525 1397 571 tua
1437 521 1633 584 oportet
1684 526 1764 565 me
1797 522 2020 599 manere.

429 623 674 694 Magnum
693 598 1008 674 beneficium
1031 612 1122 667 ille
1133 607 1510 673 arbitrabatur,
1525 602 1797 659 Christum
1816 598 2018 654 videre.

428 714 530 784 Qui
556 726 805 784 magnum
830 716 887 765 et
916 703 1186 763 ineffabile
1208 698 1525 757 beneficium
1551 695 1810 767 putabat,
1843 700 2022 747 trans-

425 816 642 865 euntem
686 804 895 872 videre,
924 800 1101 856 subito
1140 795 1337 852 meruit
1382 794 1436 847 in
1479 790 1642 847 domo
1680 787 1900 844 habere.
1930 784 2021 840 ln—

423 898 662 957 funditur
681 897 851 969 gratia
870 937 886 961 ,
918 898 1173 965 operatur
1215 888 1348 944 fides
1375 900 1474 984 per
1500 882 1875 984 dilectionem;
1902 892 2023 984 sus-

424 991 622 1063 cipitur
676 987 919 1045 Christus
971 986 1025 1040 in
1068 983 1320 1046 domum,
1365 978 1456 1049 qui
1494 975 1603 1046 jam
1649 969 1922 1028 habitabat
1962 969 2021 1024 in

1071 435 1127 484 et
1172 424 1339 490 dixit,
1382 421 1657 486 Zacehtee,
1710 417 1955 489 festinans
2003 415 2022 446 ⁸

429 1084 610 1141 corde.
643 1081 780 1137 Dicit
824 1078 1038 1136 Christo
1075 1074 1406 1131 Zacchaaus:
1453 1069 1699 1135 Domine,
1754 1063 2021 1119 dimidium

424 1193 595 1231 rerum
618 1189 845 1229 mearum
873 1171 941 1225 do
971 1165 1315 1239 pauperibus;
1342 1173 1389 1219 et
1416 1162 1460 1217 si
1488 1159 1609 1231 quid
1641 1157 1859 1229 aliquem
1885 1159 2022 1227 frau-

425 1268 542 1322 dari
562 1307 578 1333 ,
609 1263 952 1339 quadruplum
973 1259 1151 1333 reddo.
1174 1256 1340 1325 Quasi
1359 1253 1563 1309 diceret
1593 1268 1607 1306 :
1633 1248 1759 1305 Ideo
1783 1246 1916 1339 mihi
1939 1244 2022 1302 di-

424 1338 646 1413 midium
677 1366 855 1418 teneo,
887 1368 995 1408 non
1029 1350 1173 1422 quod
1198 1348 1422 1403 habeam
1442 1387 1457 1414 ,
1481 1343 1575 1399 sed
1604 1341 1747 1397 unde
1773 1338 2015 1395 reddam.

424 1449 565 1504 Vere
591 1462 716 1503 cccc
744 1444 886 1516 quod
910 1454 994 1499 est
1012 1445 1286 1511 suscipere
1305 1439 1512 1503 Iesum,
1531 1435 1585 1490 in
1602 1449 1697 1490 cor
1723 1432 2016 1502 suscipere.

424 1542 499 1599 lbi
541 1542 683 1597 enim
737 1549 852 1596 erat
876 1538 1138 1603 Christus,
1178 1534 1234 1589 in
1260 1531 1514 1588 Zacchaeo
1555 1536 1707 1598 erat,
1739 1535 1795 1582 et
1821 1525 1888 1581 de
1926 1524 2020 1579 illo

424 1634 525 1691 sibi
565 1632 810 1696 dicebat,
841 1628 981 1700 quod
1012 1643 1079 1682 ex
1124 1640 1222 1681 ore
1267 1624 1385 1694 ejus
1432 1620 1699 1677 audiebat.
1744 1618 1833 1674 Sic
1875 1615 2018 1672 enim

426 1724 715 1795 Apostolus
753 1722 883 1777 dicit
911 1738 924 1774 :
958 1718 1203 1773 Habitare
1237 1714 1494 1771 Chrisz
1519 1728 1608 1783 per
1633 1710 1787 1781 ﬁdem
1810 1710 1864 1763 in
1901 1723 2019 1762 cor-

426 1818 572 1873 dibus
597 1816 770 1872 vestris
800 1813 1020 1884 (Ephes.
1052 1827 1138 1877 tu,
1172 1807 1283 1878 17).

497 1907 723 1964 CAPUT
760 1906 826 1960 Υ.
849 1933 924 1945 ——
949 1903 1002 1957 6.
1034 1901 1135 1969 Qui
1164 1899 1278 1954 sani
1319 1897 1415 1952 sibi
1443 1895 1679 1950 videntur
1703 1933 1719 1959 ,
1759 1890 2020 1946 insaniunt

426 2002 482 2055 in
504 1997 769 2054 medicum.
806 1993 1029 2065 Sanguis
1069 1990 1253 2044 medici
1288 1986 1711 2042 medicamentum
1737 1997 1830 2036 suo
1863 1981 2021 2036 inter-

426 2091 625 2164 fectori.
665 2089 783 2145 Iam
825 2098 954 2156 ergo
993 2082 1116 2154 quia
1161 2081 1448 2136 Zacchaaus
1497 2083 1650 2141 erat,
1698 2072 1820 2143 quia
1867 2072 2020 2141 prin-

426 2200 557 2256 ceps
584 2182 989 2253 publicanorum
1032 2182 1150 2231 erat
1172 2215 1186 2240 ,
1217 2172 1344 2243 quia
1385 2168 1539 2225 valde
1583 2173 1840 2256 peccator
1859 2170 2014 2230 erat;

433 2254 589 2347 quasi
615 2289 744 2329 sana
767 2274 787 2304 ²
819 2272 907 2327 illa
934 2268 1111 2332 turba,
1130 2280 1249 2337 quae
1272 2257 1789 2333 impediebatvidere
1812 2254 2017 2322 Iesum,

426 2365 683 2435 admirata
726 2372 843 2428 est,
886 2368 941 2417 et
987 2354 1335 2428 reprehendit
1375 2350 1515 2423 quod
1563 2350 1618 2405 in
1644 2348 1861 2404 domum
1891 2359 2020 2416 pec-

426 2457 625 2513 catoris
652 2457 900 2509 intrasset
917 2451 1090 2506 Jesus.
1115 2447 1229 2504 Hoc
1247 2452 1364 2503 erat
1387 2439 1781 2514 reprehendere
1805 2435 1945 2508 quod
1967 2435 2020 2490 in

432 2547 651 2602 domum
677 2544 864 2616 aegroti
887 2541 1101 2598 intravit
1126 2537 1384 2594 medicus.
1406 2534 1541 2602 Quia
1570 2547 1697 2603 ergo
1726 2529 1871 2631 velut
1895 2541 2023 2631 pec-

427 2649 577 2695 cator
586 2639 872 2694 Zacchmus
898 2634 1091 2690 irrisus
1105 2642 1207 2699 est,
1229 2631 1416 2686 irrisus
1431 2635 1514 2683 est
1539 2635 1719 2680 autem
1741 2623 1808 2677 ab
1820 2622 2021 2675 insanis

428 2743 667 2799 sanatus,
691 2732 949 2787 Dominus
974 2725 1251 2798 respondit
1280 2719 1622 2779 irridentibus
1646 2735 1661 2772 :
1695 2715 1863 2770 Hodie
1881 2713 2020 2767 satus

429 2825 550 2879 huic
575 2823 748 2877 domui
779 2826 915 2893 facta
954 2828 1045 2873 est.
1076 2818 1211 2873 Ecce
1238 2829 1405 2884 quare
1430 2809 1653 2874 intravi,
1702 2805 2023 2910 salus‘hodie

429 2921 568 2988 facta
610 2924 699 2969 est.
745 2913 936 2982 Utique
976 2911 1021 2965 si
1049 2908 1291 2965 Salvator
1321 2921 1426 2960 non
1469 2905 1756 2969 intrasset,
1797 2899 1942 2954 salus
1965 2899 2020 2953 in

426 3007 518 3061 illa
544 3005 703 3060 domo
733 3004 867 3059 facta
893 3017 1001 3057 non
1032 3008 1191 3055 esset.
1225 2996 1362 3065 Quid
1396 3009 1523 3066 ergo
1549 2991 1761 3048 miraris
1780 3032 1796 3059 ,
1840 3005 2016 3060 aegro-

429 3096 525 3152 te?
565 3081 710 3149 Voca
735 3102 791 3149 et
838 3102 896 3147 tu
935 3091 1117 3148 Iesum
1146 3131 1160 3156 ,
1195 3089 1307 3142 noli
1337 3087 1429 3140 tibi
1474 3098 1636 3140 sanus
1666 3083 1855 3138 videri.
1886 3079 2021 3136 Cum

428 3203 526 3260 spe
545 3192 789 3257 aegrotat,
811 3184 904 3255 qui
930 3182 1231 3239 mendicum
1261 3179 1485 3249 suscipit
1506 3196 1517 3230 :
1538 3177 1820 3247 desperate
1845 3188 2020 3245 :egro-

430 3286 549 3345 tat,
581 3276 671 3348 qui
700 3292 795 3346 per
838 3275 1098 3330 insaniam
1148 3272 1414 3327 medicum
1454 3268 1630 3325 caedit.
1670 3266 1853 3336 Qualis
1893 3279 2021 3337 ergo

430 3370 549 3441 ejus
574 3368 782 3424 insania
806 3409 822 3434 ,
852 3366 942 3437 qui
967 3364 1231 3420 medicum
1260 3362 1491 3418 occidit?
1516 3360 1724 3429 Quanta
1753 3375 1882 3416 vero
1919 3359 2020 3416 bo-

430 3461 571 3516 nitas
588 3468 645 3516 et
663 3460 905 3533 potentia
930 3457 1162 3523 medici,
1192 3457 1283 3527 qui
1303 3454 1372 3511 de
1396 3454 1656 3524 sanguine
1689 3468 1806 3520 suo,
1830 3454 2021 3510 insano

430 3550 761 3610 interfectori
807 3565 904 3606 suo
955 3548 1402 3605 medicamentum
1445 3545 1610 3602 fecit?
1646 3544 1831 3617 Neque
1876 3546 2020 3603 enim

430 3644 522 3701 ille
564 3645 654 3716 qui
700 3652 923 3700 venerat
945 3656 1187 3713 quaerere
1225 3648 1280 3695 et
1308 3640 1514 3695 salvare
1565 3638 1707 3710 quod
1749 3639 2016 3710 perierat,

429 3736 669 3807 pendens
698 3736 813 3791 sine
837 3749 998 3790 causa
1023 3733 1265 3798 dicebat,
1297 3731 1476 3800 Pater,
1521 3732 1724 3803 ignosce
1747 3732 1870 3797 illis,
1900 3730 2022 3801 quia

429 3829 655 3883 nesciunt
698 3827 820 3898 quid
847 3825 1063 3895 faciunt.
1086 3822 1263 3878 Insani
1288 3832 1429 3889 sunt,
1465 3821 1703 3877 medicus
1725 3837 1843 3878 sum
1875 3840 1889 3877 :
1919 3837 2020 3877 sae-

429 3922 580 3975 viant
605 3961 618 3984 ,
652 3921 917 3990 patienter
945 3917 1094 3981 fero;
1126 3930 1248 3971 cum
1277 3915 1609 3982 occiderint,
1648 3924 1773 3970 tunc
1797 3914 2016 3970 satiabo.

434 4013 615 4069 Simus
662 4027 790 4080 ergo
841 4012 982 4065 inter
1024 4010 1145 4064 illos
1190 4024 1322 4079 quos
1352 4016 1525 4063 sanat.
1558 4006 1830 4061 Humanus
1857 4023 2021 4062 sermo

435 4114 480 4159 et
507 4104 644 4158 omni
668 4102 955 4173 acceptione
984 4100 1168 4172 dignus
1196 4140 1210 4164 ,
1240 4100 1357 4170 quia
1383 4099 1610 4153 Christus
1636 4098 1788 4153 Iesus
1814 4100 1943 4152 venit
1968 4101 2022 4153 in

438 4193 683 4251 mundum
710 4204 994 4263 peccatores
1038 4190 1206 4246 salvos
1234 4196 1400 4262 facere
1429 4208 1447 4244 :
1473 4205 1692 4261 magnos
1715 4230 1731 4258 ,
1763 4190 1979 4259 pusillos
2002 4230 2018 4256 ,

437 4297 721 4360 peccatores
749 4285 913 4340 salvos
942 4286 1126 4356 facere.
1141 4281 1287 4336 Venit
1313 4282 1360 4336 F
1362 4282 1481 4337 ilius
1501 4281 1716 4336 hominis
1739 4297 1956 4352 quwrere
1977 4287 2024 4335 et

436 4383 631 4438 salvare
650 4380 783 4449 quod
809 4379 1042 4450 perierat.

508 4470 737 4529 CAPUT
794 4469 882 4524 Vl.
905 4500 974 4509 ——
1034 4469 1088 4523 7.
1150 4466 1410 4538 Originale
1461 4474 1718 4537 peccatum
1763 4465 2020 4536 probatur.

441 4561 672 4619 Christus
693 4561 843 4615 etiam
885 4558 1169 4629 infantibus
1198 4566 1270 4612 est
1289 4555 1459 4611 Iesus.
1492 4555 1833 4610 Parvulorum
1853 4556 2024 4627 bapti-

441 4673 578 4710 smus
622 4665 667 4709 et
712 4653 1014 4707 communio.
1047 4651 1144 4718 Qui
1175 4649 1304 4705 dicit
1342 4648 1636 4704 infantilem
1662 4657 1876 4705 aetatem
1914 4664 2024 4707 non

440 4750 640 4803 habere
666 4745 809 4818 quod
836 4744 1008 4801 salvet
1032 4743 1185 4799 Jesus
1207 4784 1223 4810 ,
1253 4741 1502 4798 omnibus
1532 4740 1778 4797 fidelibus
1804 4740 2023 4797 infanti-

440 4845 539 4899 bus
567 4840 836 4897 Christum
877 4846 1040 4909 negat
1066 4852 1190 4893 esse
1218 4836 1423 4892 Iesum.
1454 4835 1554 4903 Qui
1584 4834 1732 4901 dicit,
1764 4836 1980 4904 inquam
2004 4875 2021 4904 ,

439 4933 735 4991 infantilem
785 4942 995 4989 aetatem
1036 4947 1143 4987 non
1188 4931 1385 4987 habere
1408 4929 1553 5001 quod
1581 4929 1748 4985 salvet
1784 4928 1939 4986 Jesus
1969 4932 2025 4986 in

440 5048 525 5101 ea,
559 5031 690 5087 nihil
733 5029 874 5086 aliud
900 5028 1030 5084 dicit
1056 5042 1217 5099 quam
1241 5024 1511 5081 Christum
1539 5024 1823 5081 Dominum
1849 5023 2024 5080 fideli-

414 5096 543 5181 ‘bus
574 5123 885 5188 infantibus,
916 5121 970 5175 id
993 5096 1089 5176 esti
1116 5162 1132 5188 ,
1175 5120 1229 5174 in
1271 5117 1484 5173 Christo
1510 5118 1789 5187 haptizatis
1814 5116 2027 5172 infanti-

441 5223 541 5273 bus
571 5232 674 5271 non
702 5229 821 5270 esse
858 5212 1062 5270 Iesum.
1092 5211 1248 5267 Jesus
1277 5210 1419 5265 enim
1446 5208 1573 5280 quid
1593 5208 1716 5264 est?
1755 5207 2025 5278 Interpre-

442 5318 587 5363 tatur
615 5306 772 5362 Jesus
794 5348 810 5374 ,
843 5305 1109 5361 Salvator.
1161 5304 1411 5360 Salvator
1436 5310 1520 5359 est
1545 5300 1720 5357 Jesus.
1743 5301 1889 5369 Quos
1918 5316 2029 5356 non

444 5404 647 5471 salvat,
684 5418 788 5459 non
820 5400 1066 5459 habendo
1090 5400 1230 5472 quod
1260 5401 1313 5455 iu
1339 5399 1418 5455 eis
1445 5398 1618 5454 salvet
1640 5437 1655 5464 ,
1681 5410 1788 5450 non
1814 5403 1898 5450 est
1924 5395 2029 5451 illis

440 5493 614 5551 Jesus.
639 5494 754 5550 Jam
772 5495 815 5551 si
839 5494 1001 5550 corda
1022 5501 1200 5551 vestra
1214 5492 1457 5559 tolerant,
1474 5487 1738 5561 aliquibus
1749 5487 2029 5557 baptizatis

498 5648 526 5721 f
553 5646 789 5709 verbum,
831 5645 1087 5708 festinans,
1139 5646 1281 5697 abest
1322 5644 1385 5695 ab
1420 5652 1520 5694 Am.
1570 5648 1646 5693 Er.
1683 5649 1736 5694 et
1766 5643 2030 5694 manuscri-

444 5715 846 5825 p‘ﬁtossatensis
865 5777 970 5836 Its”
992 5784 1130 5836 quast

1670 298 1729 355 S.
1768 294 2134 356 AUGUSTINI
2166 294 2470 354 EPISCOPI

3603 301 3716 364 οη

2128 412 2396 470 Christum
2413 409 2864 482 nonesseJesum,
2884 413 3069 472 nescio
3094 424 3271 473 utrum
3303 415 3438 475 fides
3459 426 3638 477 vestra
3659 420 3719 480 in

2129 505 2311 575 regula
2340 519 2471 560 sana
2494 504 2664 574 possit
2684 506 2921 577 agnosci.
2939 505 3174 565 Infantes
3191 518 3335 576 sunt,
3351 510 3447 567 sed
3471 511 3716 570 membra

2128 594 2244 667 ejus
2260 595 2411 652 fiunt.
2423 596 2659 654 Infantes
2668 607 2811 667 sunt,
2823 600 2920 663 sed
2934 601 3276 660 Sacramenta
3293 605 3410 676 ejus
3424 606 3715 679 accipiunt.

2128 687 2365 745 Infantes
2392 698 2538 758 sunt,
2557 690 2650 747 sed
2678 706 2880 749 mensae
2904 692 3022 765 ejus
3059 695 3345 767 participes
3362 696 3525 767 fiunt,
3542 708 3602 755 ut
3613 699 3716 756 ha-

2126 780 2288 839 beant
2317 783 2444 840 inse
2464 784 2648 840 vitam.
2665 784 2804 854 Quid
2819 786 2952 843 mihi
2976 786 3130 856 dicis,
3150 788 3327 845 Sanus
3350 800 3455 859 est,
3477 807 3585 849 non
3611 792 3713 849 ha-

2125 872 2217 929 bet
2239 873 2427 930 vitium
2445 875 2470 930 ?
2488 875 2666 945 Quare
2687 893 2809 934 cum
2827 879 2920 935 illo
2935 880 3106 936 curris
3134 882 3201 937 ad
3230 882 3518 951 medicum,
3540 885 3586 941 si
3602 901 3714 944 non

2125 962 2288 1021 habet
2325 966 2556 1022 vitium?
2605 968 2720 1024 Non
2770 969 2926 1027 times
2949 986 3019 1027 ne
3040 970 3184 1028 dicat
3210 973 3323 1042 tibi,
3371 974 3539 1032 Aufer
3588 976 3715 1035 hinc
3794 1033 3801 1041 ,

2125 1069 2248 1111 eum
2287 1072 2445 1128 quem
2471 1053 2626 1129 putas
2653 1061 2877 1117 sanum?
2923 1063 3087 1120 Filius
3133 1064 3366 1122 hominis
3412 1071 3712 1137 nonvenit,

2124 1146 2227 1204 nisi
2251 1164 2496 1219 quaerere
2518 1160 2573 1207 et
2599 1152 2807 1209 salvare
2834 1154 2974 1226 quod
2992 1156 3438 1227 periemt.Quare
3464 1160 3614 1218 illum
3641 1162 3713 1218 ad

2124 1255 2213 1296 me
2241 1241 2401 1298 affers
2425 1283 2441 1310 ,
2468 1243 2514 1299 si
2540 1257 2649 1300 non
2673 1245 2945 1316 perierat?

2195 1331 2420 1389 CAPUT
2463 1334 2574 1389 Vll.
2601 1365 2673 1377 —-
2702 1336 2756 1393 8.
2791 1336 2959 1393 Causa
2981 1355 3137 1410 quare
3163 1340 3394 1397 Christus
3417 1344 3570 1401 venit.
3597 1344 3715 1400 Ra-

2124 1423 2194 1478 tio
2222 1425 2449 1479 .nominis
2475 1424 2623 1481 Iesu.
2654 1426 2868 1483 Parvuli
2898 1428 3165 1486 Saluatore
3187 1442 3350 1504 egent.
3382 1432 3540 1491 Fides
3574 1446 3716 1492 recta

2122 1513 2187 1569 sit
2210 1514 2618 1584 respondentium
2633 1533 2726 1586 pro
2741 1518 2867 1586 ipsis
2883 1519 2935 1573 in
2947 1518 3304 1588 Baptismo.—
3320 1522 3594 1581 Humanus
3606 1543 3715 1582 ser-

2122 1622 2206 1661 mo
2229 1614 2276 1661 et
2300 1608 2439 1662 omni
2465 1610 2752 1679 acceptione
2776 1611 2964 1683 dignus
2986 1655 3001 1680 ,
3043 1614 3164 1685 quia
3189 1615 3418 1672 Christus
3450 1617 3601 1674 Iesus
3628 1634 3716 1674 ve-

2121 1697 2196 1752 nit
2235 1698 2289 1751 in
2324 1699 2592 1755 mundum.
2620 1700 2798 1769 Quare
2824 1704 2970 1759 venit
2994 1706 3049 1760 in
3077 1706 3377 1764 mundum?
3413 1708 3714 1769 Peccatores

2121 1788 2289 1845 salvos
2313 1794 2499 1862 facere.
2521 1792 2639 1847 Alia
2652 1808 2811 1850 causa
2833 1810 2941 1852 non
2957 1797 3058 1853 fuit
3069 1814 3234 1870 quare
3250 1802 3459 1858 veniret
3471 1803 3527 1859 iu
3550 1819 3713 1860 mun-

2122 1878 2269 1934 dum.
2284 1880 2401 1937 Non
2425 1898 2546 1938 eum
2569 1883 2636 1939 de
2665 1885 2804 1941 coelo
2823 1886 2891 1942 ad
2916 1895 3113 1944 terram
3132 1891 3322 1948 merita
3346 1902 3528 1950 nostra
3546 1894 3711 1965 bona,

2120 1972 2215 2028 sed
2248 1983 2464 2043 peccata
2509 1976 2797 2053 duxerunt.
2838 1978 2966 2036 Haec
3003 1989 3086 2036 est
3124 1994 3286 2039 causa
3325 1999 3421 2040 cur
3461 1985 3712 2055 veniret,

2123 2075 2411 2134 peccatores
2430 2067 2599 2123 salvos
2652 2074 2840 2140 facere.
2878 2070 2951 2127 Et
2988 2074 3224 2145 vocabis,
3274 2077 3479 2148 inquit,
3527 2096 3712 2136 namus

2121 2157 2231 2227 ejus
2249 2157 2444 2212 Iesum.
2465 2159 2639 2227 Quare
2655 2164 2853 2219 vocabis
2870 2180 3051 2221 nomen
3069 2168 3179 2238 ejus
3199 2166 3378 2225 Iesum
3390 2170 3416 2224 Ρ
3440 2170 3565 2243 Ipse
3576 2173 3714 2229 enim

2121 2248 2317 2304 salvum
2341 2251 2489 2322 faciet
2505 2254 2753 2324 populum
2771 2273 2921 2311 suum
2939 2274 2972 2312 a
2987 2260 3205 2329 peccatis
3219 2278 3393 2317 eorum
3406 2262 3621 2335 (Matth.
3652 2283 3673 2323 1
3689 2309 3708 2338 ,

2121 2339 2237 2412 21).
2276 2340 2488 2398 Vocabis
2529 2361 2711 2400 nomen
2739 2348 2849 2416 ejus
2877 2347 3081 2406 Iesum.
3108 2351 3284 2420 Quare
3328 2353 3551 2412 Iesum?
3589 2373 3712 2431 qua

2124 2433 2261 2488 ratio
2289 2442 2372 2490 est
2396 2434 2557 2507 hujus
2582 2440 2856 2495 nominis?
2893 2441 3033 2498 Audi
3062 2460 3228 2515 quare
3254 2464 3269 2501 :
3302 2445 3426 2518 Ipse
3450 2451 3585 2505 enim
3603 2452 3713 2507 sat-

2121 2539 2237 2577 vum
2268 2526 2420 2596 faciet
2459 2529 2706 2600 populum
2734 2547 2900 2588 suum.
2946 2533 3137 2592 Unde?
3171 2538 3219 2592 A
3262 2542 3477 2610 peccatis
3514 2559 3711 2599 eorum.

2124 2612 2387 2685 Papulum
2411 2634 2558 2672 suum
2574 2637 2607 2674 a
2627 2623 2842 2690 peccatis
2868 2641 3059 2680 eorum.
3073 2626 3334 2699 Numquid
3345 2631 3413 2688 ad
3432 2632 3596 2689 istum
3616 2650 3715 2706 po-

2123 2707 2307 2797 pulum
2350 2725 2456 2766 non
2507 2714 2778 2782 pertinent
2820 2718 3067 2786 parvuli,
3123 2736 3281 2792 quem
3324 2723 3521 2779 saluum
3560 2726 3718 2797 faciet

2122 2796 2279 2854 Jesus
2306 2817 2339 2854 a
2365 2805 2584 2873 peccatis
2611 2820 2784 2860 eorum
2805 2808 2832 2861 ?
2863 2808 3139 2866 Pertiuent
3181 2812 3340 2883 plane
3356 2856 3374 2883 ,
3405 2796 3710 2887 pertinent,

2123 2891 2315 2949 fratres
2359 2895 2490 2950 mei.
2539 2896 2635 2954 Sic
2662 2898 2856 2957 habete
2883 2901 2937 2956 in
2969 2903 3165 2973 corde,
3196 2906 3275 2962 sic
3318 2907 3524 2965 credite
3547 2951 3563 2979 ,
3589 2918 3714 2967 cum

2127 2981 2232 3038 ista
2279 2984 2385 3041 ﬁde
2411 2990 2662 3057 parvulos
2702 2990 2770 3047 ad
2812 2993 3038 3062 gratiam
3068 2994 3268 3053 Christi
3294 3006 3542 3069 portate;
3570 3016 3641 3057 ne
3663 3000 3712 3059 si

2123 3073 2263 3131 hanc
2288 3076 2451 3133 ﬁdem
2490 3080 2543 3135 in
2574 3082 2738 3139 corde
2766 3099 2873 3140 non
2902 3084 3229 3157 habueritis,
3270 3105 3367 3161 pro
3391 3092 3584 3163 quibus
3623 3108 3711 3151 re-

2123 3167 2396 3236 spondetis
2414 3212 2429 3236 ,
2459 3171 2632 3242 lingua
2662 3184 2838 3232 vestra
2873 3177 3147 3235 occidatis.
3178 3180 3408 3240 Prorsus
3429 3225 3445 3253 ,
3472 3184 3671 3242 fratres
3691 3225 3713 3253 ,

2124 3259 2214 3329 qui
2243 3276 2349 3318 non
2377 3277 2499 3318 cum
2525 3264 2626 3320 ista
2650 3266 2756 3324 ﬁde
2784 3283 2905 3325 cum
2924 3272 3146 3341 parvulo
3183 3277 3508 3344 cucurrerit,
3538 3264 3714 3349 fingit.

2124 3349 2300 3409 Sanus
2323 3363 2426 3425 est,
2455 3356 2590 3413 nihil
2614 3360 2740 3416 mali
2769 3360 2954 3432 habet,
2978 3364 3111 3420 nihil
3135 3367 3249 3422 vitii
3273 3367 3464 3436 habet;
3486 3369 3582 3427 sed
3608 3370 3716 3426 tol-

2123 3442 2231 3499 lam
2279 3446 2429 3503 illum
2455 3448 2521 3504 ad
2548 3450 2835 3508 medicum.
2862 3454 3040 3522 Quare
3070 3456 3095 3511 ?
3132 3458 3264 3526 Quia
3285 3460 3363 3516 sic
3388 3462 3529 3518 solet
3570 3461 3713 3519 fieri.

2122 3539 2241 3596 Non
2281 3542 2438 3599 times
2475 3560 2544 3600 ne
2588 3544 2683 3601 tibi
2726 3546 2868 3603 dicat
2908 3549 3167 3608 medicus.
3205 3551 3355 3610 Tolle
3384 3553 3508 3611 hinc
3536 3564 3715 3611 tecum

2122 3633 2329 3705 ipsum;
2355 3653 2458 3691 non
2480 3646 2554 3693 est
2576 3655 2705 3710 apus
2729 3642 2868 3696 sanis
2892 3643 3137 3711 medicus,
3150 3645 3240 3700 sed
3261 3647 3393 3702 male
3418 3646 3715 3704 habentibus

2125 3723 2239 3795 (Id.
2262 3743 2315 3782 Ix
2335 3768 2349 3792 ,
2374 3727 2485 3801 12).

2194 3817 2420 3875 CAPUT
2460 3819 2592 3876 VIII.
2620 3852 2693 3863 -—
2718 3822 2771 3879 9.
2805 3822 2991 3880 Omnes
3016 3828 3215 3897 parvuli
3258 3838 3501 3901 tanquam
3529 3832 3718 3904 pupill.

2123 3912 2494 3968 considerandi.
2537 3913 2778 3971 Parvulis
2806 3920 3116 3989 regeneratio
3144 3924 3445 3979 necessaria.
3487 3923 3716 3995 Objectio

2126 4010 2303 4055 contra
2324 4012 2583 4071 peccatum
2606 4005 2871 4077 originale.
2907 4006 3109 4080 Regula
3130 4012 3338 4082 antiqua
3363 4014 3503 4083 ﬁdei,
3538 4015 3714 4087 bapti-

2124 4108 2244 4147 zare
2286 4095 2542 4164 parvulos.
2564 4093 3061 4155 Commendaverim
3086 4099 3344 4158 Charitati
3373 4113 3563 4160 vestra:
3587 4120 3717 4161 cau-

2125 4197 2239 4238 sam
2287 4199 2472 4239 eorum
2510 4187 2601 4256 qui
2650 4202 2748 4258 pro
2798 4203 2858 4245 se
2894 4188 3041 4261 loqui
3085 4207 3191 4248 non
3236 4202 3477 4265 possunt.
3512 4197 3719 4254 Omnes

2127 4277 2332 4346 parvuli
2385 4285 2635 4349 tanquam
2684 4280 2868 4350 pupilli
2920 4282 3361 4355 cousiderentur,
3407 4287 3565 4343 etiam
3619 4289 3716 4359 qui

2128 4366 2364 4423 nondum
2391 4378 2640 4439 parentes
2668 4372 2912 4444 proprios
2939 4375 3259 4432 extulerunt.
3286 4375 3474 4434 Omnis
3500 4379 3715 4450 praede-

2130 4459 2447 4515 stinatorum
2508 4477 2761 4519 numerus
2830 4466 3171 4536 parvulorum
3238 4469 3493 4540 populum
3551 4470 3648 4527 Dei
3692 4472 3715 4505 ⁸

2129 4553 2320 4622 quaerit
2342 4563 2592 4635 tutorem,
2625 4556 2716 4627 qui
2741 4567 3015 4629 exspectat
3047 4559 3333 4618 Dominum
3370 4563 3715 4621 salvatorem.

2127 4642 2441 4701 Universam
2490 4661 2721 4704 massam
2767 4651 2978 4720 generis
3007 4649 3228 4708 humani
3271 4653 3326 4709 in
3362 4654 3579 4711 homine
3604 4655 3721 4727 pri-

2129 4750 2220 4791 mo
2265 4744 2560 4793 venenator
2605 4739 2695 4796 ille
2744 4743 3051 4813 percussit;
3106 4759 3266 4801 nemo
3302 4745 3371 4801 ad
3419 4746 3718 4804 secundum

2130 4829 2321 4884 transit
2347 4844 2378 4884 a
2406 4831 2579 4901 primo
2599 4874 2615 4899 ,
2659 4831 2763 4887 nisi
2808 4848 2905 4903 per
2930 4834 3270 4905 Baptismatis
3297 4845 3717 4894 sacramentum.

2133 4920 2191 4975 lu
2243 4922 2476 4992 parvulis
2519 4924 2658 4980 natis
2704 4933 2758 4980 et
2802 4925 3038 4982 nondum
3078 4926 3359 4999 baptizatis
3396 4939 3719 5002 agnoscatur

2131 5012 2299 5068 Adam
2335 5033 2349 5069 :
2381 5014 2433 5069 in
2463 5016 2698 5085 parvulis
2725 5016 2865 5072 natis
2890 5029 2946 5073 et
2965 5018 3243 5091 baptizatis
3266 5030 3320 5078 et
3342 5022 3412 5079 ob
3431 5022 3535 5079 hoc
3558 5038 3718 5079 reua-

2132 5107 2201 5161 tis
2226 5117 2542 5180 agnoscatur
2583 5105 2845 5166 Christus.
2874 5111 2976 5180 Qui
3016 5112 3186 5169 Adam
3229 5128 3339 5170 non
3382 5116 3625 5186 agnoscit
3658 5116 3719 5171 in

2134 5199 2368 5269 parvulis
2393 5199 2532 5256 natis
2547 5242 2562 5268 ,
2586 5215 2687 5257 nec
2716 5201 2984 5259 Christum
3008 5217 3300 5275 agnoscere
3332 5206 3529 5277 poterit
3554 5206 3607 5262 in
3627 5222 3720 5263 re-

2133 5295 2291 5349 natis.
2321 5293 2427 5350 Sed
2452 5309 2618 5366 quare
2642 5336 2658 5363 ,
2690 5295 2974 5367 inquiunt,
3000 5297 3112 5368 jam
3135 5299 3431 5371 baptizatus
3457 5299 3620 5357 homo
3648 5299 3719 5355 fi-

2135 5386 2290 5455 delis,
2315 5387 2423 5458 jam
2444 5386 2669 5445 dimisso
2693 5399 2936 5460 peccato,
2966 5402 3188 5463 generat
3216 5407 3341 5449 eum
3367 5394 3459 5466 qui
3482 5403 3567 5449 est
3591 5408 3715 5450 cum

2135 5479 2291 5549 primi
2333 5479 2562 5535 hominis
2602 5481 2870 5551 peccato?
2910 5480 3044 5551 Quia
3092 5499 3256 5541 carne
3283 5485 3431 5540 illum
3456 5492 3717 5556 generat,

2135 5584 2243 5626 non
2285 5570 2492 5641 spiritu.
2545 5571 2699 5640 Quod
2757 5582 2942 5630 natum
2984 5583 3067 5632 est
3108 5575 3180 5634 de
3222 5591 3422 5646 carne,
3462 5591 3588 5633 caro
3637 5583 3719 5634 est

2137 5767 2183 5819 ﬂ
2185 5707 2273 5820 (ξω
2237 5705 2714 5774 Editimopulusbei.
2731 5712 3041 5765 correximus
3069 5724 3136 5768 ex
3179 5715 3519 5779 musa-lpus
3562 5721 3617 5766 et
3652 5722 3723 5772 ex
