4108 6336
364 427 474 487 945

370 540 550 616 (Joan.
579 554 657 605 ιιι,
682 539 759 611 6).
782 539 851 594 Et
878 540 925 593 si
943 537 1159 593 exterior
1175 536 1323 591 homo
1342 542 1530 602 noster,
1554 536 1629 591 ait
1644 535 1948 606 Apostolus,

366 635 741 703 corrumpitur,
795 634 882 687 sed
921 634 1128 685 interior
1178 639 1444 685 renovatur
1493 630 1557 683 de
1603 630 1685 684 die
1721 630 1775 683 in
1820 628 1951 682 diem

368 727 435 797 (Il
463 725 578 781 Cor.
612 742 685 792 1v,
715 724 824 795 16).
856 725 935 779 Ex
962 740 1027 779 eo
1051 725 1191 794 quod
1218 724 1270 778 in
1301 733 1351 777 te
1378 732 1687 790 renovatur,
1720 739 1826 778 non
1854 739 1951 794 ge-

366 837 523 877 neras
549 820 857 890 parvulum:
880 833 945 873 ex
969 834 1034 872 eo
1062 817 1203 887 quod
1226 818 1278 871 in
1307 826 1359 871 te
1383 816 1765 886 corrumpitur,
1785 830 1950 885 gene-

364 931 452 970 ras
481 913 778 983 parvulum.
808 911 886 966 Tu
923 921 977 965 ut
1016 926 1125 965 non
1155 910 1207 964 in
1237 920 1493 964 internum
1524 908 1770 962 moriaris
1796 916 1951 962 natus

363 1021 443 1071 es,
468 1014 519 1059 ct
546 1013 761 1058 renatus
791 1018 848 1058 es
876 1020 891 1057 :
924 1002 1011 1057 ille
1034 1003 1209 1057 adhuc
1233 1010 1387 1056 natus
1413 1044 1428 1066 ,
1462 1008 1679 1056 renatus
1711 999 1949 1055 nondum

362 1108 464 1155 est.
506 1098 563 1153 Si
597 1107 649 1151 ιιι
677 1096 1006 1152 renascendo
1026 1097 1179 1161 vivis,
1213 1096 1329 1151 sine
1356 1103 1414 1149 ut
1441 1103 1495 1149 et
1521 1094 1611 1149 ille
1637 1101 1951 1149 renascatur

362 1200 418 1246 et
446 1191 586 1243 vivat
612 1207 627 1254 ;
670 1189 806 1253 sine,
837 1189 1050 1258 inquam
1070 1229 1083 1251 ,
1114 1196 1444 1253 renascatur,
1475 1186 1590 1241 sine
1615 1194 1945 1240 renascatur.

361 1283 536 1351 Quare
570 1282 933 1337 contradicis?
975 1296 1139 1351 quare
1180 1281 1332 1334 novis
1365 1278 1812 1348 disputationibus
1850 1292 1946 1331 an-

362 1376 563 1445 tiquam
591 1374 711 1428 ﬁdei
744 1373 980 1443 regulam
1003 1373 1245 1442 frangere
1270 1370 1669 1437 conaris?Quid
1697 1378 1777 1423 est
1802 1369 1945 1423 enim

361 1467 499 1538 quod
529 1466 681 1531 dicis,
714 1466 925 1520 Parvuli
954 1481 1060 1519 non
1094 1464 1291 1519 habent
1318 1463 1539 1518 omnino
1574 1463 1659 1516 vel
1688 1462 1946 1531 originale

361 1562 680 1632 peccatum?
708 1560 842 1628 Quid
870 1569 951 1613 est
976 1560 1115 1629 quod
1142 1559 1274 1613 dicis
1298 1599 1312 1625 ,
1347 1558 1446 1612 nisi
1475 1566 1532 1611 ut
1561 1573 1664 1611 non
1691 1556 1945 1611 accedant

360 1651 425 1705 ad
450 1651 634 1706 Jesum
656 1651 681 1703 ?
718 1650 825 1706 Sed
853 1651 947 1705 tibi
972 1651 1165 1705 clamat
1207 1650 1361 1705 Jesus
1384 1691 1397 1715 ,
1439 1648 1564 1703 Sine
1585 1650 1819 1719 parvulos
1858 1665 1941 1702 ve-

359 1744 467 1798 nire
515 1744 581 1797 ad
628 1760 706 1797 me
756 1742 977 1815 (Marc.
1032 1759 1109 1810 ιι,
1152 1743 1277 1813 14).
1319 1740 1576 1797 Conversi
1628 1741 1695 1795 ad
1754 1740 1941 1795 Domi-

358 1851 483 1890 num
505 1878 519 1903 ,
562 1846 667 1890 etc.

798 1904 1027 1961 SERMO
1065 1904 1296 1959 CLXXV
1323 1910 1341 1927 ·
1382 1904 1476 1974 (ιι).

360 1976 437 2031 De
485 1978 669 2031 eisdem
709 1977 868 2030 verbis
924 1975 1153 2046 Apostoli
1180 2017 1194 2041 ,
1242 1974 1442 2046 fidelis
1486 1988 1676 2046 sermo
1704 1980 1757 2046 et
1796 1974 1941 2046 omni

428 2050 731 2189 ἳὲειξῗςίοιιε
780 2044 1007 2119 dignus,
1049 2056 1141 2100 etc.
1187 2044 1370 2099 ITim.
1413 2062 1526 2116 cap.
1558 2061 1611 2109 1,
1661 2045 1692 2114 ᾗ
1732 2045 1803 2114 Ῡ.
1836 2045 1935 2111 15,

426 2210 650 2265 CAPUT
690 2208 1047 2265 PRIMUM.—
1066 2210 1118 2264 1.
1148 2207 1523 2262 Incarnationis
1550 2206 1736 2262 Christi
1761 2223 1934 2261 causa.

356 2302 508 2369 Quod
539 2303 733 2357 lectum
775 2309 859 2357 est
897 2302 1054 2356 modo
1083 2301 1151 2356 de
1183 2309 1369 2356 sancto
1400 2300 1686 2370 Evangelio
1712 2342 1725 2366 ,
1758 2299 1861 2354 hoc
1885 2308 1938 2354 et

356 2393 549 2448 Paulus
584 2394 854 2463 apostolus
880 2393 1046 2459 dicit,
1076 2393 1229 2463 cujus
1257 2394 1416 2448 verba
1447 2393 1546 2446 ista
1576 2401 1698 2446 sunt
1733 2409 1745 2445 :
1776 2390 1934 2445 Fide-

357 2485 419 2539 lis
444 2502 606 2539 sermo
633 2495 679 2537 et
716 2486 851 2538 omni
882 2484 1383 2554 acceptionedignus
1405 2526 1419 2550 ,
1450 2486 1569 2553 quia
1589 2482 1818 2537 Christus
1841 2483 1933 2537 Je-

354 2596 439 2632 sus
480 2580 607 2632 venit
634 2579 685 2631 in
715 2579 958 2632 ntundum
986 2587 1271 2647 peccatores
1299 2578 1464 2631 salvos
1505 2578 1697 2646 facere,
1726 2593 1937 2646 quorum

355 2671 547 2741 primus
598 2687 687 2741 ego
731 2686 859 2724 sum.
906 2669 1059 2723 Nulla
1101 2685 1259 2725 causa
1286 2668 1385 2725 fuit
1430 2670 1677 2724 veniendi
1724 2668 1936 2723 Christo

354 2763 600 2827 Domino,
635 2763 734 2818 nisi
763 2771 1068 2833 peccatores
1093 2762 1269 2817 salvos
1297 2762 1491 2818 facere.
1515 2760 1663 2816 Tolle
1690 2760 1903 2814 morbos
1920 2803 1933 2826 ,

355 2856 483 2910 tolle
511 2856 728 2910 vulnera
755 2896 770 2921 ,
813 2864 866 2910 et
909 2856 1049 2909 nulla
1078 2870 1237 2911 causa
1262 2864 1342 2909 est
1371 2854 1666 2911 mcdicinm.
1708 2853 1764 2909 Si
1792 2854 1938 2908 venit

353 2948 422 3003 de
448 2949 584 3004 ccelo
613 2964 832 3018 magnus
859 2948 1096 3003 medicus
1119 2989 1134 3015 ,
1179 2962 1400 3019 magnus
1436 2962 1530 3017 per
1557 2955 1720 3002 totum
1750 2948 1934 3002 orbem

355 3048 511 3096 terrae
532 3041 743 3111 jacebat
771 3050 1021 3111 aegrotus.
1046 3040 1163 3110 Ipse
1184 3049 1419 3110 aegrotus
1452 3056 1621 3110 genus
1646 3040 1934 3094 humanum

352 3143 453 3189 εει.
485 3133 588 3190 Sed
622 3149 724 3188 non
752 3134 988 3189 omnium
1014 3142 1096 3189 est
1123 3132 1255 3189 ﬁdes
1282 3132 1347 3202 (II
1376 3132 1554 3188 Thess.
1585 3150 1677 3199 ιιι,
1718 3132 1797 3203 2).
1832 3132 1936 3186 Νο-

352 3227 428 3281 vit
468 3228 722 3282 Dominus
766 3228 854 3297 qui
903 3235 1029 3282 sunt
1058 3226 1172 3295 ejus
1201 3225 1279 3297 (II
1310 3224 1443 3279 Tim.
1474 3242 1544 3292 11,
1588 3226 1697 3295 I9).
1738 3224 1935 3293 Super-

351 3318 566 3374 biebant
588 3319 756 3375 Iudaei
777 3363 792 3386 ,
825 3319 1152 3374 extollebant
1181 3333 1259 3383 se,
1292 3318 1399 3371 alta
1428 3318 1703 3387 sapiebant
1722 3358 1734 3380 ,
1762 3318 1935 3385 justos

352 3425 411 3465 se
440 3412 729 3481 putabant,
762 3420 815 3467 et
840 3412 1122 3465 Dominum
1148 3410 1485 3480 colligentem
1516 3420 1824 3479 peccatores
1854 3410 1935 3463 in-

307 3480 323 3494 ’
355 3480 518 3573 super
542 3503 885 3559 accusabant.
916 3503 1015 3570 Qui
1055 3517 1182 3572 ergo
1212 3503 1586 3571 superbiebant
1625 3510 1679 3557 et
1706 3503 1813 3556 alta
1852 3517 1935 3556 sa-

351 3596 573 3667 piebant
595 3636 609 3660 ,
642 3596 811 3649 relicti
839 3603 961 3649 sunt
987 3594 1041 3648 in
1064 3594 1332 3649 montibus
1354 3636 1369 3659 ,
1417 3595 1482 3647 ad
1527 3595 1809 3664 nonaginta
1838 3610 1933 3647 no-

348 3703 472 3742 vem
506 3689 768 3756 pertinent
810 3685 1032 3757 (Matth.
1078 3700 1242 3752 xvtn,
1285 3684 1397 3757 12).
1429 3687 1564 3753 Quid
1599 3696 1683 3741 est
1708 3728 1722 3751 ,
1764 3688 1933 3741 relicti

350 3787 479 3833 sunt
517 3778 570 3832 in
615 3777 925 3832 montibus?
963 3777 1151 3832 Relicti
1195 3786 1319 3832 sunt
1361 3778 1415 3831 in
1466 3778 1653 3832 timore
1694 3787 1928 3834 terreno.

350 3868 486 3937 Quid
523 3876 603 3922 est
623 3909 637 3934 ,
669 3867 736 3921 ad
768 3868 1049 3938 nonaginta
1079 3883 1268 3923 novem
1294 3869 1605 3938 pertinent?
1632 3868 1688 3923 In
1719 3870 1933 3925 sinistra

352 3970 477 4016 sunt
507 4003 519 4025 ,
565 3976 671 4015 non
702 3961 753 4014 in
782 3961 1021 4016 dextera.
1064 3961 1363 4032 Nonaginta
1395 3962 1535 4015 enim
1565 3971 1618 4016 et
1648 3979 1838 4017 novem
1881 3964 1931 4017 in

352 4054 566 4110 sitistra
595 4062 974 4118 numerantur;
1008 4068 1171 4106 unum
1194 4052 1349 4117 addc,
1370 4052 1435 4107 ad
1452 4053 1728 4107 dexteram
1756 4062 1931 4108 trans-

351 4144 474 4198 itur.
518 4143 658 4197 Venit
689 4161 825 4214 ergo,
859 4153 914 4197 ut
968 4144 1079 4212 ipse
1108 4143 1215 4198 alio
1244 4144 1362 4199 loco
1382 4143 1548 4209 dicit,
1588 4144 1733 4199 Venit
1764 4145 1932 4201 Filius

353 4239 566 4291 hominis
605 4253 828 4308 quwrere
867 4249 913 4291 et
956 4239 1151 4292 salvare
1206 4238 1340 4306 quod
1371 4240 1586 4307 perierat
1613 4238 1760 4311 (Luc.
1792 4256 1883 4293 x1x
1913 4281 1926 4306 ,

352 4328 461 4400 10).
490 4328 683 4383 Totum
725 4328 869 4382 enim
901 4328 1129 4397 perierat
1160 4346 1171 4381 :
1208 4343 1273 4382 ex
1318 4343 1423 4397 quo
1470 4330 1707 4398 peccavit
1753 4346 1887 4384 unus
1912 4372 1926 4395 ,

350 4420 437 4474 ubi
487 4430 602 4474 erat
645 4427 809 4474 totum
858 4420 1011 4488 periit
1049 4427 1240 4474 totum.
1280 4418 1386 4474 Sed
1431 4420 1579 4475 venit
1632 4437 1767 4475 unus
1814 4423 1928 4477 sine

349 4521 607 4583 peccato,
654 4513 742 4581 qui
800 4512 975 4565 salvos
1014 4510 1213 4567 faceret
1254 4528 1285 4565 a
1335 4523 1575 4581 peccato.
1626 4513 1713 4568 Isti
1751 4524 1927 4570 autem

349 4602 726 4671 superhiendo,
756 4602 898 4671 quod
925 4610 1006 4655 εει
1031 4604 1203 4673 pejus,
1228 4611 1282 4657 et
1308 4604 1657 4673 :egrotahnt,
1691 4616 1744 4659 et
1768 4620 1925 4661 sanos

346 4708 405 4748 se
430 4707 550 4748 esse
581 4692 887 4747 credebant.

417 4785 643 4841 CAPUT
673 4784 739 4839 ll.
777 4817 847 4827 —
891 4785 945 4839 2.
985 4785 1281 4839 Judwomm
1312 4788 1638 4856 periculosior
1660 4791 1923 4861 (egritudo.

345 4876 514 4931 Judan‘
539 4878 592 4930 in
616 4877 865 4931 medicum
902 4878 1222 4941 insanientes.
1247 4878 1601 4935 Periculosius
1629 4891 1885 4951 aegrotant
1909 4926 1923 4949 ,

347 4970 433 5038 qui
461 4976 696 5023 mentem
723 4968 957 5023 febribus
984 4968 1347 5038 perdiderunt.
1380 4969 1457 5023 Illi
1488 4972 1691 5038 rident,
1731 4983 1783 5027 et
1812 4975 1924 5027 sani

345 5062 575 5132 plorant.
610 5060 770 5115 Ridet
796 5062 935 5115 enim
967 5060 1307 5130 phreneticus
1334 5080 1348 5129 ;
1381 5062 1473 5117 sed
1503 5079 1611 5119 non
1636 5072 1717 5117 est
1742 5080 1923 5119 sanus.

343 5151 512 5207 Porro
552 5163 731 5207 autem
773 5152 861 5222 qui
902 5152 1095 5207 mentis
1136 5160 1221 5207 εει
1257 5168 1433 5216 sanae,
1478 5154 1649 5224 plorat
1697 5156 1926 5224 phrene-

345 5246 504 5303 ticum
550 5246 833 5300 ridentem.
904 5246 1179 5312 Primum,
1232 5248 1276 5299 si
1329 5246 1433 5301 duo
1488 5248 1585 5302 ista
1624 5264 1923 5318 proponas,

344 5337 482 5405 Quid
512 5347 594 5393 est
623 5339 813 5393 melius
838 5380 850 5402 ,
884 5338 1059 5393 ridere
1084 5380 1098 5405 ,
1138 5354 1205 5391 an
1235 5338 1443 5407 plorare
1470 5340 1492 5391 ?
1533 5341 1651 5409 quis
1681 5357 1786 5394 non
1826 5342 1926 5395 sibi

345 5430 503 5499 eligat
543 5430 769 5485 ridere?
810 5431 1048 5501 Denique
1101 5440 1317 5500 propter
1372 5431 1608 5487 dolorem
1658 5432 1925 5488 salubrem

344 5524 707 5594 pmnitentim,
770 5524 822 5577 in
861 5525 989 5578 ﬁetu
1042 5524 1301 5579 Dominus
1345 5526 1519 5594 posuit
1562 5526 1791 5581 cilicium
1817 5570 1830 5594 ,
1874 5528 1926 5582 in

346 5619 455 5672 risu
482 5618 1109 5686 bcneﬁciuni.Quomodo
1127 5621 1149 5671 ’ξ
1177 5619 1399 5685 Quando
1438 5620 1511 5673 ait
1538 5620 1589 5673 in
1618 5621 1923 5689 Evangelia,

408 5713 424 5729 ‘
448 5711 738 5775 emendatus
757 5710 817 5775 ad
836 5722 1009 5759 omnes
1044 5717 1149 5758 Mss.
1180 5717 1233 5759 et
1254 5710 1364 5759 Edd.
1410 5713 1460 5761 in
1481 5724 1708 5761 sermone
1750 5724 1931 5775 praece-

344 5769 477 5820 denti
503 5773 641 5820 modo
662 5772 954 5831 designatos.

409 5834 481 5947 Et!)
508 5834 646 5892 Alias,
681 5835 745 5883 de
778 5836 942 5883 verbis
970 5833 1171 5895 Apostoli
1202 5834 1251 5883 9.

436 5894 482 5946 bl
506 5898 680 5945 tritatur
710 5910 737 5947 ιι
764 5896 899 5947 Floro
923 5896 1021 5946 adt
1052 5897 1167 5945 'I‘im.
1204 5912 1237 5945 1.

436 5894 482 5946 bl
506 5898 680 5945 tritatur
710 5910 737 5948 ιι
764 5896 899 5948 Floro
923 5894 1021 5946 adt
1052 5897 1167 5945 'I‘im.
1204 5912 1237 5945 1.

1743 421 1970 481 SERMO
2005 421 2262 480 CLXXV.

3540 440 3645 499 9w

2058 534 2205 589 Beati
2246 538 2333 609 qui
2373 539 2604 609 plorant,
2656 546 2893 613 quoniam
2930 546 3160 602 ridebunt
3207 548 3353 621 (Luc.
3384 566 3474 619 v1,
3520 551 3583 607 21
3598 554 3644 625 ).

2058 626 2199 698 Ergo
2225 629 2279 683 in
2305 631 2514 699 ploratu
2561 633 2796 692 ofﬁcium
2839 647 2956 705 est,
2985 640 3037 694 in
3078 642 3186 695 risu
3232 652 3315 697 est
3360 646 3641 713 praemium

2059 721 2352 790 sapientiae.
2382 724 2569 779 Risum
2598 728 2741 781 enim
2786 745 2882 799 pro
2920 732 3115 802 gaudio
3149 737 3361 803 posuit,
3402 753 3509 793 non
3547 754 3643 795 ca-

2057 811 2451 870 chinnationcm
2480 857 2495 880 ,
2540 818 2634 872 sed
2663 821 3088 879 exsultationem.
3132 826 3270 895 Ergo
3306 828 3352 881 si
3390 828 3496 883 duo
3539 830 3642 885 ista

2058 919 2342 975 proponas,
2371 917 2425 963 et
2466 926 2671 979 quzeras
2697 914 2823 981 quid
2850 914 3040 971 horum
3068 918 3139 972 sit
3165 919 3376 988 melius,
3416 920 3597 978 ridere
3620 964 3638 991 ,

2055 1013 2123 1053 an
2151 1001 2398 1069 plorare;
2432 1005 2604 1059 omnis
2636 1005 2793 1061 homo
2820 1009 3030 1077 plorare
3069 1026 3178 1067 non
3202 1014 3345 1081 vult,
3376 1022 3431 1069 et
3457 1014 3638 1071 ridere

2054 1092 2184 1147 vult.
2218 1094 2385 1150 Porro
2431 1096 2475 1151 si
2514 1097 2679 1153 addas
2726 1114 2980 1169 personas
3016 1104 3083 1157 ad
3136 1104 3267 1160 istos
3293 1106 3516 1163 allectus
3538 1149 3553 1174 ,
3583 1118 3639 1165 et

2054 1184 2125 1240 ita
2156 1202 2421 1258 proponas
2447 1203 2567 1244 cum
2601 1192 2874 1260 personis,
2906 1193 3039 1261 Quid
3081 1204 3162 1250 est
3206 1198 3429 1265 melius,
3453 1199 3636 1256 ridere

2053 1276 2458 1346 phreneticum,
2510 1298 2575 1335 an
2626 1282 2834 1352 plorare
2872 1286 3103 1340 sanum?
3140 1288 3287 1359 eligit
3331 1291 3430 1345 sibi
3470 1292 3634 1347 homo

2050 1369 2230 1426 ﬂetum
2258 1388 2377 1427 cum
2400 1375 2623 1429 sanitate
2646 1418 2658 1438 ,
2690 1393 2847 1446 quam
2871 1378 3035 1432 risum
3060 1394 3181 1434 cum
3218 1384 3467 1437 amentia.
3493 1384 3636 1438 Tan-

2051 1472 2163 1519 tum
2186 1467 2322 1522 valet
2344 1470 2539 1523 mentis
2563 1470 2787 1535 sanitas,
2820 1480 2874 1525 ut
2900 1472 3061 1526 etiam
3088 1488 3210 1528 cum
3231 1475 3440 1544 planctu
3470 1477 3633 1547 eliga-

2049 1563 2155 1611 tur.
2188 1558 2275 1612 Isti
2297 1575 2423 1629 ergo
2447 1561 2534 1629 qui
2577 1577 2735 1615 sanus
2760 1578 2816 1617 se
2844 1564 3096 1632 putabant
3118 1607 3132 1631 ,
3165 1566 3331 1620 multo
3371 1570 3633 1635 periculo-

2047 1648 2157 1703 sius
2199 1659 2251 1705 et
2272 1651 2599 1721 desperatius
2640 1656 3004 1722 mgrotabant;
3051 1666 3105 1711 et
3155 1658 3269 1727 ipsa
3311 1659 3631 1727 asgritudinc

2046 1754 2149 1809 qua
2192 1749 2397 1796 mentes
2432 1743 2789 1812 perdiderant,
2820 1746 2980 1800 etiam
3023 1747 3285 1803 medicum
3330 1748 3628 1805 caedebant.

2047 1830 2241 1885 Parum
2262 1841 2363 1896 est,
2395 1834 2669 1889 czedebant
2702 1854 2713 1886 :
2746 1837 2919 1891 dicam
2943 1847 3109 1893 totum
3135 1858 3149 1905 ;
3177 1856 3285 1894 non
3322 1841 3495 1895 solum
3519 1857 3631 1897 ca:-

2045 1920 2242 1976 debant
2267 1964 2281 1989 ,
2314 1923 2407 1978 sed
2437 1925 2597 1979 etiam
2628 1926 2963 1983 occidebant.
2994 1929 3087 1983 Ille
3112 1940 3289 1985 autem
3317 1932 3477 1987 etiam
3504 1947 3625 1988 cum

2046 2014 2377 2070 occideretur
2400 2058 2414 2083 ,
2443 2018 2680 2073 medicus
2711 2029 2825 2074 erat
2853 2061 2870 2087 ,
2906 2023 3217 2092 vapulabat,
3270 2034 3326 2081 et
3367 2026 3624 2092 curabat;

2045 2104 2345 2173 patiebatur
2387 2107 2760 2176 phreneticum
2789 2153 2803 2178 ,
2858 2128 2955 2167 nec
3001 2113 3281 2170 deserebat
3325 2128 3626 2187 a-grotum:

2046 2198 2346 2262 tenebatur,
2376 2200 2713 2271 alligabatur,
2741 2205 2981 2275 colaphis
3026 2210 3439 2278 percutiebatur,
3470 2228 3630 2267 arun-

2043 2289 2167 2345 dine
2230 2292 2409 2363 plagas
2482 2296 2831 2364 accipiebat,
2894 2300 3259 2369 irridebatur,
3325 2304 3621 2359 insultaba-

2043 2391 2128 2437 tur
2156 2383 2237 2449 ei,
2270 2394 2539 2453 postremo
2565 2388 2895 2455 audiebatur,
2927 2392 3303 2462 damnabatur,
3330 2397 3473 2467 ligno
3511 2412 3629 2454 sus-

2042 2474 2391 2545 pendebatur,
2425 2479 2657 2550 undique
2684 2482 3246 2552 circumfremebatur;
3296 2498 3349 2544 et
3386 2491 3628 2548 medicus

2039 2575 2172 2623 erat.

2110 2661 2335 2717 CAPUT
2375 2662 2459 2717 Ill.
2489 2694 2560 2703 —
2592 2665 2644 2719 5.
2682 2663 2907 2721 Christus
2935 2670 3335 2738 interfectoribus
3380 2676 3486 2728 suis
3514 2691 3623 2729 me-

2041 2755 2379 2809 dicamentum
2408 2767 2554 2827 parat
2591 2757 2654 2812 de
2693 2775 2784 2813 suo
2810 2762 3073 2830 sanguine.
3100 2764 3359 2833 Agnoscis
3387 2767 3623 2837 phrene-

2041 2845 2190 2909 ticos,
2222 2862 2451 2916 agnosce
2490 2857 2545 2903 et
2570 2849 2854 2904 medicum.
2889 2851 3065 2920 Pater,
3097 2855 3299 2925 ignosce
3341 2858 3465 2925 illis,
3504 2859 3625 2930 quia

2040 2939 2264 2990 nesciunt
2315 2940 2435 3007 quid
2483 2940 2676 3008 faciunt
2729 2940 2839 3011 (Id.
2893 2959 3064 3012 χχιιι,
3118 2947 3229 3016 54).
3279 2946 3355 3001 Illi
3419 2948 3623 3018 perdita

2040 3041 2218 3085 mente
2262 3032 2585 3100 saeviebant,
2635 3041 2689 3088 et
2750 3034 2942 3089 medici
2992 3038 3302 3107 sanguinem
3352 3040 3619 3095 saeviendo

2037 3122 2329 3179 fundebant
2362 3143 2374 3177 :
2408 3126 2494 3181 ille
2536 3135 2715 3182 autem
2768 3129 2927 3183 etiam
2972 3129 3039 3184 de
3078 3130 3195 3200 ipso
3239 3133 3492 3203 sanguine
3520 3148 3618 3190 suo

2040 3218 2256 3286 aegrotis
2284 3216 2670 3273 medicamenta
2702 3219 2943 3275 faciebat.
2968 3220 3083 3275 Non
3116 3223 3256 3277 enim
3275 3239 3401 3279 vere
3426 3224 3622 3281 frustra

2038 3308 2190 3374 dixit,
2225 3309 2398 3375 Pater,
2432 3312 2631 3381 ignosce
2686 3312 2807 3377 illis,
2850 3314 2968 3383 quia
2997 3316 3220 3368 nesciunt
3257 3317 3376 3383 quid
3406 3318 3620 3387 faciunt.

2038 3397 2165 3453 Orat
2190 3401 2530 3465 Christianus,
2564 3412 2616 3457 et
2645 3404 2961 3467 exauditur;
2993 3414 3112 3459 orat
3138 3406 3403 3475 Christus,
3428 3419 3481 3464 et
3510 3425 3620 3465 non

2039 3492 2349 3546 exauditur?
2378 3493 2509 3548 Nam
2538 3494 2625 3563 qui
2656 3495 2868 3549 exaudit
2916 3511 3037 3551 cum
3086 3498 3261 3565 Patre,
3311 3502 3432 3570 quia
3481 3503 3623 3559 Deus

2039 3592 2140 3647 est,
2173 3584 2437 3652 quomodo
2476 3601 2582 3639 non
2619 3586 2897 3642 exauditur
2933 3588 3115 3656 homo,
3162 3592 3302 3661 quod
3335 3608 3433 3663 pro
3468 3595 3622 3651 nobis

2038 3678 2211 3732 factus
2252 3678 2375 3733 est?
2403 3678 2630 3733 Prorsus
2659 3678 2939 3734 exauditus
2968 3691 3068 3736 εει.
3103 3683 3181 3737 Ibi
3211 3694 3382 3751 erant,
3413 3685 3485 3739 ibi
3516 3701 3619 3741 sa:-

2037 3768 2251 3823 viebant
2283 3786 2295 3821 :
2324 3768 2393 3823 de
2447 3769 2529 3823 his
2554 3780 2706 3825 erant
2748 3772 2841 3840 qui
2884 3773 3346 3842 reprehendebant
3380 3790 3520 3842 eum,
3566 3786 3621 3833 et

2037 3859 2303 3925 dicebant,
2334 3858 2467 3915 Ecce
2507 3878 2617 3913 cum
2669 3861 2951 3932 publicanis
2991 3872 3037 3916 et
3067 3865 3409 3933 peccatoribus
3435 3884 3617 3921 conve-

2038 3952 2194 4004 scitur
2223 3950 2410 4022 (Marc.
2441 3968 2496 4017 ιι,
2524 3951 2637 4020 16).
2658 3952 2822 4007 Erant
2851 3953 2903 4008 in
2928 3954 3043 4025 ipso
3074 3956 3293 4025 populo,
3315 3973 3345 4011 a
3374 3972 3478 4027 quo
3505 3959 3619 4027 ipse

2037 4043 2277 4099 medicus
2312 4044 2669 4110 occidebatur,
2702 4054 2756 4100 et
2796 4046 2849 4100 in
2881 4048 2996 4115 ejus
3023 4048 3279 4117 sanguine
3303 4049 3460 4102 etiam
3488 4048 3619 4117 ipsis

2036 4136 2332 4192 antidotum
2362 4138 2665 4207 parabatur.
2696 4137 2827 4192 Cum
2863 4139 3004 4193 enim
3033 4140 3288 4195 Dominus
3311 4155 3417 4195 non
3444 4140 3619 4197 solum

2036 4229 2347 4299 sanguinem
2377 4228 2643 4295 funderet,
2670 4244 2852 4285 verum
2884 4230 3044 4285 etiam
3085 4232 3255 4301 ipsam
3281 4248 3430 4286 suam
3470 4248 3617 4288 mor-

2036 4328 2140 4374 tem
2171 4320 2237 4373 ad
2285 4320 2657 4375 medicamenti
2704 4320 3087 4378 confectionem
3115 4323 3481 4393 impenderet;
3524 4340 3616 4379 re-

2035 4414 2265 4468 surrexit
2313 4414 2379 4467 ad
2438 4414 2909 4469 demonstrandum
2966 4417 3375 4471 resurrectionis
3427 4433 3612 4473 exem-

2034 4505 2200 4575 plum.
2230 4506 2487 4561 Patientia
2516 4522 2611 4561 sua
2638 4522 2823 4577 passus
2852 4516 2954 4575 est,
2974 4518 3031 4564 ut
3057 4509 3275 4565 doceret
3308 4511 3611 4580 patientiam

2033 4608 2302 4666 nostram;
2335 4609 2390 4655 et
2413 4601 2466 4655 in
2496 4602 2882 4657 resurrectione
2911 4619 3005 4659 sua
3031 4606 3305 4675 prtemium
3341 4606 3606 4675 patientia:

2032 4693 2433 4747 demonstravit.
2464 4693 2614 4759 Item,
2658 4703 2715 4749 ut
2739 4696 2926 4762 nostis,
2951 4707 3006 4751 et
3035 4714 3219 4752 omnes
3266 4696 3608 4765 conﬁtemur,

2034 4784 2271 4839 ascendit
2296 4785 2347 4839 in
2378 4786 2594 4851 coelum,
2625 4786 2818 4841 deinde
2844 4789 2911 4843 ab
2949 4803 3013 4843 eo
3040 4788 3267 4858 Spiritus
3295 4799 3508 4843 sanctus
3532 4797 3617 4845 εει

2033 4877 2248 4943 missus,
2272 4885 2395 4932 ante
2422 4878 2733 4947 promissus.
2762 4880 2975 4933 Dixerat
3000 4879 3142 4934 enim
3167 4879 3439 4949 discipulis
3463 4880 3573 4934 suis
3598 4899 3613 4936 :

2034 4968 2216 5023 Sedete
2241 4968 2294 5021 in
2318 4969 2535 5035 civitate,
2566 4970 2722 5023 donec
2743 4971 3027 5024 induamini
3051 4972 3230 5025 virtute
3247 4987 3308 5024 ea:
3332 4972 3434 5025 alto
3460 4971 3612 5041 (Luc.

2033 5075 2184 5125 χειν,
2214 5059 2332 5131 49).
2354 5060 2512 5115 Venit
2537 5076 2664 5132 ergo
2688 5071 2742 5117 et
2771 5062 3054 5132 promissio
3081 5062 3265 5131 ipsius,
3286 5063 3429 5117 venit
3447 5062 3611 5131 Spiri-

2034 5161 2117 5206 tus
2144 5160 2378 5220 sanetus,
2422 5154 2661 5224 implevit
2689 5154 2998 5223 discipulos,
3030 5164 3307 5223 coeperunt
3333 5154 3475 5224 loqui
3507 5156 3613 5210 lin-

2032 5244 2148 5313 guis
2199 5240 2434 5297 o‘muium
2466 5246 2699 5315 gentium
2734 5262 2745 5296 :
2775 5245 2983 5313 signum
3034 5245 3086 5297 in
3136 5243 3244 5297 illis
3295 5244 3615 5313 procedebat

2034 5336 2268 5389 unitatis.
2314 5335 2654 5405 Loqucbatur
2680 5336 2822 5390 enim
2852 5344 2975 5389 tunc
3003 5350 3140 5390 unus
3180 5336 3340 5390 homo
3366 5337 3616 5393 omnibus

2030 5428 2251 5497 linguis;
2277 5430 2399 5497 quia
2424 5430 2659 5482 locutura
2678 5438 2793 5481 erat
2818 5428 2992 5482 unitas
3016 5427 3269 5482 Ecclesiae
3294 5428 3346 5482 in
3369 5429 3616 5486 omnibus

2030 5519 2241 5588 linguis.
2301 5521 2637 5589 Expaverunt
2685 5519 2773 5588 qui
2818 5519 3121 5574 audiebant.
3150 5520 3418 5576 Noverunt
3470 5524 3610 5577 enim

2032 5614 2278 5668 homines
2310 5614 2498 5667 idiotas
2523 5613 2705 5679 fuisse,
2739 5614 2894 5669 unius
2937 5624 3136 5669 tantum
3178 5616 3401 5685 linguae;
3432 5625 3485 5671 ει
3510 5618 3613 5671 ιιιί-

2034 5708 2286 5762 rabantur
2314 5722 2377 5760 ac
2424 5707 2725 5777 stupebant,
2754 5708 2894 5777 quod
2926 5709 3081 5764 unius
3122 5709 3313 5779 lingua:
3345 5709 3612 5777 homines,

2036 5800 2118 5852 vel
2151 5806 2207 5851 ut
2253 5798 2473 5852 multum
2508 5798 2753 5867 duarum,
2786 5800 2978 5871 linguis
3006 5802 3239 5856 omnium
3266 5801 3505 5871 gentium
3538 5804 3616 5856 lo-

2045 5901 2331 5959 querentur
2357 5908 2368 5947 :
2399 5895 2639 5963 suspensi
2684 5904 2803 5951 sunt
2840 5904 3074 5965 stupore,
3110 5895 3453 5966 perdiderunt
3503 5898 3614 5951 ela-
