3996 6458
384 471 491 530 947

387 590 614 653 tionem,
643 581 713 641 de
756 589 939 640 monte
975 580 1102 638 facti
1133 588 1258 636 sunt
1300 577 1482 634 valles.
1513 575 1632 632 iam
1661 574 1708 630 si
1743 571 1974 629 humiles

390 691 535 746 sunt,
567 679 735 735 valles
757 686 912 743 sunt;
944 676 1090 747 quod
1117 673 1377 730 infuderis
1402 671 1639 742 capiunt,
1668 685 1774 726 non
1801 668 1982 724 (limit;

391 785 529 832 tunl.
567 775 623 832 Si
654 774 860 830 venerit
900 787 1034 844 aqua
1073 787 1238 841 super
1273 768 1627 833 altitudinem,
1659 764 1893 820 decurrit
1927 771 1982 818 et

391 869 581 926 deﬂuit
605 886 620 922 :
649 869 694 923 si
717 868 920 924 venerit
947 881 1085 937 aqua
1114 865 1180 920 ad
1205 877 1496 919 concavum
1523 870 1576 916 et
1608 859 1866 914 humilem
1895 856 1980 910 io-

392 979 536 1028 cum;
578 967 636 1016 'et
674 963 880 1032 capitur
920 971 974 1016 et
999 967 1122 1016 stat.
1154 958 1311 1015 Tales
1337 957 1448 1027 jam
1477 956 1554 1010 illi
1585 964 1771 1018 erant;
1799 961 1983 1024 stupe-

388 1059 542 1124 bant,
570 1057 924 1123 mirabantur,
945 1053 1293 1127 perdiderant
1317 1051 1599 1107 saevitiam.

463 1148 690 1206 CAPUT
729 1147 818 1204 Ν.
839 1177 911 1190 —-
939 1147 994 1202 4.
1041 1146 1432 1218 Interfectorum
1459 1140 1651 1198 Christi
1697 1139 1980 1194 conversio.

393 1244 635 1314 Denique
677 1243 929 1312 loquente
953 1239 1058 1295 sibi
1099 1239 1279 1304 Petro,
1311 1235 1617 1307 compuncti
1645 1240 1789 1302 sunt;
1821 1241 1877 1288 et
1901 1230 1984 1287 fa-

394 1350 540 1395 ctum
571 1346 654 1393 est
705 1339 759 1392 in
785 1335 894 1391 illis
919 1333 1059 1406 quod
1090 1333 1333 1390 Psalmus
1363 1330 1683 1402 praedixerat
1715 1345 1728 1382 :
1759 1327 1984 1382 Conver-

393 1449 483 1487 sus
511 1443 624 1484 sum
650 1431 706 1484 in
731 1443 1012 1484 murrinam
1030 1429 1070 1493 ⁸,
1122 1440 1238 1481 cum
1275 1426 1611 1497 conﬁgeretur
1631 1423 1782 1493 spina
1812 1417 1983 1492 (Psal.

395 1540 550 1590 xxxi,
584 1523 661 1596 Δ).
685 1522 824 1591 Quid
843 1532 929 1578 est
945 1519 1132 1593 amna?
1151 1519 1503 1588 Coinpunctio
1529 1513 1875 1586 p‘cenitentiaa.
1895 1511 1988 1567 Sic

397 1617 564 1673 babes
605 1625 658 1672 et
690 1603 846 1671 verba
875 1615 986 1684 ipsa
1023 1612 1314 1682 Scriptum
1353 1611 1404 1664 in
1445 1609 1668 1664 Actibus
1698 1605 1985 1676 Apostolo-

398 1724 517 1764 rum
550 1706 888 1776 :Comptmcti
913 1715 1030 1759 sunt
1055 1705 1225 1768 come,
1258 1714 1303 1756 et
1330 1703 1569 1756 dixerunt
1593 1699 1662 1753 ad
1696 1696 1986 1768 Apestolosv,

403 1800 540 1865 Quid
565 1800 847 1870 faciemus?
873 1794 1052 1866 Quare
1085 1797 1354 1861 dixerunt,
1563 1792 1851 1862 faciemus?
1877 1788 1989 1843 N0-

400 1893 575 1946 vimus
600 1891 724 1962 quid
752 1891 1012 1946 fecimus:
1043 1890 1164 1961 quid
1187 1887 1471 1961 faciemus?
1497 1886 1764 1953 Quantum
1791 1882 1856 1936 ad
1889 1893 1990 1935 no-

401 1993 574 2040 strum
613 1985 808 2039 factum
828 1983 1043 2048 attinet,
1072 1975 1374 2052 dissipet-aiio
1401 1988 1484 2036 est
1507 1978 1697 2034 salutis
1729 1996 1741 2031 ε
1765 1977 1836 2032 sit
1864 1989 1993 2046 ergo

407 2081 462 2136 in
481 2087 658 2135 vestro
678 2077 923 2145 consilio,
947 2077 993 2133 si
1021 2077 1137 2133 lteri
1164 2083 1356 2147 potcSt,
1373 2081 1499 2144 spes
1525 2073 1701 2144 aliqua
1727 2069 1990 2127 sanitatis.

405 2173 662 2230 Novnnus
687 2172 813 2243 quid
854 2171 1159 2235 fecerimus,
1191 2170 1353 2224 dicit‘e
1377 2167 1504 2239 quid
1546 2167 1822 2222 faciamus.
1855 2161 1993 2231 Quid

405 2276 488 2322 erit
515 2265 658 2336 quod
693 2264 954 2321 fecimus?
981 2263 1098 2318 Non
1127 2264 1271 2318 enim
1301 2267 1691 2332 quemcumque
1719 2257 1996 2313 hominem

407 2357 730 2425 occidimus;
751 2367 804 2414 et
816 2358 1036 2414 inuitum
1054 2358 1178 2413 mali
1196 2357 1524 2420 fecissemus,
1541 2355 1586 2410 si
1609 2355 1997 2425 quemcumque

407 2451 681 2507 hominem
712 2453 1051 2506 nm'oeentem
1081 2448 1480 2506 occidissemus.
1514 2445 1800 2502 Latronem
1831 2442 1997 2515 elegi-

406 2557 561 2615 mus,
607 2549 950 2605 innocentem
999 2545 1320 2610 occidimus;
1377 2549 1644 2600 mortuum
1697 2541 1994 2612 elegimus,

406 2640 672 2694 medicum
703 2640 1036 2712 occidimus:
1078 2638 1258 2702 dicite,
1307 2636 1430 2707 quid
1460 2634 1742 2708 faciemus?
1785 2633 1852 2687 Et
1898 2623 2000 2686 Pe-

406 2740 523 2786 tms
553 2749 567 2786 :
599 2733 743 2803 Agite
767 2733 1132 2802 poenitentimn,
1162 2739 1209 2785 et
1241 2731 1519 2801 baptizetu'r
1544 2726 1882 2798 unusquisque
1912 2741 2000 2778 ve-

409 2832 570 2876 strum
593 2824 644 2877 in
670 2825 872 2878 nomine
892 2819 1099 2879 Domini
1127 2824 1287 2876 nostri
1325 2822 1450 2876 Iesu
1489 2817 1711 2887 Christi;
1737 2829 1795 2876 ut
1821 2829 1999 2875 trans-

409 2917 543 2969 eatis
593 2916 661 2970 de
708 2917 993 2986 nonaginta
1047 2929 1239 2970 novem
1285 2915 1356 2970 ad
1387 2915 1598 2971 centum
1651 2932 1664 2968 :
1711 2915 1833 2985 quia
1880 2925 2002 2967 cum

413 3008 698 3075 nonaginta
727 3018 781 3062 et
825 3017 1015 3063 novem
1044 3009 1232 3063 essetis
1255 3011 1297 3073 ’,
1333 3007 1697 3076 paenitentiam
1732 3005 1881 3061 vobis
1909 3019 2004 3059 ne-

415 3102 702 3155 cessariam
736 3105 838 3154 non
871 3100 1156 3170 putabatis,
1207 3109 1261 3155 et
1285 3100 1517 3154 Domino
1560 3099 1828 3170 c‘olligenti
1872 3113 2002 3170 pec-

415 3203 625 3249 catores
649 3204 705 3249 et
734 3196 932 3249 volenti
975 3201 1066 3250 eos
1094 3195 1270 3249 facere
1296 3191 1636 3264 ptenit‘entes,
1668 3191 1885 3264 insuper
1924 3193 2005 3248 in-

417 3286 712 3341 siiital‘ratis.
764 3284 920 3341 Modo
965 3301 1094 3357 ergo
1145 3285 1470 3355 compuncti,
1526 3284 1648 3356 quia
1679 3285 2004 3356 cognovistis

415 3382 691 3449 pecudum
737 3379 994 3446 vestrum,
1042 3381 1182 3452 agite
1225 3381 1584 3450 paenitentiam,
1633 3392 1680 3435 et
1724 3380 2006 3452 baptizatur

415 3471 755 3541 (tuusquisquc
796 3475 1011 3525 vostrum
1073 3471 1127 3526 in
1178 3472 1379 3526 nomine
1424 3471 1632 3526 Domini
1674 3474 1831 3528 nostri
1880 3471 2005 3528 Jrst‘t

417 3561 640 3627 Lihr'isti;
687 3562 985 3632 baptizetur
1013 3563 1066 3618 in
1116 3564 1231 3634 ejus
1280 3565 1495 3620 nomine
1543 3573 1702 3634 quem
1734 3563 2006 3620 occidistis

416 3653 534 3708 sine
564 3655 787 3734 crimine
819 3673 834 3709 :
865 3666 919 3710 et
956 3655 1302 3711 remittuntur
1339 3656 1488 3712 vobis
1539 3659 1756 3726 peccata
1807 3665 2003 3711 vestra.

422 3747 643 3803 licducti
669 3760 797 3804 sunt
825 3749 877 3803 in
918 3764 1068 3819 Spem
1106 3768 1118 3805 :
1149 3749 1451 3816 doluerunt,
1497 3759 1843 3820 gemuerunt,
1875 3765 2006 3805 con-

419 3843 556 3896 versi
590 3854 732 3904 sunt,
767 3845 938 3898 sanati
969 3841 1244 3914 snnt(Act.
1277 3843 1358 3915 ιι).
1388 3835 1493 3914 ipsi
1514 3852 1667 3900 erant
1691 3844 1792 3912 illi;
1827 3843 2005 3914 Pater,

421 3935 619 4004 ignosce
642 3936 764 3997 illis,
796 3938 912 4005 quia
943 3937 1167 3990 nesciunt
1196 3937 1318 4007 quia
1345 3938 1560 4008 facitmt.

489 4025 719 4081 CAPUT
765 4027 822 4080 \’.
847 4058 918 4067 —
944 4029 996 4082 5.
1028 4023 1324 4082 Peccatorc's
1349 4029 1582 4083 Christus
1629 4035 1768 4084 amat
1813 4042 1868 4085 ut
1911 4048 2011 4086 non

423 4125 619 4188 Scin-per
646 4119 746 4172 sint
776 4121 1075 4189 peceatores.
1111 4119 1488 4192 U'ntisq'uis‘que
1515 4129 1660 4191 ergo,
1686 4122 2008 4192 charissimi,

424 4209 636 4280 quando
663 4211 810 4266 audit
841 4200 1127 4267 Dominum
1156 4199 1338 4268 .iesum
1369 4213 1634 4270 ChriStum
1664 4221 1769 4271 neu
1801 4217 2013 4274 venisse

427 4307 648 4375 propter
695 4306 887 4376 justus,
949 4307 1043 4363 sed
1095 4317 1315 4378 propter
1361 4307 1691 4379 peccatores,
1736 4326 1840 4365 non
1873 4316 2016 4366 amet

425 4400 547 4453 esse
574 4397 824 4469 peccatur
857 4418 871 4454 :
902 4413 970 4456 ne
994 4399 1129 4457 ferte
1159 4401 1300 4455 dicat
1324 4401 1378 4456 in
1407 4400 1568 4457 corde
1597 4417 1714 4469 suo,
1755 4403 1810 4457 Si
1839 4401 2014 4476 justus

428 4489 601 4557 fuero,
656 4497 763 4547 non
817 4501 904 4548 me
957 4491 1100 4548 amat
1139 4479 1417 4560 Christus;
1474 4494 1518 4549 si
1562 4497 1814 4565 peccator
1841 4483 2013 4558 inero,

427 4587 573 4641 amat
617 4599 705 4640 me
739 4606 752 4641 :
784 4587 905 4657 quia
945 4584 1166 4657 propter
1217 4585 1522 4656 peccatores
1573 4586 1869 4654 descendit,
1912 4601 2016 4642 non

429 4689 648 4753 propter
698 4680 888 4752 iustos.
943 4669 1251 4749 Respondet
1304 4679 1445 4735 enim
1494 4679 1586 4734 tibi
1621 4699 1634 4734 :
1665 4679 1722 4735 Si
1750 4678 2018 4734 medicum

428 4775 936 4847 ag'liovisti,febrem
975 4774 1141 4846 quare
1182 4781 1286 4829 non
1328 4775 1579 4829 timuisti?
1609 4772 1803 4844 Utique
1846 4773 2020 4828 medi:

429 4867 524 4924 cus
551 4865 616 4923 ad
647 4871 901 4938 {egrotum
931 4867 1094 4934 venit,
1123 4865 1330 4923 constat
1363 4885 1376 4921 :
1407 4859 1498 4922 sed
1531 4866 1651 4922 ideo
1680 4867 1825 4922 venit
1854 4866 2022 4921 medi-

431 4961 524 5017 cos
563 4958 628 5016 ad
683 4971 959 5033 :‘cgrOIum,
987 4961 1060 5040 ne
1112 4961 1202 5016 ille
1247 4961 1317 5016 sit
1362 4976 1573 5032 semper
1602 4959 1852 5033 a‘gro'lu's.
1884 4957 2023 5032 Quid

431 5058 561 5125 ergo
610 5051 874 5110 dicimus?
917 5040 1044 5126 quid
1067 5053 1506 5124 pronuntiamus?
1535 5047 1660 5126 quid
1700 5049 2024 5110 deﬁnimus?

433 5139 716 5219 Egrotum
746 5156 890 5204 amat
913 5143 1171 5218 medicus,
1204 5163 1271 5217 an
1300 5139 1688 5225 sanu‘m?Quod
1719 5145 1830 5204 vult
1851 5147 2025 5206 facere

435 5245 611 5308 amat;
645 5242 751 5298 non
782 5231 921 5312 quod
957 5240 1180 5296 invenit.
1213 5239 1295 5295 Ad
1324 5251 1583 5313 :egrotum
1613 5241 1824 5315 quidem
1857 5243 2021 5312 venit,

427 5331 492 5389 ad
561 5333 750 5390 sanum
793 5333 900 5389 non
926 5334 1116 5389 venit:
1149 5329 1259 5390 noli
1307 5333 1581 5394 attendere
1611 5335 1733 5405 quia
1783 5334 1849 5390 ad
1875 5334 2022 5397 illum

429 5447 442 5470 ει
473 5428 605 5495 vnit,
640 5427 708 5484 ad
737 5423 887 5484 illum
925 5425 1036 5483 non
1066 5419 1242 5496 venit;
1291 5423 1408 5500 plus
1437 5429 1577 5483 enim
1627 5433 1776 5481 amat
1814 5442 2022 5496 sanum,

439 5537 598 5585 quam
625 5523 902 5594 aegrotum.
931 5515 1085 5590 Nam,
1119 5534 1174 5578 ut
1199 5522 1453 5578 noveritis
1476 5524 1596 5592 quia
1623 5521 1742 5591 plus
1771 5530 1910 5574 amat
1942 5537 2027 5576 sa-

441 5628 590 5682 num,
623 5628 782 5685 quam
827 5625 1118 5687 aegrotum;
1165 5613 1420 5686 numquid
1468 5614 1667 5669 faceret
1717 5611 1858 5683 quod
1883 5612 2026 5669 odis-

441 5703 555 5761 set?

507 5896 521 5960 ξ
551 5899 614 5941 tta
636 5889 1091 5960 manuscriptijuxta
1115 5890 1325 5960 grfecun)
1351 5898 1476 5941 LXX.
1497 5898 1551 5960 At
1573 5893 1707 5953 aditi,
1722 5895 1773 5947 in
1794 5905 2028 5960 (eranum.

506 5957 527 5988 ι
541 5962 723 6020 ret-te,
763 5954 888 6020 metu
917 5954 1027 6024 eum
1053 5954 1400 6021 az‘mgima
1422 5961 1469 6008 et
1491 5958 1654 6008 novem
1674 5957 1852 6011 essetis.

1598 456 1656 512 S.
1696 445 2063 512 AUGUSTINI
2099 447 2404 508 EPISGOPI

2162 569 2217 626 6.
2246 569 2446 625 Paulus
2478 570 2730 642 quamde
2772 579 3093 642 peccatorum
3118 570 3334 641 primus.
3370 569 3516 644 Ergo
3540 568 3679 627 Pau-

2090 667 2202 721 lum
2248 665 2548 735 apostolum
2593 664 2808 720 attende
2836 683 2848 717 :
2881 664 3078 719 Fidelis
3103 680 3266 718 sermo
3291 673 3337 719 et
3367 665 3506 718 omni
3546 681 3686 720 oeco-

2091 760 2262 830 ptione
2288 759 2490 830 dignus,
2523 759 2641 823 quia
2689 759 2916 815 Christus
2961 757 3114 814 Iesus
3153 759 3284 813 uenit
3331 759 3384 813 in
3428 759 3683 814 mundum

2089 862 2376 921 peccatores
2401 852 2567 906 salvos
2610 855 2796 922 facere,
2824 863 3039 921 quorum
3083 851 3274 920 primus
3312 867 3404 921 ego
3433 868 3568 905 sum.
3597 852 3690 906 Di-

2089 944 2188 1010 xit,
2220 961 2433 1015 quorum
2462 945 2654 1015 primus
2697 960 2788 1014 ego
2834 959 2966 998 sumi
2993 943 3273 1012 Quomodo
3297 953 3413 998 erat
3437 944 3687 1014 primus?

2089 1038 2232 1091 Ante
2259 1036 2408 1091 illum
2462 1053 2569 1091 non
2613 1035 2826 1091 fuerunt
2855 1044 3164 1106 peceatores
3191 1045 3268 1090 tot
3309 1035 3514 1091 Judaei?
3546 1037 3690 1090 Ante

2092 1128 2241 1184 illum
2300 1143 2407 1183 non
2455 1127 2670 1184 fuerunt
2716 1137 3026 1198 peccatores
3074 1127 3127 1182 in
3170 1143 3368 1199 genere
3412 1126 3691 1182 humano?

2091 1221 2393 1276 Anteillnm
2419 1223 2473 1276 in
2498 1220 2747 1276 omnibus
2773 1220 3076 1276 hominibus
3101 1231 3260 1276 nemo
3287 1229 3506 1290 peccato
3527 1228 3686 1274 tene-

2091 1313 2248 1368 batur
2263 1314 2287 1367 Ἰ
2311 1314 2478 1369 Adam
2503 1331 2608 1370 non
2635 1323 2759 1370 ante
2791 1313 2942 1369 illum
2969 1313 3120 1381 l‘uit‘,
3145 1313 3236 1384 qui
3267 1314 3468 1383 primus
3495 1327 3688 1381 pecca-

2093 1407 2188 1475 vit,
2220 1417 2274 1462 et
2299 1416 2398 1463 nos
2422 1419 2608 1462 omnes
2641 1409 2694 1462 in
2734 1416 2962 1462 mortem
2990 1405 3388 1477 praecipitavit?
3416 1405 3556 1472 Quid
3583 1414 3690 1471 est,

2097 1500 2330 1568 Quorum
2365 1500 2562 1569 primus
2587 1517 2678 1571 ego
2697 1500 2846 1556 sum?
2872 1499 2952 1554 Ad
2979 1513 3116 1568 quos
3155 1499 3322 1560 venit,
3351 1498 3555 1568 primus
3590 1512 3695 1568 ego

2093 1592 2250 1648 sum?
2277 1591 2386 1648 Sed
2406 1607 2507 1647 nec
2527 1592 2629 1646 hoc
2654 1607 2836 1647 verum
2865 1599 2964 1646 est.
3015 1591 3224 1646 Primus
3252 1592 3453 1646 electus
3481 1599 3564 1646 est
3587 1589 3692 1644 Pe-

2098 1693 2249 1752 trus,
2299 1686 2502 1755 primus
2544 1684 2784 1740 Andreas
2833 1684 3042 1756 (Matth.
3093 1699 3170 1749 tv,
3223 1683 3335 1755 18),
3383 1684 3543 1755 primi
3593 1683 3692 1737 alii

2097 1778 2354 1848 apostoli;
2391 1787 2447 1833 tu
2473 1779 2746 1848 apostoltls
2771 1793 2830 1834 es
2859 1778 3181 1833 novissimus
3206 1775 3508 1847 :quomodo
3534 1776 3695 1841 dicis,

2102 1872 2331 1937 Quorum
2360 1873 2553 1941 primus
2581 1889 2670 1942 ego
2695 1873 2846 1925 sum?
2878 1872 3017 1941 Ergo
3043 1871 3315 1939 apostolus
3343 1869 3694 1932 novissimus,

2100 1968 2303 2038 primus
2334 1977 2597 2036 peccator.
2628 1965 2696 2019 Et
2737 1965 2837 2020 hoc
2876 1963 3144 2035 quomodo
3173 1964 3378 2034 primus
3407 1961 3700 2030 peccator?
3761 1969 3775 1978 ‘

2101 2055 2240 2114 Ante
2271 2068 2320 2114 te
2349 2056 2585 2128 peccavit
2613 2058 2823 2124 Petrus,
2861 2051 3076 2126 quando
3105 2055 3278 2124 ipsum
3306 2053 3587 2108 Dominum
3617 2059 3702 2105 ter

2102 2151 2316 2221 negavit
2343 2149 2454 2221 (1d.
2505 2167 2652 2216 xxvn,
2702 2147 2910 2221 70-74).
2944 2148 3081 2202 Nolo
3121 2147 3316 2211 dicere,
3349 2144 3471 2216 quia
3496 2154 3554 2199 et
3581 2144 3703 2213 ipse

2101 2245 2204 2299 nisi
2233 2253 2479 2313 peccator
2501 2243 2748 2298 inventus
2775 2250 2939 2308 esset,
2971 2240 3038 2295 de
3073 2239 3291 2296 sinistra
3315 2238 3384 2293 ad
3408 2237 3693 2294 dexteram

2102 2353 2212 2394 non
2245 2338 2540 2392 transisset.

2176 2429 2403 2486 CAPUT
2448 2430 2529 2483 \‘l.
2561 2458 2634 2468 ——
2663 2429 2716 2481 7.
2749 2426 2960 2482 Primus
2999 2434 3338 2498 peccatorum,
3384 2424 3503 2496 quia
3527 2424 3704 2478 omni-

2106 2523 2196 2578 bus
2226 2526 2387 2594 pejor.
2417 2521 2554 2590 Quid
2603 2528 2686 2576 est
2733 2535 2879 2590 ergo,
2914 2519 3140 2585 Quorum
3178 2517 3371 2588 primus
3413 2533 3502 2587 ego
3532 2514 3696 2569 sum?

2105 2615 2237 2683 Quia
2285 2615 2533 2671 omnibus
2606 2613 2754 2684 pejor
2811 2627 2951 2666 sum.
3031 2611 3170 2681 Ergo
3234 2609 3468 2680 pejorem
3536 2606 3708 2662 voluit

2106 2708 2330 2780 intelligi
2401 2707 2650 2777 primum.
2709 2704 2988 2774 Quomodo
3057 2703 3110 2757 in
3172 2701 3504 2766 artificibus,
3577 2699 3706 2769 qui-

2107 2815 2339 2871 cumque
2367 2799 2478 2853 vult
2525 2798 2812 2862 aediﬁcare,
2841 2795 2965 2866 quid
2991 2794 3157 2850 dicit?
3181 2793 3308 2861 Quis
3349 2802 3430 2848 est
3459 2793 3547 2846 hic
3593 2791 3710 2861 pri-

2109 2906 2229 2950 mus
2268 2892 2535 2948 structor?
2575 2892 2693 2962 quis
2733 2897 2815 2944 est
2841 2890 3044 2958 primus
3083 2887 3264 2942 faber?
3301 2888 3407 2940 Aut
3434 2885 3481 2939 si
3524 2883 3710 2938 curari

2109 2988 2243 3054 vult,
2269 2986 2398 3053 Quis
2426 2994 2508 3040 est
2537 2985 2622 3039 hic
2651 2984 2851 3054 primus
2880 2980 3154 3037 medicus?
3181 2980 3297 3035 Non
3329 2981 3507 3049 utique
3534 2979 3715 3033 inter-

2111 3090 2266 3148 rogat
2293 3078 2413 3149 quis
2439 3077 2587 3147 prior
2613 3075 2683 3131 sit
2728 3084 2904 3142 astate,
2957 3084 3048 3129 aut
3075 3073 3196 3143 quis
3225 3072 3371 3143 prior
3399 3072 3469 3126 sit
3493 3069 3707 3142 profes-

2109 3171 2293 3236 sione;
2348 3169 2444 3225 sed
2468 3169 2587 3240 quis
2614 3169 2761 3239 prior
2789 3169 2858 3222 sit
2907 3175 3041 3222 arte.
3070 3165 3349 3234 Quomodo
3399 3164 3472 3218 illi
3503 3165 3558 3217 in
3585 3173 3709 3218 arte

2111 3265 2290 3335 primi,
2322 3263 2401 3318 sic
2436 3263 2538 3317 iste
2566 3261 2622 3316 in
2649 3261 2925 3331 iniquitate
2966 3260 3192 3330 primus.
3219 3257 3398 3324 Quare
3424 3254 3618 3310 Paulus
3650 3255 3708 3308 in

2112 3355 2390 3426 iniquitate
2429 3354 2667 3424 primus?
2720 3353 2965 3409 Recolite
3010 3351 3250 3416 Saulum,
3291 3358 3347 3406 et
3396 3348 3708 3403 invenietis.

2113 3449 2398 3504 Attenditis
2422 3449 2666 3514 Paulum,
2697 3446 2847 3502 obliti
2877 3447 3007 3501 estis
3032 3444 3251 3501 Saulum
3284 3460 3296 3496 :
3336 3441 3614 3497 attenditis
3640 3440 3713 3496 ad

2113 3551 2405 3613 pastorem,
2445 3541 2595 3595 obliti
2642 3541 2769 3595 estis
2812 3540 3018 3609 lupum.
3068 3537 3256 3592 Nonne
3294 3535 3384 3590 ille
3411 3544 3494 3589 est
3525 3533 3607 3588 cui
3640 3532 3714 3588 ad

2115 3633 2458 3704 lapidandum
2480 3632 2808 3702 Stephanum
2835 3646 3024 3686 manus
3053 3645 3155 3685 una
3181 3643 3289 3683 non
3309 3626 3630 3693 sufﬁciebat,
3657 3633 3713 3681 et

2115 3728 2342 3782 aliorum
2393 3726 2708 3782 vestimenta
2763 3723 3044 3780 servabat?
3095 3722 3284 3778 Nonne
3321 3723 3438 3792 ipse
3481 3728 3568 3776 est
3616 3719 3712 3790 qui

2117 3821 2412 3878 Ecclesium
2451 3820 2646 3889 ubique
2673 3817 3128 3890 persequebatur?
3148 3816 3338 3872 Nonne
3365 3815 3478 3885 ipse
3503 3821 3590 3868 est
3617 3811 3715 3882 qui

2116 3914 2319 3969 litteras
2343 3920 2624 3982 acceperat
2647 3926 2677 3966 a
2698 3911 3026 3981 principibus
3047 3906 3423 3964 sacerdotum?
3451 3905 3585 3973 Quia
3614 3918 3712 3974 pa-

2118 4022 2237 4062 rum
2263 4007 2341 4061 illi
2372 4015 2488 4062 erat
2514 4006 2761 4076 persequi
2789 4002 3144 4068 Christianos,
3175 4002 3267 4071 qui
3296 4007 3449 4056 erant
3473 3999 3528 4053 in
3556 3997 3714 4053 Jeru-

2118 4102 2318 4167 salem;
2345 4101 2441 4156 sed
2474 4100 2682 4155 volebat
2715 4098 2780 4153 ad
2810 4099 2912 4153 alia
2935 4098 3048 4152 loca
3071 4096 3277 4158 venire,
3315 4093 3406 4149 ubi
3432 4107 3526 4149 eos
3557 4093 3712 4147 inve-

2118 4194 2281 4261 niret,
2314 4202 2369 4248 et
2400 4193 2608 4263 ligaret,
2637 4200 2696 4246 et
2723 4189 3024 4262 puniendos
3041 4187 3351 4243 adduceret.
3368 4184 3558 4240 Nonne
3587 4197 3716 4238 cum

2120 4284 2224 4340 iter
2251 4297 2412 4356 agens
2440 4284 2608 4355 spirat
2625 4293 2680 4339 et
2705 4282 2921 4338 anhelat
2944 4281 3139 4347 credes,
3170 4279 3238 4335 de
3257 4278 3398 4334 calo
3425 4290 3718 4348 percussus

2123 4385 2230 4444 est,
2257 4386 2312 4432 et
2337 4388 2521 4433 vocem
2554 4375 2764 4430 Domini
2789 4374 2860 4428 ad
2884 4374 3110 4428 salutem
3135 4372 3448 4427 fulminatus
3467 4367 3718 4424 audivit?

2125 4473 2264 4530 Dum
2281 4473 2532 4536 ambulat,
2550 4470 2932 4540 prosternitur;
2963 4477 3021 4523 ut
3035 4467 3230 4532 videat,
3252 4472 3570 4520 excmcatur.
3595 4460 3720 4531 ipse

2125 4575 2352 4634 esrergo
2374 4563 2460 4632 qui
2487 4563 2686 4631 primus
2707 4571 2823 4616 erat
2841 4565 3172 4630 persecutor,
3191 4558 3283 4613 illo
3300 4557 3448 4627 pejor
3466 4571 3571 4610 non
3594 4553 3716 4609 fuit.

2193 4655 2424 4712 CAPUT
2463 4650 2575 4708 Π.
2617 4683 2691 4694 -—
2735 4653 2789 4708 8.
2835 4651 2992 4706 Pauli
3034 4650 3309 4705 conversio.
3341 4647 3536 4704 Audite
3573 4645 3725 4702 unde

2131 4753 2250 4823 plus
2317 4749 2645 4820 intelligatis.
2671 4747 2895 4802 Ananiae
2946 4747 3260 4815 loquebatur
3293 4744 3410 4814 ipse
3453 4741 3720 4795 Dominus

2128 4836 2391 4909 Christus,
2430 4841 2540 4911 jam
2569 4841 2662 4895 illo
2689 4847 2979 4912 prostrato,
3027 4837 3136 4908 jam
3167 4837 3350 4892 erecto
3387 4852 3400 4889 :
3429 4843 3485 4890 et
3508 4833 3729 4889 dicebat

2127 4939 2202 5006 ei,
2243 4938 2384 4993 Vade
2411 4938 2479 4992 ad
2504 4938 2667 4992 uicum
2695 4936 2860 5000 illim,
2892 4934 2960 4988 ibi
2987 4933 3206 4987 invenies
3235 4931 3457 4987 Scotum
3481 4943 3513 4981 α
3543 4925 3730 4982 Tarsis

2127 5033 2340 5100 Cilicia},
2375 5033 2578 5102 loquere
2614 5031 2677 5085 ei.
2705 5027 2968 5097 Quoniam
2995 5026 3125 5080 vidit
3149 5025 3325 5079 virum
3353 5021 3615 5077 Amatam
3641 5021 3731 5074 in-

2133 5135 2361 5180 trantem
2387 5123 2455 5178 ad
2484 5138 2563 5189 se,
2596 5123 2649 5178 et
2685 5121 3040 5190 baptizan’t‘em
3065 5129 3147 5174 se.
3175 5116 3269 5172 ille
3287 5114 3494 5170 audivit
3521 5123 3730 5167 nomen

2131 5217 2299 5284 Sauli,
2328 5223 2380 5272 et
2405 5215 2546 5270 inter
2574 5227 2761 5268 manus
2783 5212 2946 5284 ipsius
2971 5209 3166 5265 medici
3189 5207 3424 5263 tremuit.
3453 5203 3608 5272 Quod
3643 5215 3734 5258 est

2127 5319 2311 5366 autem
2333 5308 2567 5374 dulcius,
2587 5305 2781 5362 Saulus
2804 5304 2947 5360 unde
2973 5304 3275 5367 vocaretur,
3297 5296 3460 5355 credo
3487 5297 3610 5366 quia
3639 5311 3738 5351 re-

2130 5405 2331 5471 colitis,
2361 5410 2415 5459 et
2443 5409 2662 5473 propter
2689 5413 2783 5455 eos
2827 5397 2916 5469 qui
2966 5405 3072 5452 non
3103 5392 3372 5458 recolunt,
3398 5401 3740 5445 commemo~

2133 5513 2270 5555 rem.
2296 5497 2423 5553 Saul
2465 5503 2583 5551 erat
2611 5491 2702 5549 ille
2726 5497 3029 5564 persecutor
3072 5483 3258 5542 David.
3287 5479 3344 5538 In
3375 5480 3541 5538 David
3569 5479 3737 5533 Chri-

2129 5592 2250 5648 eius
2276 5597 2410 5656 erat,
2443 5588 2496 5643 in
2522 5585 2688 5642 David
2714 5582 2953 5640 Christus
2981 5577 3440 5651 praefigumbatnr,
3471 5574 3525 5627 in
3561 5571 3735 5627 Saule

2129 5683 2328 5739 ﬂauius
2373 5679 2814 5752 praeﬁgurahatur
2873 5695 2885 5731 :
2937 5684 3185 5743 tanquam
3235 5668 3401 5725 David
3453 5664 3598 5723 Sauli
3666 5668 3738 5720 (te

2135 5777 2298 5842 cocto,
2344 5773 2521 5840 Scuto,
2569 5773 2746 5836 S'aule,
2801 5769 2924 5841 quid
2969 5783 3050 5822 me
3094 5761 3442 5836 persequeris?
3489 5759 3737 5813 Ananias

2204 5893 2219 5922 ί
2246 5892 2317 5941 Sic
2349 5902 2522 5956 unusne
2544 5887 2828 5956 Oolbertinis
2851 5890 3038 5956 Mss-.51.
3062 5883 3206 5946 editi,
3242 5889 3339 5934 non
3371 5880 3565 5943 peccato
3595 5879 3742 5926 teste-

2142 5953 2278 6007 batur
2299 5953 2453 6006 Adam
2471 5949 2494 6004 ?
2515 5963 2610 6002 non
2627 5955 2737 6003 ante
2764 5948 2903 6003 illum
2915 5947 3028 6002 fuit.
