4108 6336
422 339 528 401 919

422 459 550 518 Ovis
577 466 956 529 interpretatur
984 473 1000 513 :
1025 454 1339 527 loquebatur
1382 450 1468 508 ovi
1507 456 1710 522 pastor,
1739 453 1794 502 et
1833 443 1994 500 time-

422 553 515 610 bat
543 553 658 607 ovis
686 552 887 622 lupum.
919 550 1088 606 Tanta
1117 547 1271 618 hujus
1310 544 1422 614 lupl
1447 542 1585 597 fama
1629 543 1994 611 praecesserat,

424 655 610 700 utnon
632 659 689 699 se
716 653 926 714 putaret
953 649 1118 698 tutam
1138 639 1272 706 ovis,
1310 653 1410 694 nec
1430 638 1568 697 inter
1602 647 1790 689 manus
1818 637 1998 700 pasto-

425 739 520 792 ris.
556 737 622 790 lit
642 736 896 790 Dominus
920 734 986 789 ad
1014 734 1182 794 illum,
1210 731 1361 801 quasi
1385 729 1452 784 ad
1483 743 1634 782 ovem
1660 733 1996 780 trementem;

428 828 521 884 llic
550 829 693 883 enim
731 841 854 882 cum
891 825 1122 881 audisset
1165 823 1287 890 hoc,
1339 823 1473 878 dixit
1502 839 1514 876 :
1544 820 1777 886 Domine,
1830 815 2000 871 audiui

426 920 490 973 de
515 921 609 973 isto
633 919 834 973 homine
859 925 1047 989 quanta
1070 917 1206 970 mala
1227 915 1342 988 fecit
1369 914 1558 968 sanctis
1589 913 1685 966 tuis
1711 912 1765 964 in
1789 909 2000 964 Jerusa-

427 1013 544 1078 lem,
576 1021 622 1066 et
665 1010 816 1064 modo
845 1011 1029 1064 dcitur
1074 1007 1311 1081 epistolas
1356 1005 1604 1074 accepisse
1629 1020 1661 1055 a
1691 999 2002 1074 principibus

425 1103 759 1167 sacerdotum,
804 1111 856 1154 ut
897 1111 1228 1170 quoscumque
1271 1097 1500 1162 tenuerit,
1548 1095 1784 1166 alligatos
1823 1091 1998 1146 ducat.

425 1193 541 1262 Quo
569 1207 654 1247 me
677 1191 877 1246 mittis?
903 1207 1054 1246 ovem
1083 1191 1149 1245 ad
1178 1188 1396 1258 lupum?
1425 1186 1528 1242 Sed
1552 1186 1640 1240 ille
1668 1199 1774 1239 non
1803 1182 2000 1238 audivit

426 1285 562 1340 hanc
588 1286 1000 1339 excusationem.
1027 1284 1143 1339 iam
1171 1284 1313 1338 enim
1340 1281 1546 1336 dixerat
1573 1279 1752 1350 paucis
1779 1277 2000 1331 oviculis

427 1378 535 1432 suis
560 1393 572 1428 :
600 1375 733 1430 Ecce
781 1392 872 1446 ego
918 1376 1060 1428 mitto
1099 1389 1184 1429 vos
1207 1373 1336 1428 sicut
1363 1385 1475 1426 oves
1499 1372 1552 1425 in
1575 1373 1736 1424 medio
1765 1370 2000 1438 luporum

426 1467 640 1536 (Matth.
675 1483 732 1534 ι,
757 1467 870 1536 lli).
893 1466 950 1522 Si
978 1466 1154 1520 missae
1170 1477 1293 1520 sunt
1314 1478 1442 1518 oves
1462 1463 1512 1516 in
1542 1460 1715 1516 medio
1735 1460 1996 1528 luporum,

425 1575 589 1628 quare
619 1557 850 1626 trepidas
895 1558 993 1623 ire,
1026 1557 1248 1620 Anania,
1281 1555 1347 1609 ad
1375 1569 1496 1610 eum
1522 1553 1611 1623 qui
1637 1552 1746 1621 jam
1786 1566 1890 1605 non
1921 1557 2004 1604 est

428 1648 614 1717 lupus?
643 1647 847 1716 Lupum
871 1647 1122 1702 timebas:
1147 1646 1241 1701 sed
1291 1644 1578 1714 respondet
1619 1643 1713 1698 tibi
1745 1641 2002 1696 Dominus

428 1742 569 1798 Deus
587 1751 725 1806 tuus,
756 1741 830 1796 De
856 1741 978 1810 lupo
1013 1755 1166 1795 ovem
1184 1739 1316 1805 feci;
1351 1737 1562 1792 faciode
1586 1751 1683 1790 ove
1710 1743 1998 1804 pastorem.

494 1834 719 1890 CAPUT
761 1833 892 1889 Vlll.
933 1864 1001 1874 -—-
1023 1833 1076 1889 9.
1107 1832 1291 1886 Christi
1324 1831 1505 1886 τηθάὶεί
1536 1843 1618 1882 ars
1655 1825 2002 1882 commendata

424 1929 479 1982 in
506 1929 764 1985 curatione
791 1927 962 1981 Pauli.
991 1926 1268 1994 Quomodo
1294 1940 1419 1994 ergo
1446 1924 1560 1992 ipse
1599 1921 1788 1976 Saulus
1814 1928 2000 1989 postea

423 2020 620 2075 Paulus
672 2021 962 2090 gratulatur
1003 2034 1062 2073 se
1104 2017 1170 2072 ad
1216 2017 1309 2071 Dei
1363 2013 1672 2086 pervenisse
1697 2011 2003 2066 misericor-

427 2115 624 2180 diam‘,
669 2115 790 2184 quia
833 2115 1050 2184 primus,
1100 2113 1203 2167 hoc
1252 2124 1336 2167 est
1378 2110 1645 2167 excellens
1686 2109 1739 2162 in
1773 2104 2001 2177 peccatis

424 2210 670 2263 inventus
695 2215 777 2262 est
805 2227 816 2261 :
841 2207 908 2261 Et
935 2217 1100 2261 tamen
1127 2204 1522 2261 misericordiam
1548 2210 1839 2256 consecutus
1865 2215 1996 2265 sum,

423 2311 478 2354 ut
508 2302 560 2354 in
590 2317 668 2354 me
695 2301 971 2354 ostenderet
1005 2300 1233 2355 Christus
1282 2297 1436 2352 Jesus
1463 2301 1660 2350 omnem
1699 2290 2002 2363 longanimi-

429 2399 598 2458 tatem,
631 2399 837 2462 propter
863 2407 947 2446 eos
973 2391 1057 2459 qui
1086 2389 1324 2443 credituri
1351 2395 1468 2440 sunt
1493 2385 1568 2439 illi
1597 2385 1649 2438 in
1675 2384 1826 2436 vitam
1851 2389 2000 2434 reter-

426 2501 542 2538 nam
573 2501 591 2538 :
620 2493 678 2538 ut
725 2485 904 2539 dicant
946 2483 1046 2538 sibi
1086 2497 1290 2546 omnes,
1323 2481 1376 2536 Si
1406 2480 1599 2534 Paulus
1641 2474 1857 2531 sanat’us
1896 2481 1998 2540 est,

426 2591 525 2646 ego
575 2590 737 2645 quare
765 2573 1031 2644 despero?
1057 2573 1111 2628 Si
1154 2588 1183 2626 a
1223 2580 1367 2626 tanto
1409 2568 1617 2625 medico
1660 2577 1766 2621 tam
1808 2564 2001 2632 despe-

427 2678 572 2721 ratus
623 2681 765 2736 aeger
815 2673 1031 2722 sanatus
1076 2674 1180 2732 est,
1233 2679 1334 2734 ego
1377 2677 1472 2717 cur
1526 2658 1833 2715 vulneribus
1870 2657 2002 2711 meis

427 2758 543 2813 illas
593 2772 783 2812 manus
825 2771 931 2811 non
982 2755 1210 2826 optabo?
1266 2754 1333 2809 ad
1383 2754 1500 2808 illas
1545 2764 1732 2806 manus
1784 2763 1891 2803 non
1921 2747 2002 2804 fe-

425 2852 671 2907 stinabo?
723 2851 794 2907 Ut
841 2851 943 2906 hoc
973 2849 1212 2905 dicerent
1258 2846 1523 2914 homines,
1557 2845 1674 2900 ideo
1701 2842 1895 2899 Saulus
1923 2841 2002 2898 la-

424 2951 541 2999 ctus
606 2953 688 2998 est
742 2959 808 2999 ex
879 2949 1217 3013 persecutore
1272 2939 1541 3011 apostolus
1593 2938 1726 3008 (Act.
1798 2934 1999 3003 vit-rx).

427 3034 558 3101 Quia
596 3047 702 3106 quo
751 3035 896 3090 venit
923 3032 1394 3102 medicus,qua2rit
1421 3031 1649 3099 aliquem
1702 3027 1770 3082 ibi
1811 3025 2002 3094 despe-

425 3136 622 3195 ratum,
649 3136 704 3181 et
736 3127 906 3197 ipsum
932 3133 1084 3182 sanat
1117 3143 1129 3178 :
1159 3132 1214 3180 et
1243 3123 1289 3178 si
1321 3121 1716 3193 pauperrimum
1746 3118 1999 3185 inveniat,

430 3229 602 3274 tamen
657 3219 994 3288 desperatum
1051 3219 1323 3282 inveniat;
1371 3230 1475 3270 non
1521 3214 1591 3268 ibi
1630 3210 1821 3283 quierit
1860 3225 2002 3266 nter-

425 3314 632 3374 cedem,
690 3311 784 3368 sed
830 3310 1170 3368 commendat
1211 3318 1399 3363 artem.
1461 3306 1641 3361 Dicam
1693 3319 1819 3373 ergo
1862 3301 2004 3372 quod

426 3417 714 3474 coeperam.
742 3403 1019 3470 Quomodo
1045 3418 1172 3471 ergo
1210 3400 1403 3455 Saulus
1442 3396 1838 3466 congratulatur
1882 3409 1940 3448 se
1974 3409 2004 3447 a

425 3496 659 3562 Christo,
691 3495 809 3563 quia
860 3503 1106 3562 peccator
1135 3501 1268 3557 erat,
1297 3499 1625 3558 assumptum
1666 3494 1825 3556 atque
1851 3499 2006 3539 sana-

428 3597 562 3654 tum,
591 3603 691 3641 nec
717 3588 868 3650 dixit,
902 3587 1141 3640 Maneam
1172 3584 1228 3637 in
1266 3590 1502 3652 peccato,
1532 3581 1651 3649 quia
1683 3586 1898 3648 propter
1922 3592 2006 3631 me

430 3681 573 3735 venit
599 3679 861 3744 Christus,
895 3692 999 3730 non
1033 3674 1461 3744 propterjustum
1492 3689 1504 3724 :
1539 3672 1608 3725 ita
1635 3671 1792 3724 etiam
1823 3677 1896 3734 tu,
1916 3667 2006 3736 qui

427 3773 674 3826 audieras
698 3771 818 3840 quia
849 3769 1090 3824 Christus
1119 3773 1338 3836 propter
1371 3771 1680 3836 peccatores
1703 3761 1863 3822 venit,
1898 3761 2006 3814 noli

431 3863 521 3916 tibi
550 3861 786 3915 dormire
815 3861 866 3914 in
900 3858 1039 3913 dulci
1063 3865 1260 3920 stratu;
1290 3854 1382 3909 sed
1415 3853 1538 3908 audi
1567 3854 1738 3921 ipsum
1785 3851 2004 3906 Paulqu

428 3954 712 4016 dicentem,
765 3953 948 4021 Surge,
979 3951 1065 4018 qui
1093 3948 1305 4014 dormis,
1335 3957 1382 4001 et
1409 3962 1618 4014 exsurge
1641 3961 1673 3998 a
1704 3943 1933 4007 mortuis,
1961 3952 2008 3996 et

428 4044 732 4100 illuminabit
785 4053 831 4097 te
877 4042 1104 4098 Christus
1163 4038 1376 4112 (Ep/tes.
1414 4052 1470 4104 ν,
1515 4036 1626 4105 14).
1675 4034 1790 4091 Noli
1828 4049 2008 4090 amare

426 4145 650 4191 stratum
681 4134 902 4204 peccati.
939 4132 1119 4186 Totum
1147 4139 1359 4184 stratum
1395 4129 1505 4199 ejus
1543 4127 1731 4182 verttsti
1758 4128 1810 4182 in
1857 4127 2006 4195 inﬁr-

429 4227 602 4282 mitate
625 4227 733 4297 ejus
759 4225 928 4297 (Ptol.
958 4239 1044 4283 χι..
1071 4221 1151 4292 4),
1177 4221 1375 4277 dictum
1403 4228 1486 4275 est
1511 4228 1685 4273 antea.
1715 4218 1902 4288 Surge,
1922 4233 2004 4272 sa-

429 4334 530 4374 nus
557 4327 691 4385 esto,
723 4319 998 4372 sanitatem
1029 4331 1177 4380 ama,
1229 4322 1284 4369 et
1326 4313 1435 4368 noli
1463 4325 1648 4366 rursus
1676 4326 1775 4382 per
1818 4325 2008 4379 super-

430 4410 576 4466 biam
600 4411 668 4465 de
709 4409 928 4465 dextera
957 4408 1034 4462 ire
1061 4407 1128 4463 ad
1169 4406 1462 4471 sinistram,
1495 4405 1561 4461 de
1592 4403 1725 4459 valle
1749 4403 1817 4458 ad
1857 4418 2009 4458 mon-

436 4514 566 4571 tem,
597 4504 665 4558 do
711 4503 1008 4557 humilitate
1049 4499 1115 4555 ad
1148 4509 1429 4554 tumorem.
1478 4493 1609 4551 Cum
1642 4496 1808 4551 lactus
1847 4493 2009 4549 fueris

428 4612 612 4662 sanus,
639 4595 691 4651 id
733 4604 834 4660 est,
858 4608 981 4650 cum
1004 4592 1148 4662 juste
1193 4591 1421 4660 cmperis
1447 4589 1646 4656 vivere,
1678 4588 1788 4643 Deo
1816 4586 2006 4652 tribue,

431 4705 536 4744 non
565 4689 678 4743 tibi.
701 4687 815 4742 Non
839 4691 978 4740 erum
1009 4683 1272 4740 laudando
1299 4692 1371 4750 te,
1399 4683 1576 4737 salvus
1604 4681 1772 4735 lactus
1801 4694 1888 4745 es;
1913 4679 2008 4734 sed

429 4789 615 4834 contra
641 4787 693 4834 te
719 4775 1128 4849 pronuntiando.
1147 4775 1279 4829 Nam
1307 4773 1350 4827 si
1391 4780 1442 4828 te
1471 4771 1768 4829 laudaveris
1799 4786 1891 4839 per
1919 4785 2010 4824 su-

431 4871 699 4942 perbiam,
753 4869 966 4940 gravius
1029 4866 1329 4937 mgrotabis.
1380 4864 1564 4920 On‘tnis
1611 4865 1754 4920 enim
1807 4863 1896 4933 qui
1949 4879 2009 4918 se

431 4964 647 5028 exultat,
680 4958 1071 5023 hurniliabitur;
1101 4966 1154 5012 et
1172 4955 1262 5026 qui
1291 4970 1349 5010 se
1393 4954 1654 5021 humiliat,
1694 4953 2010 5009 cxaltabitur

433 5052 582 5117 (Luc.
608 5069 753 5119 xvut,
778 5052 891 5121 14).
921 5047 1176 5104 Conversi
1205 5046 1270 5102 ad
1294 5047 1596 5108 Dominum,
1628 5055 1730 5102 etc.

886 5141 1116 5197 SEBMO
1155 5137 1411 5194 cnxxvr
1452 5137 1584 5210 ‘(a).

431 5236 509 5291 De
535 5237 689 5291 tribas
715 5234 1007 5290 lectionibus
1068 5231 1298 5302 Apostoli
1318 5272 1334 5298 ,
1366 5231 1388 5286 1
1417 5229 1548 5284 Tim.
1578 5245 1690 5299 cap.
1720 5244 1759 5293 ι,
1789 5228 1856 5285 15
1875 5270 1890 5294 ,
1921 5229 2008 5296 16,

506 5328 702 5382 Fidelis
753 5340 930 5381 sermo
987 5333 1041 5379 et
1082 5323 1228 5379 omni
1277 5321 1586 5392 acceptione
1637 5320 1865 5391 dignus,
1913 5329 2009 5376 etc.

511 5419 703 5474 Psalmi
725 5433 871 5485 xcrv,
899 5417 952 5483 6,
979 5416 1034 5484 2,
1068 5415 1256 5471 Venite
1281 5414 1584 5477 adoremus,
1617 5421 1670 5468 et
1701 5421 2011 5482 prosterna-

479 5555 513 5628 ᾖ
539 5563 719 5606 omnes
739 5561 864 5614 uss,
890 5553 1162 5604 Gratuiatur
1183 5564 1232 5603 se
1251 5549 1318 5603 ad
1339 5550 1430 5602 Dei
1447 5548 1729 5615 pertinuisse
1750 5548 2016 5603 adserim-

434 5619 828 5729 d'qnlgjmendatus‘
846 5679 906 5728 ad
927 5691 972 5728 a.
993 5678 1078 5728 bu.
1111 5676 1172 5727 cl.
1193 5677 1270 5727 ob.
1295 5675 1329 5725 f.
1351 5674 1408 5726 i‘s.
1433 5689 1483 5740 ε.
1530 5675 1590 5726 1r.
1629 5689 1698 5727 ω.
1716 5689 1790 5740 pr;
1815 5690 1907 5728 rm.
1933 5676 2012 5728 vd.

437 5749 489 5792 et
504 5741 564 5790 ad
580 5752 678 5790 am.
699 5749 772 5788 Er.
800 5749 898 5789 Par.
920 5748 1026 5789 Lov.

519 5804 591 5865 (a)
616 5801 754 5866 Alias,
788 5803 852 5855 de
886 5803 1053 5866 Verbis
1069 5801 1276 5854 Apostoli
1290 5801 1368 5859 lo.

1796 327 2031 388 SERMO
2065 326 2342 387 CLXXVI.

3570 331 3679 392 950

2173 461 2294 503 mur
2319 447 2389 515 ei,
2413 456 2534 516 ete.,
2565 464 2624 504 ac
2659 448 2924 522 Euangelii
2962 448 3117 506 Lucae
3135 489 3151 520 ,
3182 465 3298 520 cap.
3319 464 3429 504 xvu
3450 487 3465 517 ,
3494 448 3676 514 12-19,

2175 539 2260 594 ubi
2297 540 2360 595 de
2404 541 2572 596 decem
2614 541 2823 612 leprosis
2863 558 2895 596 a
2931 541 3151 597 Domino
3186 541 3460 596 mundatis.
3493 540 3680 597 Contra

2177 630 2480 702 Pelagianos
2507 633 2604 704 (a).

2173 723 2399 782 CAPUT
2436 711 2718 783 PRIMUM.
2767 756 2839 769 —-
2888 727 2940 781 1.
3001 723 3258 782 Lectiones
3319 733 3366 781 et
3409 735 3584 781 cantus
3627 726 3680 780 in

2104 816 2352 872 Ecclesia.
2375 818 2454 874 De
2481 818 2674 874 divinis
2695 819 3007 875 lectionibus
3033 818 3173 890 quod
3200 818 3454 874 Dominus
3491 818 3679 875 admo-

2104 925 2234 965 nere
2257 910 2522 980 dignatur,
2555 911 2744 967 intenti
2768 911 2979 979 audite,
3004 910 3216 976 fratres,
3247 911 3338 966 illo
3360 911 3521 967 dante
3544 952 3558 978 ,
3591 927 3678 967 me

2104 1002 2458 1058 ministrante.
2485 1003 2716 1059 Primam
2744 1004 3026 1060 lectionem
3063 1002 3359 1058 audivimus
3397 1001 3677 1072 Apostoli:

2106 1095 2304 1152 Fidelis
2330 1113 2496 1152 sermo
2517 1109 2565 1152 et
2587 1098 2725 1153 eunti
2752 1099 3038 1168 acceptione
3066 1099 3272 1170 dignus,
3300 1099 3420 1168 quia
3445 1096 3676 1153 Christus

2103 1187 2254 1244 Iesus
2281 1191 2413 1245 venit
2436 1191 2489 1244 in
2509 1190 2752 1246 mundum
2771 1199 3054 1261 peccatores
3077 1189 3243 1246 saluos
3263 1193 3446 1261 facere,
3468 1205 3681 1261 quorum

2106 1281 2296 1351 primus
2341 1297 2429 1352 ego
2469 1293 2601 1336 sum.
2645 1281 2751 1337 Sed
2797 1280 2910 1336 ideo
2952 1279 3340 1335 misericordiam
3387 1287 3679 1334 consecutus

2104 1389 2236 1440 sum.
2268 1383 2321 1428 ut
2349 1375 2402 1428 in
2421 1391 2500 1429 nte
2523 1375 2799 1430 ostenderet
2827 1372 3053 1430 Christus
3089 1373 3240 1429 Iesus
3267 1388 3464 1428 omnem
3503 1372 3683 1444 longa~

2106 1467 2381 1522 nimitatem
2405 1483 2568 1537 suam,
2593 1467 2661 1522 ad
2697 1469 3100 1538 informationem
3135 1484 3306 1522 eorum
3339 1467 3423 1537 qui
3444 1466 3683 1520 credituri

2104 1570 2219 1616 sunt
2238 1561 2314 1616 illi
2336 1562 2389 1616 in
2411 1562 2564 1616 vitam
2588 1572 2844 1618 (sternam.
2883 1561 2997 1617 Hoc
3021 1561 3089 1617 de
3124 1560 3409 1632 apostolica
3450 1559 3680 1614 lectione

2105 1655 2457 1724 percepimus.
2490 1655 2692 1711 Deinde
2710 1656 3036 1711 cautavimus
3061 1653 3326 1709 Psalmum
3349 1694 3363 1719 ,
3390 1651 3679 1706 exhortan-

2107 1752 2188 1800 tes
2208 1761 2306 1800 uos
2327 1747 2573 1814 invicem,
2603 1763 2709 1802 una
2729 1761 2876 1811 voce,
2905 1762 3008 1802 uno
3028 1745 3189 1801 corde
3215 1745 3474 1810 dicentes,
3509 1741 3684 1796 Venite

2105 1841 2374 1894 adoremus
2395 1881 2408 1905 ,
2443 1849 2488 1894 et
2535 1850 2910 1911 prosternamur
2945 1841 3022 1904 ei,
3054 1848 3099 1894 et
3127 1841 3339 1910 ﬂeamus
3374 1852 3543 1891 coram
3569 1834 3680 1889 Do-

2105 1933 2242 1986 mino
2261 1933 2344 2004 qui
2365 1933 2480 2002 fecit
2517 1949 2608 1986 nos
2637 1942 2728 1987 :et
2768 1933 2836 1988 ibi
2872 1933 3230 2002 prteueniamus
3270 1931 3452 2001 faciem
3484 1929 3592 1998 ejus
3630 1927 3682 1980 in

2107 2023 2432 2093 confessione,
2463 2031 2512 2078 et
2539 2023 2591 2076 in
2615 2022 2820 2092 psalmis
2825 2021 3096 2092 jubilemus
3120 2022 3180 2075 ei.
3212 2021 3338 2074 Post
3361 2019 3495 2084 huic,
3519 2032 3681 2072 evan-

2104 2115 2272 2185 gelica
2292 2114 2448 2169 lectio
2467 2113 2650 2168 decem
2677 2113 2914 2182 leprosos
2934 2110 3214 2167 mundatus
3236 2109 3388 2166 nobis
3411 2107 3645 2164 ostendit
3667 2149 3681 2174 ,

2107 2217 2162 2264 et
2190 2224 2353 2263 unum
2381 2223 2445 2263 ex
2474 2209 2551 2264 eis
2571 2208 2919 2277 alienigenam
2945 2207 3141 2277 gratias
3179 2214 3421 2276 agentem
3460 2201 3686 2260 munda-

2106 2303 2210 2359 tori
2253 2316 2370 2357 suo.
2412 2301 2518 2355 llas
2555 2312 2662 2356 tres
2703 2301 2956 2355 lectiones
2980 2341 2995 2367 ,
3018 2307 3273 2370 quantum
3311 2313 3407 2368 pro
3443 2306 3684 2366 tempore

2108 2411 2409 2466 possumus,
2444 2404 2830 2466 pertractemus
2851 2431 2866 2460 ,
2891 2393 3127 2448 dicentes
3156 2407 3320 2461 pauca
3341 2390 3407 2446 de
3432 2390 3681 2460 singulis;

2108 2497 2162 2544 et
2184 2496 2437 2559 quantum
2463 2487 2643 2541 conari
2671 2500 2974 2556 possumus,
2997 2483 3281 2553 adiuvante
3302 2482 3546 2546 Domino,
3577 2496 3686 2535 non

2108 2579 2162 2634 in
2191 2579 2363 2648 aliqua
2392 2594 2573 2633 carum
2604 2578 2680 2633 sic
2716 2577 3059 2632 immorantes
3078 2615 3094 2642 ,
3115 2583 3174 2630 ut
3199 2573 3318 2630 aliis
3355 2573 3560 2628 duabus
3580 2573 3685 2627 im-

2108 2671 2467 2742 pedimentum
2494 2670 2796 2726 aderamus.

2178 2762 2400 2821 CAPUT
2441 2765 2503 2818 ll-.
2530 2794 2602 2804 —
2622 2764 2677 2818 2.
2710 2762 2999 2818 Gratiarum
3036 2759 3168 2814 actio
3191 2757 3252 2812 ab
3273 2757 3503 2814 omnibus
3522 2755 3689 2810 debita

2109 2857 2323 2911 medico.
2370 2855 2643 2911 Peccatum
2696 2854 2942 2925 originale
2999 2853 3051 2907 in
3096 2850 3340 2923 paruulis.
3365 2848 3687 2920 Pupillorum

2109 2959 2300 3004 tutores
2327 2948 2568 3019 episcopi.
2600 2948 2856 3015 Proponit
2891 2945 3045 3000 nobis
3087 2942 3372 3013 Apostolus
3409 2938 3684 2997 scientiam

2109 3043 2402 3113 gratiarum
2428 3039 2673 3094 actionis.
2695 3038 3016 3093 Mementote
3029 3035 3154 3106 quid
3184 3034 3368 3090 ultima
3383 3029 3690 3102 evangelica

2113 3135 2273 3191 lectio
2299 3141 2534 3196 resonet,
2577 3130 2843 3200 quomodo
2878 3129 3035 3185 Jesus
3081 3128 3336 3181 Dominus
3363 3123 3542 3179 laudat
3565 3137 3690 3192 gra-

2112 3228 2211 3284 tias
2234 3234 2498 3297 agentem,
2529 3224 2763 3295 ingratos
2788 3220 3080 3291 improbat,
3115 3216 3396 3272 mundatos
3436 3216 3488 3269 in
3529 3220 3649 3268 cute
3672 3250 3688 3278 ,

2111 3322 2354 3391 leprosos
2376 3320 2430 3374 iu
2457 3318 2639 3373 corde.
2671 3315 2808 3384 Quid
2835 3329 2963 3384 ergo
3002 3309 3329 3383 Apostolus?
3350 3307 3572 3377 Fidelis,
3600 3305 3687 3360 in-

2111 3413 2241 3483 quit,
2288 3427 2450 3466 sermo
2487 3417 2534 3463 et
2585 3408 2720 3462 omni
2759 3406 3044 3476 acceptione
3081 3404 3284 3474 dignus.
3312 3401 3441 3469 Quis
3473 3408 3555 3454 est
3594 3399 3692 3453 iste

2111 3500 2331 3558 sermo?
2360 3501 2492 3567 Quia
2516 3499 2743 3554 Christus
2772 3496 2918 3550 Jesus
2945 3497 3074 3549 uenit
3098 3496 3150 3548 in
3173 3492 3436 3558 mundum,
3460 3487 3693 3560 thuid?

2112 3591 2410 3646 Peccatores
2435 3591 2599 3644 salvos
2626 3589 2810 3657 facere.
2843 3586 2978 3653 Quid
3001 3585 3092 3640 tu?
3126 3585 3352 3653 Quorum
3383 3583 3575 3653 primas
3601 3597 3692 3652 ego

2113 3698 2244 3736 sum.
2272 3681 2373 3748 Qui
2416 3680 2560 3746 dicit,
2589 3678 2670 3733 vel
2713 3676 2829 3732 Non
2874 3692 2990 3731 sum
3021 3683 3270 3745 peccator
3290 3715 3306 3740 ,
3336 3675 3422 3728 vel
3442 3673 3558 3728 Non
3583 3670 3687 3738 lui,

2115 3774 2351 3842 ingratus
2396 3780 2479 3826 est
2505 3770 2788 3826 salvatori.
2827 3768 3015 3824 Nullus
3052 3767 3325 3823 hominum
3352 3766 3405 3820 in
3444 3765 3542 3818 ista
3571 3779 3690 3834 quin

2115 3881 2182 3921 ex
2203 3865 2372 3921 Adam
2403 3864 2584 3920 delluit
2607 3870 2781 3918 massa
2807 3861 3132 3928 mortalium,
3163 3859 3338 3913 nullus
3367 3857 3584 3914 omnino
3603 3855 3691 3911 ho-

2115 3957 2320 4012 minum
2348 3970 2454 4010 non
2485 3962 2751 4025 aegrotus,
2781 3953 2956 4008 nullus
2977 3951 3095 4006 sine
3114 3950 3286 4022 gratia
3315 3947 3509 4005 Christi
3535 3961 3692 4002 sana-

2117 4059 2220 4105 tus.
2251 4048 2388 4115 Quid
2423 4047 2491 4102 de
2529 4046 2761 4117 parvulis
2799 4045 2977 4116 pueris
3004 4045 3044 4108 ι,
3072 4043 3116 4098 si
3153 4058 3218 4098 ex
3266 4039 3434 4097 Adam
3472 4037 3695 4117 egroti?

2113 4141 2245 4197 Nam
2273 4149 2326 4196 et
2347 4141 2444 4211 imi
2471 4115 2751 4210 portantur
2773 4115 2840 4192 aa
2868 4135 3163 4191 scelestam
3187 4152 3202 4189 ε
3230 4133 3350 4189 etsi
3377 4115 3596 4202 pedibus
3625 4131 3694 4185 u-

2115 4236 2201 4290 luc
2229 4241 2442 4290 currere
2481 4248 2585 4287 non
2611 4239 2865 4302 possunt,
2888 4228 3077 4284 alienis
3109 4227 3330 4298 pedibus
3356 4232 3576 4280 currunt
3593 4264 3609 4290 ,
3638 4231 3695 4278 ut

2113 4337 2387 4382 satientur.
2432 4323 2814 4381 Aeeemmodat
2849 4321 2954 4377 illis
2995 4328 3166 4375 mater
3195 4318 3431 4374 Ecclesia
3468 4316 3690 4372 aliorum

2115 4418 2279 4489 pedes
2303 4425 2358 4472 ut
2385 4416 2617 4479 veniant,
2642 4415 2864 4469 alierum
2890 4427 2985 4467 eor
3003 4419 3061 4466 ut
3084 4409 3319 4476 credant,
3347 4408 3571 4464 alierum
3599 4408 3693 4460 lin-

2115 4525 2270 4582 guam
2299 4520 2359 4565 ut
2385 4509 2652 4565 fateantur
2682 4509 2777 4563 :ul
2801 4507 3052 4577 quoniam
3089 4503 3230 4575 quod
3267 4504 3394 4574 agri
3439 4508 3563 4557 sunt
3587 4499 3692 4554 alio

2116 4612 2372 4675 peccante
2425 4600 2853 4673 praegravantur,
2879 4599 2960 4654 sic
2986 4600 3106 4652 eum
3147 4597 3202 4650 hi
3227 4597 3344 4652 sani
3375 4595 3563 4659 sunt',
3587 4593 3693 4649 alio

2115 4709 2215 4767 pro
2241 4697 2321 4752 eis
2341 4696 2626 4751 conﬁtente
2650 4697 2940 4750 salvantur.
2964 4692 3133 4747 Nemo
3169 4704 3296 4760 ergo
3323 4688 3472 4743 vobis
3501 4697 3692 4742 susur-

2115 4797 2199 4845 ret
2240 4784 2508 4844 doctrinas
2552 4783 2772 4842 alienas.
2798 4783 2911 4841 [loc
2956 4783 3193 4840 Ecclesia
3229 4793 3444 4849 semper
3483 4776 3688 4842 habuit,

2114 4889 2329 4952 semper
2355 4883 2520 4936 tenuit
2546 4899 2559 4933 :
2591 4880 2692 4934 hoc
2720 4891 2750 4932 a
2781 4878 3037 4948 majorum
3062 4875 3164 4929 fide
3189 4872 3460 4942 percepit;
3487 4869 3591 4924 hoc
3613 4884 3693 4924 us-

2116 4977 2220 5045 que
2249 4975 2302 5028 in
2331 4976 2488 5028 linem
2512 4973 2916 5042 perseveranter
2934 4966 3178 5024 custodit.
3200 4964 3464 5034 Quoniam
3481 4977 3589 5018 non
3610 4972 3693 5018 est

2116 5072 2250 5136 opus
2277 5066 2420 5120 sanis
2446 5064 2702 5129 medicus,
2729 5062 2824 5119 sed
2849 5059 3244 5132 aegrotantibus.
3277 5057 3414 5126 Quid
3439 5069 3688 5111 necessa-

2117 5173 2256 5213 rium
2284 5165 2411 5227 ergo
2444 5157 2630 5212 habuit
2669 5155 2843 5210 infans
2877 5152 3169 5219 Christum,
3213 5151 3257 5206 sl
3284 5165 3390 5205 non
3428 5151 3692 5220 aegrotat?

2115 5249 2174 5307 Si
2195 5264 2355 5305 sanus
2373 5255 2472 5317 est,
2501 5253 2664 5318 quare
2692 5257 2786 5317 per
2809 5259 2903 5301 eos
2922 5245 3013 5314 qui
3032 5257 3152 5300 eum
3168 5242 3410 5312 diligunt,
3423 5240 3693 5297 medicum

2117 5346 2343 5417 qumrlt?
2369 5344 2425 5400 Si
2467 5343 2676 5414 quando
2704 5347 2978 5410 portantur
3013 5337 3239 5392 infantes
3258 5378 3272 5403 ,
3300 5337 3549 5391 dicuntur
3573 5349 3693 5390 om-

2118 5443 2244 5496 nino
2271 5440 2472 5495 nullum
2499 5435 2801 5508 propaginis
2837 5431 3033 5488 habere
3059 5435 3329 5500 peccatum
3349 5471 3365 5496 ,
3395 5426 3450 5483 et
3476 5427 3693 5482 veniunt

2117 5535 2184 5591 ad
2207 5531 2476 5591 Christum
2503 5547 2518 5596 ;
2548 5537 2711 5599 quare
2759 5533 2862 5581 non
2893 5526 2970 5580 eis
3004 5525 3196 5579 dicitur
3225 5524 3276 5577 in
3326 5521 3560 5578 Ecclesia
3600 5521 3689 5590 qui

2183 5674 2198 5705 ί
2219 5675 2377 5726 Forte,
2402 5665 2524 5728 Quid
2549 5663 2607 5714 de
2628 5661 2840 5728 parientis
2859 5645 3054 5728 quieris.

2182 5737 2202 5767 ²
2225 5741 2326 5788 ΛΠ).
2348 5721 2428 5778 Er;
2443 5735 2496 5778 et
2516 5721 2642 5789 Mss,
2664 5723 2866 5789 cunt/lic
2890 5721 2994 5789 siuti
3014 5727 3163 5789 sunt...
3273 5783 3277 5789 _
3350 5780 3362 5789 _
3393 5785 3408 5789 _
3428 5766 3473 5789 LI.

2185 5775 2561 5857 (a)-sermonem
2580 5775 2709 5839 hunc
2727 5775 2873 5837 citant
2891 5781 3013 5838 Beda
3045 5787 3096 5836 et
3120 5777 3282 5834 Florus
3305 5780 3365 5833 ad
3392 5775 3545 5830 l’l‘im.
3567 5791 3602 5830 r.
