3996 6462
684 309 728 333 τ.

369 369 470 429 951

370 503 468 546 eos
493 495 794 560 apportant,
822 484 1041 543 Auferte
1061 483 1186 540 hinc
1211 484 1522 540 innocentes
1545 480 1676 538 istos
1699 497 1713 536 :
1738 469 1957 535 nonest

371 598 508 654 opus
533 581 677 637 sanis
705 579 974 647 medicus,
997 579 1090 635 sed
1129 577 1269 634 male
1295 575 1650 640 habentibus;
1680 587 1789 628 non
1812 570 1958 626 venit

373 672 616 728 Christus
633 687 826 727 vocare
847 671 1050 742 jnstos,
1078 669 1172 727 sed
1194 677 1501 740 peccatores
1528 665 1738 739 (Matth.
1761 680 1836 731 ix,
1865 661 1952 730 l2,

372 763 463 833 15)
483 763 507 815 ?
531 763 808 834 Nunquam
848 762 1046 818 dictum
1091 771 1210 818 est:
1237 760 1332 818 sed
1360 775 1461 817 nec
1485 757 1769 830 aliquando
1807 755 1954 812 dice-

372 862 478 911 tur.
501 854 736 924 Quisque
761 869 888 925 ergo
921 853 1063 924 quod
1087 861 1304 924 potest,
1325 851 1518 908 fratres
1541 893 1558 918 ,
1587 850 1832 920 loquatur
1857 859 1958 918 pro

372 961 439 1000 eo
465 945 556 1016 qui
583 946 727 1016 loqui
753 961 851 1016 pro
870 961 928 1002 se
954 960 1062 1000 non
1091 952 1288 1015 potest.
1328 944 1434 1000 Pro
1459 956 1654 1012 magno
1679 953 1956 996 commen-

375 1039 572 1092 dantur
586 1039 851 1108 episcopis
871 1037 1187 1108 patrimonia
1210 1035 1552 1108 pupillorum,
1571 1039 1769 1103 quanto
1792 1029 1958 1100 magis

374 1131 542 1199 gratia
592 1130 968 1201 parvulorum?
993 1129 1260 1200 Pupillum
1305 1136 1482 1184 tuetur
1525 1125 1844 1196 episcopus,
1890 1137 1960 1178 ne

373 1224 601 1279 mortuis
628 1224 937 1294 parentibus
962 1224 1030 1279 ab
1052 1222 1320 1278 extraneis
1359 1220 1706 1292 opprimatur.
1750 1217 1962 1272 Clamet

376 1315 498 1384 plus
528 1332 625 1386 pro
651 1316 892 1386 parvulo,
923 1316 1008 1372 cui
1053 1315 1204 1370 timet
1248 1329 1315 1369 ne
1346 1329 1374 1367 a
1402 1311 1710 1382 parentibus
1752 1308 1961 1364 occida-

375 1407 571 1463 datur:
595 1408 789 1462 clamet
830 1423 951 1462 cum
994 1406 1282 1477 Apostolo,
1309 1403 1506 1460 Fidelis
1542 1419 1704 1458 sermo
1741 1410 1787 1456 et
1824 1401 1962 1455 omni

376 1502 666 1572 acceptione
680 1502 885 1572 dignus,
908 1501 1028 1572 quia
1046 1499 1276 1557 Christus
1295 1498 1327 1554 .I
1333 1516 1450 1554 esus
1467 1498 1600 1552 venit
1616 1498 1670 1551 in
1693 1496 1958 1563 mundum,

376 1596 576 1650 nullam
603 1595 758 1649 aliam
785 1595 855 1650 ob
876 1609 1112 1661 causam,
1142 1594 1245 1648 nisi
1272 1601 1554 1665 peccatores
1579 1591 1746 1646 salvos
1774 1595 1958 1660 facere.

375 1683 478 1752 Qui
503 1686 648 1740 venit
667 1685 733 1741 ad
753 1685 1047 1753 Christum,
1071 1685 1232 1741 habet
1256 1684 1399 1755 quod
1423 1685 1478 1738 in
1503 1699 1568 1740 eo
1588 1693 1804 1739 sanetur
1831 1701 1844 1736 :
1873 1682 1963 1753 qui

375 1790 486 1829 non
529 1775 726 1842 habet,
767 1792 873 1831 non
908 1787 997 1834 est
1026 1791 1185 1832 causa
1227 1790 1391 1846 quare
1437 1774 1642 1831 medico
1690 1773 1958 1830 oﬁ‘eratur.

376 1865 590 1936 Eligant
622 1875 870 1936 parentes
906 1881 1071 1921 unum
1104 1866 1171 1922 de
1201 1865 1442 1921 duobus:
1472 1873 1563 1919 aut
1609 1864 1965 1920 conﬁteantur

375 1955 431 2011 in
463 1958 697 2025 parvulis
717 1958 827 2013 suis
855 1957 1030 2013 sanari
1058 1966 1332 2028 peccatum
1355 1999 1370 2023 ,
1395 1965 1487 2011 aut
1513 1970 1608 2011 eos
1647 1955 1857 2010 medico
1882 1954 1965 2010 of-

377 2051 520 2104 lierre
536 2049 796 2106 desinant.
819 2051 929 2107 Hoc
946 2052 1076 2106 nihil
1089 2051 1322 2108 estaliud
1332 2065 1488 2121 quam
1500 2051 1636 2105 velle
1647 2050 1854 2106 medico
1877 2065 1964 2106 sa-

378 2155 504 2194 num
522 2142 732 2198 oﬁ‘erre.
766 2143 904 2210 Quid
920 2143 1104 2199 otl'ers?
1124 2143 1521 2213 Baptizandum.
1542 2143 1711 2211 Quem
1731 2143 1755 2197 ?
1788 2143 1966 2198 lnt‘an-

378 2243 506 2290 tem.
522 2234 620 2290 Cui
642 2235 801 2290 oﬁ'ers
815 2235 1085 2291 ?Christo.
1114 2235 1178 2290 Ei
1195 2244 1341 2292 certe
1360 2236 1449 2306 qui
1468 2235 1597 2290 venit
1610 2236 1664 2290 in
1685 2235 1968 2291 mundum?

378 2325 480 2396 ita,
512 2329 700 2400 inquit.
733 2329 908 2398 Quare
933 2329 1079 2384 venit
1118 2330 1174 2384 in
1210 2329 1501 2384 mundum?
1526 2328 1826 2383 Peccatores
1857 2330 1966 2383 sal-

377 2438 466 2476 tos
492 2427 678 2494 facere.
719 2423 860 2494 Ergo
899 2439 1058 2493 quem
1095 2423 1289 2490 alters,
1318 2422 1481 2478 habet
1507 2422 1649 2494 quod
1671 2422 1723 2478 in
1744 2423 1840 2478 illo
1862 2421 1970 2478 sal-

379 2526 503 2564 vum
550 2512 678 2566 ﬁat?
703 2512 756 2568 Si
799 2512 1036 2580 dixeris,
1066 2512 1263 2578 Habet;
1303 2513 1605 2569 conﬁtendo
1655 2512 1804 2570 deles
1851 2530 1863 2568 :
1896 2512 1968 2568 'si

379 2602 598 2664 dixeris,
624 2603 740 2658 Non
766 2603 961 2670 habet;
986 2605 1228 2675 negando
1252 2613 1425 2660 tenes.

449 2695 677 2751 CAPUT
690 2696 853 2751 lll.-——
863 2697 916 2752 5.
938 2696 1136 2753 Paulus
1154 2698 1404 2767 quomodo
1420 2707 1736 2770 peccatorum
1751 2699 1965 2769 primus.

378 2815 451 2828 —
477 2785 794 2852 Peccatores,
850 2788 1052 2858 inquit,
1108 2789 1272 2843 salvos
1307 2793 1474 2860 facere
1498 2831 1512 2856 ,
1539 2806 1754 2860 quorum
1779 2789 1970 2860 primus

381 2895 473 2948 ego
497 2896 629 2934 sum.
675 2881 812 2934 Ante
850 2880 1074 2934 Paulum
1103 2895 1209 2936 non
1249 2889 1403 2936 erant
1443 2881 1786 2950 peccatores?
1812 2879 1971 2936 Certe

378 2970 465 3024 vel
487 2970 599 3038 ipse
626 2970 793 3025 Adam
815 2979 937 3027 ante
957 2986 1165 3038 omnes,
1187 2978 1242 3026 et
1263 2971 1416 3040 plena
1443 2973 1809 3041 peccatoribus
1829 2981 1971 3028 terra

384 3060 559 3116 deleta
584 3062 804 3129 diluvio,
845 3071 900 3118 et
932 3062 1186 3133 deinceps
1213 3079 1372 3134 quam
1403 3063 1577 3118 multi.
1605 3063 1758 3120 Unde
1784 3080 1971 3120 verum

380 3161 484 3220 est,
519 3169 606 3224 ego
631 3155 824 3224 primus
851 3155 999 3208 sum?
1027 3154 1264 3209 Primum
1303 3168 1362 3209 se
1390 3152 1554 3218 dixit,
1587 3169 1694 3212 non
1719 3165 1969 3224 peccato-

381 3262 502 3302 rum
531 3246 740 3313 ordine,
768 3246 862 3301 sed
892 3247 1089 3316 peccati
1132 3247 1512 3318 magnitudine.
1550 3246 1969 3318 Magnitudinem

381 3339 588 3410 peccati
625 3339 706 3393 sui
734 3337 988 3404 attendit,
1012 3337 1154 3393 unde
1192 3353 1252 3394 se
1299 3338 1526 3408 primum
1552 3337 1684 3393 dixit
1721 3349 1972 3408 peccato-

381 3446 536 3498 rum;
559 3429 827 3502 quomodo
845 3429 1094 3486 dicuntur
1116 3429 1256 3485 inter
1278 3429 1585 3496 advocatos,
1607 3430 1755 3486 verbi
1774 3432 1969 3502 gratia,

381 3522 541 3593 primi
574 3540 589 3578 :
621 3521 825 3592 primus
847 3530 928 3577 est
949 3521 1068 3590 iste,
1100 3535 1206 3576 non
1235 3521 1358 3592 quia
1386 3521 1568 3590 plures
1595 3536 1764 3576 annos
1785 3521 1968 3589 habet,

382 3630 451 3672 ex
492 3630 599 3687 quo
635 3629 824 3671 causas
859 3615 1001 3686 agit;
1029 3614 1122 3670 sed
1154 3615 1277 3684 quia
1315 3629 1381 3670 ex
1409 3629 1515 3684 quo
1541 3615 1723 3686 erepit,
1749 3623 1974 3672 caeteros

383 3707 673 3777 superavit.
705 3706 855 3760 Dicat
877 3720 1005 3777 ergo
1025 3705 1312 3775 Apostolus
1333 3705 1440 3760 alio
1460 3705 1582 3760 loco
1602 3705 1744 3761 unde
1771 3706 1974 3775 primus

383 3799 455 3852 sit
477 3807 852 3868 peccatorum:
885 3794 1018 3868 Ego,
1044 3794 1234 3866 inquit,
1265 3811 1379 3849 sum
1416 3794 1715 3849 novissimus
1752 3794 1972 3866 Aposto-

384 3891 551 3945 lorum
569 3930 585 3958 ,
616 3890 700 3962 qui
739 3904 840 3942 non
862 3904 974 3942 sum
1000 3887 1182 3958 dignus
1209 3886 1379 3941 vocari
1405 3887 1684 3956 apostolus,
1714 3887 1835 3958 quia
1859 3903 1976 3957 per-

383 3990 586 4035 secutus
610 3996 719 4034 sum
747 3977 1030 4033 Ecclesium
1056 3976 1154 4031 Dei
1183 3976 1228 4045 (1
1245 3975 1367 4032 Cor.
1391 3993 1478 4044 xv,
1505 3976 1586 4048 9).
1617 3976 1785 4033 Nemo
1800 3979 1974 4034 acrior

386 4070 531 4126 inter
570 4077 946 4140 persecutores
966 4085 982 4123 :
1002 4082 1132 4138 ergo
1147 4082 1306 4122 nemo
1329 4067 1473 4137 prior
1487 4067 1627 4124 inter
1642 4077 1969 4139 peccatores.

457 4160 681 4218 CAPUT
718 4159 806 4216 IV.
831 4190 904 4200 —
927 4161 982 4215 4.
1007 4157 1076 4214 In
1096 4157 1255 4213 Pauli
1277 4155 1534 4213 curatione
1560 4176 1674 4230 spes
1692 4159 1872 4214 salutis
1896 4161 1976 4214 al-

387 4255 494 4310 .‘ata
522 4250 1006 4324 desperatis.—Sed
1041 4248 1460 4316 misericordiam,
1481 4250 1667 4321 inquit,
1681 4262 1973 4307 consecutus

385 4361 531 4400 sum.
549 4343 619 4398 Et
645 4358 810 4414 quare
839 4342 909 4397 sit
928 4340 1350 4398 misericordiam
1377 4351 1694 4398 consecutus
1713 4385 1728 4412 ,
1757 4345 1974 4414 exponit

385 4450 604 4492 causam
627 4452 642 4490 :
668 4433 737 4490 Ut
762 4433 816 4487 in
851 4449 963 4499 me,
1005 4432 1206 4503 inquit,
1252 4431 1534 4487 ostenderet
1562 4431 1791 4490 Christus
1821 4433 1974 4491 Iesus

387 4543 587 4583 onmem
622 4524 1080 4596 longanimitatem,
1123 4523 1192 4577 ad
1222 4523 1629 4594 informationem
1675 4542 1846 4580 eorum
1886 4528 1974 4596 qui

388 4619 631 4675 credituri
651 4625 769 4672 sunt
792 4616 869 4670 illi
906 4617 960 4669 in
985 4615 1142 4670 vitam
1168 4625 1429 4670 aeternam.
1461 4614 1736 4685 Christus,
1767 4618 1969 4689 inquit,

388 4711 607 4765 daturus
648 4707 857 4764 veniam
902 4705 1174 4762 conversis
1213 4705 1282 4761 ad
1310 4721 1370 4762 se
1394 4707 1762 4777 peccatoribus
1801 4724 1970 4780 usque

388 4803 455 4858 ad
478 4803 720 4857 inimicos
740 4814 883 4865 suos,
903 4813 990 4854 me
1011 4798 1185 4869 primo
1202 4798 1362 4869 elegit
1379 4798 1643 4856 acriorem
1668 4800 1970 4869 inimicum;

355 4871 360 4877 ’
388 4907 548 4964 quem
575 4907 698 4948 cum
733 4898 978 4955 sanaret,
1011 4904 1172 4946 nemo
1193 4889 1249 4944 in
1276 4890 1484 4946 caneris
1511 4889 1840 4961 desperaret.
1872 4892 1974 4948 Fa-

387 4984 540 5040 ciunt
583 4982 684 5037 hoc
726 4980 960 5036 medici:
992 4978 1206 5050 quando
1250 4979 1318 5034 ad
1363 4994 1427 5035 ea
1470 4980 1584 5036 loca
1628 4983 1849 5038 veniunt
1883 4983 1974 5040 ubi

387 5075 556 5146 ignoti
581 5081 724 5140 sunt,
751 5088 883 5143 quos
907 5079 1093 5127 curent
1120 5071 1364 5142 primitus
1400 5071 1602 5144 eligunt
1625 5073 1970 5146 desperatos;

388 5177 448 5224 ut
472 5167 524 5222 in
549 5167 627 5222 eis
654 5173 710 5222 et
731 5165 1157 5221 benevolentiam
1186 5172 1488 5230 exerceant,
1519 5174 1574 5222 et
1595 5167 1974 5225 commendent

387 5257 720 5322 doctrinam;
753 5263 810 5310 ut
827 5253 1192 5325 unusquisque
1220 5254 1272 5310 in
1299 5253 1390 5310 illo
1418 5254 1536 5310 loco
1562 5253 1705 5311 dicat
1729 5258 1974 5326 proximo

388 5364 506 5412 suo.
537 5349 684 5405 Vade
709 5347 774 5403 ad
803 5348 950 5403 illum
977 5346 1266 5414 medicum,
1291 5361 1513 5404 securus
1542 5355 1678 5415 esto,
1713 5357 1865 5404 sanat
1893 5359 1965 5406 te.

386 5443 457 5497 Et
478 5443 584 5507 ille,
617 5442 699 5496 Me
739 5441 927 5498 sanat?
952 5441 1068 5497 Non
1112 5441 1261 5498 vides
1297 5440 1424 5512 quid
1467 5441 1673 5511 patiar?
1697 5441 1811 5513 Ego
1848 5445 1972 5500 novi

388 5534 516 5604 quid
545 5534 716 5588 simile
743 5553 756 5589 :
783 5543 838 5589 tu
883 5534 1025 5606 quod
1065 5534 1258 5605 pateris
1280 5575 1294 5600 ,
1329 5542 1383 5590 et
1401 5548 1501 5606 ego
1528 5533 1743 5605 quidem
1785 5549 1973 5607 passus

391 5641 508 5684 sum
533 5627 573 5680 ί.
623 5625 713 5681 Sic
738 5626 868 5682 dicit
895 5626 1090 5682 Paulus
1132 5627 1418 5700 unicuique
1459 5636 1660 5700 aegroto
1681 5668 1697 5696 ,
1726 5637 1783 5684 et
1823 5627 1891 5684 de
1915 5643 1974 5687 se

384 5763 692 5880 ⁸ωζιῐτιοιιιιει,
718 5773 815 5831 Ego
847 5763 982 5826 novi,
1016 5764 1186 5830 inqidt,
1215 5765 1342 5831 quod
1369 5771 1576 5832 patens,
1609 5770 1658 5817 et
1684 5769 1771 5831 ego
1795 5779 1975 5831 passus

1603 360 1661 418 S.
1701 351 2065 417 AUGUSTINI
2100 353 2408 413 EPISCOPI

3038 277 3083 291 .-
3139 271 3144 276 '
3183 275 3238 288 '..L‘
3255 274 3425 288 -nnu-mrp-
3447 279 3457 286 .

3532 360 3646 418 953

2063 475 2260 532 volenti
2307 475 2628 546 desperare:
2659 473 2759 542 Qui
2795 473 3001 531 curavit
3037 489 3124 532 me
3146 516 3162 542 ,
3193 475 3339 532 misit
3359 492 3447 534 me
3470 479 3539 535 ad
3566 490 3644 550 te,

2062 575 2118 624 et
2146 567 2281 623 dixit
2323 567 2486 634 mihi,
2512 567 2592 623 llli
2638 568 2944 639 desperanti
2971 569 3125 635 vade,
3151 578 3207 626 et
3249 571 3335 628 dic
3373 572 3499 643 quid
3543 575 3644 631 ba-

2062 659 2244 727 buisti,
2275 660 2399 732 quid
2428 661 2480 715 in
2511 670 2564 716 te
2588 662 2765 717 sanavi
2785 704 2800 729 ,
2829 677 2986 732 quam
3027 663 3133 718 cito
3171 665 3372 719 sanavi.
3400 666 3477 722 De
3505 669 3648 724 caelo

2062 752 2266 817 vocavi,
2290 767 2393 807 una
2418 767 2548 808 voce
2572 754 2808 823 percussi
2834 763 2888 809 et
2910 754 3080 825 dejeci
3105 798 3120 817 ,
3150 756 3252 811 alia
3275 760 3422 813 erexi
3451 768 3507 815 et
3532 761 3649 816 ele-

2061 845 2136 917 gi,
2167 846 2319 902 tertia
2347 847 2560 918 implevi
2589 848 2796 916 etmisi,
2818 858 3003 920 quarta
3031 848 3247 906 liberavi
3267 861 3319 907 et
3349 856 3603 910 coronavi
3629 856 3648 887 ί

2065 936 2200 1011 (Act.
2227 936 2326 1012 ix).
2349 938 2518 1007 Vade,
2545 939 2630 994 dic
2659 941 2889 1011 :egrotis,
2920 941 3088 997 clama
3117 942 3413 1012 desperatis
3439 964 3452 1000 :
3481 944 3652 1001 Fide-

2065 1029 2129 1084 lis
2155 1046 2338 1097 sermo,
2371 1040 2420 1084 et
2441 1032 2579 1085 omni
2605 1034 2893 1103 acceptione
2912 1033 3124 1103 dignus,
3151 1036 3269 1104 quia
3295 1035 3524 1092 Christus
3550 1037 3651 1093 Je-

2064 1136 2151 1175 sus
2172 1122 2303 1176 venit
2326 1122 2380 1176 in
2401 1124 2644 1177 mundum
2668 1135 2950 1195 peccatores
2983 1125 3146 1181 salvos
3189 1130 3372 1198 facere.
3409 1130 3547 1196 Quid
3578 1132 3650 1184 ti-

2065 1213 2266 1269 metis?
2293 1214 2419 1284 quid
2449 1216 2757 1286 trepidatis‘l
2788 1217 3013 1284 Quorum
3041 1221 3232 1288 primus
3251 1237 3340 1291 ego
3353 1237 3483 1274 sum.
3511 1223 3650 1292 Ego,

2065 1307 2255 1377 inquit,
2281 1307 2433 1362 vobis
2467 1308 2685 1378 loquor,
2717 1323 2879 1364 sanus
2925 1311 3337 1380 aegrotantibus,
3371 1323 3520 1367 stans
3565 1313 3654 1382 ja-

2065 1398 2326 1466 centibus,
2371 1414 2592 1455 securus
2637 1399 3058 1471 desperantibus.
3105 1403 3233 1458 Ideo
3267 1405 3410 1460 enim
3451 1407 3656 1460 miseri-

2065 1491 2291 1545 cordiam
2326 1503 2618 1547 consecutus
2643 1511 2787 1562 sum,
2819 1506 2873 1548 ut
2901 1497 2954 1550 in
2995 1513 3076 1551 me
3115 1497 3393 1553 ostenderet
3422 1500 3656 1555 Christus

2065 1581 2217 1638 Iesus
2239 1599 2434 1638 omnem
2457 1585 2899 1657 longanimitatem.
2927 1589 3166 1644 Morbum
3206 1606 3381 1646 meum
3417 1592 3505 1646 diu
3529 1608 3656 1662 per-

2068 1674 2204 1741 tulit,
2236 1683 2290 1730 et
2307 1675 2384 1730 sic
2411 1675 2656 1744 abstulit;
2686 1688 2932 1750 tanquam
2955 1679 3124 1737 bonus
3151 1683 3389 1738 medicus
3415 1683 3656 1753 phrene-

2069 1767 2227 1821 ticum
2262 1768 2524 1838 patienter
2553 1770 2823 1839 toleravit,
2849 1774 3098 1828 sustinuit
3135 1790 3221 1830 me
3245 1775 3525 1831 ferientem
3554 1793 3615 1832 se
3637 1821 3654 1844 ,

2066 1858 2280 1914 donavit
2323 1861 2449 1915 mihi
2479 1861 2622 1917 feriri
2668 1879 2766 1934 pro
2795 1881 2873 1921 se.
2921 1865 3170 1934 Omnem,
3200 1868 3387 1938 inquit,
3419 1870 3660 1940 longani-

2067 1950 2290 2004 mitatem
2333 1953 2547 2006 ostendit
2587 1955 2638 2007 in
2687 1972 2783 2021 me,
2815 1957 2883 2009 ad
2920 1957 3323 2028 informationem
3356 1976 3536 2014 eorum
3566 1963 3662 2032 qui

2068 2043 2305 2097 credituri
2331 2052 2444 2098 sunt
2471 2044 2544 2098 illi
2572 2045 2624 2100 in
2650 2047 2802 2102 vitam
2825 2058 3083 2105 aeternam.

2139 2133 2362 2191 CAPUT
2404 2136 2466 2189 ν.
2497 2168 2567 2176 -
2593 2139 2646 2193 5.
2684 2139 2840 2194 Salus
2867 2150 3040 2196 nostra
3066 2159 3130 2196 ea:
3156 2141 3266 2198 Deo
3290 2185 3304 2208 ,
3335 2159 3434 2199 non
3462 2161 3526 2199 ex
3558 2162 3662 2200 no-

2070 2225 2164 2280 bis.
2211 2224 2400 2282 Gratia:
2443 2228 2702 2298 beneﬁcia.
2743 2230 3002 2303 Confessio
3041 2234 3248 2306 duplex.
3291 2235 3464 2293 Nolite
3501 2252 3659 2308 ergo,

2069 2315 2371 2387 desperare.
2405 2319 2611 2392 Egroti
2637 2324 2798 2390 estis,
2829 2325 3069 2384 accedite
3111 2329 3180 2385 ad
3203 2345 3325 2386 eum
3349 2373 3365 2398 ,
3397 2342 3452 2388 et
3491 2349 3664 2388 sana-

2071 2410 2199 2464 mini
2224 2429 2237 2464 :
2266 2409 2394 2466 caeci
2416 2413 2545 2468 estis
2572 2455 2586 2480 ,
2617 2416 2853 2473 accedite
2879 2417 2947 2473 ad
2981 2433 3102 2474 eum
3128 2462 3143 2485 ,
3171 2431 3225 2476 et
3262 2422 3660 2480 illuminamini.

2071 2502 2142 2559 Et
2169 2504 2261 2574 qui
2289 2506 2404 2560 sani
2429 2507 2580 2576 estis,
2599 2509 2687 2564 ‘ei
2707 2512 2903 2580 gratias
2931 2514 3070 2584 agite
3099 2532 3114 2568 :
3143 2523 3197 2570 et
3222 2517 3310 2586 qui
3345 2519 3614 2589 aegrotatis
3643 2561 3662 2585 ,

2071 2598 2139 2654 ad
2169 2615 2287 2655 eum
2313 2602 2534 2656 sanandi
2559 2604 2759 2659 currite
2787 2623 2802 2660 :
2833 2605 2996 2662 dicite
3025 2623 3232 2674 omnes,
3273 2608 3448 2665 Venite
3474 2611 3665 2664 adore-

2073 2707 2203 2758 mus,
2237 2702 2283 2746 et
2318 2703 2698 2764 prosternamur
2736 2697 2803 2764 ei,
2852 2707 2900 2751 et
2926 2698 3180 2767 ploremus
3224 2717 3394 2754 coram
3437 2701 3664 2758 Domino

2073 2783 2158 2852 qui
2187 2783 2304 2853 fecit
2346 2799 2437 2838 nos
2457 2826 2472 2852 ,
2500 2793 2552 2839 et
2577 2784 2853 2854 homines,
2877 2796 2932 2843 et
2967 2789 3161 2844 salvos.
3191 2790 3320 2845 Nam
3350 2792 3393 2846 si
3430 2793 3519 2848 ille
3559 2808 3666 2849 nos

2074 2873 2203 2930 fecit
2245 2876 2487 2934 homines
2511 2921 2525 2945 ,
2559 2894 2657 2934 nos
2697 2889 2874 2936 autem
2925 2883 3028 2952 ipsi
3055 2899 3152 2939 nos
3181 2883 3402 2942 fecimus
3446 2887 3662 2956 salvos;

2075 2965 2272 3037 aliquid
2309 2968 2398 3023 illo
2432 2971 2622 3026 melius
2660 2972 2900 3027 fecimus.
2943 2973 3128 3031 Melior
3158 2987 3242 3032 est
3284 2977 3425 3032 enim
3478 2979 3664 3034 salvus

2076 3055 2258 3125 homo,
2290 3073 2448 3129 quam
2479 3062 2702 3131 quilibet
2730 3063 2908 3118 homo.
2932 3064 2989 3120 Si
3018 3081 3147 3138 ergo
3167 3076 3220 3124 te
3245 3068 3390 3125 Deus
3406 3069 3531 3126 fecit
3557 3071 3665 3126 ho-

2075 3151 2294 3218 minem,
2323 3158 2378 3206 et
2403 3160 2458 3207 tu
2488 3161 2542 3208 te
2570 3153 2738 3210 iecisti
2765 3156 2961 3212 bonum
2989 3157 3296 3226 hominem;
3324 3161 3464 3232 quod
3494 3173 3550 3216 tu
3577 3162 3666 3219 fe-

2075 3241 2193 3297 cisti
2217 3241 2408 3298 melius
2431 3253 2530 3300 est.
2561 3245 2680 3301 Noli
2711 3250 3045 3306 teextollere
3065 3266 3224 3322 super
3252 3253 3420 3310 Deum
3445 3273 3458 3308 :
3487 3255 3664 3312 subde

2079 3342 2131 3390 te
2154 3333 2287 3401 Deo,
2317 3335 2503 3401 adora,
2537 3347 2896 3408 prosternere,
2916 3341 3174 3398 conﬁtere
3193 3343 3270 3398 illi
3297 3345 3385 3414 qui
3410 3345 3535 3401 fecit
3562 3357 3614 3402 te
3647 3365 3663 3401 :

2076 3430 2198 3500 quia
2225 3445 2384 3486 nemo
2413 3441 2654 3500 recreat,
2682 3435 2785 3489 nisi
2810 3436 2900 3506 qui
2930 3445 3106 3503 creat;
3134 3452 3294 3493 nemo
3321 3438 3492 3493 reﬁcit
3520 3481 3534 3504 ,
3559 3441 3668 3497 nisi

2075 3523 2167 3592 qui
2191 3521 2336 3579 fecit.
2369 3523 2481 3580 Hoc
2506 3533 2569 3591 et
2587 3526 2638 3579 iu
2661 3526 2765 3582 alio
2794 3529 2998 3597 psalmo
3026 3546 3038 3582 :
3070 3527 3193 3599 Ipse
3210 3531 3331 3603 fecit
3356 3548 3463 3598 nos,
3483 3543 3530 3586 et
3558 3551 3665 3588 non

2075 3614 2175 3686 ipsi
2197 3631 2289 3670 nos
2315 3615 2483 3686 (Psal.
2513 3631 2654 3682 xcrx,
2679 3618 2758 3688 5).
2787 3617 2925 3674 Sane
2951 3619 3164 3690 quando
3191 3631 3243 3677 te
3272 3621 3418 3691 fecit,
3443 3623 3567 3694 quid
3601 3634 3662 3678 tu

2076 3707 2280 3764 faceres
2305 3724 2411 3765 non
2432 3709 2667 3766 habebas
2693 3728 2707 3766 :
2733 3711 2948 3782 quando
2966 3722 3141 3770 autem
3166 3714 3278 3785 jam
3304 3729 3382 3782 es,
3415 3715 3582 3772 habes
3608 3727 3669 3773 et

2077 3811 2135 3857 tu
2178 3803 2292 3873 ipse
2331 3802 2472 3873 quod
2500 3803 2694 3870 facias;
2723 3803 2790 3858 ad
2831 3805 3096 3860 medicum
3139 3821 3347 3874 curras,
3391 3807 3663 3864 medicum

2078 3895 2349 3964 implores,
2375 3895 2464 3966 qui
2507 3895 2700 3966 ubique
2723 3904 2822 3952 est.
2861 3897 2926 3951 Et
2955 3906 3010 3952 ut
3035 3897 3383 3968 implorares,
3412 3899 3667 3955 excitavit

2077 4002 2173 4043 cor
2199 3997 2346 4043 tuum
2369 4030 2386 4056 ,
2417 3997 2472 4045 et
2514 4004 2670 4060 posse
2701 3990 2988 4060 implorare
3014 3991 3235 4048 donavit
3263 3994 3353 4050 tibi
3377 4011 3391 4060 ;
3425 3993 3564 4049 Deus
3589 4007 3664 4050 est

2077 4079 2227 4145 enim,
2259 4079 2445 4150 inquit,
2475 4080 2562 4148 qui
2585 4091 2821 4152 operatur
2846 4083 2901 4137 in
2934 4084 3070 4138 vobis
3091 4094 3141 4140 et
3166 4086 3290 4141 velle
3308 4128 3323 4152 ,
3352 4096 3399 4141 et
3418 4090 3623 4157 operari
3643 4131 3661 4156 ,

2078 4189 2170 4244 pro
2199 4172 2326 4226 bona
2353 4173 2608 4228 voluntate
2639 4173 2898 4246 (Philipp.
2944 4191 3002 4237 ιι.
3035 4177 3144 4247 15).
3189 4177 3322 4247 Quia
3351 4187 3410 4234 ut
3433 4179 3666 4235 haberes

2077 4261 2272 4317 bonam
2313 4262 2655 4329 voluntatem,
2704 4264 2845 4319 illius
2877 4268 3084 4322 vocatio
3123 4268 3412 4337 praecessit.
3455 4267 3664 4336 Clama,

2078 4353 2215 4410 Deus
2238 4370 2400 4423 meus,
2427 4357 2771 4411 misericordia
2794 4358 2902 4428 ejus
2921 4360 3185 4430 prteveniet
3214 4377 3292 4414 me
3311 4361 3484 4431 (Psal.
3507 4377 3662 4430 LVIII,

2080 4446 2189 4517 11).
2218 4445 2288 4502 Ut
2315 4460 2482 4512 esses,
2516 4458 2573 4502 ut
2600 4448 2847 4516 sentires,
2879 4459 2937 4504 ut
2963 4450 3195 4517 audires,
3225 4461 3284 4506 ut
3304 4453 3663 4521 consentires,

2077 4539 2335 4609 praevenit
2366 4549 2416 4596 te
2457 4539 2820 4595 misericordia
2854 4541 2990 4612 ejus.
3018 4543 3281 4600 Praavenit
3310 4552 3361 4600 te
3401 4545 3455 4599 in
3480 4547 3660 4600 omni-

2078 4629 2216 4685 bus:
2250 4630 2481 4699 pneveni
2515 4639 2570 4686 et
2598 4638 2656 4684 tu
2681 4631 2733 4685 in
2771 4631 2950 4702 aliquo
2974 4633 3109 4687 iram
3149 4632 3286 4704 ejus.
3312 4633 3370 4689 In
3393 4651 3528 4706 quo,
3575 4637 3664 4690 in-

2076 4721 2194 4792 quis
2219 4761 2232 4786 ,
2263 4721 2315 4775 in
2359 4721 2510 4791 quo?
2538 4721 2808 4779 Conﬁtere
2851 4723 2950 4778 ista
2985 4725 3164 4780 omnia
3185 4741 3217 4779 a
3245 4727 3356 4782 Deo
3382 4735 3433 4782 te
3465 4727 3665 4784 habere

2078 4816 2330 4888 quidquid
2349 4816 2472 4872 boni
2507 4816 2692 4886 habes,
2717 4833 2750 4873 a
2779 4826 2830 4874 te
2853 4817 3106 4889 quidquid
3138 4819 3285 4874 mali.
3314 4819 3392 4876 Ne
3412 4821 3464 4876 in
3504 4822 3664 4879 bonis

2078 4910 2184 4966 tuis
2203 4909 2353 4965 illum
2373 4921 2682 4965 contemnas
2701 4953 2716 4977 ,
2746 4919 2800 4966 te
2831 4909 3046 4976 laudes;
3086 4926 3156 4966 ne
3193 4911 3246 4965 in
3271 4911 3424 4967 malis
3460 4913 3564 4967 tuis
3593 4914 3628 4967 il

2077 5003 2187 5059 lum
2211 5018 2449 5069 accuses,
2473 5013 2524 5060 te
2561 5019 2782 5059 excuses
2811 5021 2826 5058 :
2857 5003 2972 5074 ipsa
2998 5012 3082 5059 est
3101 5018 3224 5059 vera
3247 5004 3532 5060 confessio.
3561 5005 3655 5060 Ille

2077 5095 2169 5167 qui
2197 5096 2250 5151 in
2281 5097 2441 5152 tantis
2467 5096 2621 5152 bonis
2647 5097 2903 5168 praevenit
2928 5105 3000 5162 te,
3027 5105 3284 5152 venturus
3310 5106 3392 5152 est
3409 5097 3475 5151 ad
3502 5108 3576 5164 te,
3604 5107 3661 5152 et

2077 5187 2415 5257 inspecturus
2459 5187 2598 5242 dona
2641 5203 2734 5244 sua
2772 5199 2828 5244 et
2868 5188 3007 5242 mala
3049 5195 3175 5254 tua;
3207 5187 3476 5259 quomodo
3513 5189 3662 5244 bono

2075 5281 2192 5353 ejus
2234 5297 2362 5338 usus
2399 5281 2596 5348 fueris,
2626 5281 2840 5354 inspicit
2871 5291 2943 5339 te.
2981 5282 3122 5353 Ergo
3167 5282 3290 5353 quia
3325 5283 3377 5336 in
3410 5282 3661 5337 omnibus

2077 5375 2194 5432 istis
2232 5374 2388 5430 donis
2415 5373 2672 5445 praevenit
2698 5383 2782 5440 te,
2817 5373 2934 5429 vide
2955 5373 3008 5429 in
3033 5386 3140 5444 quo
3168 5381 3224 5427 tu
3267 5373 3556 5443 pmvenias
3581 5373 3662 5428 fa-

2077 5469 2215 5524 ciem
2257 5466 2502 5524 venturi:
2544 5466 2667 5522 audi
2706 5465 2997 5533 Psalmum,
3051 5464 3428 5522 Prteveniamus
3475 5465 3662 5536 faciem

2077 5561 2187 5632 ejus
2203 5560 2254 5615 in
2276 5559 2604 5630 confessione.
2626 5557 3000 5613 Prwueniamus
3021 5557 3200 5628 faciem
3215 5557 3354 5627 ejus:
3371 5565 3660 5626 antequam

2141 5709 2158 5740 ί
2179 5706 2323 5771 Beda,
2340 5711 2502 5771 postea
2520 5703 2658 5771 erexi
2678 5713 2724 5756 et
2739 5703 2876 5771 elegi,
2903 5704 3044 5757 tertio
3059 5703 3251 5770 amiciti
3269 5707 3316 5756 et
3333 5700 3662 5768 mist,‘quarto

2079 5767 2275 5823 liberavi
2289 5775 2334 5819 et
2342 5767 2589 5819 coronaei.

2141 5835 2161 5866 ³
2181 5829 2398 5882 nonnulli
2419 5833 2627 5884 codices.
2652 5831 2806 5884 sanati
2820 5831 2948 5883 estis.
