4108 6336
355 409 462 468 953

356 525 551 591 veniat,
589 520 935 593 propitietur;
964 525 1247 588 antequam
1272 514 1411 570 adsit
1430 555 1443 578 ,
1474 511 1734 582 placetur.
1763 508 1944 562 llabes

356 621 500 677 enim
527 617 854 673 sacerdotem
873 631 969 685 per
980 627 1136 685 quem
1162 611 1333 682 possis
1353 609 1563 680 placare
1581 606 1751 664 Deum
1769 612 1940 668 tuum,

282 762 288 766 .
356 723 411 770 et
436 712 549 783 ipse
570 726 692 767 cum
721 710 877 764 Patre
915 709 1054 762 Deus
1082 704 1250 761 estad
1280 712 1330 758 te
1349 745 1364 770 ,
1392 702 1482 774 qui
1513 701 1672 756 homo
1713 709 1798 755 est
1819 712 1944 768 pro-

357 818 474 880 pter
513 817 584 863 te.
626 803 701 858 lta
722 799 974 874 jubilahis
1001 801 1053 855 in
1097 798 1352 863 Psalmis,
1377 795 1706 867 praeveniens
1755 792 1942 847 faciem

357 904 473 975 ejus
499 902 554 956 in
584 897 941 955 confessione.
981 895 1156 951 Jubila
1198 895 1252 948 in
1293 891 1507 948 Psalmo
1551 908 1564 943 :
1609 888 1942 960 praeveniens

355 995 548 1050 faciem
587 993 704 1061 ejus
744 991 797 1044 in
840 987 1212 1053 confessione,
1258 999 1450 1040 accusa
1495 991 1580 1048 te;
1609 981 1842 1052 jnbilans
1887 979 1942 1034 in

354 1087 588 1151 Psalmo,
621 1083 772 1138 lauda
803 1081 968 1136 illum.
1003 1076 1314 1142 Accusando
1338 1085 1388 1131 te
1410 1117 1426 1142 ,
1452 1084 1504 1130 et
1531 1072 1793 1130 laudando
1817 1086 1941 1126 eum

355 1180 443 1252 qui
467 1179 591 1234 fecit
616 1185 698 1241 te;
729 1173 905 1229 veniet
932 1171 1022 1243 qui
1058 1179 1297 1225 mortuus
1332 1176 1414 1223 est
1442 1181 1537 1236 pro
1566 1173 1618 1220 te
1641 1206 1655 1230 ,
1687 1173 1741 1218 et
1769 1161 1942 1217 vivifi-

351 1273 494 1331 cabit
525 1280 594 1330 te.

425 1359 650 1415 CAPUT
691 1356 778 1411 VI.
796 1387 866 1395 —-
892 1356 943 1410 6.
967 1353 1212 1408 Doctrina
1240 1352 1380 1405 varia
1404 1359 1449 1404 et
1476 1351 1764 1404 inconstans
1802 1347 1942 1416 lepra

355 1452 551 1508 utentis.
575 1450 928 1512 Hoc-tenete,
971 1445 1024 1498 in
1055 1443 1155 1498 hoc
1193 1442 1481 1514 persistitc.
1522 1441 1690 1495 Nemo
1734 1438 1937 1503 variet,

354 1560 513 1601 nemo
539 1543 784 1612 leprosus
808 1538 894 1594 sit.
935 1536 1187 1591 Doctrina
1230 1535 1568 1596 inconstans,
1609 1547 1713 1585 non
1741 1529 1941 1584 habens

353 1653 517 1694 unum
568 1634 834 1699 colorem,
883 1629 1076 1684 mentis
1112 1629 1315 1698 lepraln
1357 1625 1659 1697 significat:
1689 1633 1742 1678 ct
1785 1623 1940 1676 istam

352 1730 595 1788 Christus
633 1725 873 1781 mundat.
920 1722 1081 1776 Forte
1110 1721 1161 1775 in
1202 1720 1380 1790 aliquo
1407 1717 1617 1771 variasti
1640 1757 1654 1779 ,
1679 1725 1732 1769 et
1765 1715 1942 1782 inspe-

353 1823 505 1888 xisti,
543 1831 596 1876 et
640 1820 693 1874 in
719 1816 908 1872 melius
952 1814 1273 1870 sententiam
1303 1809 1678 1873 eommutasti;
1721 1805 1939 1876 etquod

351 1913 556 1968 varium
587 1917 728 1974 erat,
776 1907 932 1962 unius
959 1904 1154 1960 coloris
1178 1901 1424 1958 effectum
1449 1909 1548 1955 est.
1578 1897 1693 1952 Noli
1724 1897 1813 1951 tibi
1844 1896 1938 1950 tri-

353 2006 547 2070 buere,
579 2018 646 2058 ne
687 2001 762 2056 sis
807 1999 946 2055 inter
986 2011 1176 2052 novem
1202 1996 1290 2065 qui
1317 1992 1516 2064 gratias
1559 2007 1666 2044 non
1693 1997 1935 2058 egerunt.

357 2098 503 2153 Unus
530 2095 638 2165 egit
687 2092 923 2164 gratias:
953 2086 1329 2144 cacteriJudtei
1383 2092 1536 2140 erant
1563 2100 1577 2137 :
1609 2082 1699 2137 ille
1747 2081 1938 2137 alieni-

352 2206 486 2263 gena
513 2196 628 2244 erat
647 2229 661 2252 ,
704 2193 890 2257 gentes
919 2181 1247 2252 alienigenas
1274 2176 1633 2248 significabat,
1682 2189 1938 2228 numerus

354 2283 444 2338 ille
487 2280 700 2334 Christo
745 2277 980 2332 decimas
1010 2274 1174 2328 dedit.
1228 2271 1308 2325 Illi
1363 2284 1489 2340 ergo
1513 2268 1768 2322 debemus
1797 2266 1938 2336 quod

353 2386 540 2428 sumus
561 2413 574 2438 ,
618 2369 758 2440 quod
797 2367 1056 2431 vivimus,
1086 2362 1228 2435 quod
1258 2361 1598 2430 intelligimus
1628 2374 1641 2410 :
1675 2357 1815 2428 quod
1836 2356 1937 2411 ho-

355 2465 529 2519 mines
555 2477 772 2526 sumus,
801 2458 944 2530 quod
974 2459 1109 2513 bene
1145 2455 1400 2516 viximus,
1431 2450 1570 2521 quod
1595 2459 1740 2504 recte
1776 2449 1936 2504 intel-

351 2555 578 2610 leximus
599 2594 611 2615 ,
639 2553 712 2607 illi
751 2551 1025 2606 debemus.
1057 2546 1309 2602 Nostrum
1344 2542 1504 2608 nihil,
1534 2542 1636 2595 nisi
1661 2548 1935 2610 peccatum

352 2648 493 2720 quod
527 2647 800 2701 habemus.
847 2643 981 2712 Quid
1028 2642 1168 2696 enim
1216 2639 1414 2704 babes,
1446 2635 1588 2707 quod
1631 2651 1738 2690 non
1780 2649 1934 2688 acce-

350 2744 474 2814 pisti
501 2741 546 2813 (Ι
572 2740 687 2796 Cor.
736 2753 824 2804 tv,
873 2735 965 2810 7)?
1015 2735 1120 2790 Vos
1175 2748 1330 2804 ergo,
1381 2729 1612 2785 maxime
1658 2727 1748 2797 qui
1790 2725 1936 2782 scitis

351 2837 480 2908 quid
543 2833 805 2897 audiatis,
846 2829 1140 2885 curandum
1167 2827 1186 2858 ¹
1235 2825 1304 2879 ab
1343 2821 1678 2894 azgritudine,
1707 2818 1937 2874 munda-

353 2939 463 2984 tum
493 2944 525 2983 a
549 2924 803 2981 varietate
849 2936 1059 2977 sursum
1111 2933 1204 2974 cor
1255 2915 1468 2998 ponite,
1511 2920 1566 2969 et
1604 2911 1713 2968 Deo
1740 2910 1935 2982 gratias

351 3030 509 3092 ἥμεθ’
786 3084 1015 3142 SERMO
1051 3079 1330 3139 CLXXVII
1367 3081 1386 3103 ί
1430 3077 1527 3149 (a).

351 3182 430 3237 De
446 3180 604 3236 verbis
629 3178 859 3249 Apostoli
880 3219 894 3241 ,
925 3174 1067 3230 Nihil
1091 3174 1144 3228 in
1172 3172 1314 3226 hunc
1341 3168 1597 3225 mundum
1620 3166 1895 3222 intulimus
1916 3206 1931 3233 ,

421 3274 515 3330 sed
551 3289 650 3328 nec
675 3270 887 3326 auferre
912 3265 1112 3338 aliquid
1144 3277 1455 3335 possumus,
1484 3269 1576 3315 etc.
1611 3259 1631 3312 1
1656 3257 1790 3314 Tim.
1814 3274 1929 3328 cap.

423 3385 507 3436 Vl,
551 3369 586 3437 y
611 3406 624 3419 .
653 3363 783 3419 7—19
812 3362 906 3436 (b).

419 3485 472 3538 1.
506 3480 729 3537 Avaritia
757 3475 917 3533 verbis
941 3475 1080 3546 apud
1129 3487 1299 3526 omnes
1338 3470 1642 3534 damnatur,
1700 3481 1800 3520 non
1850 3465 1934 3533 fa-

350 3575 461 3630 ctis.
506 3569 780 3627 Sermonis
840 3566 1009 3622 nostri
1055 3562 1383 3634 propositio,
1415 3559 1704 3630 apostolica
1752 3557 1931 3613 lectio.

347 3665 536 3730 Nihil,
585 3661 785 3731 inquit,
842 3657 1100 3712 intulimus
1149 3656 1204 3708 in
1233 3655 1367 3707 hunc
1402 3652 1678 3716 mundum,
1729 3647 1816 3704 sed
1846 3663 1935 3700 nec

348 3763 551 3830 auferre
616 3753 808 3825 aliquid
881 3766 1148 3820 possumus
1194 3765 1212 3802 :
1254 3748 1439 3801 victum
1493 3754 1541 3798 et
1599 3750 1936 3814 tegumentum

351 3850 618 3914 habentes,
673 3845 750 3899 his
788 3843 1004 3897 contenti
1028 3840 1202 3895 simus.
1249 3837 1389 3892 Nam
1416 3837 1502 3907 qui
1546 3835 1719 3889 volunt
1761 3833 1936 3886 divites

351 3941 462 4011 ﬁeri
481 3980 496 4004 ,
537 3937 764 3991 incidunt
810 3936 862 3988 in
891 3933 1214 3988 tentationem
1232 3939 1277 3984 et
1297 3929 1350 3982 in
1382 3929 1614 4000 laqueum
1639 3967 1653 3992 ,
1685 3933 1729 3980 et
1773 3924 1824 3978 in
1849 3923 1936 3977 de-

351 4033 537 4089 sideria
557 4030 714 4083 multa
740 4037 786 4081 et
811 4026 994 4090 noxia,
1038 4039 1150 4093 qua:
1183 4029 1410 4093 mergunt
1440 4019 1665 4073 homines
1682 4019 1735 4071 in
1776 4017 1936 4069 inter-

351 4127 478 4180 itum
515 4133 562 4176 et
593 4119 942 4192 perditionem.
980 4115 1151 4171 Radix
1179 4114 1312 4168 enim
1336 4120 1411 4167 est
1439 4111 1662 4165 omnium
1687 4109 1937 4162 malorum

352 4213 564 4270 avaritia
613 4229 630 4266 :
676 4226 826 4281 quam
869 4207 1073 4276 quidam
1097 4213 1382 4276 appetentes
1402 4245 1416 4270 ,
1449 4218 1481 4255 a
1509 4201 1611 4270 [ide
1649 4215 1935 4270 pererrave-

352 4317 500 4373 runt,
532 4315 578 4359 et
604 4307 920 4358 inseruerunt
943 4316 997 4354 se
1017 4298 1276 4352 doloribus
1295 4295 1486 4350 multis.
1513 4293 1679 4363 Digna
1707 4307 1794 4346 res
1818 4306 1936 4361 quae

352 4403 585 4458 intentos
632 4411 726 4450 vos
756 4394 912 4449 faciat
956 4390 1022 4446 ad
1051 4388 1408 4454 audiendum,
1440 4393 1494 4441 et
1534 4399 1633 4440 nos
1661 4393 1938 4455 promptos

351 4491 418 4547 ad
461 4487 804 4560 loquendum.
839 4483 930 4538 His
974 4481 1151 4537 verbis
1196 4477 1538 4534 constituitur
1588 4484 1711 4530 ante
1754 4475 1937 4530 oculos

352 4593 565 4639 nostros
614 4578 834 4634 avaritia
863 4594 876 4629 :
908 4581 1190 4630 accusatur
1213 4574 1256 4640 ',
1303 4586 1408 4626 non
1436 4569 1776 4632 defendatur;
1829 4569 1937 4622 imo

352 4684 598 4733 accusata
647 4673 955 4732 damnetur,
1004 4683 1073 4722 ne
1097 4665 1348 4721 defensor
1375 4664 1490 4732 ejus
1525 4678 1646 4717 cum
1701 4662 1791 4716 illa
1839 4661 1936 4716 da-

350 4774 585 4826 mnetur.
605 4763 793 4818 Nescio
809 4776 912 4831 quo
933 4767 1108 4813 autem
1127 4757 1287 4812 modo
1308 4755 1360 4810 id
1379 4755 1486 4825 agit
1510 4753 1730 4808 avaritia
1749 4753 1935 4820 incor-

351 4860 508 4914 dibus
536 4856 809 4911 hominum
831 4894 844 4918 ,
873 4860 932 4907 ut
967 4864 1188 4916 omnes,
1221 4849 1305 4903 vel
1343 4857 1399 4902 ut
1439 4847 1615 4901 verius
1637 4854 1691 4900 et
1732 4846 1937 4900 cautius

351 4950 523 5004 dicam
545 4989 560 5016 ,
594 4961 727 5016 pene
746 4957 931 5000 omnes
959 4940 1136 4996 verbis
1173 4953 1291 4993 eam
1317 4937 1642 4992 constituant
1670 4950 1814 4990 ream
1840 4977 1855 5003 ,
1884 4944 1940 4991 et

351 5042 507 5098 factis
552 5040 716 5094 velint
759 5035 958 5090 habere
1003 5039 1325 5103 susceptam.
1381 5029 1641 5084 Dixerunt
1688 5028 1739 5082 in
1789 5027 1936 5082 illam

353 5135 506 5190 multi
549 5141 604 5189 et
650 5131 929 5196 multa,et
965 5141 1190 5196 magna,
1234 5132 1289 5180 et
1322 5123 1534 5194 gravia,
1583 5131 1637 5177 et
1682 5134 1834 5187 vera;
1883 5128 1937 5176 et

351 5235 524 5299 poeta:
551 5233 606 5280 et
637 5219 875 5277 historici
904 5227 958 5274 et
986 5225 1225 5274 oratores
1252 5224 1306 5271 et
1325 5212 1629 5285 philosophi
1648 5253 1662 5278 ,
1696 5219 1750 5268 et
1778 5226 1936 5267 omne

351 5320 652 5376 litterarum
679 5322 733 5370 et
771 5311 1164 5383 professionum
1189 5323 1358 5380 genus
1383 5307 1548 5362 multa
1573 5305 1704 5361 dixit
1728 5305 1780 5360 in
1807 5319 1934 5359 ava-

416 5458 431 5482 ι
460 5458 510 5498 tn
532 5449 819 5512 quibusdam
842 5445 994 5506 libris,
1019 5452 1254 5496 curatum.

414 5515 434 5544 ³
461 5519 589 5574 t.ov.,
614 5515 880 5560 accusetur.
944 5515 1000 5557 Μ.

415 5576 433 5592 ‘
461 5566 593 5622 [tunc
615 5584 892 5622 sermonem
906 5570 1094 5622 nonnisi
1108 5572 1158 5619 in
1184 5570 1328 5620 editis
1346 5568 1518 5618 videre
1539 5567 1678 5616 nobis
1699 5566 1848 5618 licuit.

419 5639 491 5696 (a)
533 5634 661 5684 Alias
697 5635 756 5683 10
795 5635 922 5682 inter
966 5632 1125 5684 editos
1148 5644 1216 5684 ex
1250 5631 1446 5693 majoris
1466 5630 1725 5680 Carthasim
1765 5644 1933 5680 manu-

353 5699 725 5820 sul‘gilfteminit
761 5757 1000 5820 Possidius
1027 5757 1077 5804 in
1103 5755 1332 5820 lndiculo,
1367 5767 1471 5817 cap.
1515 5755 1583 5820 8_;_
1617 5761 1668 5804 et
1691 5756 1808 5820 citat
1846 5757 1934 5805 ali-

354 5817 549 5892 quoties
591 5820 714 5870 Beda
750 5819 807 5892 a_d
830 5819 976 5866 l'rim.
1000 5835 1066 5892 r1,
1098 5819 1281 5892 scilicet
1315 5819 1366 5868 in
1390 5831 1505 5892 vera
1535 5817 1616 5868 illa
1650 5817 1934 5873 collectione

355 5879 508 5935 iusius
527 5895 640 5944 quat
663 5883 785 5941 apud
806 5894 892 5932 nos
916 5888 1092 5937 exstat.
1127 5881 1339 5933 nondum
1362 5879 1566 5938 vulgata,

1715 390 1945 451 SERMO
1981 388 2283 448 CLXXVII.

3523 397 3628 454 954

2052 504 2247 560 ritiam.
2271 505 2516 578 Magnum
2542 518 2622 565 est
2649 517 2824 566 autem
2847 524 2954 566 non
2983 509 3129 566 illam
3151 508 3349 564 habere
3365 549 3380 574 ,
3413 516 3468 563 et
3492 509 3630 562 mul-

2051 607 2106 654 to
2125 601 2242 671 plus
2281 611 2361 658 est
2387 619 2494 658 non
2523 620 2639 660 eam
2667 606 2862 662 habere
2881 649 2896 674 ,
2926 621 3084 676 quam
3113 605 3179 660 de
3206 603 3345 659 vitiis
3374 603 3487 674 ejus
3521 618 3629 660 non

2049 700 2244 749 tacere.

2117 785 2172 838 9..
2202 786 2498 842 Christianis
2522 805 2632 860 qua:
2659 792 2913 862 fugienda:
2944 791 3168 845 avaritia:
3197 790 3424 844 doctrina
3464 789 3627 843 tradi-

2048 887 2146 931 tur.
2201 878 2334 946 Quid
2381 889 2556 934 autem
2599 881 2818 937 interest
2865 883 3002 940 inter
3049 881 3427 953 philosophos,
3480 879 3630 937 verbi

2046 969 2248 1040 gratia,
2279 981 2590 1028 accusantes
2634 973 2941 1040 avaritiam,
2986 982 3041 1028 et
3069 973 3353 1043 Apostolos
3381 971 3625 1026 eamdem

2047 1060 2216 1131 ipsam
2255 1063 2599 1120 accusantes?
2655 1065 2781 1136 quid
2838 1065 3099 1122 interest?
3147 1065 3204 1121 Si
3250 1064 3624 1130 advertamus,

2047 1155 2301 1212 discimus
2349 1159 2583 1229 aliquid,
2631 1160 2772 1230 quod
2817 1161 3088 1231 proprium
3146 1176 3254 1215 non
3304 1159 3465 1214 habet
3524 1158 3628 1212 nisi

2046 1251 2226 1305 schola
2255 1251 2470 1308 Christi.
2503 1254 2637 1308 Ecce
2657 1253 2798 1324 quod
2823 1254 2982 1309 modo
3010 1253 3445 1319 commemoravi,
3479 1251 3628 1306 Nihil

2045 1344 2305 1400 intulimus
2349 1348 2402 1401 in
2450 1348 2582 1402 hunc
2608 1354 2856 1402 munerum
2879 1388 2892 1413 ,
2933 1364 3022 1402 nec
3058 1348 3257 1415 auferre
3283 1345 3476 1417 aliquid
3505 1361 3626 1416 pos-

2044 1453 2215 1492 sumus
2242 1454 2260 1491 :
2289 1438 2522 1495 habentes
2547 1441 2728 1494 victum
2752 1449 2797 1494 et
2819 1447 3175 1511 tegumentum,
3207 1438 3284 1491 his
3321 1437 3536 1490 contenti
3557 1436 3629 1489 si—

2045 1548 2154 1586 mus
2178 1575 2191 1599 ,
2224 1533 2374 1587 multi
2414 1533 2679 1588 dixerunt.
2710 1534 2882 1588 Etiam
2905 1533 3008 1588 hoc
3027 1573 3042 1599 ,
3071 1531 3241 1586 Radix
3265 1529 3488 1584 omnium
3512 1545 3626 1582 ma-

2046 1623 2208 1677 lorum
2271 1626 2514 1691 avaritia,
2566 1625 2779 1679 fuerunt
2825 1625 2914 1695 qui
2971 1623 3232 1678 dicerent.
3299 1620 3434 1675 Illud
3483 1619 3626 1691 quod

2044 1715 2284 1785 sequitur
2302 1759 2316 1783 ,
2345 1732 2502 1770 nemo
2538 1717 2668 1771 dixit
2695 1717 2906 1772 illorum
2937 1733 2949 1768 :
2983 1715 3059 1768 Tu
3084 1724 3252 1769 autem
3271 1756 3286 1781 ,
3313 1714 3460 1768 homo
3488 1711 3621 1779 Dei,

2044 1804 2151 1860 haec
2195 1809 2348 1877 fuge;
2377 1819 2563 1862 sectare
2591 1825 2703 1862 vero
2731 1809 3014 1875 justitiam,
3059 1808 3211 1876 [idem
3237 1848 3251 1872 ,
3284 1805 3579 1858 charitatem
3604 1844 3620 1871 ,

2042 1911 2157 1948 cum
2201 1897 2278 1949 his
2314 1899 2400 1968 qui
2440 1899 2670 1952 invocant
2695 1915 2876 1953 nomen
2920 1897 3126 1952 Domini
3166 1896 3228 1949 de
3273 1894 3422 1949 corde
3471 1911 3620 1964 puro.

2043 1986 2190 2042 Talia
2223 1989 2400 2044 nullus
2447 1991 2580 2046 dixit
2617 1992 2848 2046 illorum.
2896 1991 3077 2060 Longe
3106 1997 3187 2045 est
3229 2004 3259 2042 a
3287 1987 3626 2057 crepantibus

2041 2080 2223 2136 buccis
2270 2082 2507 2138 soliditas
2562 2085 2790 2152 pietatis.
2857 2083 3226 2152 Quapropter,
3285 2079 3623 2148 charissimi,

2043 2172 2291 2241 quoniam
2323 2184 2446 2228 sunt
2465 2184 2612 2230 extra
2640 2177 2950 2231 societatem
2980 2155 3218 2230 nostram
3243 2174 3333 2243 qui
3365 2181 3419 2226 et
3447 2174 3624 2228 avari~

2044 2267 2168 2320 tiam
2192 2276 2577 2323 accusaverunt
2597 2277 2650 2322 et
2675 2275 3142 2338 contempserunt;
3172 2281 3240 2320 ne
3262 2265 3414 2319 nobis
3446 2264 3624 2335 magni

2043 2358 2328 2413 videantur
2371 2369 2461 2413 aut
2487 2358 2793 2414 hominibus
2832 2358 2964 2426 Dei,
2991 2367 3298 2429 propterea,
3334 2355 3410 2409 'l‘u
3434 2363 3621 2418 autem,

2042 2451 2191 2506 homo
2213 2451 2330 2505 Dei.
2361 2452 2417 2508 Si
2438 2453 2546 2507 ullo
2575 2453 2732 2507 modo
2757 2461 3192 2523 compararentur
3209 2493 3223 2519 ,
3249 2449 3493 2520 primitus
3516 2446 3628 2501 dis-

2041 2558 2262 2599 cernere
2291 2553 2345 2599 et
2383 2553 2567 2600 tenere
2608 2545 2869 2600 debemus
2894 2553 3110 2614 propter
3135 2543 3300 2598 Deum
3327 2555 3426 2596 nos
3450 2539 3625 2594 facere

2041 2635 2183 2706 quod
2222 2634 2464 2690 facimus.
2498 2635 2629 2690 Nam
2658 2636 2703 2691 si
2731 2636 2839 2691 veri
2882 2635 2973 2691 Dei
3005 2636 3179 2690 cultus
3201 2633 3480 2700 aﬂ'eratur,
3508 2631 3625 2701 qui-

2039 2729 2169 2784 libet
2209 2740 2416 2784 amator
2441 2731 2677 2786 avaritiae
2702 2729 3040 2800 reprobatur.
3074 2729 3448 2784 Verumtamen
3471 2725 3622 2779 incu-

2042 2828 2155 2876 tere
2206 2821 2360 2876 nobis
2406 2822 2567 2877 debet
2613 2822 2870 2892 majorem
2927 2835 3107 2875 curam
3159 2818 3341 2888 regula
3392 2817 3621 2887 pietatis.

2040 2913 2218 2984 Turpe
2239 2923 2321 2968 est
2343 2915 2484 2968 enim
2505 2955 2520 2980 ,
2555 2923 2608 2969 et
2633 2913 2790 2968 nimis
2821 2911 3123 2982 pudendum
3151 2919 3204 2966 et
3231 2907 3550 2975 dolendum,
3577 2905 3625 2961 si

2039 3009 2271 3064 cultores
2315 3008 2577 3064 idolorum
2632 3008 2830 3063 inventi
2875 3016 2994 3062 sunt
3023 3006 3257 3061 avaritiae
3295 3003 3621 3070 domitores,

2039 3111 2095 3158 et
2117 3104 2288 3158 cultor
2313 3103 2408 3158 Dei
2434 3104 2590 3158 unius
2605 3102 2673 3157 ab
2702 3102 2919 3157 avaritia
2948 3101 3279 3170 subjugetur,
3300 3106 3356 3154 et
3380 3097 3471 3151 fiat
3497 3111 3622 3150 ava-

2039 3195 2177 3250 ritia:
2204 3195 2556 3264 mancipium,
2588 3195 2739 3260 cujus
2784 3195 2996 3263 sanguis
3026 3190 3084 3245 fit
3112 3190 3359 3261 pretium.
3406 3185 3622 3242 Addidit
3706 3257 3713 3266 η

2038 3288 2328 3358 Apostolus
2349 3329 2363 3355 ,
2393 3297 2447 3342 et
2487 3287 2619 3341 dixit
2646 3285 2926 3341 Timotheo
2956 3301 2969 3337 :
3003 3283 3266 3352 Testiﬁcor
3293 3297 3463 3335 coram
3490 3278 3622 3346 Deo,

2038 3382 2125 3454 qui
2166 3381 2381 3449 vivi/ient
2410 3380 2608 3445 omnia,
2640 3391 2686 3432 et
2735 3379 2934 3433 Christo
2983 3376 3108 3430 Jesu
3152 3376 3239 3448 qui
3289 3373 3625 3428 testimonium

2039 3472 2260 3527 reddidit
2298 3472 2391 3526 sub
2422 3471 2606 3525 Pontio
2650 3468 2854 3535 Pilato,
2883 3469 3068 3522 benam
3108 3466 3468 3537 confessionem
3498 3462 3626 3535 (hoc

2039 3563 2237 3618 abillis
2262 3571 2516 3632 quantum
2564 3562 2718 3630 longe
2749 3570 2861 3626 est,
2893 3559 3064 3630 vide),
3115 3567 3169 3612 ut
3204 3573 3363 3612 serves
3412 3555 3626 3609 manda-

2041 3663 2148 3709 tum
2185 3652 2619 3723 irreprehensibile
2643 3669 2799 3722 usque
2837 3652 2889 3704 in
2923 3651 3188 3704 adventum
3231 3648 3432 3702 Domini
3468 3647 3624 3701 nostri

2039 3745 2167 3800 Jesu
2191 3745 2377 3800 Christi
2403 3763 2420 3797 :
2443 3761 2588 3814 quem
2617 3742 2921 3814 temporibus
2956 3740 3176 3812 prapriis
3219 3737 3431 3793 ostendit
3453 3737 3622 3790 beatus

2042 3846 2089 3892 et
2107 3837 2244 3891 solus
2273 3846 2476 3906 potens,
2516 3835 2628 3888 Rea:
2670 3850 2842 3905 regum
2871 3841 2918 3885 et
2939 3831 3186 3886 Dominus
3226 3826 3622 3890 dominantium;

2040 3931 2129 4001 qui
2165 3929 2303 3985 solus
2331 3929 2477 3983 habet
2503 3926 2929 3982 immortalitatem
2967 3933 3014 3978 et
3055 3924 3217 3977 lucem
3261 3921 3450 3974 habitat
3480 3919 3622 3972 inac-

2041 4021 2346 4085 cessibilem;
2379 4036 2526 4089 quem
2557 4035 2700 4072 nemo
2753 4017 3010 4070 hominum
3034 4013 3156 4068 vidit
3175 4054 3190 4080 ,
3223 4028 3310 4066 nec
3338 4011 3503 4064 videre
3533 4026 3625 4078 po-

2043 4122 2172 4180 test;
2201 4114 2283 4167 cui
2302 4123 2375 4167 est
2397 4112 2559 4166 honor
2583 4121 2630 4164 et
2666 4109 2831 4182 gloria
2858 4109 2911 4162 in
2953 4105 3141 4161 saecula
3164 4102 3482 4159 saeculorum.
3516 4099 3624 4154 Hu-

2037 4208 2126 4278 jus
2152 4209 2363 4262 familiae
2409 4207 2531 4261 facti
2572 4219 2788 4270 sumus,
2818 4203 2870 4256 in
2901 4200 3056 4272 hujus
3096 4197 3348 4252 familiam
3389 4193 3622 4264 adoptati

2043 4313 2259 4363 sumus;
2308 4298 2461 4368 hujus
2502 4295 2596 4351 ﬁlii
2643 4310 2749 4349 non
2792 4293 2986 4348 nostris
3027 4289 3265 4354 meritis,
3311 4287 3406 4342 sed
3457 4285 3623 4355 ipsius

2047 4391 2214 4461 gratia
2255 4403 2458 4443 sumus.
2505 4387 2674 4442 Nimis
2701 4401 2860 4457 grave
2888 4391 2970 4438 est
2996 4391 3050 4438 et
3075 4381 3234 4436 nimis
3254 4377 3538 4441 horribile,
3568 4384 3626 4430 ut

2046 4479 2269 4535 avaritia
2295 4494 2392 4534 nos
2415 4487 2594 4535 teneat
2619 4478 2670 4531 in
2700 4476 2888 4540 terris;
2919 4487 3041 4528 eum
3068 4471 3145 4526 illi
3169 4470 3408 4524 dicamus
3427 4509 3441 4534 ,
3465 4464 3625 4519 Pater

2043 4580 2242 4637 noster,
2283 4571 2368 4641 qui
2396 4586 2446 4623 es
2471 4569 2522 4622 in
2553 4568 2690 4623 ctelis
2721 4565 2930 4638 (Matth.
2957 4579 3008 4618 vt
3027 4605 3043 4631 ,
3071 4562 3158 4632 9),
3191 4559 3342 4629 cujus
3359 4555 3622 4612 desiderio

2043 4665 2306 4720 vilescunt
2328 4663 2540 4729 omnia;
2584 4676 2684 4716 nec
2712 4668 2834 4714 nata
2864 4657 3016 4712 nobis
3042 4665 3166 4712 sunt
3209 4655 3345 4708 inter
3370 4666 3487 4721 qua:
3513 4647 3623 4703 nati

2043 4773 2262 4826 sumus,
2295 4760 2416 4829 quia
2459 4764 2679 4827 prepter
2730 4752 2878 4807 illum
2909 4751 3075 4806 renati
3107 4764 3308 4804 sumus.
3357 4745 3474 4800 Sint
3507 4742 3622 4796 haac

2043 4851 2109 4906 ad
2154 4849 2488 4906 necessitatis
2513 4862 2703 4911 usum,
2755 4861 2862 4899 non
2900 4842 2967 4897 ad
3001 4839 3273 4896 charitatis
3324 4835 3569 4890 allectum
3604 4850 3617 4886 :

2043 4941 2149 4995 sint
2170 4951 2416 5010 tanquam
2434 4938 2696 4992 stabulum
2717 4935 2954 4998 viatoris,
2974 4947 3081 4986 non
3099 4939 3346 4998 tanquam
3365 4924 3620 4996 praedium

2042 5030 2386 5100 possessoris.
2401 5028 2601 5095 Refice,
2616 5039 2668 5084 et
2686 5026 2868 5081 transi.
2885 5026 2988 5079 lter
3000 5023 3132 5093 agis,
3152 5019 3367 5075 attende
3383 5017 3448 5072 ad
3462 5031 3622 5087 quem

2041 5122 2232 5178 venisti
2253 5139 2267 5188 ;
2290 5121 2412 5192 quia
2426 5134 2648 5190 magnus
2664 5128 2746 5174 est
2764 5117 2855 5188 qui
2871 5115 2936 5170 ad
2957 5125 3007 5170 te
3020 5113 3181 5168 venit.
3204 5108 3534 5165 Discedendo
3554 5106 3622 5162 de

2043 5217 2142 5272 hac
2168 5215 2294 5281 vita,
2311 5212 2628 5284 locumlfaeis
2642 5210 2876 5267 venienti
2899 5227 2910 5262 :
2929 5206 3122 5262 stabuli
3137 5213 3218 5260 est
3235 5205 3338 5259 ista
3355 5200 3588 5258 conditio
3603 5216 3620 5253 :

2041 5308 2200 5367 cedes
2220 5351 2236 5378 ,
2265 5315 2326 5363 ut
2362 5307 2494 5363 alius
2517 5305 2752 5361 accedat.
2782 5303 2888 5358 Sed
2929 5301 2975 5357 si
3004 5301 3081 5356 vis
3103 5298 3170 5354 ad
3199 5299 3374 5354 locum
3415 5294 3621 5352 tutissi-

2041 5418 2187 5458 mum
2211 5402 2518 5472 pervenire,
2554 5399 2693 5454 Deus
2719 5413 2748 5450 a
2775 5405 2825 5451 te
2850 5411 2955 5450 non
2982 5394 3226 5459 recedat,
3259 5392 3345 5447 cui
3374 5391 3620 5456 dicimus,

2044 5496 2313 5552 Deduxisti
2373 5511 2452 5549 me
2494 5509 2581 5566 per
2607 5491 2806 5546 semitas
2839 5488 3054 5561 justitiat
3118 5496 3248 5553 tute,
3299 5495 3502 5555 propter
3527 5500 3623 5536 no-

2043 5605 2158 5643 men
2203 5598 2342 5640 tuum
2371 5584 2539 5656 (Psal.
2591 5598 2734 5648 xxtt,
2773 5579 2827 5652 5)
2885 5596 2899 5632 :
2947 5593 3055 5634 non
3104 5585 3322 5649 propter
3373 5575 3620 5631 meritum

2041 5696 2216 5737 meum
2224 5719 2238 5734 .

2117 5775 2171 5830 5.
2200 5772 2382 5827 Itineri
2427 5771 2581 5841 hujus
2619 5768 2734 5822 vita:
2759 5765 3038 5821 necessaria
3064 5765 3170 5819 sine
3208 5761 3481 5834 cupiditate
3529 5759 3622 5813 ha-

2054 5870 2280 5925 bcantur.
2334 5863 2489 5921 Aliud
2535 5874 2617 5920 est
2648 5877 2772 5932 ergo
2812 5863 2912 5918 iter
2940 5857 3310 5928 mortalitatis,
3339 5852 3482 5913 aliud
3523 5851 3626 5906 iter
