3996 6432
458 367 566 435 955

459 496 691 568 pictatis.
748 496 854 553 lter
879 493 1216 554 mortalitatis
1265 506 1548 552 commune
1573 498 1684 558 est;
1728 489 1854 546 illuc
1889 488 2034 546 enim

460 589 734 645 ambulant
760 603 947 645 omnes
971 589 1119 645 nati:
1147 588 1309 654 illuc.
1341 587 1551 643 nonnisi
1579 585 1769 642 renati.
1803 584 1881 640 Ad
1908 582 2036 639 illud

458 679 688 749 pertinet
729 678 905 746 nasci,
937 694 1208 746 crescere,
1249 693 1563 745 senescere,
1599 676 1755 731 mori.
1813 676 2038 744 Propter

460 769 561 826 hoc
584 772 917 828 necessarius
943 780 1026 828 est
1064 772 1236 828 victus
1260 779 1316 829 et
1342 778 1725 843 tegumentum.
1751 767 2035 825 Sufficien-

458 871 540 921 tes
582 864 690 920 sint
738 865 895 937 hujus
924 865 1129 923 itineris
1183 876 1446 937 sumptus.
1476 865 1653 933 Quare
1707 872 1760 920 te
1803 860 2036 935 gravas?

456 957 631 1024 Quare
659 966 864 1015 tantum
893 968 1074 1029 portas
1100 959 1155 1015 in
1176 959 1263 1016 via
1286 959 1436 1016 brevi
1458 1001 1474 1025 .
1507 974 1614 1015 non
1641 958 1780 1015 unde
1803 955 1871 1013 ad
1897 957 2037 1013 hanc

458 1049 598 1105 viam
641 1048 928 1107 ﬁniendam
967 1050 1204 1121 iuveris,
1232 1052 1330 1109 sed
1388 1050 1527 1108 unde
1574 1051 1748 1122 potius
1786 1044 1856 1104 ad
1898 1048 2037 1105 hanc

461 1142 601 1198 viam
633 1141 915 1200 finiendam
945 1142 1020 1217 (α)
1046 1145 1258 1216 gravius
1283 1144 1560 1202 onereris?
1588 1143 1815 1200 Nimium
1842 1142 2037 1213 quippe

454 1234 699 1291 mirabile
721 1245 802 1292 est
822 1276 836 1300 ,
864 1235 1007 1307 quod
1036 1236 1128 1293 tibi
1174 1237 1258 1292 vis
1302 1244 1361 1292 ut
1388 1236 1690 1305 contingat:
1724 1248 1915 1289 oneras
1944 1242 1994 1288 te
2015 1272 2033 1301 ,

455 1326 680 1382 multum
704 1335 911 1398 portas,
940 1329 1133 1399 premit
1174 1336 1225 1383 te
1252 1329 1307 1384 in
1334 1328 1434 1384 hac
1456 1327 1539 1384 via
1569 1327 1791 1398 pecunia
1812 1369 1827 1393 ,
1858 1335 1912 1382 et
1942 1339 2036 1394 per

456 1417 593 1473 hanc
635 1418 773 1475 viam
806 1419 1001 1490 premit
1030 1428 1081 1476 te
1106 1420 1347 1477 avaritia.
1398 1420 1634 1476 Avaritia
1673 1418 1814 1474 enim
1858 1416 2035 1473 cordis

454 1508 916 1585 estimmunditia.
970 1510 1109 1567 Nihil
1138 1506 1281 1568 tollis
1325 1510 1393 1567 de
1434 1511 1539 1567 hoc
1590 1510 1823 1575 mundo,
1876 1523 2034 1580 quem

452 1603 687 1660 amasti:
717 1603 813 1661 sed
845 1605 983 1661 tollis
1025 1606 1211 1663 vitium
1257 1604 1401 1676 quod
1446 1604 1656 1660 amasti.
1705 1603 1762 1661 Si
1796 1617 2037 1675 persevc-

454 1702 637 1750 ranter
701 1709 849 1751 amas
888 1697 1179 1763 mundum;
1224 1697 1315 1768 qui
1356 1695 1484 1752 fecit
1508 1696 1794 1759 mundum,
1836 1711 1941 1749 non
1982 1703 2035 1751 te
2071 1758 2080 1771 ,

454 1785 655 1843 invenit
676 1788 952 1845 mundum.
981 1789 1039 1845 Si
1068 1804 1195 1860 ergo
1216 1789 1273 1845 in
1300 1804 1457 1845 usum
1486 1790 1828 1859 temporalem
1851 1787 2038 1844 mode-

452 1888 568 1936 rata
620 1880 843 1949 pecunia
889 1880 962 1937 sit
1006 1881 1221 1949 viatici,
1280 1881 1333 1937 in
1365 1897 1430 1938 eo
1466 1882 1573 1937 fine
1608 1881 1895 1938 constituto
1941 1879 2033 1950 qui

451 1971 682 2042 scriptus
726 1980 837 2039 est,
889 1971 1015 2028 Sine
1054 1990 1250 2040 amore,
1296 1974 1497 2045 inquit,
1550 1974 1811 2046 pecuuite,
1857 1972 2035 2028 modus

449 2063 693 2135 sufﬁciens
732 2072 804 2121 est
840 2064 1165 2137 priesentibus
1207 2064 1392 2139 (Hebr.
1437 2081 1565 2131 1m,
1618 2066 1693 2137 5).
1733 2063 1865 2121 Vide
1910 2072 2033 2120 ante

450 2155 627 2211 omnia
652 2155 779 2227 quid
818 2157 1129 2226 praestruit
1156 2173 1172 2213 :
1201 2156 1327 2214 Sine
1347 2172 1551 2225 amore,
1580 2156 1747 2227 inquit
1772 2172 1786 2208 :
1815 2156 1883 2210 ita
1914 2171 2032 2210 mu-

449 2260 579 2303 num
606 2246 759 2305 mitte
777 2289 793 2314 ,
819 2254 878 2302 ut
911 2262 1007 2303 cor
1049 2246 1173 2304 inde
1199 2249 1394 2304 solvas.
1422 2247 1555 2303 Nam
1582 2250 1628 2304 si
1654 2247 1890 2317 pecunia:
1936 2262 2034 2319 per

448 2351 688 2395 amorem
710 2352 807 2394 eor
842 2338 1065 2410 alligare
1110 2337 1374 2405 volueris,
1424 2338 1615 2395 inseris
1655 2347 1708 2395 te
1757 2336 2032 2395 doloribus

446 2430 629 2487 multis
662 2448 677 2487 :
707 2438 761 2489 et
789 2430 879 2487 ubi
909 2424 1011 2487 erit
1030 2472 1045 2497 ,
1072 2426 1153 2489 Tu
1180 2441 1367 2497 autem,
1399 2431 1549 2486 homo
1575 2430 1705 2498 Dei,
1739 2432 1845 2487 lues
1873 2433 2033 2504 fuge?

446 2520 562 2579 Non
589 2522 732 2581 enim
759 2518 861 2591 ait,
884 2523 1177 2594 Relinque,
1209 2532 1263 2579 et
1299 2523 1525 2590 desere;
1554 2522 1680 2589 sed,
1711 2522 1854 2595 Fuge
1881 2524 2031 2594 quasi

446 2612 675 2671 hostem.
704 2613 992 2685 Quaarebas
1014 2613 1200 2686 fugere
1236 2629 1358 2670 cum
1398 2628 1565 2682 auro,
1599 2614 1719 2686 fuge
1739 2630 1930 2670 aurum
1962 2617 1977 2647 ί
2013 2632 2027 2668 :

445 2720 541 2763 cor
584 2713 733 2763 tuum
772 2704 972 2778 fugiat,
1023 2715 1079 2762 et
1106 2721 1292 2764 servus
1320 2713 1405 2764 est
1451 2715 1593 2763 tuus.
1622 2705 1891 2778 Cupiditas
1924 2722 2031 2762 non

443 2797 544 2868 sit,
575 2799 746 2870 pietas
788 2807 967 2857 tamen
1004 2816 1113 2856 non
1142 2799 1314 2868 desit;
1361 2807 1445 2857 est
1473 2799 1616 2871 quod
1641 2800 1802 2856 facias
1842 2799 1909 2856 de
1936 2816 2032 2856 an-

445 2903 508 2947 ro
527 2931 544 2960 ,
584 2892 631 2947 si
654 2880 903 2946 dominus
922 2904 981 2946 es
1003 2890 1154 2958 auri,
1183 2906 1288 2946 non
1326 2904 1537 2947 servus.
1566 2889 1621 2947 Si
1649 2890 1894 2947 dominus
1915 2892 2031 2947 auri

444 2994 534 3050 es,
566 2981 696 3038 facis
723 2981 791 3039 de
815 2982 912 3040 illo
940 2984 1082 3055 quod
1110 2983 1307 3039 bonum
1332 2991 1417 3040 est
1448 3002 1462 3038 :
1490 2983 1536 3040 si
1565 2998 1751 3040 servus
1772 3027 1788 3052 ,
1812 2984 1935 3041 facit
1962 2985 2031 3042 de

443 3066 509 3129 tc‘
522 3073 662 3144 quod
689 3073 887 3130 malum
917 3081 1018 3130 est.
1050 3073 1113 3132 Si
1153 3074 1403 3130 dominus
1427 3074 1543 3129 auri
1572 3090 1634 3131 es
1654 3115 1669 3140 ,
1714 3076 1936 3131 vestitus
1962 3076 2031 3134 de

442 3174 496 3221 te
518 3167 808 3223 Dominum
852 3164 1030 3224 laudat
1059 3182 1072 3220 :
1103 3167 1150 3223 si
1198 3182 1385 3223 servus
1410 3169 1525 3223 auri
1553 3182 1646 3235 es,
1684 3168 1938 3239 spoliatus
1962 3166 2031 3226 de

442 3268 495 3312 te
513 3257 865 3328 blasphemat.
889 3258 1113 3315 Servum
1140 3267 1319 3315 autem
1350 3268 1402 3314 te
1427 3254 1553 3314 facit
1572 3256 1833 3329 cupiditas
1855 3300 1868 3326 .
1900 3260 2030 3316 lihe-

441 3363 560 3402 rum
588 3347 843 3405 charitas.
874 3344 1002 3405 Inde
1032 3363 1221 3405 servus
1241 3390 1255 3415 ,
1283 3344 1331 3405 si
1353 3363 1459 3405 non
1487 3346 1705 3422 fugeris.
1728 3348 1804 3405 Tu
1827 3359 2025 3417 autem,

442 3440 592 3499 homo
616 3441 747 3508 Dei,
769 3443 877 3497 hare
898 3441 1036 3514 fuge.
1071 3440 1127 3497 In
1153 3432 1254 3497 hac
1280 3456 1439 3499 causa
1464 3442 1509 3497 si
1538 3457 1645 3499 non
1674 3441 1753 3499 vis
1778 3457 1898 3500 esse
1917 3457 2030 3498 ser-

441 3548 540 3592 vus
558 3576 574 3602 ,
605 3544 723 3593 esto
753 3535 1023 3606 fugitivus.

510 3630 565 3686 4.
600 3627 803 3686 Divitias
830 3628 1094 3694 interiores
1119 3627 1389 3682 sectanda.
1431 3622 1639 3684 Audisti
1666 3610 1791 3698 quid
1821 3625 1989 3699 fugias
2009 3669 2026 3694 ,

440 3718 608 3777 habes
626 3728 680 3775 et
702 3718 845 3791 quod
882 3718 1125 3776 secteris.
1155 3717 1271 3774 Non
1302 3717 1444 3774 enim
1474 3719 1701 3775 inaniter
1723 3717 1893 3791 fugis,
1939 3727 2031 3775 aut

440 3811 519 3868 sie
542 3810 799 3883 relinquis
824 3818 883 3867 ut
913 3825 1020 3867 non
1063 3808 1453 3881 apprehendas.
1501 3810 1711 3866 Sectare
1736 3826 1854 3883 ergo
1868 3812 2028 3882 justi-

442 3902 594 3969 tiant,
622 3900 775 3971 ﬁdem
792 3940 807 3969 ,
841 3901 1072 3973 pietatem
1091 3942 1106 3970 ,
1137 3900 1453 3955 charitatem.
1479 3898 1604 3956 Haec
1630 3909 1683 3957 te
1707 3894 1925 3957 divitem
1953 3900 2031 3955 fa-

440 3994 604 4049 ciant.
632 3993 725 4049 llae
754 3993 950 4049 divitias
979 3993 1124 4051 intus
1163 3992 1269 4049 sint
1299 4010 1313 4047 :
1341 3989 1430 4047 fur
1450 3988 1519 4048 ad
1543 4007 1635 4048 eas
1656 4007 1760 4047 non
1790 3988 2025 4061 accedit,

440 4082 544 4140 nisi
570 4085 709 4140 mala
732 4086 978 4142 voluntas
998 4091 1045 4142 ei
1066 4085 1273 4143 dederit
1301 4084 1493 4140 locum.
1526 4080 1667 4141 Muni
1694 4101 1872 4141 arcam
1902 4085 2031 4143 inte-

437 4174 636 4231 riorem
656 4216 674 4243 ,
708 4175 809 4231 hoc
835 4184 937 4239 est,
981 4176 1383 4233 conscientiam.
1418 4172 1523 4231 Has
1551 4174 1760 4233 divitias
1784 4192 1891 4232 non
1935 4174 2030 4233 tibi

438 4265 612 4334 latro,
643 4280 752 4321 non
792 4265 1013 4336 quilibet
1054 4266 1453 4335 potentissimus
1481 4257 1758 4335 inimicus,
1806 4282 1914 4323 non
1958 4265 2032 4324 ir-

439 4371 604 4413 ruens
628 4356 798 4413 bostis
822 4366 913 4411 aut
950 4356 1210 4414 barbarus
1228 4399 1245 4426 ,
1290 4372 1397 4415 non
1424 4348 1670 4432 denique
1698 4356 2029 4433 naufragium

437 4447 637 4517 poterit
663 4447 909 4512 auferre,
942 4446 1084 4503 unde
1126 4447 1171 4503 si
1217 4447 1390 4504 nudus
1434 4463 1628 4517 exeas,
1661 4448 1850 4520 plenus
1889 4451 2025 4508 exis.

436 4536 624 4608 Neque
659 4537 802 4593 enim
828 4552 954 4592 vere
979 4537 1151 4595 inanis
1206 4548 1341 4606 erat,
1365 4540 1606 4611 quamvis
1630 4534 1925 4599 forinsecus
1948 4541 2030 4598 ni-

437 4628 518 4685 hil
559 4628 755 4685 habere
795 4628 1083 4696 videretur,
1134 4631 1225 4702 qui
1267 4624 1479 4687 dicebat
1519 4650 1533 4686 :
1566 4622 1813 4688 Dominus
1856 4630 2025 4701 dedit,

436 4717 690 4775 Dominus
729 4718 969 4785 abstulit;
1016 4720 1147 4775 sicut
1185 4718 1405 4777 Domino
1446 4722 1669 4794 placuit,
1717 4723 1789 4777 ita
1834 4727 2029 4795 factum

435 4820 509 4866 est
529 4827 549 4866 :
578 4812 643 4867 sit
700 4828 884 4869 nomen
915 4808 1125 4867 Domini
1150 4812 1457 4869 benedictum
1486 4810 1605 4886 (Job
1645 4832 1699 4884 ι,
1729 4814 1843 4890 21).
1890 4814 2031 4873 Lau-

434 4899 626 4957 dabilis
657 4903 754 4957 ista
786 4902 1055 4973 plenitudo
1074 4946 1088 4969 ,
1119 4900 1360 4975 ingentes
1389 4904 1619 4972 divitia);
1652 4904 1824 4963 inanis
1858 4924 1989 4964 auro
2009 4949 2024 4976 ,

434 4992 626 5063 plenus
652 4993 795 5061 Deo;
828 4994 1001 5050 inanis
1021 4996 1168 5052 omni
1195 4998 1498 5053 transitoria
1527 4995 1777 5057 facultate
1797 5042 1811 5068 ,
1840 4994 2026 5072 plenus

432 5087 519 5145 sui
558 5086 769 5142 Domini
794 5089 1091 5147 voluntate.
1118 5089 1253 5158 Quid
1280 5089 1515 5160 quaaritis
1539 5107 1726 5148 aurum
1755 5094 1916 5152 tantis
1946 5094 2027 5151 la-

431 5178 653 5236 boribus
671 5221 686 5247 ,
709 5187 764 5235 et
783 5180 1340 5251 peregrinationibus?
1367 5180 1556 5237 Amate
1582 5180 1679 5239 has
1702 5180 1913 5241 divitias
1932 5226 1947 5253 ,
1973 5197 2029 5242 et

432 5269 595 5326 modo
616 5268 910 5342 implemini
938 5290 952 5327 :
985 5260 1104 5327 fons
1127 5287 1310 5329 earum
1333 5287 1440 5328 non
1460 5266 1624 5340 latet,
1650 5268 1697 5330 si
1724 5289 1818 5331 cor
1841 5280 2023 5348 patet:

431 5362 605 5432 aperit
627 5377 722 5419 cor
747 5360 911 5423 clavis
938 5358 1058 5419 ﬁdei
1078 5404 1093 5429 ,
1125 5372 1181 5421 et
1199 5360 1371 5437 aperit
1394 5373 1451 5421 et
1479 5360 1702 5424 mundat
1726 5360 1814 5423 ubi
1835 5383 2024 5441 ponas.

432 5446 553 5511 Noli
578 5454 671 5511 tibi
707 5465 962 5528 angustus
999 5455 1165 5513 videri
1212 5475 1227 5513 :
1271 5456 1470 5515 divitia:
1501 5468 1603 5516 tua:
1629 5502 1646 5530 ,
1695 5450 1839 5519 Deus
1867 5470 2022 5531 tuus;

437 5544 654 5618 quando
673 5546 887 5603 intravit
907 5589 921 5615 ,
953 5549 1069 5619 ipse
1095 5546 1353 5605 dilatavit.

498 5696 1129 5773 {Bedasowrebahﬁtqe
1157 5712 1259 5756 :ne
1295 5716 1467 5769 pereas
1501 5707 2028 5773 mammata-

432 5770 571 5884 η’τῶ
592 5829 751 5884 Forte,
773 5830 869 5876 non
892 5818 1167 5878 ﬁniendam.

1692 369 1751 429 S.
1789 362 2156 428 AUGUSTINI
2190 362 2494 424 EPISCOPI

3612 373 3724 438 956

2214 485 2266 542 5.
2296 483 2658 540 Thesaurizare
2672 485 2752 541 hic
2788 486 3061 543 volentium
3093 488 3265 562 inepta
3288 492 3563 548 excusatio.
3581 493 3729 553 ειν.

2142 568 2253 630 sum
2279 591 2381 630 cor.
2411 576 2551 647 Ergo
2574 617 2589 644 ,
2630 576 2755 633 Sine
2779 594 2951 634 amore
2975 581 3204 652 pecuniis
3220 623 3236 650 ,
3263 582 3446 640 modus
3473 585 3728 658 alliciens

2142 677 2213 722 est
2238 664 2565 738 praesentibus
2609 683 2628 723 :
2672 684 2837 740 quare
2880 670 3242 743 pauentibus?
3266 674 3389 745 quia
3410 716 3425 741 ,
3460 673 3616 733 Nihil
3641 679 3729 734 in-

2142 761 2349 816 tulimus
2374 762 2427 816 in
2452 760 2585 816 hunc
2623 761 2896 832 mundum,
2926 782 3017 820 nec
3058 766 3259 836 auferre
3295 769 3490 840 aliquid
3532 787 3725 843 possu-

2141 868 2252 908 mus
2273 868 2293 907 :
2318 852 2438 908 ideo
2463 854 2817 926 intuentibus,
2862 871 2968 911 non
3002 846 3208 914 futuris.
3236 854 3341 916 Sed
3366 878 3485 932 qua:
3507 872 3598 920 res
3621 864 3727 920 de-

2142 941 2267 1013 cipit
2297 932 2569 1000 hominem
2610 944 2677 1001 ad
2718 946 2949 1003 avaritia:
2992 946 3337 1021 cemputum?
3361 951 3527 1021 Quid,
3556 956 3603 1011 si
3629 956 3728 1013 diu

2139 1032 2295 1090 vivo?
2317 1035 2416 1105 Qui
2445 1036 2534 1092 dat
2570 1033 2730 1094 vitam
2750 1080 2765 1107 ,
2792 1036 2883 1094 dat
2911 1036 3050 1095 unde
3080 1041 3189 1097 vita
3232 1046 3578 1102 ‘sustentetur.
3612 1046 3725 1103 Po-

2140 1134 2340 1183 stremo
2380 1128 2486 1183 sint
2514 1129 2746 1197 reditus,
2799 1146 2962 1202 quare
3003 1134 3255 1203 quaeritur
3298 1143 3353 1192 et
3397 1134 3727 1197 thesaurus?

2140 1208 2297 1273 Redit
2319 1218 2514 1290 aliquid
2544 1216 2610 1277 de
2640 1222 2852 1293 negotio
2872 1264 2887 1291 ,
2934 1222 3073 1280 redit
3112 1226 3312 1297 aliquid
3339 1227 3406 1284 de
3451 1231 3725 1301 artificio,

2140 1311 2280 1367 redit
2304 1313 2501 1384 aliquid
2529 1315 2596 1371 de
2625 1315 2797 1386 pretio
2827 1333 2841 1371 :
2871 1316 3123 1385 sufficiat,
3152 1334 3261 1377 non
3292 1320 3724 1392 thesaurizetur;

2140 1417 2206 1458 ne
2220 1402 2303 1458 ubi
2318 1419 2480 1474 pones
2496 1404 2798 1462 thesaurum
2814 1412 2980 1475 tuum,
2999 1400 3071 1466 ibi
3089 1412 3423 1470 remaneatet
3437 1429 3531 1471 eor
3544 1420 3723 1487 tuum,

2139 1506 2192 1551 et
2207 1505 2265 1551 ut
2284 1512 2492 1553 sursum
2517 1499 2603 1569 sit,
2627 1496 2821 1557 frustra
2837 1501 3040 1570 audias,
3056 1498 3351 1578 falsumque
3370 1510 3721 1579 respondeas.

2138 1582 2360 1657 Quando
2374 1591 2516 1645 enim
2534 1592 2822 1663 respondes
2838 1592 2904 1650 ad
2922 1594 3050 1651 illud
3070 1599 3481 1657 sacratissimum
3498 1603 3725 1659 verbum

2139 1690 2193 1736 et
2216 1697 2346 1737 voce
2368 1678 2649 1754 suscribis,
2676 1674 2743 1741 ab
2769 1684 2885 1758 ipso
2913 1686 3074 1744 corde
3102 1689 3242 1746 intus
3267 1707 3372 1746 non
3414 1695 3685 1765 accusaris
3701 1696 3728 1751 2

2137 1780 2388 1847 Quamvis
2402 1796 2639 1851 pressum
2655 1791 3031 1855 etoppressum
3048 1800 3140 1840 cor
3152 1790 3319 1853 tuum,
3337 1804 3440 1844 non
3465 1787 3555 1845 tibi
3579 1790 3728 1847 intus

2137 1869 2283 1940 dicit,
2302 1873 2412 1929 Sub
2438 1883 2579 1929 terra
2594 1890 2678 1930 me
2705 1874 2875 1946 ponis,
2898 1892 3063 1947 quare
3090 1877 3372 1935 mentiris?
3394 1866 3605 1953 Ergone
3628 1883 3728 1939 tibi

2136 1979 2242 2018 non
2271 1962 2399 2019 dicit
2420 1983 2436 2045 7:
2465 1965 2651 2020 Nonne
2696 1964 2768 2021 ibi
2795 1981 2941 2033 sum,
2982 1962 3071 2023 ubi
3096 1967 3373 2027 thesaurus
3402 1970 3557 2027 tuus?
3579 1971 3729 2045 Ergo

2136 2044 2486 2111 mentiris.An
2500 2072 2627 2112 vero
2646 2054 2737 2114 ille
2757 2058 3032 2124 mentitur,
3054 2060 3144 2131 qui
3162 2046 3322 2116 dixit:
3346 2056 3443 2117 Ubi
3457 2064 3588 2119 enim
3607 2044 3730 2136 fue-

2134 2146 2201 2200 rit
2222 2147 2483 2203 thesaurus
2510 2159 2643 2213 tuus,
2666 2150 2771 2204 illic
2794 2148 2886 2204 erit
2907 2161 2954 2205 et
2976 2168 3062 2205 cor
3084 2160 3225 2206 tuum
3254 2151 3467 2222 (Matth.
3488 2170 3561 2224 rt,
3587 2156 3651 2211 21
3668 2146 3731 2227 )?

2134 2236 2213 2293 Tu
2240 2228 2373 2295 dicis
2405 2257 2419 2296 :
2450 2239 2563 2296 Non
2596 2242 2707 2297 illic
2732 2241 2853 2298 erit.
2897 2240 3102 2299 Veritas
3122 2240 3251 2299 dicit
3277 2263 3292 2301 :
3322 2240 3433 2301 illic
3456 2245 3580 2302 erit.
3613 2246 3728 2304 Sed

2135 2348 2240 2388 non
2267 2334 2375 2389 illic
2401 2335 2523 2402 erit,
2544 2334 2666 2405 quia
2695 2350 2801 2390 non
2826 2350 2966 2391 amo.
2991 2332 3167 2391 Factis
3199 2332 3383 2408 proba.
3406 2337 3523 2394 Non
3549 2355 3725 2409 amas,

2134 2425 2227 2481 sed
2256 2425 2403 2481 dives
2432 2442 2510 2482 es.
2554 2426 2696 2481 Bene
2721 2426 2933 2498 quidem
2961 2426 3192 2483 attendis
3216 2471 3230 2497 ,
3258 2438 3312 2485 et
3340 2429 3597 2487 discernis
3628 2436 3683 2487 te
3711 2451 3728 2488 :

2132 2515 2202 2571 ab
2239 2531 2304 2572 eo
2343 2518 2431 2587 qui
2462 2515 2610 2571 dives
2652 2525 2767 2584 est,
2818 2514 3080 2574 discernis
3122 2520 3245 2574 eum
3292 2521 3383 2592 qui
3423 2514 3536 2576 vult
3576 2521 3731 2580 dives

2134 2621 2274 2663 esse.
2306 2594 2448 2663 inter
2472 2600 2688 2663 divitem
2708 2623 2861 2676 esse,
2893 2617 2949 2664 et
2990 2604 3207 2667 divitem
3234 2612 3372 2669 velle
3398 2628 3542 2681 esse,
3580 2614 3731 2686 justa

2133 2697 2385 2755 discretio
2408 2699 2589 2773 negari
2628 2716 2733 2756 non
2778 2708 2971 2772 potest.
3000 2696 3077 2758 lbi
3102 2700 3326 2761 facultas
3353 2711 3467 2772 est,
3510 2704 3599 2763 hic
3627 2722 3731 2763 cu-

2134 2784 2345 2862 piditas.

2206 2876 2258 2939 6.
2281 2878 2584 2939 Diuitiarum
2608 2885 2860 2958 cupiditas
2878 2884 3198 2943 insatiabilis.
3221 2888 3354 2946 Nam
3374 2894 3430 2948 et
3447 2892 3563 2964 ipse
3582 2882 3729 2964 Ᾱβοο

2133 2968 2301 3030 stolus
2325 2980 2430 3030 non
2469 2977 2577 3043 ait,
2604 2974 2704 3043 Qui
2734 2962 2925 3033 divites
2952 2976 3114 3047 sunt;
3144 2980 3237 3038 sed
3258 3025 3274 3051 ,
3305 2984 3406 3051 Qui
3430 2962 3606 3041 volunt
3634 2962 3732 3042 idi-

2133 3068 2253 3120 vites
2291 3067 2421 3135 ﬁeri,
2454 3068 2683 3122 incidunt
2722 3070 2776 3124 in
2801 3066 3126 3127 luctationem
3148 3082 3195 3128 et
3221 3074 3485 3145 laqueum,
3512 3088 3560 3131 et
3588 3077 3730 3133 desi-

2133 3157 2274 3213 deria
2312 3160 2474 3214 multa
2516 3167 2565 3215 et
2609 3161 2763 3216 noxia
2788 3178 2808 3217 :
2836 3146 3066 3219 voiendo
3106 3164 3222 3221 fieri
3242 3205 3258 3232 ,
3289 3180 3398 3223 non
3422 3169 3729 3227 existeudo.

2133 3254 2258 3310 ideo
2286 3255 2389 3320 ait,
2418 3254 2686 3311 desideria.
2715 3255 3047 3313 Desiderium
3073 3266 3156 3315 est
3179 3259 3324 3315 enim
3370 3260 3427 3315 in
3471 3260 3691 3320 homine
3710 3306 3730 3332 ,

2132 3359 2239 3414 quo
2262 3345 2373 3399 vult
2399 3346 2699 3414 pervenire.
2724 3345 2858 3402 Nam
2886 3363 3047 3403 nemo
3074 3348 3344 3405 desiderat
3369 3351 3513 3423 quod
3543 3353 3729 3410 habet.

2132 3433 2443 3491 Insatiabilis
2470 3437 2789 3507 estquidem
2831 3439 3085 3505 avaritia;
3129 3456 3227 3498 nec
3274 3449 3452 3498 tamen
3493 3444 3549 3499 in
3596 3444 3731 3516 ipsis

2131 3524 2222 3598 qui
2251 3522 2475 3611 multum
2503 3526 2730 3611 habent,
2777 3518 3098 3587 desiderium
3141 3526 3429 3591 dicendum
3472 3540 3557 3593 est
3606 3539 3731 3611 ejus

2132 3619 2212 3675 rei
2250 3635 2407 3690 quam
2454 3608 2681 3687 habent,
2728 3621 2823 3678 sed
2866 3634 3027 3695 quam
3073 3622 3259 3681 volunt
3298 3626 3517 3686 addere.
3552 3608 3732 3689 Habet

2133 3708 2291 3765 istam
2316 3710 2495 3767 villam
2514 3753 2530 3779 ,
2560 3710 2828 3768 desiderat
2853 3713 3050 3770 habere
3073 3714 3127 3771 et
3154 3708 3296 3772 illam
3316 3730 3474 3789 quam
3497 3734 3604 3776 non
3631 3718 3729 3777 ha-

2132 3798 2260 3872 bet;
2306 3794 2401 3860 sed
2437 3820 2558 3861 cum
2588 3802 2864 3873 habuerit,
2912 3806 3071 3861 aliam
3117 3807 3476 3878 desiderabit;
3504 3827 3611 3867 non
3649 3822 3731 3869 ta-

2132 3913 2257 3954 men
2282 3884 2603 3954 desiderabit
2630 3892 2773 3969 quod
2818 3894 3035 3967 habuit,
3064 3892 3159 3957 sed
3197 3896 3337 3972 quod
3380 3906 3486 3959 non
3518 3904 3727 3963 habuit.

2132 3988 2374 4045 Volendo
2401 3992 2530 4063 ergo
2568 3976 2715 4047 dives
2743 4005 2893 4060 esse,
2924 3984 3196 4049 desiderat
3216 4036 3229 4059 ,
3253 4002 3465 4066 aestuat,
3496 3999 3643 4066 sitit;
3673 4006 3730 4056 et

2134 4087 2385 4151 tanquam
2413 4066 2717 4153 bydropisis
2749 4068 2967 4150 morbo,
2999 4084 3118 4155 plus
3146 4083 3406 4153 bibendo,
3439 4088 3560 4159 plus
3587 4091 3726 4148 sitit.

2133 4160 2264 4228 Mira
2292 4172 2392 4227 ista
2434 4160 2727 4228 similitudo
2763 4182 2846 4229 est
2886 4172 2940 4230 in
2986 4162 3224 4246 corporis
3252 4174 3475 4247 morbo,
3502 4183 3728 4238 omnino

2131 4276 2323 4317 avarus
2352 4261 2406 4316 in
2432 4256 2597 4319 corde
2624 4261 2860 4335 hydrops
2885 4262 2988 4321 est.
3016 4254 3149 4322 Nam
3186 4254 3420 4339 hydrops
3446 4268 3498 4324 in
3523 4270 3691 4329 c'a'r‘ne
3707 4315 3725 4341 ,

2133 4349 2361 4408 humore
2398 4350 2586 4423 plenus
2623 4356 2706 4409 est
2730 4348 2769 4421 ί,
2800 4352 3024 4410 humore
3049 4354 3392 4427 periclitatur,
3420 4368 3475 4415 et
3496 4358 3730 4420 humore

2132 4458 2240 4500 non
2270 4442 2491 4500 satiatur
2517 4463 2531 4499 :
2559 4443 2637 4502 sic
2661 4440 2897 4517 hydrops
2926 4446 2981 4501 ih‘
3007 4446 3189 4513 corde,
3222 4446 3423 4519 quanto
3466 4451 3585 4522 plus
3628 4453 3730 4509 ha-

2131 4522 2251 4601 bet,
2284 4544 2431 4591 tanto
2461 4536 2577 4608 plus
2602 4540 2742 4607 eget.
2770 4532 2992 4607 Quando
3017 4536 3191 4596 minus
3221 4539 3481 4610 habebat,
3513 4544 3728 4602 minora

2131 4616 2383 4696 volebat,
2426 4628 2763 4701 paucioribus
2786 4624 3078 4702 gaudebat,
3111 4634 3319 4706 exiguis
3341 4632 3592 4693 buccellis
3620 4654 3728 4696 ex-

2132 4714 2459 4775 hilarabatur
2487 4720 2654 4799 :_quia
2682 4724 2810 4777 vero
2835 4720 3084 4793 impletus
3109 4726 3192 4780 est
3211 4768 3225 4792 ,
3258 4722 3519 4783 distentus
3546 4728 3731 4786 abun-

2132 4808 2478 4867 dantissimus
2500 4802 2669 4867 facitis
2686 4820 2769 4868 est
2788 4808 3109 4871 hmreditatis
3135 4813 3232 4889 (a).
3255 4816 3501 4885 Quotidie
3544 4818 3688 4877 bibit
3713 4866 3734 4892 ,

2132 4902 2279 4959 venit
2306 4915 2360 4959 et
2386 4902 2515 4958 sitit.
2564 4902 2622 4960 Si
2669 4894 2771 4960 hoc
2820 4892 3068 4972 habebo,
3116 4907 3245 4963 illud
3284 4917 3505 4979 potero;
3533 4926 3737 4982 parum

2133 4992 2389 5071 possum,
2435 4995 2557 5067 quia
2603 4998 2789 5066 parum
2838 4992 3029 5052 habeo.
3080 4995 3213 5054 Cum
3264 5008 3318 5056 et
3363 4998 3465 5056 hoc
3515 5002 3736 5061 habue-

2132 5090 2239 5156 ris,
2294 5086 2416 5163 plus
2463 5080 2629 5146 habes
2655 5087 2794 5147 velle
2835 5109 2849 5145 :
2898 5099 3106 5163 egestas
3144 5096 3295 5149 aucta
3326 5102 3445 5161 est,
3477 5111 3584 5151 non
3632 5114 3739 5169 po-

2134 5180 2318 5239 testas.

2206 5266 2259 5329 7.
2289 5260 2493 5329 Divitiae
2512 5272 2619 5328 sine
2643 5272 2918 5345 cupiditate
2941 5273 2985 5329 si
3016 5270 3278 5345 habentur,
3302 5286 3404 5331 non
3429 5276 3735 5349 culpandus.

2135 5354 2365 5437 Pauperi
2405 5364 2626 5419 cavenda
2663 5365 2913 5436 cupiditas
2951 5364 3261 5420 divitiarum.
3304 5365 3464 5423 Dlvili
3499 5372 3741 5428 cavenda

2134 5454 2386 5525 superbia.
2431 5454 2539 5511 Sed
2565 5470 2671 5511 non
2697 5471 2851 5523 amo,
2880 5456 3081 5527 inquis,
3110 5456 3252 5526 quod
3295 5457 3489 5527 habeo,
3522 5471 3582 5516 ut
3605 5477 3741 5519 sur-

2135 5562 2254 5604 sum
2281 5563 2376 5605 cor
2398 5547 2641 5604 habeam.
2671 5548 2834 5605 Plane
2870 5546 3176 5615 consentio;
3206 5549 3251 5605 st
3276 5556 3383 5606 non
3411 5564 3593 5619 amas,
3626 5571 3735 5625 po-

2138 5647 2244 5695 test
2268 5653 2388 5694 esse
2412 5653 2625 5694 sursum
2652 5650 2746 5694 eor
2774 5649 2944 5695 tuum.
2970 5630 3147 5707 Quare
3169 5641 3315 5697 enim
3344 5655 3450 5698 non
3495 5642 3570 5700 sit
3604 5658 3742 5703 sur.

2201 5771 2318 5833 {Sic
2334 5775 2513 5833 homin
2535 5775 2605 5833 β..
2628 5768 2826 5822 manare
2846 5770 2957 5833 ριιυ
2977 5778 3067 5823 ed.
3130 5779 3187 5821 Mt

2198 5831 2271 5895 (υ)
2294 5831 3047 5898 καθὼιάωεῆιιωάωσω
3076 5834 3349 5890 mutastis.
3410 5844 3473 5892 Ι.
