4108 6336
356 562 365 565 ”
438 550 557 605 sum
587 552 683 603 cor
726 543 995 602 liberum?
1037 542 1141 600 Sed
1173 541 1291 597 Vide
1333 541 1376 596 si
1424 546 1527 596 nou
1572 546 1718 596 amas
1744 581 1759 607 ,
1787 541 1901 611 ipse
1929 538 2025 595 tibi

438 639 670 696 ﬁdeliter
696 639 968 703 renuntia,
1002 648 1107 691 non
1136 651 1164 689 a
1193 646 1277 689 me
1304 638 1615 702 accusatus,
1644 633 1739 689 sed
1775 648 1806 688 a
1849 639 1900 688 te
1944 633 2024 687 iu-

435 734 754 803 tcrrogatus.
784 730 947 786 Plane
968 770 982 797 ,
1030 729 1201 799 inquis
1226 769 1239 794 ,
1285 742 1389 782 non
1421 742 1541 782 amo
1573 745 1585 781 :
1619 727 1769 782 dives
1810 726 2022 797 quidem

432 832 552 880 sum
574 868 589 891 ,
640 812 734 879 sed
779 824 899 893 quia
944 822 1054 893 jam
1105 826 1258 887 sum,
1292 824 1398 874 non
1428 828 1605 875 autem
1635 820 1757 875 volo
1786 835 1904 875 esse
1925 862 1939 887 ,
1968 828 2026 875 ut

434 914 669 970 mcidam
725 916 776 969 in
827 914 1171 969 tentatidnem
1220 916 1274 966 et
1331 912 1611 981 laqueum,
1664 919 1717 966 et
1758 911 2024 966 desideria

430 1007 592 1061 multa
624 1012 678 1061 et
707 1005 859 1060 noxia
884 1046 897 1071 ,
923 1020 1043 1075 qua:
1082 1006 1327 1073 mergunt
1357 1003 1625 1058 hominem
1670 1003 1722 1057 in
1762 1004 2022 1075 perditioa-

428 1116 573 1158 nem.
600 1100 775 1157 Grave
815 1100 1011 1155 malum
1036 1142 1048 1165 ,
1080 1097 1405 1153 horrendum
1430 1138 1443 1164 ,
1475 1096 1827 1168 periculosum
1852 1138 1867 1165 ,
1910 1097 2023 1152 exl-

429 1194 644 1249 tiosum.
677 1193 795 1248 Jam
819 1202 936 1247 sum
959 1231 973 1257 ,
1007 1191 1210 1262 inquis,
1243 1190 1393 1246 dl‘ves
1412 1230 1427 1257 ,
1456 1198 1560 1245 non
1590 1203 1710 1246 esse
1734 1188 1873 1244 volo.
1901 1188 2020 1245 Jam

428 1304 488 1345 es
518 1289 698 1355 dives,
740 1291 847 1358 jam
895 1287 1088 1357 inquis,
1118 1302 1222 1340 non
1253 1300 1372 1340 esse
1399 1287 1498 1341 vis.
1529 1284 1679 1350 Non,
1726 1284 1920 1354 inquis.
1962 1284 2019 1340 Si

427 1392 536 1436 non
566 1394 715 1436 esses
740 1423 754 1447 ,
801 1379 1010 1434 nolles?
1054 1378 1296 1444 Nollem,
1343 1376 1538 1447 inquis.
1581 1377 1700 1432 iam
1734 1391 1868 1447 ergo
1897 1377 2019 1446 quia

425 1484 484 1531 es
508 1518 522 1543 ,
564 1480 621 1532 et
648 1475 866 1529 verbum
895 1473 987 1529 Dei
1017 1482 1067 1529 te
1096 1472 1226 1528 [bris
1256 1471 1471 1527 divitem
1504 1472 1738 1539 invenit,
1772 1471 1912 1525 intus
1938 1469 2019 1525 di-

424 1568 586 1622 vitem
637 1564 795 1631 fecit;
841 1566 1025 1637 accipe
1064 1572 1181 1637 quae
1230 1564 1479 1619 divitibus
1528 1563 1667 1619 dicta
1714 1568 1857 1617 sunt.
1907 1563 2018 1618 Hoc

425 1662 565 1717 enim
595 1661 734 1731 quod
779 1660 862 1714 his
907 1659 1180 1715 dicebatur
1209 1659 1415 1726 verbis,
1466 1658 1615 1713 Nihil
1658 1659 1920 1713 intulimus
1964 1661 2017 1713 in

423 1756 556 1809 hunc
583 1754 857 1820 mundum,
901 1750 988 1807 sed
1030 1768 1118 1808 nec
1161 1757 1361 1824 auferre
1387 1752 1579 1824 aliquid
1606 1769 1910 1824 possumus:
1940 1755 2015 1807 vi-

422 1857 557 1900 ctum
585 1855 630 1900 et
659 1854 995 1917 tegumentum
1022 1845 1285 1912 habentes,
1316 1846 1394 1900 his
1424 1847 1640 1900 contenti
1660 1846 1835 1900 simus.
1876 1843 2015 1899 Nam

418 1939 509 2010 qui
534 1939 706 1992 volunt
731 1938 906 1992 divites
937 1938 1046 1997 ﬁeri
1066 1981 1079 2003 ,
1108 1939 1335 1992 incidunt
1364 1939 1417 1992 in
1455 1938 1777 1992 tentationem
1797 1980 1810 2004 ,
1836 1942 1889 1992 et
1913 1952 2015 1993 cm-

420 2040 554 2087 tcra.
608 2033 708 2099 Qui
749 2032 948 2098 volunt,
997 2030 1199 2101 inquit,
1252 2031 1425 2084 divites
1465 2032 1604 2100 fieri;
1654 2038 1901 2100 tanquam
1946 2030 2014 2087 ad

420 2141 680 2197 pauperes
706 2125 1036 2180 dicebantur.
1080 2122 1205 2178 Hzec
1233 2122 1394 2179 verba
1441 2120 1681 2194 Apostoli
1728 2139 2011 2193 pauperem

419 2224 472 2275 te
503 2216 858 2274 invenerunt?
903 2218 994 2273 Dic
1020 2217 1108 2272 illa
1134 2259 1147 2279 ,
1178 2225 1231 2271 et
1259 2216 1405 2271 dives
1432 2231 1490 2271 es
1520 2233 1532 2270 :
1563 2216 1649 2271 dic
1676 2216 1728 2270 in
1754 2216 1917 2271 corde
1946 2231 2013 2271 ex

416 2314 618 2380 corde,
650 2310 791 2367 Nihil
834 2304 989 2366 intuli
1037 2312 1089 2366 in
1135 2311 1274 2366 lnmc
1319 2307 1606 2378 mundum,
1657 2310 1751 2365 sed
1788 2326 1886 2365 nec
1914 2324 2011 2364 au-

416 2406 559 2461 ferre
586 2404 781 2475 aliquid
812 2410 1025 2475 pessum
1059 2422 1071 2458 :
1101 2404 1294 2457 victum
1316 2410 1369 2456 et
1397 2410 1757 2472 tegumentum
1785 2401 2007 2469 habens,

418 2497 502 2552 his
526 2502 804 2551 contentus
832 2500 969 2548 sum.
1002 2492 1133 2549 Nam
1184 2495 1228 2547 si
1276 2494 1494 2548 voluero
1520 2492 1666 2549 dives
1695 2492 1806 2547 ﬁeri
1827 2535 1841 2559 ,
1876 2492 2010 2547 inci-

416 2589 535 2644 dam
566 2589 618 2643 in
648 2589 991 2643 tcutationem
1019 2595 1073 2641 ct
1098 2585 1362 2655 laqueum.
1395 2586 1487 2640 Die
1510 2627 1524 2653 ,
1557 2594 1612 2640 et
1640 2586 1871 2642 coasiste
1921 2586 2009 2641 ubi

417 2685 667 2737 inventus
695 2695 773 2737 es.
821 2678 937 2735 Noli
984 2689 1035 2736 te
1083 2682 1317 2736 inserere
1365 2679 1637 2736 doloribus
1683 2681 1898 2747 multis;
1941 2686 2010 2738 ne

414 2790 533 2833 cum
565 2778 796 2833 volueris
829 2788 878 2831 te
905 2786 1118 2840 ettuerc,
1150 2775 1383 2830 lanieris.
1417 2774 1522 2831 Sed
1566 2775 1715 2831 dives
1762 2777 2009 2832 inventus

417 2873 517 2927 es?
545 2872 679 2927 Sunt
699 2876 751 2925 et
799 2870 898 2925 alia
930 2869 1121 2935 verba,
1153 2884 1270 2939 qum
1299 2871 1584 2923 recitemus
1615 2886 1628 2924 :
1676 2880 1781 2923 non
1827 2869 2007 2925 existi-

413 2974 523 3021 met
545 2965 611 3020 ad
642 2981 699 3020 se
730 2958 862 3018 nihil
898 2962 1097 3017 dictum
1125 2962 1215 3033 qui
1240 2956 1387 3017 dives
1416 2962 1660 3017 inventus
1686 2968 1786 3017 est.
1818 2960 2004 3017 Eidem

413 3055 693 3111 Timotheo
723 3055 880 3121 dicit,
916 3053 1088 3109 eidem
1134 3054 1420 3123 Apostolus
1450 3053 1609 3118 dicit,
1656 3053 1749 3109 sed
1786 3055 2007 3124 pauperi

410 3148 537 3203 dicit
560 3146 841 3202 Timotheo
869 3165 880 3200 :
914 3145 1225 3200 Timotheus
1254 3146 1395 3200 enim
1443 3160 1644 3215 pauper
1668 3153 1816 3212 erat,
1869 3148 2009 3203 sicut

411 3240 624 3294 Paulus.
657 3237 793 3307 Quid
815 3254 940 3309 ergo
967 3238 1250 3293 Timotheo
1275 3236 1342 3292 de
1380 3236 1482 3292 hoc
1507 3237 1749 3293 dicturus
1778 3248 1880 3305 est,
1911 3240 2008 3294 ho-

411 3333 537 3386 mini
568 3332 816 3403 pauperi,
844 3332 983 3401 quod
1017 3332 1279 3400 pertineat
1304 3330 1372 3385 ad
1406 3346 1499 3385 eos
1531 3330 1622 3401 qui
1652 3331 1851 3386 inventi
1882 3342 2005 3387 sunt

408 3426 640 3482 divites?
670 3426 806 3481 Audi
842 3425 1015 3495 quid:
1047 3424 1307 3497 Prwcipe,
1355 3426 1556 3495 inquit,
1590 3428 1821 3483 divitibus
1852 3430 2005 3501 hujus

411 3520 587 3575 mundi
614 3536 632 3574 :
657 3520 777 3590 quia
808 3528 929 3572 sunt
967 3522 1021 3572 et
1062 3517 1253 3572 divites
1286 3517 1410 3582 Dei;
1442 3526 1494 3572 et
1523 3521 1631 3573 veri
1676 3522 1864 3577 divites
1896 3538 2003 3579 non

408 3622 534 3668 sunt
562 3600 660 3665 nisi
688 3612 879 3665 divites
907 3609 1035 3675 Dei,
1065 3610 1232 3680 qualis
1258 3619 1372 3665 erat
1401 3613 1512 3679 ipSe
1544 3612 1766 3678 Paulus,
1796 3616 1884 3683 qui
1907 3616 1999 3681 ait,

408 3705 521 3775 Ego
545 3704 677 3757 enim
705 3704 721 3734 ί
751 3703 907 3756 didici
934 3705 984 3756 in
1016 3702 1190 3773 quibus
1214 3720 1323 3757 sum
1347 3704 1593 3773 sufﬁciens
1614 3722 1717 3759 esse
1743 3705 1999 3777 (Philipp.

406 3815 478 3863 tv,
510 3798 620 3869 Η).
641 3799 813 3851 Avuro
842 3807 1019 3852 autem
1049 3813 1153 3851 non
1177 3797 1390 3851 sul'licit.
1423 3798 1562 3867 Ergo
1583 3839 1597 3863 ,
1633 3797 1895 3868 Prtecipe,
1924 3801 2002 3854 in-

407 3893 554 3963 quit,
591 3892 825 3945 divitibus
856 3892 1008 3960 hujus
1036 3891 1242 3943 mundi.
1276 3890 1413 3957 Quid
1443 3892 1520 3945 eis
1564 3890 1781 3946 dicam?
1826 3891 2000 3949 Nolite

408 3984 541 4039 velle
570 4000 688 4039 esse
712 3982 941 4037 divites?
981 3982 1096 4037 Jam
1127 3982 1318 4037 divites
1361 3982 1560 4037 inventi
1590 3992 1712 4037 sunt
1741 3999 1754 4036 :
1784 3985 2000 4039 audiant

408 4076 544 4147 quod
577 4076 641 4130 ad
668 4092 761 4130 eos
787 4075 985 4130 dictum
1016 4084 1130 4140 est,
1158 4075 1249 4128 ubi
1280 4085 1438 4145 caput
1480 4083 1596 4143 est,
1642 4093 1742 4129 non
1788 4077 1999 4146 superbe

407 4184 598 4236 sapere.
630 4167 817 4221 Adhuc
863 4166 1127 4221 habentur
1154 4166 1387 4233 divitiae,
1435 4168 1765 4237 multumque
1806 4183 1996 4223 aman-

408 4269 511 4316 tur.
542 4261 705 4317 Nidus
733 4261 997 4332 colligitur
1034 4260 1297 4330 superbiae
1319 4299 1338 4329 ,
1359 4260 1449 4316 ubi
1495 4262 1759 4316 nutriatur
1796 4272 1850 4317 et
1876 4278 1996 4318 cre-

405 4362 545 4418 scat;
586 4351 727 4422 quod
772 4352 921 4423 pejus
952 4361 1067 4418 est,
1112 4367 1220 4406 non
1264 4353 1438 4419 volet,
1470 4344 1563 4407 sed
1592 4362 1820 4409 maneat.
1858 4355 1997 4425 Ergo

404 4455 525 4503 ante
549 4447 723 4502 omnia
745 4487 760 4510 ,
794 4463 895 4501 non
923 4446 1135 4518 superbe
1162 4463 1356 4518 sapere.
1389 4446 1459 4503 Ut
1482 4447 1772 4519 intelligat,
1800 4451 1992 4519 sapiat,

402 4540 600 4610 cogitet
624 4554 681 4593 se
706 4541 1003 4603 mortalem,
1032 4548 1086 4594 et
1112 4540 1361 4594 mortales
1388 4555 1651 4610 pauperes
1681 4556 1853 4611 pares.
1873 4544 1996 4598 Am-

402 4631 498 4687 bos
516 4633 661 4687 enim
687 4640 824 4686 terra
852 4632 1022 4686 nudos
1046 4632 1291 4703 excepit,
1312 4632 1500 4687 ambos
1524 4642 1800 4702 exspectat
1826 4649 1991 4705 mors,

402 4726 586 4781 ambos
629 4740 734 4780 non
782 4726 931 4780 timet
976 4724 1162 4781 febris.
1216 4727 1386 4781 liabet
1423 4742 1540 4781 eam
1582 4744 1781 4798 pauper
1824 4738 1995 4787 strato

400 4827 617 4873 terreno
635 4854 650 4885 ,
679 4817 772 4871 sed
795 4832 891 4872 nec
915 4817 1063 4872 dives
1083 4834 1203 4873 eam
1231 4819 1532 4873 venientem
1558 4819 1698 4876 lecto
1718 4830 1884 4881 terret
1908 4837 1997 4877 ar-

400 4919 612 4980 genteo.
646 4910 786 4979 Ergo
806 4949 821 4974 ,
859 4910 1089 4979 Prwcipe
1109 4910 1261 4981 hujus
1280 4911 1460 4965 mundi
1484 4912 1749 4981 divitibus,
1778 4932 1880 4969 non
1910 4930 1996 4969 slt-

398 5002 763 5074 perbesapere.
791 5004 1097 5073 Agnoscant
1136 5016 1396 5072 pauperes
1422 5018 1548 5058 suos
1580 5005 1655 5075 (α)
1690 5024 1702 5058 :
1734 5022 1997 5075 pauperes

398 5095 640 5152 homines
667 5104 791 5151 sunt
813 5106 863 5151 et
887 5096 1132 5151 homines
1152 5113 1166 5160 ;
1185 5096 1459 5152 dissimilis
1487 5098 1667 5166 vestis,
1687 5099 1780 5155 sed
1811 5100 1998 5156 similis

394 5193 533 5247 cutis
572 5210 585 5246 :
613 5200 667 5247 et
696 5192 740 5246 si
768 5190 920 5246 dives
956 5198 1202 5245 mortuus
1228 5191 1479 5246 conditur
1518 5193 1867 5262 aromatibus,
1891 5210 1997 5250 non

397 5285 497 5337 erit
526 5284 667 5337 nulla
691 5282 937 5354 putredo,
960 5282 1053 5337 sed
1071 5296 1224 5349 sera;
1258 5282 1430 5338 serius
1450 5285 1721 5354 putrescit,
1744 5286 2000 5356 numquid

395 5391 501 5429 non
536 5373 831 5444 putrescit?
864 5372 971 5429 Sed
1014 5387 1306 5444 ponamus,
1336 5390 1441 5430 non
1462 5373 1620 5429 ambo
1646 5385 1952 5444 putrescant
1977 5390 1999 5436 ε

400 5482 575 5537 tamen
599 5482 706 5522 non
728 5466 885 5522 ambo
910 5480 1018 5522 non
1038 5466 1312 5521 sentient?
1337 5466 1568 5537 Preecipe
1588 5466 1823 5522 divitibus
1849 5469 2000 5541 hujus

403 5559 583 5614 mundi
623 5577 726 5615 non
752 5560 965 5631 superbe
1006 5577 1201 5632 sapere.
1244 5550 1361 5615 Non
1404 5562 1632 5631 superbe
1674 5562 1914 5633 sapiant;
1946 5573 2002 5620 et

464 5678 480 5709 ι
510 5675 650 5743 editi,
673 5682 719 5727 et
742 5676 851 5743 veri
867 5675 1051 5743 ditites.
1081 5682 1180 5743 Νοη
1199 5675 1285 5738 ait,
1318 5685 1415 5743 Ego
1442 5676 1587 5739 enim,
1608 5682 1702 5727 etc.
1729 5683 1900 5728 Locum
1920 5691 2002 5730 re-

401 5741 648 5789 stituimus
671 5753 736 5789 ex
759 5741 899 5789 Beda:
916 5739 1225 5790 Collectioae.

315 5854 321 5861 ,
459 5803 532 5863 (a)
556 5800 718 5861 Morel,
740 5801 981 5852 Eiement.
1000 5803 1177 5861 Critic.,
1202 5814 1311 5865 pag.
1335 5800 1444 5864 9.84,
1463 5803 1709 5866 existimat
1729 5796 2001 5866 legendum

397 5876 510 5912 esse
540 5878 550 5911 :
578 5870 838 5937 agnoscat!
872 5864 1281 5937 pauperes-pares
1304 5877 1413 5920 suos
1443 5864 1873 5934 :‘cujuslectiohis
1904 5882 2003 5922 non

394 5926 623 5980 rationes
633 5927 718 5982 dat
734 5926 1049 5983 suﬁcientes.
1111 5926 1172 5981 It.

1778 420 2004 482 διεκΜο
2038 408 2342 482 CLXXVII.

3622 434 3729 498 958

2134 554 2258 595 vere
2278 540 2409 597 tales
2425 552 2597 611 erunt,
2619 547 2801 617 quales
2818 547 2984 606 videri
3006 556 3126 606 esse
3151 550 3365 620 volunt;
3398 551 3514 608 sine
3537 568 3723 612 amore

2136 634 2516 704 possidebunt,
2547 654 2651 694 non
2683 642 3116 711 possidebuutur.

2205 727 2259 783 8.
2304 727 2435 799 Spes
2480 730 2535 783 in
2582 731 2766 788 divitiis
2806 744 2907 789 non
2953 734 3204 806 ponenda.
3240 737 3371 793 Frui
3396 746 3442 793 et
3470 739 3563 793 uti.
3616 740 3724 798 Sed

2132 835 2253 891 qua:
2278 832 2568 892 sequantur
2593 825 2712 882 vide
2741 844 2754 879 :
2788 827 2909 883 Non
2934 830 3145 902 superbe
3174 849 3349 904 sapere
3367 876 3379 900 ,
3425 850 3582 903 neque
3614 852 3729 906 spe-

2129 920 2246 967 rare
2268 914 2320 967 in
2356 914 2545 969 incerto
2565 916 2872 973 divitiarum.
2901 921 3061 977 Amas
3084 938 3305 991 aurum;
3338 926 3436 992 fac,
3465 928 3508 981 si
3540 937 3722 997 potes,

2131 1010 2335 1061 certum
2359 1050 2373 1075 ,
2407 1014 2593 1064 utnon
2626 1012 2814 1067 timeas
2853 1014 3119 1069 amittere.
3164 1014 3512 1088 Congregasti
3551 1019 3722 1074 facul-

2132 1104 2327 1166 tatem;
2359 1101 2422 1154 da
2450 1100 2545 1157 tibi
2576 1105 2615 1172 ί,
2641 1105 2683 1159 si
2716 1115 2893 1177 potes,
2925 1111 3284 1166 securitatem.
3316 1111 3495 1185 Neque
3520 1132 3725 1191 sperare

2127 1190 2180 1245 in
2204 1192 2391 1248 incerto
2419 1195 2726 1251 divitiarum.
2751 1199 2900 1255 Tolle
2924 1201 3047 1257 inde
3075 1218 3224 1274 spem
3246 1247 3258 1271 ,
3289 1203 3377 1259 ubi
3407 1190 3584 1262 ﬁxisti.
3612 1207 3723 1264 Sed

2126 1284 2178 1337 in
2208 1284 2317 1340 Deo
2358 1288 2486 1342 vivo.
2520 1278 2594 1344 lbi
2645 1292 2743 1361 ﬁge
2782 1304 2954 1364 spem,
2985 1294 3055 1349 ibi
3088 1298 3377 1353 anchoram
3404 1302 3581 1356 cordis
3610 1303 3721 1370 tui,

2125 1384 2184 1431 ut
2228 1387 2515 1451 tempestas
2554 1385 2731 1439 Saeculi
2772 1400 2877 1441 non
2919 1392 2970 1442 te
3010 1387 3133 1444 inde
3170 1390 3449 1463 abrumpat
3480 1411 3491 1446 :
3521 1395 3572 1447 in
3612 1393 3722 1449 Deo

2124 1475 2253 1544 vivo,
2284 1478 2368 1545 qui
2394 1489 2596 1547 prastat
2626 1481 2767 1536 nobis
2811 1483 2979 1536 omnia
3009 1483 3207 1539 abunde
3232 1485 3298 1539 ad
3342 1487 3632 1557 fruendum.
3664 1488 3721 1545 Si

2124 1570 2328 1635 omnia,
2356 1580 2555 1639 quanto
2582 1573 2746 1641 magis
2774 1572 2868 1628 se?
2918 1575 2982 1629 Et
3028 1591 3153 1631 vere
3197 1575 3263 1631 ad
3302 1576 3581 1634 fruendum
3608 1580 3721 1649 ipse

2124 1659 2279 1713 nobis
2307 1662 2407 1716 crit
2436 1664 2633 1718 omnia.
2663 1660 2795 1720 Nam
2823 1680 2927 1722 non
2960 1667 3091 1722 mihi
3122 1666 3332 1724 videtur
3355 1669 3550 1727 dictum
3570 1714 3585 1740 ,
3622 1674 3721 1741 Qui

2123 1750 2260 1805 dedit
2296 1754 2437 1808 nobis
2482 1757 2651 1811 omnia
2688 1758 3001 1814 abundanter
3046 1761 3114 1814 ad
3163 1762 3470 1831 fruendum,
3517 1765 3617 1819 nisi
3661 1782 3721 1822 se

2124 1842 2318 1913 ipsum.
2352 1844 2573 1902 Videtur
2616 1850 2757 1903 enim
2804 1846 2943 1906 aliud
2973 1866 3090 1908 esse
3121 1854 3229 1920 uti,
3263 1854 3404 1909 aliud
3435 1854 3558 1909 frui.
3604 1856 3717 1912 Uti-

2122 1949 2243 1989 mur
2270 1936 2411 1991 enim
2461 1954 2555 2008 pro
2597 1943 2949 2009 necessitate,
2998 1943 3221 2000 fruimur
3249 1948 3715 2018 projucunditate.

2122 2021 2264 2097 Ergo
2294 2028 2393 2084 ista
2422 2031 2732 2101 temporalia
2760 2034 2905 2089 dedit
2930 2035 2995 2090 ad
3027 2036 3311 2105 utendum,
3355 2055 3412 2094 se
3440 2040 3507 2095 ad
3536 2040 3718 2096 fruen-

2119 2117 2267 2175 dum.
2298 2121 2354 2177 Si
2384 2139 2511 2193 ergo
2552 2140 2639 2189 se,
2672 2136 2835 2195 quare
2875 2126 3073 2183 dictum
3103 2138 3184 2184 est
3215 2131 3416 2194 omnia,
3451 2132 3550 2186 nisi
3594 2134 3719 2202 quia

2119 2214 2377 2285 scriptum
2404 2226 2485 2272 cst
2503 2259 2515 2282 ,
2547 2212 2615 2273 Ut
2634 2219 2698 2273 sit
2722 2217 2858 2274 Deus
2887 2222 3054 2275 omnia
3080 2223 3132 2275 in
3157 2224 3385 2277 omnibus
3410 2224 3450 2295 (Ι
3476 2223 3591 2279 Cor.
3626 2241 3714 2294 xv,

2118 2302 2252 2377 ‘28)?
2300 2306 2439 2378 Ergo
2484 2307 2556 2364 ibl
2592 2324 2684 2365 cor
2713 2311 2780 2367 ad
2828 2312 3140 2383 fruendum,
3170 2324 3226 2369 ut
3254 2317 3320 2370 sit
3362 2332 3570 2372 sursum
3602 2334 3714 2377 cor.

2118 2398 2280 2454 Solve
2312 2409 2362 2457 te
2403 2401 2559 2470 hinc,
2595 2404 2689 2459 sed
2717 2404 2872 2477 alliga
2901 2406 2969 2462 ibi
3002 2425 3014 2461 :
3051 2408 3403 2478 periculosum
3431 2418 3513 2465 est
3544 2411 3634 2467 tibi
3662 2411 3717 2467 in

2118 2489 2201 2545 his
2229 2494 2609 2550 tentationibns
2639 2498 2753 2552 sine
2774 2498 2987 2554 vinculo
3020 2516 3319 2557 remanere.

2188 2578 2241 2638 9.
2298 2583 2509 2641 Homini
2551 2590 2728 2659 suﬁicit
2772 2590 2908 2645 solus
2954 2591 3113 2647 Deus.
3156 2591 3394 2650 Avaritia:
3446 2614 3634 2652 crimen
3671 2606 3718 2653 et

2118 2691 2360 2745 pwna.—
2377 2678 2498 2733 Non
2526 2686 2730 2749 sperare
2755 2682 2808 2736 in
2828 2683 3016 2738 incerto
3037 2685 3323 2740 divitiarum
3353 2703 3371 2741 :
3402 2704 3506 2743 non
3538 2697 3718 2745 tamen

2116 2778 2412 2839 nusquam;
2445 2771 2532 2825 sed
2570 2773 2621 2825 in
2675 2764 2776 2827 Deo
2806 2775 2914 2829 vivo
2936 2817 2950 2841 ,
2998 2776 3082 2845 qui
3128 2786 3333 2847 praestat
3368 2780 3509 2833 nobis
3546 2781 3718 2835 omnia

2115 2863 2429 2917 abundanter
2452 2864 2520 2918 ad
2545 2864 2837 2936 fruendum.
2877 2867 3013 2937 Quid
3046 2878 3149 2925 tam
3173 2871 3351 2926 omnia
3374 2915 3387 2937 ,
3422 2890 3581 2944 quam
3621 2875 3713 2946 qui

2115 2955 2239 3011 fecit
2265 2958 2478 3011 omnia?
2524 2956 2639 3014 Non
2683 2963 2825 3016 enim
2868 2962 2933 3017 ab
2964 2964 3051 3017 illo
3094 2965 3281 3021 ﬁerent
3331 2964 3446 3021 hmc
3500 2967 3713 3036 omnia,

2116 3049 2216 3103 nisi
2243 3065 2303 3102 ea
2332 3059 2531 3104 nosset.
2561 3052 2692 3118 Quis
2723 3052 2918 3110 audeat
2961 3052 3169 3123 dicere,
3203 3052 3315 3113 lloc
3358 3057 3483 3113 fecit
3529 3059 3670 3114 Deus
3690 3100 3706 3127 ,

2113 3140 2253 3210 quod
2282 3156 2384 3196 non
2416 3144 2671 3197 noverat?
2701 3145 2853 3211 Quod
2886 3155 3106 3203 noverat
3136 3146 3281 3203 fecit.
3308 3144 3553 3209 llabcbat
3580 3165 3710 3221 ergo

2112 3236 2394 3301 antequam
2446 3232 2571 3287 fecit
2630 3252 2642 3288 :
2695 3230 2788 3290 sed
2841 3235 3068 3292 habebat
3124 3239 3295 3306 miris,
3327 3242 3535 3311 modis,
3602 3260 3717 3300 non

2112 3323 2250 3377 sicut
2278 3323 2431 3391 iecit,
2482 3334 2538 3380 ut
2582 3324 2706 3381 fecit
2764 3331 3074 3400 temporalia
3117 3340 3171 3387 et
3222 3334 3583 3401 transeuntia,
3615 3335 3714 3392 sed

2112 3415 2249 3470 sicut
2290 3408 2415 3471 facit
2459 3418 2667 3473 artifex.
2698 3417 2869 3475 Habet
2913 3421 3053 3478 intus
3084 3416 3225 3495 quod
3272 3434 3526 3496 operatur
3554 3427 3704 3484 foris.

2112 3507 2185 3561 lbi
2232 3523 2358 3578 ergo
2407 3518 2529 3564 sunt
2581 3512 2754 3565 omnia
2781 3512 3067 3583 praecipua,
3116 3510 3465 3585 immortalia,
3520 3518 3713 3576 indeﬁ-

2111 3598 2303 3653 cientia
2331 3641 2345 3665 ,
2378 3603 2775 3668 permanentia,
2827 3614 2880 3659 et
2923 3604 3035 3675 ipse
3084 3604 3223 3662 Deus
3270 3610 3449 3665 omnia
3491 3610 3545 3666 in
3587 3627 3703 3667 om-

2110 3694 2305 3747 nibus:
2340 3692 2431 3748 sed
2465 3698 2663 3750 sanctis
2693 3696 2801 3753 suis
2836 3694 2950 3769 ipse
2977 3700 3078 3753 erit
3106 3701 3284 3755 omnia
3339 3703 3390 3757 iu
3437 3704 3708 3761 omnibus.

2108 3785 2227 3853 Ipse
2278 3803 2404 3855 ergo
2465 3787 2694 3857 sufﬁcit,
2742 3791 2887 3845 solus
2944 3791 3171 3860 sufﬁcit,
3225 3794 3294 3850 de
3348 3811 3454 3865 quo
3499 3797 3701 3852 dictum

2108 3886 2218 3943 est,
2278 3878 2497 3933 Ostende
2542 3878 2682 3935 nobis
2734 3881 2971 3951 Patrem,
3026 3890 3073 3939 et
3118 3884 3298 3957 stt/ﬁcit
3348 3888 3509 3942 nobis.
3560 3888 3704 3957 Sed,

2111 3967 2275 4024 Tanto
2293 4014 2306 4037 ,
2335 3970 2537 4039 inquit,
2573 3981 2793 4043 tempore
2813 3975 3065 4030 vobiscum
3090 3994 3203 4030 sum
3226 4019 3241 4045 ,
3270 3987 3316 4032 et
3344 3996 3444 4033 non
3466 3984 3709 4051 cognovi-

2106 4062 2197 4115 stis
2226 4064 2343 4117 me?
2384 4064 2483 4129 Qui
2511 4081 2587 4118 me
2627 4066 2782 4133 vidit,
2810 4076 2855 4121 et
2890 4060 3095 4124 Patrem
3122 4068 3243 4124 vidit
3273 4066 3451 4142 (Joan.
3484 4090 3605 4142 xw,
3638 4074 3670 4130 8
3691 4116 3707 4143 ,

2105 4152 2185 4224 9).
2216 4153 2405 4209 Omnia
2439 4156 2580 4211 Deus
2610 4154 2768 4213 Pater
2804 4168 2853 4215 et
2888 4160 3054 4216 Filius
3096 4170 3149 4218 et
3188 4162 3420 4235 Spiritus
3469 4177 3706 4223 sanctus.

2103 4240 2293 4302 Merito
2321 4248 2466 4304 solus
2493 4248 2705 4306 sufficit.
2734 4252 2791 4308 Si
2820 4254 2966 4308 avari
2994 4270 3177 4311 sumus
3196 4299 3209 4323 ,
3240 4258 3409 4327 ipsum
3441 4275 3706 4316 amemus.

2103 4342 2160 4398 Si
2190 4357 2319 4413 opes
2373 4344 2739 4402 desideramus
2764 4389 2778 4414 ,
2829 4350 2973 4404 solus
3017 4366 3114 4407 nos
3156 4352 3350 4408 satiare
3390 4357 3586 4424 poterit
3640 4354 3708 4411 de

2103 4450 2212 4505 quo
2236 4436 2434 4490 dictum
2461 4446 2574 4504 est,
2620 4438 2716 4506 Qui
2756 4442 2907 4495 satiat
2949 4442 3003 4496 in
3044 4441 3185 4499 bonis
3229 4445 3531 4501 desiderium
3562 4456 3704 4501 tuum

2106 4525 2277 4599 (Psal.
2310 4543 2408 4595 cn,
2439 4528 2513 4597 5).
2538 4528 2649 4584 lioe
2679 4531 3067 4601 peccatorinon
3092 4534 3327 4591 sufﬁcit?
3354 4535 3702 4604 hoctautum,

2104 4624 2213 4671 tam
2258 4630 2510 4687 magnum
2556 4617 2753 4675 bonum
2786 4624 3050 4692 peccatori
3080 4641 3183 4681 non
3215 4625 3442 4681 sufﬁcit?
3468 4628 3704 4683 Volendo

2104 4708 2306 4765 habere
2334 4712 2515 4766 omnia
2539 4754 2552 4779 ,
2586 4713 2705 4783 plus
2733 4714 2963 4784 perdidit
2989 4716 3165 4771 omnia
3197 4737 3208 4770 :
3242 4719 3363 4787 quia
3384 4761 3398 4785 ,
3430 4717 3601 4773 Radix
3624 4727 3703 4773 est

2105 4806 2328 4859 omnium
2348 4804 2598 4859 malorum
2617 4807 2848 4860 avaritia.
2874 4804 3056 4863 Merito
3078 4824 3170 4879 per
3193 4809 3503 4879 pr0phetam
3536 4811 3717 4868 inere—

2106 4900 2198 4964 pat
2242 4893 2435 4949 animai
2486 4897 2767 4964 peccatrici
2807 4906 2860 4952 et
2904 4913 2933 4951 a
2981 4913 3037 4953 se
3086 4896 3397 4967 iornicanti,
3433 4912 3485 4956 et
3512 4902 3642 4958 dicit
3684 4922 3700 4961 :

2109 4986 2445 5054 Existimasti,
2464 4990 2508 5043 si
2532 5006 2563 5042 a
2584 5006 2661 5043 me
2689 4990 2989 5057 discedet-cs,
3015 4993 3208 5063 aliquid
3234 5003 3281 5047 te
3307 4996 3525 5064 amplius
3552 4996 3698 5050 habi-

2108 5085 2294 5131 turam.
2316 5077 2419 5134 Sed
2448 5080 2713 5149 quomodo
2742 5081 2829 5136 ille
2852 5080 2988 5136 ﬁlius
3009 5084 3204 5151 minor,
3235 5100 3361 5140 ecce
3392 5102 3580 5156 porcos
3608 5104 3703 5158 pa-

2106 5168 2231 5223 visti
2277 5167 2423 5242 (Luc.
2460 5187 2562 5238 xv,
2616 5170 2705 5246 15)
2751 5190 2763 5224 :
2813 5188 2938 5228 ecce
2987 5175 3165 5229 omnia
3216 5177 3524 5246 perdidisti;
3577 5196 3703 5236 ecce

2108 5274 2271 5332 egens
2292 5264 2684 5328 remansisti,et
2708 5279 2829 5346 sero
2856 5264 3029 5321 fessus
3060 5266 3264 5323 redisti.
3306 5264 3421 5324 Jam
3463 5271 3698 5343 intelligo

2109 5352 2229 5421 quia
2271 5352 2324 5407 id
2365 5352 2505 5424 quod
2540 5355 2632 5410 tibi
2674 5365 2823 5426 pater
2849 5354 3035 5426 dabat,
3070 5360 3230 5413 tutius
3270 5360 3382 5431 ipse
3426 5363 3697 5419 servabat.

2109 5443 2456 5511 Existimasti,
2485 5447 2577 5499 sia
2602 5464 2681 5501 me
2709 5450 2992 5504 recessisses
3010 5493 3026 5517 ,
3051 5450 3244 5521 aliquid
3281 5455 3500 5525 Mplius
3526 5465 3571 5509 te
3601 5456 3699 5510 ha-

2108 5537 2343 5592 bituram.
2373 5537 2417 5594 Ο
2444 5540 2617 5594 anima
2658 5542 2922 5611 peccatrix
2970 5554 3023 5601 et
3068 5544 3281 5615 impleta
3329 5545 3699 5606 fornicationi-
3756 5538 3759 5541 ’

2106 5628 2208 5684 bus
2231 5671 2245 5695 ,
2274 5628 2411 5685 facta
2443 5632 2639 5700 turpis,
2668 5632 2803 5689 facta
2833 5634 3071 5705 decolor,
3119 5635 3256 5693 facta
3300 5638 3575 5697 immunda
3597 5682 3615 5707 ,
3642 5649 3698 5696 et

2109 5722 2185 5777 sic
2210 5729 2382 5776 amata
2406 5721 2419 5774 ε
2454 5722 2585 5778 Redi
2616 5738 2745 5796 ergo
2772 5725 2838 5781 ad
2881 5726 3161 5799 puleiirum
3187 5774 3201 5799 ,
3227 5742 3283 5786 ut
3303 5730 3372 5787 ad
3395 5733 3693 5804 pulchritu-

2108 5813 2284 5870 dinem
2313 5814 2501 5870 redeas
2532 5834 2545 5871 :
2575 5818 2724 5889 redi,
2756 5829 2811 5878 et
2834 5821 2919 5879 dic
2942 5824 3017 5881 iiii
3043 5826 3132 5897 qui
3160 5826 3256 5884 Vibi
3280 5827 3427 5885 soils
3450 5826 3644 5886 sufﬁcit
3664 5842 3697 5912 ι⁸

2133 5930 2586 6001 θιω²ίπᾱω’
