4108 6336
392 398 497 460 959

398 516 679 575 Perdidisti
703 529 900 570 omnem
923 512 1011 585 qui
1031 511 1309 585 fornicatur
1336 508 1425 565 abs
1450 518 1516 564 te.
1549 507 1682 576 Quid
1710 521 1839 577 ergo
1866 503 1979 560 suf-

399 610 510 665 ﬁcit
528 651 542 675 ,
570 607 673 663 nisi
697 605 840 676 quod
859 605 1117 675 sequitur,
1141 602 1273 657 Mihi
1293 612 1457 656 autem
1486 601 1742 655 adluat-ere
1764 599 1874 654 Deo
1905 599 1983 654 bo-

403 716 524 754 num
552 709 623 753 est
652 696 822 772 (Psal.
848 712 1020 761 Lxxu,
1044 694 1137 762 27,
1168 694 1299 765 28)?
1323 694 1461 763 Ergo
1488 708 1695 747 sursum
1736 706 1850 753 cor,
1875 704 1983 744 non

397 791 451 847 in
481 798 641 855 terra,
670 803 775 844 non
804 788 856 842 in
881 786 1287 842 mendacissimo
1315 786 1330 816 ¹
1356 783 1631 850 thesauro,
1660 798 1763 839 non
1791 781 1984 836 inloco

401 879 717 951 putredinis.
760 878 933 933 Radix
968 886 1040 932 est
1063 877 1195 931 enim
1226 875 1447 931 omnium
1474 875 1724 930 malorum
1748 873 1981 927 avaritia.

400 972 471 1028 Et
506 973 562 1027 in
609 972 726 1042 ipso
772 970 941 1026 Adam
988 969 1140 1024 radix
1178 969 1415 1024 omnium
1462 967 1722 1022 malorum
1764 964 1984 1019 avaritia

398 1064 517 1121 fuit.
550 1063 677 1119 Plus
696 1062 839 1119 enim
866 1060 1066 1128 voluit,
1116 1075 1274 1131 quam
1301 1059 1536 1129 accepit,
1576 1056 1697 1129 quia
1741 1056 1883 1111 Deus
1908 1054 1985 1109 illi

399 1173 505 1214 non
532 1149 759 1213 sbilecit.

474 1250 562 1304 10.
585 1246 789 1303 Divitiae
798 1247 896 1318 piis
912 1245 1143 1317 aperibus
1163 1243 1527 1315 impendenda.
1554 1242 1755 1297 Dimtiis
1774 1242 1987 1296 emenda

407 1355 525 1393 vera
549 1339 670 1392 vita.
715 1337 853 1406 Quid
883 1352 1011 1409 ergo
1050 1337 1123 1393 sis
1160 1336 1396 1392 facturus
1421 1352 1487 1392 ex
1513 1336 1597 1390 his
1639 1351 1757 1407 qua:
1795 1334 1982 1402 babes,

406 1430 574 1496 dives,
617 1430 849 1486 attende.
898 1430 1015 1487 Jam
1045 1445 1151 1485 non
1187 1429 1413 1500 superbe
1447 1429 1627 1500 sapis:
1659 1437 1822 1483 recte.
1867 1427 1987 1483 Non

406 1536 590 1593 Speras
634 1523 686 1577 in
715 1523 919 1578 incerto
944 1523 1266 1589 divitiarum,
1297 1522 1390 1578 sed
1416 1536 1600 1593 speras
1623 1522 1675 1577 in
1704 1522 1815 1577 Deo
1841 1521 1985 1589 vivo,

404 1617 493 1687 qui
547 1625 765 1688 praestat
798 1617 952 1672 nobis
979 1617 1156 1674 omnia
1206 1616 1538 1673 abundanter
1564 1616 1632 1671 ad
1660 1615 1943 1672 fruendum
1970 1633 1985 1669 :

402 1709 755 1766 laudabiliter.
792 1710 910 1765 Noli
939 1726 1065 1782 ergo
1108 1710 1254 1781 piger
1280 1725 1400 1766 esse
1429 1710 1485 1765 in
1509 1709 1594 1764 his
1618 1725 1737 1781 quae
1763 1725 1993 1780 sequen-

407 1811 512 1858 tur.
540 1801 730 1856 Divites
757 1804 856 1856 sint
894 1804 947 1855 in
976 1801 1205 1873 operibus
1247 1801 1406 1857 bonis.
1440 1801 1565 1857 Haec
1603 1802 1911 1866 videamus;
1934 1809 1991 1857 et

405 1893 549 1963 quod
575 1907 680 1948 non
712 1893 970 1960 ridemus,
988 1893 1287 1949 credamus.
1310 1893 1555 1962 Dicebas,
1580 1894 1781 1949 Aurum
1795 1893 1987 1961 habeo,

407 1983 503 2039 sed
531 1999 640 2039 non
667 2000 788 2039 amo
821 2004 833 2039 :
861 1984 955 2040 sed
983 2001 1088 2040 non
1110 2000 1292 2040 amare
1309 1994 1454 2041 tuum
1476 1985 1619 2040 intus
1645 1994 1727 2041 est
1754 2003 1768 2051 ;
1803 1986 1847 2040 si
1864 1986 1991 2056 quid

406 2078 476 2134 de
519 2087 571 2134 te
612 2094 842 2146 mereor,
886 2080 1050 2148 proba
1093 2088 1149 2136 et
1193 2079 1356 2145 mihi;
1387 2078 1531 2150 quod
1577 2093 1682 2135 non
1709 2079 1993 2136 abscondis

408 2172 521 2227 Deo
547 2179 657 2235 tuo,
678 2172 842 2241 proba
873 2179 927 2226 et
955 2169 1109 2226 fratri
1133 2178 1242 2227 tuo.
1277 2170 1447 2236 Unde,
1490 2170 1687 2240 inquis,
1718 2170 1992 2240 probabo?

411 2261 494 2317 Ex
520 2278 585 2317 eo
623 2261 766 2332 quod
793 2262 1052 2331 sequitur,
1090 2261 1281 2316 Divites
1306 2261 1402 2317 sint
1428 2262 1483 2315 in
1508 2261 1738 2332 operibus
1764 2261 1993 2327 bonis,ut

410 2355 564 2426 facile
607 2356 848 2410 tribuant.
877 2355 959 2410 Ad
1000 2354 1103 2410 hoc
1143 2354 1293 2410 dives
1337 2364 1471 2422 esto,
1504 2363 1562 2410 ut
1586 2354 1740 2410 facile
1770 2355 1989 2410 tribuas.

410 2445 618 2516 Pauper
637 2446 779 2501 enim
809 2447 922 2501 vult
947 2446 1200 2515 tribuere,
1226 2454 1405 2502 etnon
1434 2454 1644 2516 potest:
1676 2446 1815 2517 apud
1846 2447 1992 2502 illum

408 2536 711 2603 difficultas,
747 2537 887 2608 apud
913 2546 965 2592 te
985 2537 1226 2593 facilitas.
1249 2537 1362 2593 Hoc
1374 2537 1466 2592 tibi
1492 2537 1662 2607 prosit
1686 2537 1827 2608 quod
1843 2538 1993 2593 dives

417 2645 497 2699 es,
528 2632 650 2701 quia
676 2646 799 2687 cum
830 2630 1061 2686 volueris
1101 2631 1297 2697 facere,
1326 2630 1505 2685 statim
1536 2629 1682 2684 facis.
1702 2629 1993 2683 Faciletri-

423 2724 597 2785 buant,
627 2722 1009 2776 communicent.
1031 2720 1297 2792 Numquid
1336 2720 1604 2791 perdunt?
1630 2719 1994 2775 Thesaurizent

411 2812 508 2868 sibi
537 2812 921 2883 fundamentum
946 2812 1132 2867 bonum
1172 2813 1227 2866 in
1272 2813 1520 2882 futurum.
1582 2812 1650 2866 Et
1701 2828 1769 2867 ne
1819 2812 1993 2882 ipsum

410 2919 599 2959 aurum
621 2912 675 2959 et
699 2911 979 2974 argentum
1006 2911 1062 2959 et
1098 2903 1312 2974 praedia,
1342 2912 1397 2959 et
1421 2917 1483 2959 ea
1514 2918 1633 2975 quae
1661 2900 1879 2973 pulchra
1912 2903 1992 2957 vi-

410 2995 608 3050 dentur
632 2994 686 3049 in
724 2994 1062 3050 facultatibus
1106 2994 1400 3059 hominum,
1432 2994 1592 3049 etiam
1620 2994 1691 3050 ibi
1718 2994 1993 3049 desidere-

411 3102 554 3152 mus,
573 3102 693 3141 cum
715 3085 910 3142 dicitur
925 3086 1100 3153 nobis,
1132 3085 1264 3142 Illuc
1299 3087 1537 3157 migrate,
1571 3085 1877 3141 thesaurum
1906 3102 1993 3143 ve-

411 3186 583 3232 strum
604 3177 675 3233 ibi
691 3177 871 3248 ponite
904 3196 916 3231 :
946 3178 1221 3233 admonuit
1240 3193 1337 3234 nos
1367 3187 1551 3235 contra
1581 3179 1823 3235 carnales
1852 3181 1996 3250 cogi-

411 3268 664 3332 tationes,
703 3276 759 3323 et
794 3267 1039 3337 subjecit,
1074 3267 1142 3323 Ut
1170 3269 1550 3340 apprehendant
1597 3284 1764 3324 veram
1798 3270 1951 3325 vitam
1974 3289 1994 3330 :

410 3375 745 3427 nonaurum,
764 3359 904 3432 quod
926 3360 978 3415 in
997 3348 1136 3416 terra
1157 3360 1432 3430 remansit,
1460 3376 1568 3417 non
1592 3361 1870 3419 facultates
1897 3378 1994 3433 pu-

410 3451 654 3518 tredinis,
687 3467 792 3508 non
821 3451 958 3507 bona
978 3452 1322 3520 transeuntia,
1348 3451 1443 3508 sed
1469 3469 1638 3508 veram
1660 3454 1833 3509 vitam.
1856 3455 1998 3521 Quo-

411 3528 534 3601 dam
565 3543 724 3600 modo
749 3559 877 3615 ergo
905 3545 1216 3615 migramus,
1247 3543 1461 3614 quando
1490 3544 1594 3600 hoc
1622 3545 1748 3601 illuc
1775 3547 1987 3615 transit,

409 3653 588 3708 neque
643 3637 745 3692 hoc
784 3636 857 3693 ibi
894 3637 1229 3703 habebimus,
1259 3637 1400 3708 quod
1443 3636 1568 3693 hinc
1605 3638 1993 3695 transierimus.

410 3728 653 3798 Quodam
674 3729 835 3785 modo
860 3729 1115 3785 Dominus
1142 3731 1282 3785 Deus
1310 3740 1494 3789 noster
1532 3743 1858 3788 mercatores
1897 3750 1999 3790 nos

411 3825 527 3878 vult
544 3838 685 3889 csse,
709 3824 1056 3879 mutationem
1071 3824 1349 3880 nobiscum
1371 3825 1495 3880 facit
1521 3812 1707 3896 {quod
1724 3827 1810 3882 hic
1827 3828 1997 3883 abun-

410 3916 505 3973 dat
528 3916 736 3983 damus,
771 3916 911 3986 quod
941 3916 1014 3971 tbi
1039 3917 1273 3972 abundat
1295 3918 1583 3989 accipimus
1613 3937 1624 3972 :
1655 3921 2001 3991 quemadmo-

421 4008 542 4062 tlum
568 4008 808 4077 plerique
842 4007 1160 4077 trajectitias
1185 4024 1392 4065 merces
1435 4009 1655 4077 faciunt,
1698 4012 1839 4068 aliud
1871 4013 2000 4069 dant

415 4106 559 4171 alibi,
590 4115 768 4176 etquo
788 4105 1011 4160 veniunt
1037 4104 1181 4160 aliud
1208 4104 1494 4175 accipiunt.
1520 4105 1679 4160 Verbi
1706 4107 1893 4177 gratia,
1922 4108 2002 4162 di-

416 4199 490 4253 cit
514 4198 687 4253 amico
706 4198 1039 4268 suo,Aecipe
1064 4197 1152 4253 hic
1173 4211 1204 4251 a
1235 4213 1321 4252 me
1363 4212 1573 4266 aurum,
1606 4207 1659 4254 et
1687 4198 1751 4253 da
1790 4199 1920 4254 mihi
1947 4200 2001 4255 in

416 4290 594 4348 Africa
626 4290 802 4346 oleum
836 4308 849 4344 :
882 4299 936 4345 et
973 4290 1166 4361 migrat
1213 4298 1269 4346 et
1321 4304 1427 4345 non
1456 4291 1683 4361 migrat;
1726 4291 1840 4361 jam
1859 4291 2002 4362 quod

417 4385 684 4441 desiderat
703 4384 927 4454 accepit.
952 4383 1096 4438 Talis
1146 4390 1231 4439 est
1262 4384 1361 4439 ista
1391 4384 1635 4449 mutatio,
1672 4384 1864 4455 qualis,
1894 4383 2004 4439 fra-

418 4484 530 4532 tres
560 4476 682 4538 mei,
713 4483 897 4530 nostra
913 4482 1185 4530 mercatto.
1220 4474 1355 4543 Quid
1384 4475 1593 4543 damus,
1620 4483 1675 4531 et
1699 4475 1824 4546 quid
1859 4478 2000 4531 acci-

418 4569 630 4641 pimus?
656 4568 769 4624 Hoc
792 4568 979 4624 damus
1018 4569 1161 4640 quod
1189 4569 1463 4625 nobiscum
1492 4570 1699 4626 auferre
1726 4586 1831 4625 non
1878 4585 2003 4641 pos-

419 4674 621 4726 sumus,
651 4660 751 4714 etsi
775 4660 1052 4715 vellemus.
1080 4659 1255 4726 Quare
1272 4676 1399 4730 ergo
1430 4660 1612 4730 perit?
1654 4660 1708 4716 ld
1731 4660 1870 4731 quod
1897 4662 2001 4715 mi-

418 4769 519 4808 nus
545 4760 629 4807 est
664 4751 839 4818 detur,
869 4760 928 4807 ut
950 4750 1091 4822 quod
1119 4759 1201 4806 est
1230 4751 1399 4820 majus
1427 4751 1498 4805 ibi
1546 4751 1863 4807 inveniatur.
1893 4751 1999 4806 lla-

419 4858 539 4899 mus
566 4853 783 4909 terram,
827 4850 882 4897 et
926 4841 1214 4911 accipimus
1260 4842 1494 4908 cmlum;
1526 4842 1712 4897 damus
1738 4852 2005 4914 tempora-

420 4936 509 5000 lia,
538 4943 591 4989 et
609 4934 899 5003 accipimus
915 4941 1142 4997 teterna;
1170 4932 1360 4987 damus
1386 4933 1758 5003 putrescentia,
1790 4944 1841 4989 et
1861 4935 2005 4990 acci-

420 5029 595 5100 pimus
625 5025 943 5080 immortalia
972 5044 984 5080 :
1010 5034 1283 5094 postremo
1303 5024 1491 5080 damus
1507 5025 1647 5095 quod
1669 5025 1813 5082 dedit
1842 5028 2007 5097 Deus,

421 5128 477 5175 et
505 5119 797 5189 accipimus
850 5118 1023 5186 ipsum
1050 5117 1236 5173 Deum.
1276 5117 1394 5173 Non
1419 5133 1546 5188 ergo
1568 5119 1734 5174 simus
1784 5120 1919 5191 pigri
1952 5120 2008 5176 in

424 5211 525 5265 ista
557 5209 854 5265 mutatione
883 5225 1085 5276 rerum,
1140 5209 1192 5263 in
1233 5209 1333 5264 ista
1387 5219 1689 5265 mercatura
1725 5212 1924 5281 Optima
1954 5220 2010 5267 et

422 5299 697 5357 ineffabili.
719 5300 1025 5371 Prositquia
1043 5300 1131 5356 hic
1142 5316 1345 5368 sumus,
1366 5303 1666 5373 prositquia
1681 5304 1788 5357 nati
1800 5317 2003 5370 sumus,

422 5389 595 5462 prosit
621 5390 745 5462 quia
767 5392 1188 5463 peregrinamur.
1219 5392 1336 5448 Non
1382 5394 1570 5466 inopes
1611 5411 2003 5453 remaneamus.

495 5482 584 5537 11.
612 5482 774 5537 Tinea
803 5483 953 5538 mala:
977 5486 1294 5557 cogitationis
1310 5503 1545 5543 revocans
1566 5504 1599 5542 a
1613 5488 1862 5559 faciendis
1882 5489 2009 5544 elec—

424 5576 671 5646 mosynis.
695 5574 811 5631 Non
840 5577 1002 5633 intret
1030 5592 1209 5632 arcam
1237 5578 1414 5635 cordis
1444 5580 1584 5635 tinea
1616 5581 1770 5635 mala:
1809 5582 2009 5651 cogita-

423 5669 619 5725 tionis:
644 5684 751 5725 non
788 5668 1011 5737 dicatur,
1041 5669 1158 5726 Non
1195 5671 1354 5737 dabo,
1382 5687 1449 5730 ne
1486 5688 1603 5729 cras
1627 5689 1731 5728 non
1761 5673 2005 5731 habeam.

490 5806 509 5836 ι
534 5811 633 5855 Non
673 5804 1043 5872 male_quidem
1067 5819 1079 5854 :
1103 5806 1195 5856 sed
1229 5807 1354 5857 forte
1394 5808 1678 5872 legendum,
1710 5810 2009 5865 mendicasse

426 5879 538 5925 mo;
564 5881 658 5932 qua
685 5880 798 5920 voce
818 5867 1031 5919 libenter
1058 5876 1204 5920 utitur
1220 5867 1525 5929 Augustinus.

1595 390 1654 447 S.
1695 385 2065 447 AUGUSTINI
2099 386 2403 445 EPISCOPI

3564 391 3676 453 960

2086 502 2205 558 Noli
2225 506 2449 561 multum
2469 504 2704 577 cogitare
2732 503 2802 561 de
2847 502 3039 560 futuris
3062 519 3076 558 :
3098 503 3210 559 imo
3233 503 3458 561 multum
3498 506 3672 578 cogita

2087 596 2155 653 de
2195 598 2422 665 futuris;
2452 598 2547 655 sed
2592 599 2661 655 de
2709 599 2865 671 longe
2903 597 3133 653 futuris:
3163 596 3524 653 Thesaurizent
3576 597 3675 654 sibi

2089 689 2474 760 fundamentum
2501 691 2685 745 bonum
2712 691 2766 745 in
2807 691 3057 761 futurum,
3086 699 3142 743 ut
3183 690 3564 761 apprehendant
3585 706 3673 747 vs-

2087 799 2199 836 ram
2226 783 2393 838 vitam.
2417 782 2542 838 Haec
2583 783 2676 849 ita,
2719 781 3167 854 quemadmodum
3200 781 3335 839 dixit
3360 782 3671 854 Apostolus,

2090 872 2214 930 Non
2256 884 2310 928 ut
2337 875 2452 929 aliis
2496 875 2723 946 refectio,
2772 874 2908 930 vobis
2958 882 3128 930 autem
3174 875 3429 946 mtgustia,
3480 876 3570 929 sed
3605 890 3672 929 ea:

2087 965 2373 1037 equalitate
2398 967 2416 999 ⁸
2449 965 2539 1038 (11
2584 966 2702 1021 Cor.
2745 981 2861 1035 Vill,
2911 967 2980 1022 15
3003 966 3044 1038 ).
3077 966 3223 1022 Habe
3255 984 3270 1022 :
3298 974 3502 1022 tantum
3555 967 3670 1022 noli

2089 1072 2288 1125 amare,
2343 1060 2576 1124 servare,
2626 1057 3013 1128 thesaurizare,
3069 1059 3323 1116 incubare
3350 1059 3667 1127 reconditis;

2088 1152 2194 1209 hoc
2217 1161 2300 1209 est
2321 1152 2388 1208 de
2413 1153 2630 1210 incertis
2660 1168 2900 1226 sperare.
2944 1155 3113 1221 Quam
3160 1153 3313 1209 multi
3331 1152 3525 1209 divites
3548 1152 3676 1208 dor-

2088 1244 2338 1310 mierunt,
2388 1259 2651 1316 pauperes
2686 1246 3067 1301 surrexerunt!
3095 1243 3321 1315 Propter
3347 1245 3505 1301 istam
3530 1244 3677 1299 enim

2089 1336 2489 1407 cogitationem,
2521 1352 2643 1392 cum
2686 1335 2930 1404 dixisset,
2962 1336 3090 1393 Sine
3126 1352 3299 1393 amore
3330 1337 3508 1392 modus
3527 1353 3677 1409 μεω-

2091 1433 2190 1488 nite
2216 1432 2464 1502 sufficiens
2493 1440 2565 1487 est
2594 1432 2946 1502 prtrsentt'bus.
2966 1432 3194 1503 Propter
3209 1431 3377 1486 malas
3400 1431 3677 1503 cogitatio-

2090 1541 2209 1593 nes,
2250 1540 2368 1597 quaa
2410 1524 2613 1594 dicunt,
2666 1525 2723 1582 Si
2770 1526 3081 1583 thesaurum
3111 1542 3219 1581 non
3270 1525 3528 1593 habuero,
3555 1525 3678 1596 quis

2091 1618 2222 1674 mihi
2251 1617 2416 1685 dabit,
2438 1632 2562 1673 cum
2589 1633 2748 1689 egere
2771 1618 3024 1688 cmpero?
3050 1616 3273 1683 Deinde,
3297 1617 3546 1673 Abundat
3563 1633 3665 1673 un-

2092 1708 2159 1764 de
2180 1710 2369 1776 vivam,
2394 1708 2591 1766 sufficit
2614 1709 2746 1764 mihi
2786 1708 2931 1765 unde
2955 1710 3129 1765 vivam
3159 1727 3173 1763 :
3204 1709 3300 1765 sed
3328 1709 3474 1780 quid,
3508 1710 3553 1765 si
3578 1709 3679 1764 im-

2094 1803 2274 1874 pingat
2311 1802 2440 1857 mihi
2470 1801 2774 1858 calumnia?
2810 1800 2951 1857 unde
2993 1816 3079 1857 me
3103 1799 3404 1856 redimam?
3426 1799 3583 1867 Quid,
3630 1798 3680 1855 si

2094 1895 2228 1951 mihi
2249 1909 2467 1952 necesse
2500 1895 2569 1951 sit
2591 1894 2840 1965 litigare?
2869 1894 3010 1951 unde
3043 1902 3287 1964 sumptus
3327 1892 3674 1964 impendam?

2093 1985 2358 2055 Quamdiu
2383 1987 2558 2042 omnia
2589 1987 2727 2042 mala
2746 2001 2865 2056 quae
2880 1994 3104 2057 possunt
3126 1984 3342 2041 evenire
3360 1984 3543 2055 generi
3567 1983 3676 2039 hu-

2093 2094 2253 2135 mano
2292 2094 2507 2135 narrare
2531 2087 2587 2136 et
2612 2087 2925 2149 computare
2952 2094 3057 2134 non
3108 2078 3333 2149 poteris,
3368 2076 3682 2148 plerumque

2095 2191 2198 2232 una
2223 2176 2498 2232 calamitas
2520 2174 2698 2231 turbat
2721 2182 3031 2245 computum
3061 2171 3411 2238 numerantis,
3438 2180 3492 2227 et
3512 2179 3682 2226 totum

2095 2269 2237 2339 quod
2265 2268 2665 2334 numerabatur,
2700 2282 2805 2321 non
2837 2266 3012 2322 solum
3063 2265 3224 2336 perit,
3255 2263 3354 2320 sed
3390 2278 3490 2319 nec
3515 2263 3569 2318 in
3598 2261 3682 2317 di-

2092 2362 2215 2432 gitis
2263 2358 2594 2416 remanebit?
2621 2358 2744 2414 ldeo
2767 2366 2952 2414 contra
2982 2357 3145 2413 istum
3169 2356 3505 2428 cogitationis
3548 2370 3670 2411 ver-

2094 2454 2370 2521 miculum,
2392 2462 2575 2507 contra
2602 2452 2888 2523 malignam
2921 2450 3118 2507 tineam
3156 2449 3405 2521 apposuit
3448 2449 3588 2504 Deus
3626 2448 3682 2503 in

2095 2548 2365 2618 Scriptura
2395 2560 2512 2614 sua,
2539 2544 2812 2616 quomodo
2841 2543 3016 2600 solent
3038 2545 3231 2613 apponi
3279 2542 3517 2599 vestibus
3543 2541 3679 2598 odo-

2097 2649 2339 2696 ramenta
2368 2637 2635 2710 quaedam,
2662 2652 2731 2692 ne
2768 2639 2990 2692 tineent.
3018 2634 3193 2704 Quid?
3211 2633 3552 2706 cogitabasne
3586 2632 3683 2689 tibi

2095 2732 2464 2789 calamitates?
2490 2748 2599 2788 non
2646 2732 2872 2788 timebas
2924 2745 3087 2786 unam
3133 2726 3685 2800 grandem?Attende

2096 2825 2240 2896 quod
2255 2825 2517 2894 sequitur,
2541 2824 2665 2880 Sine
2683 2839 2854 2878 amore
2890 2823 3069 2878 modus
3094 2822 3319 2893 pecunia:
3340 2821 3585 2891 suﬁiciens
3612 2827 3684 2873 est

2097 2916 2441 2988 prwsentibus.
2463 2917 2581 2984 ipse
2605 2916 2748 2971 enim
2770 2915 2905 2971 dixit
2931 2932 2945 2969 :
2978 2913 3100 2969 Non
3128 2922 3175 2968 te
3193 2913 3557 2982 derelinquam,
3581 2927 3683 2966 non

2098 3018 2145 3063 te
2163 3008 2391 3063 deseram
2417 3006 2438 3080 (
2464 3008 2624 3063 Hebr.
2645 3023 2765 3076 xm,
2794 3007 2829 3062 5
2852 3007 2892 3077 ).
2918 3005 3169 3061 Timebas
3190 3004 3328 3059 mala
3345 3003 3525 3058 nescio
3540 3016 3682 3072 quae,

2097 3111 2380 3171 propterea
2434 3100 2715 3170 pecuniam
2774 3097 3077 3155 servabas:
3111 3107 3233 3153 tene
3278 3095 3681 3165 lidejussorem;

2098 3191 2201 3249 hoc
2217 3194 2355 3248 Deus
2378 3191 2471 3247 tibi
2488 3191 2637 3259 dicit,
2656 3190 2777 3246 Non
2788 3199 2834 3246 te
2849 3190 3214 3260 derelinquam,
3237 3204 3338 3243 non
3360 3196 3407 3241 te
3425 3186 3676 3241 deseram.

2099 3284 2272 3340 Homo
2319 3286 2363 3340 si
2401 3285 2758 3355 promitteret,
2813 3280 3097 3346 crederes;
3135 3281 3277 3336 Deus
3322 3276 3600 3350 promittit,
3631 3284 3688 3332 et

2099 3375 2351 3431 dubitas?
2378 3375 2647 3441 Promisit,
2665 3374 2898 3443 scripsit,
2929 3373 3230 3428 cautionem
3255 3369 3384 3426 fecit
3412 3387 3425 3424 :
3454 3377 3572 3425 esto
3590 3383 3680 3424 se-

2098 3483 2279 3524 curus.
2313 3468 2453 3538 Lege
2480 3466 2623 3538 quod
2669 3475 2838 3533 tenes,
2869 3464 3169 3521 cautionem
3212 3472 3381 3530 tenes,
3407 3462 3579 3533 ipsum
3600 3459 3689 3516 de-

2098 3556 2328 3613 bitorem
2352 3558 2585 3623 tenuisti,
2609 3572 2640 3612 a
2669 3572 2776 3627 quo
2797 3564 2886 3611 tua
2913 3554 3091 3610 debita
3120 3552 3349 3609 relaxari
3375 3552 3574 3626 petisti.

2509 3668 2737 3727 SERMO
2772 3664 3077 3725 CLxxvut
3111 3669 3129 3689 ·
3157 3665 3258 3738 (α).

2100 3781 2181 3838 De
2204 3781 2363 3837 verbis
2393 3780 2642 3853 Apostoli,
2674 3780 2780 3836 Tit.
2808 3797 2927 3850 cap.
2959 3796 2997 3848 ι,
3014 3780 3070 3848 9,
3098 3779 3169 3836 Ut
3195 3786 3385 3849 potens
3404 3776 3475 3832 sit
3492 3775 3690 3833 exhor-

2172 3873 2270 3928 tari
2293 3873 2344 3927 in
2368 3872 2608 3928 doctrina
2652 3887 2803 3940 sana,
2855 3880 2911 3927 et
2957 3870 3388 3928 contradicentes
3437 3883 3687 3941 arguere.

2174 3961 2360 4019 Contra
2381 3980 2550 4018 rerum
2567 3964 2847 4018 alienarum
2870 3972 3101 4033 raptores
3127 3960 3228 4034 (b).

2174 4076 2399 4134 CAPUT
2439 4076 2880 4134 PRIMUM.—-i.
2922 4074 3291 4148 Episcoporum
3332 4090 3480 4130 onus.
3532 4074 3685 4132 Beati

2103 4168 2345 4240 Apostoli
2370 4169 2606 4240 Epistola
2638 4184 2761 4225 cum
2788 4171 3055 4240 legeretur
3071 4167 3140 4224 de
3158 4166 3542 4224 constituendis
3570 4168 3691 4240 epi-

2105 4259 2300 4330 scopis,
2347 4259 2786 4315 commemoravit
2823 4274 2920 4315 nos
2968 4259 3085 4315 sine
3129 4257 3291 4313 dubio
3326 4259 3594 4329 respicere
3633 4258 3693 4314 in

2106 4365 2205 4405 nos
2237 4369 2250 4405 :
2282 4360 2336 4406 et
2357 4366 2452 4406 vos
2481 4350 2922 4407 commemoravit
2956 4365 3063 4406 non
3083 4348 3325 4419 judicare
3348 4363 3447 4404 nos
3469 4366 3484 4416 ;
3510 4348 3685 4404 maxi-

2106 4458 2193 4499 me
2219 4444 2340 4515 quia
2365 4458 2553 4500 omnes
2575 4444 2875 4500 audivimus
2919 4441 3134 4513 capituli
3165 4442 3436 4513 Evangelii
3462 4441 3694 4498 recentis

2107 4535 2353 4591 lectionis
2380 4535 2722 4591 novissimam
2739 4534 3054 4591 sententiam
3082 4550 3095 4587 :
3128 4531 3307 4588 Nolite
3330 4532 3692 4604 judicareper-

2108 4627 2364 4694 sonaliter,
2395 4626 2482 4681 sed
2494 4628 2689 4698 justum
2705 4625 2960 4695 judicium
2961 4624 3191 4696 judicate
3211 4622 3234 4698 (
3258 4623 3415 4679 Joan.
3446 4639 3541 4690 vu,
3558 4622 3691 4694 24).

2108 4718 2400 4774 Personam
2425 4718 2605 4788 itaque
2640 4716 2929 4789 iudicando
2971 4731 3129 4773 nemo
3148 4716 3340 4786 accipit
3362 4716 3612 4783 alienam,
3645 4715 3697 4771 si

2109 4824 2216 4865 non
2242 4809 2434 4879 accipit
2462 4824 2632 4865 suam.
2659 4809 2853 4865 Beatus
2870 4809 3157 4879 Apostolus
3182 4808 3256 4863 ait
3274 4807 3505 4880 quodam
3533 4808 3652 4863 loco
3677 4824 3695 4862 :

2113 4901 2235 4958 Non
2253 4902 2325 4958 sic
2367 4918 2555 4974 pugno,
2590 4901 2739 4972 quasi
2777 4917 2948 4956 aerem
2986 4900 3185 4955 credens
3212 4918 3233 4954 .°
3261 4898 3350 4954 sed
3368 4899 3560 4970 castigo
3575 4914 3692 4953 cor-

2113 5011 2208 5066 pus
2234 5011 2420 5061 meum,
2454 5003 2501 5048 et
2529 4994 2582 5048 in
2605 4993 2891 5048 servitutem
2918 4992 3090 5063 redigo
3112 5007 3132 5057 ;
3176 5007 3239 5045 ne
3276 4993 3406 5062 forte
3420 4991 3535 5045 aliis
3562 5005 3699 5061 prte-

2111 5089 2306 5157 dicans,
2334 5089 2443 5160 ipse
2464 5088 2707 5159 reprobus
2721 5086 2950 5141 inveniar
2970 5084 3031 5157 (l
3058 5083 3177 5141 Cor.
3208 5101 3284 5151 ix,
3302 5083 3394 5150 26,
3418 5083 3487 5138 27
3520 5084 3560 5154 ).
3583 5083 3697 5141 Suo

2110 5182 2302 5238 timore
2323 5194 2423 5237 nos
2448 5178 2654 5235 terruit.
2682 5177 2821 5246 Quid
2849 5177 2991 5233 enim
3017 5175 3176 5232 faciet
3210 5190 3379 5230 annus
3427 5174 3521 5231 ubi
3548 5175 3691 5230 aries

2178 5315 2194 5347 ι
2213 5320 2265 5363 tn
2287 5314 2481 5364 excusis
2514 5313 2705 5374 deerat,
2733 5320 2863 5374 Non;
2887 5318 2940 5361 et
2961 5323 3065 5374 pro,
3096 5322 3161 5361 ea:
3180 5309 3471 5374 aequalitate,
3494 5310 3700 5373 legeba-

2112 5382 2210 5438 tur,
2232 5389 2297 5427 επ
2315 5389 2371 5425 eo
2386 5374 2601 5449 quisque.
2626 5373 2891 5424 Emendare
2923 5373 2975 5423 o’
3020 5374 3138 5423 rtuit
3166 5373 3225 5423 ad
3240 5373 3500 5445 Epistulam
3520 5385 3701 5421 secun-

2111 5439 2222 5488 dam
2237 5439 2299 5488 ad
2318 5438 2601 5497 Corinthios,
2623 5449 2729 5497 cap.
2752 5435 2801 5485 8.
2826 5444 2926 5495 Quo
2958 5386 3068 5484 fch
3090 5433 3288 5497 Vulgata
3310 5434 3507 5497 quidem
3529 5434 3697 5491 habet,

2113 5448 2222 5488 nam
2237 5448 2299 5488 ad
2318 5448 2601 5498 mnuuuos,
2623 5449 2729 5499 cap.
2752 5448 2801 5485 δ.
2826 5448 2926 5495 Quo
2960 5448 3068 5484 ιοοο
3091 5448 3288 5497 vulgata
3310 5448 3507 5496 qmaem
3529 5448 3697 5491 uacet,

2113 5508 2285 5573 donat
2306 5498 2415 5552 aliis
2450 5498 2512 5550 sit
2532 5497 2784 5559 remissio;
2806 5504 2857 5547 at
2890 5498 3182 5561 Augustinus
3218 5496 3393 5559 legere
3430 5494 3583 5553 solet,
3624 5509 3700 5545 rc-

2111 5564 2506 5675 feﬁagmendatus
2544 5630 2621 5674 est
2642 5624 2703 5674 ad
2731 5635 2779 5673 a.
2802 5623 2885 5673 bn.
2909 5620 2972 5673 cl.
2997 5623 3078 5672 cb.
3102 5621 3137 5671 f.
3169 5620 3229 5671 fs.
3255 5633 3305 5684 g.
3335 5618 3395 5669 lr.
3420 5632 3486 5668 m.
3510 5626 3587 5682 pr.
3603 5630 3694 5667 rm.

2113 5687 2192 5737 vd.
2216 5697 2314 5737 Am.
2334 5694 2407 5736 ir.
2431 5694 2532 5736 Par.
2556 5692 2666 5735 Lov.

2762 5746 2935 5811 postoli
2968 5746 3045 5796 l9.

2198 5752 2249 5812 α)
2282 5749 2418 5808 Alias,
2436 5749 2511 5812 de
2534 5749 2705 5812 verbis
2727 5757 2757 5798 A

2198 5752 2249 5812 a)
2282 5749 2418 5808 Alias,
2446 5749 2511 5798 de
2534 5749 2705 5797 verbis
2727 5749 2935 5811 Apostoli
2968 5749 3045 5796 19.
3482 5806 3487 5813 ’

2176 5749 2246 5873 Eb)
2267 5811 2505 5862 Nonnulla
2519 5823 2584 5862 ex
2606 5811 2698 5863 hoc
2718 5822 2947 5863 sermone
2967 5806 3137 5862 retulit
3169 5805 3335 5858 Florus
3355 5805 3418 5857 ad
3442 5811 3532 5856 Tit.
3564 5818 3600 5867 ι,
3645 5813 3699 5855 et

1915 5932 1923 5944 δ
2012 5934 2023 5938 ι
2117 5875 2261 5925 Hebr.
2300 5888 2381 5924 xu.

2950 5940 2983 5955 ,ι
