4108 6336
367 328 466 389 961

366 444 590 501 tremit?
621 442 766 501 Inter
783 441 948 501 multa
972 458 1121 517 ergo,
1152 442 1345 517 quibus
1362 445 1380 478 ί
1405 443 1616 515 scripsit
1635 444 1944 517 Apostolus,

365 537 539 607 qualis
566 551 685 592 esse
706 537 993 607 episcopus
1020 536 1236 602 debeat,
1278 536 1437 593 etiam
1466 536 1598 592 illud
1624 536 1944 606 audivimus,

367 628 506 682 unde
540 627 702 682 modo
728 627 953 683 forsitan
996 628 1142 699 loqui
1190 636 1245 683 et
1298 628 1571 698 disputare
1616 627 1858 685 sufﬁciat.
1892 628 1951 686 Si

367 719 505 773 enim
537 717 742 787 singula
772 719 1058 786 discutere,
1084 726 1138 774 et
1158 718 1224 774 de
1249 719 1489 789 singulis,
1520 728 1578 775 ut
1596 720 1813 791 dignum
1842 729 1947 791 est,

363 809 649 879 disputare
699 824 986 877 conemur;
1016 825 1115 865 nec
1162 820 1359 866 nostra:
1396 811 1539 867 vires
1582 811 1855 869 sufficiunt
1880 812 1950 869 ad

364 900 711 971 loquendum,
730 915 830 956 nec
855 909 1046 957 vestrae
1074 901 1142 957 ad
1167 902 1508 958 audiendum.
1536 902 1674 970 Quid
1702 888 1829 975 ergo
1870 911 1953 959 est

363 993 505 1062 quod
529 992 653 1048 volo
679 992 877 1061 dicere,
907 996 951 1049 si
972 994 1187 1064 adjuvet
1206 1010 1292 1050 me
1319 994 1411 1065 qui
1432 995 1619 1050 terruit
1650 993 1776 1050 me?
1808 995 1953 1051 inter

361 1093 551 1141 cratera
577 1086 653 1139 ait
677 1086 985 1156 episcopum
1006 1096 1278 1157 potentem
1302 1101 1423 1143 esse
1443 1087 1640 1143 debere
1662 1087 1713 1141 in
1749 1086 1950 1142 doctri-

363 1190 433 1230 na
472 1190 618 1243 sana,
649 1184 710 1231 ut
763 1177 1192 1233 contradicentes
1240 1177 1565 1249 redarguere
1615 1179 1801 1247 possit.
1836 1178 1951 1233 Ma-

361 1282 522 1337 gnum
572 1283 707 1340 opus
734 1278 836 1340 est,
886 1273 1063 1342 gravis
1092 1272 1321 1339 sarcina,
1372 1273 1540 1327 clivus
1568 1272 1784 1327 arduus.
1830 1272 1936 1329 Sed

364 1361 596 1431 sperabo,
624 1361 815 1432 inquit,
837 1363 890 1417 in
916 1361 1099 1431 Deum,
1126 1364 1364 1431 quoniam
1387 1364 1497 1435 ipse
1527 1363 1755 1418 liberabit
1784 1380 1865 1418 me
1886 1362 1950 1417 de

364 1451 540 1519 laqueo
567 1455 875 1521 venantium,
905 1464 950 1509 et
971 1472 1004 1509 a
1026 1455 1171 1509 verba
1192 1471 1372 1525 aspero
1400 1454 1420 1525 (
1449 1453 1597 1509 Psal.
1643 1470 1732 1520 xc,
1764 1456 1819 1522 2,
1844 1457 1877 1510 '5
1905 1454 1950 1527 ).

363 1540 519 1599 Nulla
536 1544 679 1599 enim
702 1559 863 1601 causa
888 1554 989 1613 est,
1018 1562 1136 1618 quae
1162 1547 1329 1618 magis
1357 1545 1517 1602 faciat
1546 1548 1827 1603 hominem;
1845 1546 1953 1601 dis-

364 1643 699 1704 pensatorem
734 1636 828 1691 Dei
873 1638 1156 1708 pigriorem
1226 1638 1291 1692 ad
1321 1637 1717 1709 redarguendos
1741 1645 1953 1694 contra—

370 1723 628 1791 dicentes,
652 1740 812 1796 quam
834 1727 991 1782 timor
1017 1729 1163 1782 verbi
1183 1729 1377 1798 asperi.

434 1816 659 1873 CAPUT
700 1817 764 1871 ll.
792 1848 864 1857 —-
891 1819 945 1872 2.
972 1822 1165 1874 Avarus
1193 1836 1400 1873 suorum
1427 1820 1717 1874 reconditor
1744 1820 1951 1873 damna-

362 1917 471 1962 tur.
498 1907 652 1963 Prius
676 1924 803 1979 ergo
832 1908 959 1979 quid
996 1911 1083 1978 sit,
1114 1912 1509 1965 contradicentes
1544 1912 1864 1982 redarguere,
1896 1918 1955 1965 ut

361 2000 617 2056 Dominus
642 2002 940 2069 donaverit,
971 2018 1231 2073 exponam
1273 2005 1441 2059 vobis.
1512 2002 1954 2059 Contradicentes

362 2108 468 2149 non
503 2110 610 2148 uno
634 2094 792 2150 modo
810 2095 1131 2165 intelligendi
1155 2104 1294 2150 sunt.
1315 2096 1623 2152 Paucissimi
1644 2095 1784 2152 enim
1801 2094 1953 2150 nobis

362 2186 733 2242 contradicunt
780 2187 1043 2258 loquendo
1086 2205 1100 2241 :
1154 2188 1247 2243 sed
1309 2188 1459 2243 multi
1504 2189 1643 2243 male
1701 2186 1951 2242 vivendo.

361 2276 583 2345 Quando
604 2278 1093 2335 mihiaudetdicere
1105 2279 1446 2349 christianus,
1475 2281 1674 2335 bonum
1695 2294 1814 2335 esse
1858 2296 1950 2333 ra-

366 2383 493 2439 pere
543 2384 630 2424 res
668 2370 897 2435 alienas;
929 2370 1359 2441 quandoquidem
1408 2386 1514 2425 non
1560 2370 1721 2426 audet
1750 2371 1951 2436 dicere,

362 2458 560 2514 bonum
582 2475 701 2515 esse
718 2460 971 2515 tenaciter
987 2475 1202 2516 servare
1224 2476 1313 2516 res
1334 2476 1457 2515 suas
1481 2461 1504 2513 ‘t
1530 2459 1794 2530 Numquid
1812 2461 1955 2515 enim

364 2549 514 2606 dives
538 2551 649 2617 ille,
685 2550 771 2606 cui
819 2559 1155 2607 successerat
1203 2552 1371 2622 regio,
1401 2559 1459 2606 et
1496 2566 1601 2607 non
1648 2550 1952 2605 inveniebat

366 2641 459 2697 ubi
486 2651 708 2712 poneret
732 2642 936 2697 fructus
985 2658 1132 2709 suos,
1164 2651 1217 2698 et
1264 2658 1322 2698 se
1367 2643 1649 2697 consilium
1691 2643 1955 2698 invenisse

365 2733 631 2803 gaudebat
648 2733 958 2789 destruendi
988 2744 1196 2789 veteres
1226 2733 1535 2803 apothecas,
1565 2742 1619 2789 et
1635 2742 1953 2790 construen-

366 2824 422 2879 di
450 2838 616 2880 novas
645 2825 953 2895 ampliores,
976 2824 1293 2895 utimpleret
1311 2840 1422 2893 eas,
1456 2834 1509 2880 et
1533 2824 1739 2880 diceret
1756 2824 1951 2878 animae

364 2931 497 2984 sure,
536 2916 740 2985 Anima,
770 2917 921 2971 habes
950 2917 1111 2971 multa
1137 2917 1269 2971 bona
1293 2918 1347 2971 in
1373 2918 1588 2972 multum
1617 2928 1839 2990 tempus,
1858 2916 1946 2971 lae-

367 3014 491 3073 tare,
512 3008 824 3078 jucundare,
848 3009 1033 3063 satiare
1065 3024 1083 3062 :
1114 3008 1369 3079 numquid
1385 3024 1513 3079 ergo
1535 3009 1634 3063 iste
1658 3008 1809 3063 dives
1828 3007 1957 3063 alie~

365 3115 434 3155 na
461 3102 731 3170 qumrebat
756 3102 780 3154 ?
822 3101 1049 3156 Fructus
1079 3116 1205 3157 suos
1235 3101 1488 3173 colligere
1505 3100 1840 3172 disponebat,
1866 3099 1956 3156 ubi

366 3200 590 3260 poneret
621 3192 949 3258 consulebat,
984 3206 1091 3248 non
1122 3191 1187 3250 de
1213 3192 1527 3263 cujusquam
1575 3192 1734 3246 vicini
1779 3192 1952 3263 agris,

364 3299 471 3339 non
518 3285 687 3340 limite
732 3287 1058 3355 perturbato,
1111 3301 1219 3341 non
1271 3286 1497 3356 spoliato
1539 3301 1793 3356 paupere,
1848 3301 1955 3341 non

363 3379 729 3434 circumvento
756 3380 1029 3450 simplice,
1058 3378 1156 3435 sed
1183 3377 1551 3433 tantummodo
1580 3379 1647 3433 de
1671 3378 1786 3432 suis
1806 3377 1957 3433 colli-

361 3470 553 3540 gendis
570 3472 858 3541 cogitabat.
909 3470 1103 3525 Audite
1132 3470 1261 3540 quid
1300 3470 1546 3535 audierit,
1582 3470 1671 3539 qui
1696 3470 1955 3525 tenaciter

362 3562 609 3616 servabat
637 3576 761 3627 sua;
793 3570 848 3615 et
892 3560 1017 3615 hinc
1044 3560 1322 3631 intelligite
1349 3560 1475 3630 quid
1503 3568 1831 3629 exspectent,
1864 3561 1956 3629 qui

360 3653 577 3721 rapiunt
602 3652 798 3706 aliena.
831 3652 962 3707 Cum
993 3667 1127 3722 ergo
1162 3666 1219 3706 se
1266 3650 1742 3722 prudentissimum
1775 3653 1954 3707 consi-

360 3743 491 3799 lium
515 3743 795 3798 invenisse
824 3743 1196 3808 arbitraretur,
1248 3741 1316 3797 de
1354 3741 1627 3811 apothecis
1683 3742 1957 3798 veteribus

365 3835 606 3905 angustis
632 3834 965 3904 dejiciendis,
995 3843 1050 3891 et
1070 3835 1415 3906 amplioribus
1440 3835 1591 3890 novis
1607 3834 1954 3904 aadificandis,

361 3926 686 3981 etomnibus
713 3926 823 3982 suis
846 3927 1105 3986 fructibus
1149 3927 1463 3998 colligendis
1484 3935 1538 3983 et
1567 3927 1945 3997 recondendis,

360 4032 467 4075 non
506 4020 693 4075 alienis
735 4019 1177 4090 concupiscendis
1223 4028 1385 4089 atque
1443 4018 1747 4089 rapiendis;
1775 4020 1850 4073 ait
1878 4020 1956 4074 illi

366 4111 526 4179 Deus,
557 4113 762 4168 Stulte:
790 4112 880 4167 ubi
911 4113 1005 4167 tibi
1036 4112 1249 4182 sapiens
1277 4112 1495 4179 videris,
1514 4112 1584 4166 ibi
1608 4112 1786 4166 stulte.
1811 4111 1957 4167 Stul-

364 4211 430 4270 te,
456 4204 643 4274 inquit,
674 4205 767 4258 hac
798 4215 941 4259 nocte
980 4214 1210 4275 repetunt
1236 4214 1335 4257 ate
1354 4205 1580 4258 animant
1630 4214 1808 4268 tuam;
1836 4206 1944 4259 [uec

359 4312 471 4366 qua:
522 4298 819 4367 prteparasti
863 4299 1006 4368 cujus
1059 4306 1201 4352 erunt
1230 4297 1409 4368 (Luc.
1456 4314 1552 4363 xu,
1608 4297 1857 4366 16-90)?
1895 4297 1951 4353 Si

360 4391 673 4453 servaveris,
706 4398 791 4443 tua
822 4406 929 4444 non
955 4398 1112 4444 erunt
1145 4408 1158 4445 :
1188 4390 1233 4443 si
1282 4389 1613 4460 erogaveris,
1652 4398 1739 4442 tua
1770 4397 1945 4443 erunt.

362 4478 520 4547 Quid,
556 4481 743 4551 inquit,
806 4482 1038 4550 reponis,
1088 4480 1231 4551 quod
1257 4481 1539 4537 relicturus
1570 4482 1673 4535 es?
1704 4480 1843 4535 Ecce
1870 4482 1952 4535 in-

361 4581 609 4641 crepatus
636 4582 719 4628 est
748 4575 942 4629 stultus
969 4573 1107 4630 male
1131 4573 1449 4629 recondens.
1483 4573 1747 4630 Sistultus
1768 4576 1949 4644 estqui

360 4665 600 4720 recondit
624 4681 739 4734 sua,
758 4682 853 4721 vos
878 4666 1112 4722 invenite
1140 4682 1333 4722 nomen
1362 4666 1413 4722 ei
1443 4667 1531 4735 qui
1576 4666 1715 4721 tollit
1748 4668 1943 4723 aliena.

363 4754 422 4813 Si
448 4757 692 4812 sordidus
723 4768 805 4813 est
843 4758 1150 4814 reconditor
1192 4774 1432 4823 suorum,
1459 4758 1733 4813 ulcerosus
1758 4769 1841 4813 est
1865 4774 1951 4813 ra-

366 4855 489 4918 ptor
502 4848 817 4904 alienorum.
841 4848 945 4905 Sed
962 4865 1065 4905 non
1081 4849 1253 4920 qualis
1280 4849 1368 4904 ille
1383 4849 1674 4915 ulcerosus,
1700 4850 1789 4919 qui
1801 4849 1950 4920 jace-

364 4941 456 4996 bat
471 4950 593 4997 ante
618 4943 834 5013 januam
851 4944 1049 5012 divitis,
1067 4954 1121 4999 et
1137 4944 1286 5015 cujus
1303 4958 1464 5000 canes
1479 4945 1787 5016 linguebant
1802 4946 1949 5002 ulce-

359 5048 439 5087 ra.
490 5035 585 5090 llle
627 5038 772 5092 enim
818 5038 1091 5093 ulcerosus
1141 5046 1258 5093 erat
1306 5038 1359 5093 in
1403 5051 1628 5108 corpore
1665 5055 1680 5104 ;
1729 5048 1945 5109 raptor,

357 5123 413 5180 in
438 5127 602 5183 corde
624 5129 665 5181 ².

426 5218 656 5275 CAPUT
679 5219 767 5275 Ill.
802 5222 946 5276 —'5.
977 5218 1128 5274 Dives
1165 5221 1284 5292 quia
1309 5221 1681 5287 immisericors,
1717 5224 1942 5293 punitur.

358 5310 627 5368 Fortassis
674 5313 865 5383 aliquis
912 5313 1266 5383 respondeat,
1313 5323 1368 5368 et
1414 5313 1593 5368 dicat:
1625 5313 1740 5369 Non
1791 5314 1946 5370 valde

355 5414 547 5471 magna
575 5417 731 5472 ptrna
758 5411 874 5457 erat
904 5402 979 5457 illi
1010 5403 1247 5470 homini,
1276 5403 1361 5457 cui
1385 5403 1519 5458 dixit
1548 5402 1688 5459 Deus
1706 5446 1723 5471 ,
1756 5404 1941 5459 Stulte.

354 5491 476 5565 Non
500 5496 579 5553 sic
608 5497 737 5551 dicit
758 5497 918 5565 Deus,
940 5497 1125 5564 Stulte,
1152 5497 1419 5569 quomodo
1446 5496 1608 5554 homo
1622 5497 1781 5553 dicit.
1815 5498 1944 5553 Tale

354 5587 412 5644 in
441 5603 765 5660 quemquam
811 5590 903 5645 Dei
947 5589 1195 5658 verbum,
1234 5589 1492 5660 judicium
1533 5599 1633 5646 est.
1679 5588 1942 5660 Numquid

414 5723 434 5790 ξ
458 5722 532 5772 sic
552 5729 654 5772 Am.
674 5729 748 5771 Er.
770 5730 822 5773 et
844 5732 950 5790 Mss,
978 5732 1033 5777 At
1053 5732 1184 5790 Dom,
1203 5736 1329 5790 quin.

412 5785 592 5859 Ἶρι,
617 5797 710 5834 non
730 5792 896 5859 raptor
928 5786 980 5839 in
1010 5788 1188 5852 corde;
1212 5785 1572 5852 refragantibus
1889 5792 1943 5841 et

346 5842 535 5908 ωειιιοι

1776 326 2005 387 SERMO
2038 328 2361 389 CLXXVIII.

3532 338 3644 405 962

2056 454 2198 510 enim
2230 454 2374 510 Deus
2397 454 2570 513 stultis
2592 456 2812 515 daturus
2832 466 2915 517 est
2935 474 3158 533 regnum
3185 463 3487 521 caelorum?
3511 468 3641 536 Qui-

2054 544 2154 600 bus
2183 554 2357 601 autem
2382 562 2487 603 non
2507 558 2589 604 est
2616 549 2835 607 daturus
2854 568 3077 624 regnum
3097 555 3373 623 caelorum,
3405 559 3530 629 quid
3555 562 3639 619 eis

2057 644 2256 703 restat,
2284 637 2384 691 nisi
2412 654 2566 708 poena
2595 642 2998 709 gehennarum?
3035 644 3312 718 Conjicere
3355 649 3456 706 hoc
3483 652 3639 709 vidc-

2058 744 2179 782 mur
2203 747 2216 783 :
2249 737 2433 799 aperte
2461 730 2562 787 hoc
2590 734 2973 808 manifesteque
3006 738 3300 796 videamus.
3328 741 3459 797 Nam
3482 752 3535 799 et
3556 745 3642 801 ille

2057 819 2237 889 dives,
2265 831 2388 876 ante
2413 824 2562 893 cujus
2597 824 2815 893 januam
2855 830 3068 898 jacebat
3097 835 3467 902 pauperrimus
3494 838 3641 892 ulce-

2056 928 2241 981 rosus,
2276 930 2380 970 non
2420 926 2503 972 est
2538 917 2709 974 dictus
2739 931 2919 991 raptor
2950 940 3128 978 rerum
3170 926 3483 982 alienarum.
3512 927 3642 985 Erat

2057 1009 2259 1078 quidam
2289 1011 2423 1065 dives
2441 1052 2456 1076 ,
2482 1011 2678 1081 inquit,
2702 1017 2784 1083 qui
2804 1016 3101 1071 induebatur
3130 1036 3361 1090 purpura
3390 1031 3436 1075 et
3461 1021 3640 1093 bysso,

2058 1109 2106 1152 et
2143 1101 2440 1171 epulabatur
2478 1104 2700 1173 quotidie
2735 1106 3014 1176 splendide.
3058 1109 3240 1177 Dives,
3271 1113 3439 1185 inquit
3457 1124 3643 1181 ,verat:

2057 1207 2164 1247 non
2207 1193 2370 1261 dixit,
2405 1194 2795 1261 Calumniator;
2845 1216 2952 1255 non
2993 1202 3160 1271 dixit,
3193 1205 3490 1277 Pauperum
3543 1226 3642 1280 op—

2057 1300 2301 1356 pressor;
2347 1302 2451 1342 non
2501 1289 2659 1351 dixit,
2711 1290 2907 1346 Rerum
2956 1294 3248 1351 alienarum
3297 1309 3498 1369 raptor,
3548 1310 3641 1357 aut

2058 1375 2285 1446 delator,
2336 1388 2428 1433 aut
2476 1391 2753 1452 receptor;
2789 1399 2894 1438 non
2942 1384 3108 1451 dixit,
3139 1387 3462 1455 Pupillorum
3518 1407 3642 1461 spo-

2058 1466 2247 1535 liator;
2291 1484 2394 1525 non
2447 1471 2614 1539 dixit,
2646 1472 2936 1530 Viduarum
2986 1487 3326 1546 persecutor;
3359 1483 3491 1537 nihil
3538 1484 3641 1538 ho-

2058 1575 2175 1614 rum
2207 1578 2220 1615 :
2248 1561 2337 1615 sed
2363 1604 2378 1629 ,
2429 1562 2557 1616 Erat
2596 1566 2799 1632 quidam
2843 1566 2997 1622 dives.
3046 1569 3179 1636 Quid
3232 1588 3475 1642 magnum
3526 1577 3641 1631 est?

2057 1648 2218 1706 Dives
2243 1660 2357 1707 erat
2376 1694 2390 1719 ,
2422 1653 2488 1709 de
2510 1670 2604 1711 suo
2632 1655 2781 1711 dives
2804 1668 2935 1712 erat.
2966 1661 3059 1714 Cui
3080 1661 3275 1730 aliquid
3304 1665 3536 1719 tulerat?
3559 1670 3640 1722 An

2058 1740 2195 1796 forte
2226 1743 2315 1799 ille
2343 1745 2613 1812 auferret,
2644 1756 2697 1801 et
2739 1749 2993 1805 Dominus
3034 1747 3100 1805 de
3150 1753 3240 1807 illo
3278 1757 3524 1811 reticeret
3545 1801 3558 1823 ,
3590 1766 3643 1814 et

2060 1847 2341 1902 personam
2364 1837 2477 1905 ejus
2501 1839 2793 1907 acciperet,
2820 1841 2861 1893 si
2884 1842 3104 1897 crimina
3128 1844 3241 1914 ejus
3269 1846 3639 1915 absconderet,

2061 1926 2151 1996 qui
2183 1927 2335 1982 nobis
2381 1928 2536 1996 dicit,
2564 1929 2739 1984 Nolite
2780 1935 3112 2002 personaliter
3153 1936 3431 2007 judicare?
3461 1940 3516 1994 Si
3566 1941 3644 1996 vis

2060 2033 2187 2089 ergo
2218 2020 2401 2075 audire
2439 2023 2642 2077 crimen
2682 2023 2859 2078 divitis
2889 2026 3057 2093 illius,
3089 2028 3197 2083 noli
3238 2030 3464 2099 amplius
3496 2048 3644 2101 quae-

2059 2126 2178 2165 rere
2198 2152 2211 2175 ,
2241 2127 2397 2180 quam
2425 2113 2576 2167 audis
2616 2130 2646 2167 a
2692 2115 2947 2172 Veritate.
2983 2116 3133 2172 Dives
3176 2130 3319 2187 erat;
3350 2123 3647 2179 induebatur

2060 2219 2284 2273 purpura
2306 2213 2351 2257 et
2374 2205 2539 2274 bysso,
2564 2216 2609 2260 et
2629 2204 2930 2276 epulabatur
2948 2211 3168 2278 quotidie
3190 2212 3469 2281 splendide.
3493 2215 3646 2283 Quod

2060 2307 2186 2364 ergo
2212 2294 2328 2364 ejus
2366 2296 2603 2350 crimen?
2633 2297 2824 2353 Jacens
2850 2309 2973 2354 ante
3010 2301 3227 2369 januam
3258 2303 3564 2372 ulcerosus,
3592 2314 3647 2361 et

2060 2400 2167 2439 non
2189 2385 2418 2454 adjutus.
2439 2387 2550 2443 Hoc
2575 2389 2716 2443 enim
2738 2398 2922 2459 aperte
2946 2390 3013 2445 de
3038 2392 3129 2447 illo
3148 2393 3346 2448 dictum
3374 2404 3473 2462 est,
3504 2396 3647 2466 quod

2060 2475 2439 2531 immisericors
2488 2486 2619 2532 erat.
2678 2478 2942 2549 Numquid
2995 2482 3173 2550 enim,
3224 2483 3550 2550 charissimi,
3600 2484 3647 2541 si

2060 2582 2259 2637 pauper
2285 2564 2372 2623 ille
2400 2579 2520 2624 ante
2547 2572 2765 2640 januam
2787 2572 2972 2641 jacens
3003 2574 3355 2631 sufficientem
3386 2594 3578 2647 panem
3612 2594 3643 2633 a

2060 2658 2223 2715 divite
2247 2661 2541 2731 acciperet,
2572 2664 2837 2719 diceretur
2866 2664 2933 2720 de
2962 2665 3056 2721 illo
3086 2668 3205 2736 quia
3244 2670 3473 2739 cupiebat
3501 2682 3645 2725 satu-

2060 2752 2165 2805 rari
2192 2752 2254 2805 de
2278 2754 2419 2808 micis
2464 2770 2576 2825 qua:
2618 2756 2860 2809 cadebant
2894 2756 2956 2811 de
2992 2773 3164 2811 mensa
3193 2758 3398 2813 divitis?
3425 2761 3647 2831 PrOpter

2060 2845 2198 2900 hanc
2228 2848 2394 2901 solam
2437 2847 2875 2903 inbumanitatem
2904 2851 2942 2917 ί,
2974 2866 3076 2920 qua
3106 2853 3475 2908 contemnebat
3515 2833 3646 2925 pau-

2061 2954 2242 3009 perem
2272 2948 2394 2993 ante
2430 2939 2642 3009 januam
2670 2956 2819 2995 suam
2844 2941 3109 3011 jacentem
3131 2984 3147 3010 ,
3177 2959 3275 2999 nec
3298 2959 3534 3017 congrue
3562 2947 3647 3002 di-

2060 3044 2266 3100 gneque
2316 3031 2591 3099 pascebat,
2621 3042 2861 3088 mortuus
2905 3044 2987 3088 est
3032 3043 3085 3089 et
3129 3036 3396 3105 sepultus;
3429 3046 3484 3092 et
3527 3053 3647 3094 cum

2060 3121 2200 3192 apud
2234 3121 2434 3177 inferos
2463 3123 2515 3177 in
2542 3126 2822 3179 tormentis
2843 3134 3020 3192 esset,
3050 3126 3243 3181 levavit
3271 3129 3457 3184 oculos
3485 3144 3609 3186 suos
3629 3173 3645 3197 ,

2061 3223 2115 3269 et
2141 3214 2273 3270 vidit
2298 3230 2582 3285 pauperem
2614 3217 2666 3270 in
2711 3216 2828 3271 sinu
2870 3217 3117 3273 Abrahae.
3150 3218 3218 3273 Et
3254 3220 3379 3289 quid
3409 3221 3650 3290 pluribus

2063 3309 2354 3366 immorer?
2386 3309 2932 3382 Desideravitguttam
2953 3354 2967 3378 ,
2999 3313 3086 3382 qui
3110 3329 3214 3369 non
3241 3314 3388 3369 dedit
3410 3316 3602 3370 micam
3628 3333 3645 3374 :

2062 3418 2170 3457 non
2212 3404 2417 3471 accepit
2454 3404 2597 3473 justa
2640 3404 2901 3457 sententia
2933 3406 2976 3471 ³,
3008 3404 3098 3475 qui
3129 3421 3234 3460 non
3257 3406 3403 3461 dedit
3447 3408 3649 3463 crudeli

2063 3497 2281 3550 avaritia
2306 3495 2453 3568 (Luc.
2482 3512 2588 3561 xvi,
2618 3496 2825 3567 19-26).
2854 3497 2911 3551 Si
2935 3496 3048 3551 haec
3076 3513 3202 3567 ergo
3228 3514 3385 3569 paena
3413 3509 3495 3555 est
3521 3517 3649 3557 ava-v

2062 3604 2242 3644 rerum
2263 3632 2277 3655 ,
2304 3605 2421 3659 quae
2455 3604 2608 3658 ptnna
2630 3596 2902 3657 raptorum
2926 3589 2949 3641 ?

2132 3679 2357 3736 CAPUT
2382 3681 2466 3735 IV.
2494 3713 2563 3720 —
2600 3682 2653 3737 4.
2682 3681 2922 3751 Raptoris
2946 3682 3270 3755 eleemosyna:
3296 3684 3405 3740 Deo
3438 3704 3538 3741 non
3562 3702 3649 3742 ae-

2062 3783 2236 3844 ceptw.
2285 3772 2391 3828 Sed
2438 3773 2512 3827 ait
2550 3773 2679 3828 mibi
2735 3783 2916 3843 raptor
2957 3791 3135 3830 rerum
3174 3776 3649 3849 alienaruszgo

2062 3865 2251 3919 similis
2276 3865 2414 3919 illius
2443 3866 2620 3920 divitis
2647 3882 2753 3921 non
2778 3881 2915 3920 sum.
2944 3868 3151 3938 Agapes
3176 3868 3347 3936 facio,
3378 3871 3566 3926 vinctis
3591 3871 3647 3927 in

2062 3972 2277 4013 carcere
2304 3958 2495 4012 victum
2518 3958 2698 4021 mitto,
2722 3958 2891 4012 nudos
2910 3960 3079 4013 vestio
3097 4000 3111 4025 ,
3139 3962 3448 4031 peregrinos
3474 3963 3648 4019 susci-

2061 4054 2169 4123 pio.
2203 4054 2339 4107 Dare
2384 4062 2434 4108 te
2477 4054 2668 4123 putas?
2695 4054 2900 4110 Tollere
2929 4055 3073 4121 noli,
3105 4064 3158 4110 et
3181 4056 3389 4111 dedisti.
3419 4056 3515 4112 Cui
3553 4058 3648 4113 de-

2060 4147 2237 4213 deris,
2266 4147 2487 4217 gaudet;
2517 4148 2603 4201 cui
2637 4148 2919 4202 abstuleris
2938 4190 2952 4216 ,
2982 4149 3191 4218 plorat:
3221 4165 3376 4220 quem
3416 4151 3647 4208 duorum

2061 4240 2282 4296 istorum
2320 4239 2660 4295 exauditur-us
2690 4247 2772 4295 est
2802 4240 3099 4296 Dominus?
3128 4241 3268 4296 Dicis
3296 4243 3343 4297 ei
3372 4243 3455 4298 cui
3481 4243 3644 4300 dede-

2058 4332 2133 4387 ris
2158 4351 2170 4385 ε
2201 4332 2407 4387 Gratias
2453 4347 2550 4401 age
2589 4331 2709 4401 quia
2738 4332 3006 4402 accepisti.
3035 4332 3138 4388 Sed
3169 4333 3303 4388 alter
3333 4335 3423 4390 tibi
3452 4350 3516 4390 ex
3542 4335 3645 4392 alia

2058 4432 2210 4494 parte
2240 4423 2364 4477 dicit
2394 4441 2406 4474 :
2437 4423 2551 4493 Ego
2592 4438 2749 4493 gemo
2774 4424 2859 4478 cui
2903 4424 3183 4479 abstulisti.
3214 4425 3281 4479 Et
3310 4442 3445 4496 pene
3477 4434 3644 4482 totum

2059 4518 2307 4584 tenuisti,
2336 4526 2389 4572 et
2426 4519 2673 4587 exiguum
2704 4518 2780 4572 illi
2822 4517 3032 4573 dedisti.
3064 4517 3117 4573 Si
3150 4534 3278 4588 ergo
3318 4519 3457 4589 quod
3487 4517 3642 4576 alteri

2057 4611 2319 4666 abstulisti
2363 4611 2638 4681 egentibus
2667 4610 2903 4666 dedisses
2924 4653 2938 4679 ,
2969 4627 3068 4668 nec
3117 4612 3238 4666 talia
3269 4627 3429 4681 opera
3474 4611 3646 4682 diligit

2058 4703 2218 4758 Deus.
2251 4703 2387 4758 Dicit
2417 4703 2508 4757 tibi
2533 4704 2670 4759 Deus
2696 4723 2709 4758 :
2737 4704 2909 4760 Stulte
2928 4747 2943 4773 ,
2971 4705 3107 4775 jussi
3134 4716 3190 4760 ut
3215 4705 3392 4770 dares,
3416 4705 3508 4761 sed
3534 4722 3645 4762 non

2054 4798 2124 4855 de
2167 4800 2361 4855 alieno.
2393 4798 2448 4854 Si
2476 4799 2668 4865 babes,
2700 4799 2768 4854 da
2796 4800 2864 4855 de
2895 4809 3023 4855 tuo:
3051 4801 3095 4854 si
3141 4816 3245 4855 non
3291 4801 3456 4856 babes
3502 4799 3643 4870 quod

2055 4892 2149 4947 des
2176 4892 2244 4947 de
2270 4904 2389 4959 tuo,
2422 4892 2613 4947 melius
2642 4891 2772 4945 nulli
2817 4891 2997 4959 dabis,
3029 4906 3185 4961 quam
3215 4892 3412 4946 alteros
3448 4891 3645 4960 spolia-

2054 4982 2157 5038 bis.
2205 4984 2449 5039 Dicturus
2479 4992 2561 5038 est
2586 4983 2842 5038 Dominus
2886 4982 3129 5037 Christus
3151 5024 3165 5049 ,
3195 4997 3317 5036 cum
3361 4982 3413 5035 in
3440 4981 3643 5051 judicio

2054 5091 2152 5132 suo
2184 5076 2403 5145 sederit,
2430 5085 2485 5132 et
2506 5076 2639 5132 alios
2659 5078 2723 5131 ad
2746 5076 3019 5131 dexteram
3045 5083 3099 5130 et
3124 5075 3189 5129 ad
3213 5075 3478 5129 sinistram
3507 5076 3641 5130 alios

2053 5170 2378 5240 separaverit
2401 5210 2415 5234 ,
2447 5167 2584 5223 bene
2610 5167 2991 5238 cperantibus:
3025 5165 3231 5231 Venite,
3261 5166 3501 5219 benedicti
3529 5165 3640 5219 Pa-

2056 5263 2146 5316 tris
2175 5262 2306 5329 mei,
2338 5262 2578 5332 percipite
2596 5277 2843 5332 regnum;
2864 5259 3134 5315 sterilibus
3163 5265 3362 5324 autem,
3391 5259 3479 5329 qui
3508 5259 3636 5315 nihil

2052 5355 2179 5411 boni
2204 5356 2255 5409 in
2283 5370 2545 5426 pauperes
2571 5354 2775 5424 operati
2802 5360 2961 5406 sunt:
2988 5350 3070 5405 Ite
3094 5352 3148 5404 in
3177 5352 3344 5422 ignem
3369 5356 3632 5407 retentum.

2053 5451 2123 5506 Et
2150 5466 2267 5521 qum
2295 5451 2531 5505 dicturus
2561 5458 2643 5504 est
2685 5446 2874 5503 bonis?
2903 5446 3102 5523 Esurivi
3147 5445 3277 5499 enim
3298 5488 3311 5512 ,
3342 5454 3387 5499 et
3429 5446 3630 5500 dedistis

2050 5545 2176 5599 mihi
2222 5544 2553 5610 manducare,
2587 5550 2640 5596 et
2688 5548 2899 5595 czetera.
2948 5541 3016 5594 Et
3069 5538 3467 5609 respondebunt
3516 5539 3628 5594 illi:

2052 5638 2288 5704 Domine,
2317 5636 2520 5707 quando
2545 5644 2592 5690 te
2610 5633 2823 5688 vidimus
2848 5634 3140 5689 esurientem
3160 5633 3185 5686 ?
3205 5633 3270 5687 Et
3292 5632 3384 5688 ille
3412 5632 3477 5687 ad
3499 5646 3591 5688 eos
3618 5649 3633 5686 :

2111 5777 2130 5809 ι
2153 5772 2348 5834 Quidam
2370 5782 2499 5834 Mss,
2515 5771 2870 5825 itmmnitatem.
2940 5838 2945 5839 ί
3372 5828 3384 5839 ,

2112 5840 2131 5871 ¹
2155 5845 2259 5891 Am.
2281 5844 2358 5891 Er.
2383 5844 2437 5893 et
2455 5844 2588 5901 ων..
2610 5845 2771 5893 Name
2784 5838 2965 5895 accepit
2983 5839 3162 5898 iustam
3181 5837 3480 5890 sententiam.
3504 5837 3608 5883 etc.
