4108 6336
469 256 577 330 963

467 377 596 442 Cum
620 375 710 432 uni
737 389 799 430 ea:
819 367 1039 438 minimis
1058 364 1180 422 meis
1201 363 1410 450 fecistis,
1431 360 1558 418 mihi
1579 362 1788 435 fecistis.
1817 361 2060 434 Intellige

464 488 592 545 ergo
611 512 626 539 ,
661 469 818 526 stulte
837 507 852 534 ,
882 463 970 545 qui
998 462 1079 518 vis
1107 460 1504 530 eleemosynam
1536 454 1715 512 facere
1743 453 1812 512 de
1848 455 2055 526 rapina,

464 566 714 640 quoniam
758 561 800 617 si
829 557 1040 631 quando
1069 554 1242 627 pascis
1266 551 1616 620 christianum
1639 592 1655 620 ,
1696 548 1871 622 pascis
1896 548 2057 605 Chri-

462 671 632 724 stum;
665 654 876 728 quando
915 649 1111 722 spolias
1139 645 1514 711 christianum,
1536 643 1732 714 spolias
1759 640 2053 697 Christum.

460 746 733 806 Attendite
776 743 902 817 quid
950 740 1180 804 sinistris
1224 738 1465 794 dicturus
1512 743 1634 791 est:
1669 733 1751 789 Ite
1795 735 1850 788 in
1888 734 2056 806 ignem

455 849 719 912 (uernum.
767 835 986 907 Quare?
1020 833 1218 888 Esurivi
1269 831 1422 896 enim,
1454 836 1499 883 et
1534 845 1636 883 non
1684 827 1887 883 dedistis
1932 827 2057 881 mihi

464 932 799 996 manducare;
821 927 989 982 nudus
1016 925 1110 997 fni,
1136 933 1181 979 et
1208 941 1309 978 non
1333 921 1548 977 vestistis
1569 937 1647 975 me
1683 919 1896 990 (Matth.
1925 935 2051 987 xxv,

464 1025 559 1090 54,
595 1019 735 1096 etc.).
767 1020 866 1075 Ite.
898 1017 1056 1087 Quo?
1084 1016 1150 1070 In
1175 1016 1342 1088 ignem
1384 1023 1649 1068 arternum.
1698 1011 1923 1067 Prorsus
1963 1013 2049 1066 ite.

457 1115 671 1184 Quare?
699 1111 884 1166 Nudus
907 1111 1003 1181 fui,
1023 1118 1067 1163 et
1093 1124 1195 1162 non
1215 1106 1430 1161 vestistis
1447 1120 1543 1160 me.
1568 1103 1624 1159 Si
1651 1118 1778 1173 ergo
1805 1103 1854 1157 in
1879 1103 2050 1173 ignem

456 1217 715 1264 aeternum
744 1204 841 1262 ibit
868 1205 952 1260 cui
979 1204 1216 1258 dicturus
1243 1206 1327 1255 est
1351 1198 1596 1255 Christus
1615 1238 1629 1264 ,
1653 1196 1838 1251 Nudus
1869 1195 1961 1262 fui,
1999 1203 2052 1250 et

455 1319 564 1360 non
591 1302 794 1359 vestisti
817 1315 901 1364 me
927 1316 940 1367 ;
973 1312 1130 1368 quem
1159 1297 1333 1352 locum
1364 1293 1417 1348 in
1444 1293 1567 1363 igne
1609 1299 1810 1345 :eterno
1837 1289 2051 1359 habebit

455 1396 540 1452 cui
569 1395 807 1449 dicturus
829 1401 938 1460 est,
966 1390 1200 1446 Vestitus
1231 1385 1326 1453 fui,
1359 1394 1413 1452 et
1438 1383 1675 1455 spoliasti
1701 1383 1821 1438 me?

528 1485 755 1542 CAPUT
787 1483 847 1540 V.
871 1484 1008 1540 -5.
1032 1482 1358 1554 Paganorum
1383 1496 1461 1534 res
1486 1494 1663 1550 rapere
1685 1495 1784 1533 non
1802 1476 1930 1530 licet.
1954 1475 2049 1532 Hic

455 1580 682 1644 fortasse
702 1587 760 1640 ut
786 1578 983 1636 evadas
1009 1576 1147 1631 hanc
1165 1588 1373 1640 vocem,
1400 1587 1466 1628 ne
1493 1571 1633 1626 dicat
1661 1570 1755 1625 tibi
1781 1568 2042 1636 Christus,

453 1671 690 1730 Vestitus
716 1672 822 1736 fui,
852 1679 905 1726 et
947 1668 1188 1738 spoliasti
1232 1681 1350 1733 me;
1383 1671 1584 1718 mutata
1626 1659 2044 1727 consuetudine,

453 1768 656 1838 cogitas
685 1764 916 1836 spoliare
945 1775 1204 1832 paganum
1229 1801 1241 1823 ,
1266 1765 1320 1812 et
1361 1756 1556 1811 vestire
1582 1753 1952 1808 christianum.
1983 1751 2048 1805 Et

453 1858 543 1915 hic
567 1858 644 1928 (τι)
661 1852 1108 1926 respondebittibi
1125 1850 1387 1916 Christus,
1408 1848 1514 1906 imo
1545 1860 1684 1902 nunc
1705 1844 2048 1922 respondebit

454 1953 550 2007 tibi
577 1966 672 2023 per
698 1964 908 2005 servum
937 1946 1376 2018 qualemcumque
1403 1940 1705 1995 ministrum
1743 1952 1898 1993 suum
1922 1952 1935 1989 :
1959 1952 2046 1992 rc-

453 2041 738 2116 spondebit
783 2040 874 2094 tibi
916 2037 1196 2104 Christus,
1229 2043 1283 2103 et
1328 2034 1500 2101 dicet,
1529 2032 1705 2088 Etiam
1751 2030 1840 2086 hic
1888 2045 2046 2101 parce

453 2133 664 2194 damnis
689 2131 842 2192 meis.
867 2131 1003 2185 Cum
1026 2129 1167 2184 enim
1193 2126 1516 2184 cbristianus
1537 2123 1733 2194 spolias
1755 2137 2041 2194 paganum,

452 2227 683 2298 impedis
724 2224 840 2280 fieri
869 2223 1238 2278 christianum.
1271 2219 1446 2274 Etiam
1485 2224 1538 2272 et
1577 2216 1666 2272 hic
1704 2213 1930 2271 fortasse
1956 2231 2044 2271 re-

451 2319 742 2392 Spondebis
773 2318 950 2380 adhuc
975 2336 987 2371 :
1013 2316 1124 2386 Ego
1151 2329 1258 2370 non
1286 2312 1407 2368 odio
1447 2326 1658 2383 pinnam
1701 2311 1918 2382 ingere,
1951 2307 2044 2364 sed

449 2415 737 2484 dilectione
763 2415 939 2488 potius
959 2411 1256 2482 disciplina:
1282 2427 1294 2462 :
1320 2407 1441 2463 ideo
1463 2405 1636 2476 spolio
1662 2419 1925 2476 paganum
1945 2445 1959 2470 ,
1989 2411 2046 2458 ut

451 2521 548 2582 per
591 2507 729 2562 hanc
776 2520 1019 2580 asperam
1063 2509 1118 2558 et
1156 2499 1426 2558 salubrem
1476 2495 1808 2569 disciplinam
1855 2494 2043 2550 faciam

451 2600 817 2664 christianum,
849 2596 1101 2653 Audirem
1125 2601 1178 2649 et
1197 2591 1472 2657 crederem
1491 2629 1506 2658 ,
1536 2590 1580 2644 si
1609 2586 1752 2660 quod
1781 2585 2045 2644 abstulisti

451 2708 659 2768 pagano
681 2733 694 2756 ,
721 2691 975 2754 redderes
1005 2687 1316 2748 christiano.

523 2786 576 2840 6.
620 2783 868 2854 Raptores
891 2778 1172 2852 redarguit.
1200 2776 1441 2847 Diximus
1463 2780 1648 2830 contra
1670 2787 1832 2827 unum
1857 2771 2042 2827 vitium

451 2876 780 2948 rapinarum,
802 2889 908 2944 quo
937 2887 1022 2928 res
1044 2870 1290 2930 humanae
1322 2880 1698 2938 usquequaque
1728 2871 2002 2919 vastantur
2026 2880 2040 2917 :

453 2967 686 3030 diximus
709 3007 723 3032 ,
755 2974 809 3020 et
833 2979 989 3020 nemo
1020 2963 1174 3024 nobis
1199 2959 1532 3026 contradicit.
1566 2957 1695 3024 Quis
1715 2957 1857 3012 enim
1885 2954 2045 3011 audet

452 3060 801 3132 apertissima:
824 3055 1092 3130 loquendo
1117 3055 1487 3116 contradicere
1504 3049 1752 3115 veritati?
1776 3049 1892 3104 Non
1918 3062 2044 3121 ergo

450 3151 677 3209 facimus
707 3150 847 3222 quod
891 3148 1178 3218 Apostolus
1201 3146 1444 3214 monuit,
1473 3161 1577 3200 non
1615 3141 2044 3206 contradicentes

450 3244 855 3316 redarguimus;
901 3241 1210 3306 obedientes
1252 3239 1593 3311 alloquimur,
1639 3236 1915 3291 laudantes
1958 3236 2041 3302 in-

450 3337 740 3404 struimus;
773 3350 879 3395 non
918 3331 1344 3390 contradicentes
1388 3329 1778 3401 redarguimus.
1809 3327 1885 3384 Ita
1915 3342 2043 3383 vero

449 3445 557 3484 non
610 3427 979 3491 contradicunt
1030 3425 1240 3495 lingua,
1287 3422 1380 3488 sed
1429 3422 1557 3477 vita.
1611 3421 1835 3490 Moneo,
1867 3421 2038 3494 rapit;

358 3546 370 3551 ~
449 3521 653 3587 doceo,
703 3521 872 3590 rapit;
918 3517 1206 3588 praecipio,
1241 3517 1409 3588 rapit;
1450 3530 1619 3586 arguo
1645 3557 1659 3583 ,
1704 3515 1881 3586 rapit:
1912 3529 2043 3586 quo-

447 3613 610 3670 modo
640 3628 746 3668 non
788 3610 1144 3666 contradicit?
1173 3609 1355 3664 Dicam
1404 3622 1532 3681 ergo
1575 3605 1716 3678 quod
1743 3606 1810 3663 de
1853 3606 1952 3663 hac
1981 3623 2042 3663 re

447 3707 694 3765 Sufﬁcere
734 3705 1002 3772 existimo.
1046 3702 1321 3758 Abstinete
1353 3717 1481 3767 vos,
1516 3701 1744 3768 fratres,
1777 3701 2041 3756 abstinete

445 3813 577 3868 vos,
608 3798 731 3862 filii,
761 3797 1022 3858 abstinete
1059 3810 1153 3862 vos
1193 3810 1222 3856 a
1250 3791 1637 3849 consuetudine
1668 3792 1909 3864 rapiendi
1946 3809 1958 3844 :
1987 3799 2042 3847 et

447 3910 544 3952 vos
568 3894 657 3968 qui
685 3892 783 3948 sub
814 3891 1057 3956 manibus
1077 3898 1349 3962 raptorum
1381 3886 1596 3959 gemitis
1614 3928 1630 3953 ,
1661 3885 1922 3956 abstinete
1947 3901 2040 3953 vos

449 4003 480 4043 a
501 3987 787 4057 cupiditate
815 3984 1073 4060 rapiendi.
1117 3983 1268 4046 Alius
1306 3991 1493 4054 potens
1522 3989 1605 4036 est
1625 4024 1640 4049 ,
1669 3990 1723 4036 et
1769 3981 1908 4053 rapit
1937 3996 1949 4033 :
1985 3989 2040 4035 tu

450 4081 504 4142 in
533 4097 693 4146 manu
721 4061 949 4152 raptoris
976 4079 1175 4148 gemis;
1208 4077 1330 4150 quia
1357 4091 1547 4150 rapere
1570 4091 1673 4132 non
1703 4085 1854 4146 potes
1873 4117 1886 4143 ,
1922 4075 2040 4130 ideo

451 4190 559 4238 non
586 4172 734 4228 facis.
767 4170 970 4230 Habeto
1001 4169 1324 4234 facultatem,
1351 4177 1405 4224 ct
1428 4153 1500 4224 ibi
1531 4166 1756 4222 laudabo
1784 4165 2039 4222 domitam

451 4265 815 4337 cupiditatem.

520 4355 746 4413 CAPUT
769 4355 991 4418 για-7.
1015 4354 1109 4420 lies
1125 4353 1324 4420 inventa
1346 4351 1666 4418 restituenda.
1684 4351 1900 4408 Beatum
1916 4366 2038 4416 san-

448 4460 532 4516 cla
559 4451 832 4520 Scriptura
860 4447 1004 4514 dicit,
1024 4447 1110 4518 qui
1132 4456 1244 4518 post
1263 4463 1446 4514 aurum
1467 4463 1567 4500 non
1584 4445 1704 4499 abiit
1724 4462 1743 4512 ;
1766 4445 1851 4516 qui
1880 4444 2039 4516 potuit

450 4546 756 4618 transgredi,
772 4557 816 4604 et
836 4561 932 4608 non
951 4553 1021 4600 est
1040 4553 1414 4614 transgressus;
1429 4542 1514 4611 qui
1530 4539 1842 4612 faceremala
1854 4540 2036 4612 potuit,

448 4651 498 4706 et
519 4659 619 4706 non
649 4642 767 4713 fecit
791 4639 976 4713 (Ereti.
1015 4654 1166 4700 χιιι,
1186 4637 1239 4702 8,
1263 4637 1374 4706 lli).
1408 4635 1488 4690 Tu
1515 4643 1688 4701 autem
1711 4633 1864 4699 dicis,
1894 4632 2040 4687 Nun-

447 4752 605 4812 quam
636 4735 822 4806 negavi
849 4750 959 4800 rem
986 4734 1234 4792 alienam.
1265 4731 1397 4806 Quia
1427 4727 1561 4784 forte
1583 4741 1740 4782 nemo
1770 4724 1864 4779 tibi
1891 4740 2040 4782 com-

447 4829 756 4895 mandavit;
792 4835 884 4894 aut
927 4826 1062 4886 forte
1089 4822 1507 4890 commendavit,
1534 4819 1626 4884 sed
1671 4818 1770 4874 sub
1814 4818 2039 4874 testibus

447 4920 860 4988 commendavit,
909 4919 1003 4988 Die
1042 4917 1206 4988 mihi,
1235 4915 1540 4978 reddidisti,
1586 4911 1798 4983 quando
1847 4927 1877 4968 a
1922 4911 2039 4969 solo

447 5018 629 5082 solus,
660 5015 750 5082 ubi
780 5015 922 5078 Deus
949 5013 1085 5080 inter
1129 5027 1222 5078 vos
1268 5011 1434 5074 fuerat
1454 5050 1468 5078 ,
1512 5006 1800 5088 accepisti?
1827 5005 1882 5060 Si
1915 5015 2039 5062 tunc

447 5107 754 5174 reddidisti,
801 5107 846 5163 si
904 5114 1113 5174 mortuo
1161 5103 1250 5176 qui
1305 5101 1728 5170 commendavit,
1776 5102 2038 5170 nescienti

448 5204 559 5266 tilio
580 5199 891 5268 reddidisti;
926 5208 1050 5266 tunc
1074 5206 1124 5265 te
1149 5196 1377 5263 laudabo
1397 5238 1410 5263 ,
1435 5197 1553 5278 quia
1578 5207 1696 5274 post
1722 5215 1907 5266 aurum
1931 5218 2037 5260 non

447 5295 533 5350 isti
557 5313 571 5364 ;
597 5294 720 5364 quia
745 5291 961 5366 potuisti
991 5289 1309 5360 transgredi,
1333 5299 1388 5354 Ct
1428 5305 1534 5359 non
1557 5305 1615 5346 es
1644 5301 2034 5364 transgressus;

447 5385 569 5460 quia
597 5385 816 5456 potuisti
844 5383 982 5440 mala
1002 5382 1209 5448 facere,
1235 5389 1288 5436 et
1311 5396 1417 5448 non
1450 5380 1641 5449 fecisti.
1675 5381 1728 5438 Si
1758 5382 2036 5442 fortealie-

451 5495 578 5547 num
636 5477 905 5544 sacculum
937 5476 1228 5534 solidorum
1248 5518 1261 5544 ,
1297 5475 1382 5540 ubi
1415 5490 1572 5531 nemo
1600 5484 1650 5540 te
1678 5476 1841 5548 vidit,
1872 5479 1922 5547 in
1955 5482 2037 5536 via

449 5573 738 5642 invenisti,
767 5580 823 5628 et
847 5572 964 5628 sine
1010 5572 1112 5628 ulla
1156 5586 1304 5628 mora
1347 5570 1500 5643 cujus
1540 5570 1710 5634 fuerat
1737 5573 2033 5636 reddidisti.

449 5666 546 5725 Eia
567 5708 582 5734 ,
613 5665 834 5731 fratres,
861 5664 1032 5722 redite
1051 5664 1117 5722 ad
1144 5679 1271 5735 vos,
1295 5664 1541 5736 inspicite
1563 5679 1690 5736 vos,
1715 5665 2038 5743 interrogate

511 5780 584 5845 (ρ)
607 5785 766 5844 Forte,
785 5782 916 5838 tunc.

1704 242 1762 301 S.
1803 237 2172 316 AUCUSTIM
2208 241 2514 312 EPISCOPI

3651 262 3762 340 964

2171 380 2297 434 vos,
2324 383 2448 434 vera
2476 367 2795 444 respondete
2815 366 2966 445 Vobis
2984 417 3000 444 ,
3029 380 3086 448 et
3123 374 3358 458 judicate
3384 395 3481 456 VOS
3516 398 3627 454 non
3669 402 3764 458 8i}.-

2168 458 2400 550 eundum
2446 476 2761 536 personam,
2811 465 2905 537 sed
2947 467 3148 538 justum
3193 471 3450 548 judicium
3497 475 3760 550 iudicate.

2167 549 2306 648 Ecce
2346 549 2669 622 Christianus
2711 571 2805 636 es,
2837 559 3117 616 ecclesiam
3164 543 3517 648 frequentas,
3535 543 3763 632 verbum

2165 641 2260 699 Dei
2289 643 2439 700 audis
2459 688 2474 718 ,
2499 646 2567 702 de
2589 647 2818 719 lectione
2846 653 2997 708 verbi
3027 653 3120 722 Dei
3147 635 3420 724 laetissime
3449 635 3761 721 commere-

2163 736 2257 829 ris.
2289 734 2368 792 Tu
2406 736 2588 794 laudas
2617 747 2932 798 tractantem
2951 784 2965 810 ,
2996 759 3095 817 ego
3123 763 3306 818 quer
3330 748 3610 826 facientem
3636 772 3650 809 :
3674 764 3757 829 tu,

2163 826 2415 926 inquam,
2465 830 2668 926 laudas‘
2704 832 3006 908 dicentem,
3058 853 3158 910 ego
3208 858 3392 926 quaero
3446 826 3757 920 facientem.

2160 917 2493 976 Christianus
2517 937 2614 998 es,
2643 921 2949 996 frequentas
2995 917 3313 1006 ecclesiam,
3343 951 3491 1007 amas
3531 917 3760 1006 verbum

2161 1012 2291 1081 Dei,
2323 1024 2375 1070 et
2399 1015 2633 1108 libenter
2654 1018 2824 1075 audis.
2859 1021 2997 1088 Ecce
3024 1022 3125 1080 hoc
3149 1027 3289 1098 quod
3318 1045 3581 1108 propono,
3606 1034 3659 1094 in
3689 1049 3760 1094 eo

2159 1113 2210 1160 te
2238 1107 2480 1163 examina
2501 1151 2516 1176 ,
2545 1109 2598 1176 in
2627 1125 2692 1167 eo
2720 1119 2774 1168 te
2799 1114 3042 1184 appende
3069 1158 3083 1182 .
3113 1117 3164 1190 in.
3192 1133 3258 1190 βα
3297 1123 3528 1196 aSCepde
3556 1107 3759 1196 mentis

2161 1205 2263 1301 tina}
2293 1199 2558 1301 tribunal,
2581 1211 2636 1272 et
2659 1205 2926 1272 constitue
2956 1217 3005 1278 te
3031 1185 3270 1282 anteiit.
3299 1222 3354 1288 ει
3662 1185 3758 1278 :‘et

2155 1289 2206 1393 si.
2233 1307 2450 1393 pravum
2485 1293 2752 1362 inveneris
2771 1338 2786 1366 ,
2815 1299 3022 1372 corrige
3055 1311 3124 1373 te.
3156 1287 3405 1376 Propone
3432 1287 3756 1382 ermque";

2155 1381 2285 1438 dicit
2306 1383 2358 1478 in
2387 1383 2506 1456 lege
2527 1403 2621 1457 sua
2643 1429 2656 1454 ,
2681 1389 3042 1460 inventionem
3072 1410 3192 1458 esse
3218 1378 3751 1478 reddendamilieqt.

2154 1491 2298 1574 an}.
2321 1477 2376 1548 5)
2403 1494 2415 1529 ε
2445 1478 2668 1574 Deusin.
2701 1483 2818 1554 lege
2838 1500 2930 1546 sua
2963 1486 3128 1573 dicit.
3159 1505 3318 1570 quam
3343 1471 3518 1574 primo
3549 1471 3754 1572 nodulo

2153 1567 2463 1671 βαρείῃ-βω
2501 1572 2696 1644 quibus
2739 1574 2983 1634 Christus
3024 1557 3262 1640 nondum

2154 1661 2514 1765 inventionem
2566 1673 2820 1736 tanquam
2867 1670 3097 1728 alienum
3147 1691 3266 1732 esse
3312 1655 3754 1754 reddendam-isi

2151 1758 2464 1828 quisquam.
2499 1758 2644 1822 Verbi
2675 1762 2844 1831 gratia
2864 1805 2878 1831 ,
2909 1764 2963 1820 in
2996 1766 3076 1822 via
3102 1768 3340 1830 inveniat
3365 1774 3596 1844 alienum
3624 1795 3750 1838 sac-

2151 1849 2326 1915 culum
2376 1850 2702 1922 solidorum,
2735 1854 2933 1914 debere
2979 1859 3225 1931 reddere,
3256 1863 3362 1930 Sed
3411 1870 3580 1933 nescit
3625 1875 3751 1934 cui?

2149 1939 2266 2045 Nec
2301 1957 2369 2064 ξιξ
2412 1954 2632 2016 excusat
2675 1947 3010 2022 ignorantia.
3036 1953 3082 2022 si.
3125 1971 3231 2010 non
3275 1956 3578 2029 dominetur
3621 1979 3751 2029 ava-

2150 2044 2269 2092 τηις]
2301 2044 2338 2086 ³.

2221 2125 2448 2194 CAPUT
2476 2125 2589 2191 VII.
2611 2158 2684 2169 --
2711 2130 2767 2198 8,
2799 2130 3106 2206 Exemplum
3165 2139 3403 2198 eximium
3468 2144 3531 2204 de
3592 2150 3748 2210 restio

2151 2220 2334 2284 tuenda
2376 2236 2431 2273 re
2475 2221 2663 2288 aliena.
2712 2223 2893 2290 Dicam
2939 2235 3131 2284 vestra:
3173 2229 3464 2304 Charitati,
3489 2241 3746 2308 quoniam

2149 2309 2287 2404 dona
2316 2311 2410 2370 Dei
2439 2321 2593 2380 sunt;
2620 2322 2674 2372 et
2712 2324 2838 2376 sunt
2861 2317 2915 2386 in
2942 2321 3139 2392 populo
3165 2323 3259 2386 Dei
3299 2327 3388 2397 qui
3415 2301 3524 2386 non
3548 2301 3746 2404 frustra

2148 2403 2370 2473 audiunt
2387 2405 2609 2472 verbum
2641 2408 2738 2465 Dei
2767 2429 2779 2463 :
2807 2411 2980 2472 dicam
2998 2415 3138 2485 quod
3160 2415 3344 2478 fecerit
3369 2427 3745 2494 pauperrimus

2149 2495 2342 2570 homo,
2372 2499 2526 2562 nobis
2551 2502 2690 2576 apud
2720 2502 3072 2573 Mediolanum
3099 2511 3431 2580 constitutis;
3465 2524 3570 2579 tam
3610 2535 3746 2590 pau-

2149 2607 2266 2684 per,
2299 2602 2357 2648 ut
2397 2595 2713 2665 proscltolus
2761 2607 2905 2660 εδδοι
2948 2604 3278 2672 grammatici
3307 2604 3537 2678 (a):sed
3587 2613 3746 2684 plane

2148 2681 2490 2755 christianos,
2517 2689 2763 2756 quamvis
2785 2690 2872 2756 ille
2895 2701 3039 2756 esset
3063 2709 3299 2766 paganus
3323 2681 3742 2775 grammaticus;

2147 2777 2340 2847 melior
2379 2778 2446 2836 ad
2482 2779 2691 2850 velum,
2723 2797 2883 2853 quam
2910 2784 2963 2842 in
2988 2785 3264 2845 cathedra.
3312 2789 3522 2854 Invenit
3557 2811 3747 2854 saccu-

2149 2867 2259 2934 lum
2281 2911 2295 2936 ,
2328 2870 2430 2938 nisi
2460 2869 2597 2932 forte
2626 2889 2713 2934 me
2734 2891 2990 2941 numerus
3026 2878 3195 2948 fallit.
3226 2895 3346 2945 cum
3370 2885 3554 2946 solidis
3575 2888 3746 2950 ferme

2149 2959 2390 3053 ducentis
2421 2981 2433 3017 :
2461 2979 2668 3030 memor
2715 2965 2847 3037 legis
2887 2972 3167 3040 proposuit
3208 2974 3484 3044 pittacium
3533 2979 3610 3053 (ὁ)
3641 2999 3745 3053 pu-

2147 3050 2307 3144 blice.
2340 3052 2692 3124 Reddendum
2734 3059 2878 3126 enim
2927 3061 3160 3130 sciebat;
3192 3065 3288 3130 sed
3326 3069 3412 3127 cui
3459 3050 3742 3144 redderet,

2148 3143 2442 3215 ignorabat.
2473 3146 2757 3218 Proposuit
2785 3151 3058 3222 pittacium
3088 3157 3298 3227 publica
3325 3177 3338 3214 :
3367 3180 3387 3216 ι
3420 3163 3520 3230 Qui
3542 3143 3744 3226 solidos

2153 3252 2173 3302 ί
2220 3236 2450 3310 Perdidit
2472 3281 2486 3308 .
2517 3241 2696 3309 Veniat
2737 3243 2803 3306 ad
2833 3244 3006 3306 locum
3034 3248 3182 3310 illum
3203 3291 3218 3316 ,
3251 3261 3305 3309 et
3330 3265 3534 3326 quaerat
3559 3231 3739 3317 bomi;

2154 3346 2174 3427 ς
2220 3332 2535 3427 nominum.
2572 3353 2590 3386 ι
2617 3334 2711 3401 ille
2735 3339 2823 3406 qui
2852 3339 3106 3412 plangens
3133 3344 3548 3422 circumquaque
3577 3370 3741 3427 vaga—

2145 3421 2321 3492 batur,
2350 3425 2564 3496 invento
2606 3439 2660 3485 et
2702 3430 2841 3494 lecto
2871 3433 3118 3505 pittacia,
3149 3439 3296 3498 venit
3334 3443 3400 3498 ad
3443 3421 3738 3514 hominem.

2145 3514 2215 3585 Et
2239 3532 2304 3580 ne
2329 3516 2466 3580 forte
2491 3532 2758 3590 quaereret
2782 3525 3015 3588 alienum
3037 3569 3050 3595 ,
3085 3533 3332 3600 quaesivit
3356 3536 3503 3608 signa
3523 3580 3539 3608 ,
3570 3539 3740 3597 inter-

2144 3610 2356 3676 rogavit
2383 3611 2580 3677 saeculi
2607 3614 2938 3686 qualitatem,
2967 3620 3218 3694 sigillum,
3251 3626 3547 3685 solidorum
3568 3632 3737 3691 etiam

2145 3717 2453 3796 munerum.
2483 3706 2552 3766 Et
2578 3721 2700 3768 cum
2723 3711 2904 3768 omnia
2949 3712 3041 3774 ille
3081 3715 3313 3774 ﬁdeliter
3338 3724 3736 3796 respondisset,

2147 3794 2378 3863 reddidit
2405 3798 2545 3867 quod
2573 3799 2866 3858 invenerat.
2896 3802 2991 3872 ille
3031 3816 3209 3864 autem
3249 3815 3488 3883 repletus
3510 3794 3736 3886 gaudio,

2147 3897 2201 3956 et
2225 3904 2469 3957 quzerens
2491 3891 2659 3954 vicem
2685 3895 2980 3963 rependere
2999 3940 3014 3964 ,
3043 3908 3294 3972 tanquam
3318 3905 3551 3963 decimas
3578 3910 3739 3966 obtu-

2145 3979 2207 4042 lit
2229 3982 2302 4044 illi
2326 3982 2526 4044 solidos
2567 3986 2748 4055 viginti
2775 4005 2786 4040 :
2815 3989 2904 4059 qui
2930 3992 3100 4050 noluit
3131 3997 3395 4067 accipere.
3427 4001 3629 4058 Obtulit
3651 4005 3739 4060 vel

2145 4072 2368 4136 decem:
2401 4076 2571 4136 noluit
2597 4081 2858 4149 accipere.
2890 4083 3087 4142 Saltem
3133 4091 3340 4160 rogavit
3378 4095 3460 4148 vel
3505 4097 3739 4169 quinque

2145 4169 2412 4260 acciperet
2440 4185 2453 4222 :
2487 4170 2656 4228 noluit
2700 4173 2810 4232 ille.
2844 4173 3345 4238 Stomachabundus
3373 4184 3532 4241 homo
3560 4189 3741 4260 proje-

2143 4259 2218 4320 cit
2246 4261 2514 4324 sacculum
2545 4278 2560 4316 :
2589 4262 2730 4324 Nihil
2759 4267 3000 4335 perdidi,
3035 4271 3142 4336 ait;
3173 4273 3219 4328 si
3250 4290 3354 4330 non
3381 4277 3462 4331 vis
3486 4279 3684 4350 aliquid
3706 4297 3739 4336 a

2145 4365 2232 4412 me
2274 4353 2546 4423 accipere.
2581 4371 2679 4414 nec
2705 4373 2805 4428 ego
2848 4361 3046 4431 aliquid
3089 4365 3317 4434 perdidi.
3347 4368 3514 4438 Quale
3559 4381 3739 4429 certa-

2143 4459 2302 4511 men,
2333 4443 2524 4506 fratres
2577 4449 2712 4515 mei,
2741 4451 2896 4519 quale
2939 4458 3256 4516 certamen?
3301 4461 3475 4530 qualis
3524 4479 3736 4535 pugna,

2143 4538 2317 4608 qualis
2335 4538 2647 4598 conflictus?
2673 4542 2959 4602 Theatrum
2987 4549 3219 4606 mundus
3235 4594 3250 4620 ,
3275 4563 3544 4623 spectator
3571 4557 3734 4614 Deus.

2149 4630 2331 4692 Victus
2377 4633 2591 4692 tandem
2641 4637 2730 4694 illo
2757 4639 2901 4708 quod
2930 4640 3256 4701 offerebatur
3283 4651 3490 4720 accepit
3521 4669 3534 4706 :
3565 4653 3742 4708 conti-

2146 4739 2253 4782 nuo
2305 4732 2474 4782 totum
2519 4730 2844 4800 pauperibus
2889 4737 3161 4807 erogavit,
3190 4755 3358 4797 unum
3403 4743 3631 4801 solidum
3679 4748 3738 4804 in

2147 4815 2309 4874 domo
2337 4831 2433 4880 sua
2460 4833 2565 4875 non
2591 4820 2813 4879 dimisit.

2144 5015 3136 5143 εεέιὲῗὲρῗῖξὲῗιξ,
3178 5035 3402 5098 (Μεθ’
3448 5038 3623 5089 ⁰¹¹¹¹⁵³³

2209 5163 3030 5244 ἐειὶέδῐρεεοέμφὶιυωξιξερυίιιςνερίετε
3045 5175 3108 5226 ξ
3129 5177 3746 5244 confessor-.mth

2143 5217 3424 5315 5522133522.;essetisessetisaccensisueris.

2143 5288 2430 5372 trinacria?
2443 5290 2805 5372 itttrpjlucetyiis
2822 5296 3094 5372 mmfectus,
3105 5288 3169 5351 ut
3182 5288 3669 5372 dimississe};
3682 5288 3742 5359 Si

2144 5352 2426 5432 castra
2442 5351 2914 5432 asserem-mbas
2927 5351 3203 5432 etiam
3216 5351 3742 5432 ventumst};

2144 5414 2419 5494 vocabatur.
2456 5433 2476 5460 «
2500 5413 2615 5464 Vela
2637 5435 2657 5462 ν
2687 5413 2883 5529 Ἦιίριωέ
2920 5413 2973 5472 ιίῐ
2991 5413 3115 5476 dicit
3143 5413 3738 5492 i‘hgﬁéﬁﬂin‘sTH'iiBi'J'i

2144 5475 2524 5529 Coniessmnum.
2547 5491 2652 5529 (tan.
2676 5482 2696 5529 1
2737 5516 2750 5529 .
2777 5497 2825 5529 ιι.
2850 5484 2926 5529 22.
2959 5505 2982 5529 ι
3006 5489 3279 5529 Ιιρηάρὴειηπ
3306 5490 3550 5529 ιίητίηίιπιε
3576 5511 3738 5529 ,τη-ιη-

2676 5475 2825 5559 13,7111
2948 5505 2982 5559 ἰ
3005 5475 3739 5559 ρςήάειᾶἷηῖῖξιῖλῖῑῖἰῶε

2152 5540 2830 5622 ξη¹¹1ῗὲἷίὲἓὲῬ¹ἔέἕ¹ἒξ1¹ἓῗυὲιςν
2862 5540 3094 5622 videbis

2144 5610 2204 5672 eo
2225 5612 2409 5672 pagano
2431 5601 2687 5672 christiana
2723 5601 2818 5672 fide
2859 5601 3170 5671 praestantem
3204 5601 3422 5672 laudans:
3455 5601 3731 5672 {37516:}

2145 5657 2247 5730 δίιί.
2262 5657 2359 5730 βῖιᾷ
2382 5663 2563 5730 velum.
2587 5681 2731 5730 quam
2747 5671 2796 5730 in
2818 5657 3170 5726 οάιιίέδῆζςη·
3205 5657 3421 5672 “mw
3458 5657 3479 5665 —
3499 5657 3679 5685 ~~-~-.

2233 5722 3372 5813 11>.asseasseesseeam:scum
3391 5745 3731 5813 meamea.

2209 5724 2280 5834 ib)
2305 5726 2547 5780 Pittacium
2571 5724 2660 5802 seu
2681 5724 2933 5796 pictacium
2954 5724 3126 5790 dieitur

2145 5795 2210 5836 ve
2249 5785 2429 5837 tabella
2446 5789 2504 5839 ad
2527 5792 2834 5845 scribendum
2852 5807 3139 5852 coruoarata.
