4108 6336
421 319 526 388 9ϋῖ

487 440 717 508 CAPUT
746 431 1025 506 Villa-:29.
1040 439 1187 504 Idem
1206 447 1451 500 tractatur
1487 447 1856 514 argumentum,
1873 440 2010 508 Quid

415 537 534 595 est?
547 535 603 592 Si
624 535 823 607 aliquid
839 536 920 607 egi
944 537 996 591 in
1018 535 1270 600 cordibus
1291 535 1502 602 vestris,
1519 535 1562 590 si
1580 533 1796 592 verbum
1821 533 1914 594 Dei
1937 533 2010 592 in-

422 631 562 688 sedit
584 631 637 710 in
660 630 831 698 vobis,
853 630 896 685 si
916 629 1156 703 requiem
1177 628 1379 694 invenit
1403 627 1544 706 apud
1564 642 1678 694 vos,
1698 627 1855 686 facite
1881 625 2002 692 hoc,

415 729 608 790 fratres
627 725 732 784 mei
751 744 764 780 ς
790 725 954 790 nolite
966 733 1153 796 putare
1169 724 1419 790 damnum
1434 739 1528 780 vos
1542 723 1670 796 pati,
1687 723 1730 778 si
1748 722 2002 788 feceritis;

411 836 663 892 magnum
675 821 878 882 lucrum
890 827 992 886 est,
1010 819 1054 876 si
1072 818 1302 878 feceritis
1318 817 1458 890 quod
1469 815 1826 880 dico.Perdidi
1843 816 2006 886 vigin-

410 915 448 976 ti
476 913 698 982 solidos,
719 913 926 984 perdidi
945 912 1221 980 ducentos,
1240 912 1578 984 quingentos.
1607 910 1742 980 Quid
1761 909 2003 982 perdidi-

407 1007 501 1063 sti?
519 1007 592 1068 De
605 1005 764 1064 domo
782 1015 867 1068 tua
883 1005 1173 1076 perierant:
1193 1005 1327 1061 alter
1341 1004 1665 1077 perdiderat,
1678 1018 1782 1060 non
1798 1003 2003 1065 tu.Ter-

407 1115 464 1155 ra
501 1099 804 1162 communis
840 1107 952 1164 est,
988 1099 1044 1160 in
1084 1114 1185 1164 una
1224 1098 1385 1161 domo
1413 1098 1562 1162 estis,
1593 1097 1646 1154 in
1676 1097 1776 1154 hoc
1800 1095 2000 1156 mundo

407 1193 566 1248 ambo
587 1193 842 1259 viatores,
867 1191 1025 1263 huius
1046 1193 1166 1253 vitat
1183 1191 1260 1265 (a)
1280 1208 1440 1252 unum
1458 1190 1721 1254 stabulum
1740 1190 1994 1250 intrastis.

351 1336 358 1342 .
405 1284 591 1342 Posuit
614 1285 728 1352 ille,
756 1285 952 1342 oblitus
973 1293 1056 1346 est
1082 1285 1189 1350 ille;
1223 1285 1415 1344 cecidit
1439 1284 1508 1340 ab
1534 1283 1642 1350 illo,
1667 1291 1723 1338 tu
1750 1282 1997 1340 invenisti

403 1378 549 1434 alibi.
575 1378 705 1447 Quis
735 1377 1018 1442 invenisti?
1043 1377 1400 1440 Christianus.
1434 1376 1564 1444 Quis
1590 1375 1874 1442 invenisti?
1895 1375 1996 1444 Qui

402 1471 576 1543 legem
604 1470 821 1539 audisti,
845 1471 1170 1530 christianus
1200 1471 1290 1541 qui
1314 1470 1487 1541 legem
1517 1468 1730 1526 audisti.
1761 1468 1890 1536 Quis
1915 1468 1998 1530 itt-

401 1566 634 1621 venisti?
661 1565 761 1634 Qui
792 1581 912 1630 cum
941 1566 1155 1622 audires
1185 1563 1348 1620 multa
1378 1563 1623 1629 laudasti,
1651 1571 1706 1618 tu
1725 1561 1991 1626 invenisti.

401 1656 457 1714 Si
485 1672 612 1727 ergo
641 1657 902 1712 veraciter
933 1657 1181 1723 laudasti,
1226 1655 1389 1712 redde
1427 1655 1568 1726 quod
1617 1654 1884 1712 invenisti.
1933 1653 1993 1709 Si

401 1762 531 1818 ergo
561 1763 668 1802 non
699 1747 976 1803 reddidisti
1002 1748 1145 1818 quod
1177 1747 1458 1812 invenisti;
1487 1746 1702 1817 quando
1727 1746 1988 1815 laudasti,

400 1839 763 1894 testimonium
789 1847 974 1895 contra
1002 1846 1056 1896 te
1079 1838 1284 1895 dixisti.
1316 1839 1500 1894 Estote
1535 1837 1721 1894 ﬁdeles
1747 1838 1991 1896 invento-

404 1944 515 1998 res,
548 1939 603 1988 et
646 1939 772 1986 tunc
814 1932 1026 2003 iniquos
1065 1933 1360 2002 vituperata
1385 1939 1646 2001 raptores.
1677 1929 1809 1985 Nam
1847 1930 1989 2000 quod

399 2023 650 2081 invenisti
679 2035 736 2082 et
749 2042 855 2082 non
883 2025 1184 2091 reddidisti,
1204 2024 1445 2095 rapuisti.
1461 2023 1727 2091 Quantum
1747 2024 1985 2094 potuisti,

395 2119 604 2176 fecisti:
631 2121 754 2191 quia
780 2120 896 2191 plus
944 2135 1050 2175 non
1091 2118 1330 2190 potuisti,
1372 2117 1491 2174 ideo
1509 2132 1615 2174 non
1646 2116 1764 2187 plus
1791 2115 1985 2172 fecisti.

395 2212 494 2279 Qui
511 2212 742 2268 alienum
766 2212 1002 2283 negat,si
1034 2211 1200 2282 possit
1222 2211 1481 2269 ettollit‘.
1509 2209 1660 2277 Quod
1685 2225 1790 2265 non
1821 2209 1982 2277 tollis,

394 2305 555 2360 timor
582 2305 827 2375 prohibet
853 2323 866 2358 ε
894 2319 999 2359 non
1028 2305 1224 2359 bonum
1250 2302 1399 2368 facis,
1423 2302 1518 2358 sed
1543 2302 1744 2357 malum
1768 2301 1980 2358 metuis.

465 2397 694 2454 CAP-UT
734 2397 826 2452 IX.
855 2427 924 2438 —-
954 2397 1040 2452 10.
1081 2395 1257 2450 Timor
1285 2394 1477 2450 servitis
1507 2395 1780 2465 nequitiam
1817 2394 1984 2450 cordis

392 2505 495 2545 non
520 2489 748 2560 impedit.
779 2489 914 2557 Quid
945 2497 1029 2544 est
1053 2503 1301 2558 magnum
1327 2530 1340 2555 ,
1392 2489 1578 2542 timere
1607 2486 1841 2552 malum?
1869 2487 1982 2542 Ma-

391 2598 553 2655 gnum
583 2592 683 2647 est,
724 2599 828 2637 non
861 2583 1036 2638 facere
1074 2583 1313 2638 malum:
1354 2597 1602 2652 magnum
1641 2589 1759 2647 est,
1802 2593 1983 2637 amare

390 2674 612 2731 bonum.
636 2674 768 2730 Nam
796 2688 850 2730 et
870 2676 1004 2732 latro
1029 2675 1177 2730 timet
1200 2674 1430 2740 malum;
1459 2682 1512 2728 et
1534 2673 1621 2728 ubi
1651 2688 1756 2729 non
1781 2681 1978 2741 potest,

396 2785 502 2826 non
517 2768 644 2825 facit
667 2788 682 2825 :
709 2778 764 2826 et
789 2778 967 2824 tamen
999 2769 1134 2824 latro
1159 2775 1263 2824 est.
1292 2767 1434 2823 Deus
1461 2766 1604 2822 enim
1633 2779 1726 2822 cor
1752 2765 1984 2824 interro-

390 2871 500 2935 gat,
525 2879 635 2919 non
663 2879 898 2919 manum.
924 2865 1102 2934 Lupus
1134 2864 1280 2920 venit
1305 2862 1372 2917 ad
1397 2861 1536 2916 ovile
1561 2860 1760 2928 ovium,
1791 2859 1982 2930 qumrit

388 2956 666 3025 invadere,
691 2959 882 3028 quaerit
907 2958 1170 3028 jugulare,
1213 2957 1404 3027 quierit
1437 2955 1695 3011 devorare
1720 2971 1733 3006 :
1761 2953 1983 3024 vigilant

387 3061 654 3124 pastores,
687 3053 883 3107 latrant
907 3067 1068 3107 canes
1094 3070 1106 3106 :
1138 3050 1269 3106 nihil
1297 3057 1492 3122 potest,
1518 3064 1624 3104 non
1655 3047 1849 3115 aufert,
1873 3063 1978 3104 non

389 3144 620 3210 occidit;
651 3145 746 3200 sed
775 3152 950 3200 tamen
980 3144 1136 3214 lupus
1163 3142 1325 3210 venit,
1354 3143 1509 3213 lupus
1533 3142 1689 3197 redit.
1712 3134 1980 3211 Numquid

388 3239 510 3308 quia
532 3253 684 3293 ovem
708 3253 811 3293 non
838 3238 974 3304 tulit,
995 3238 1114 3292 ideo
1129 3238 1283 3308 lupus
1301 3238 1470 3302 venit,
1490 3244 1544 3292 et
1561 3236 1675 3290 ovis
1695 3234 1864 3290 redit?
1881 3233 1981 3288 Lm

387 3342 486 3400 pus
501 3330 646 3384 venit
663 3337 912 3395 tremens,
923 3330 1078 3400 lupus
1094 3329 1230 3384 redit
1245 3337 1477 3384 tremens
1497 3346 1508 3382 :
1526 3328 1683 3398 lupus
1698 3335 1782 3383 est
1797 3336 1977 3382 tamen

386 3428 439 3474 et
455 3418 687 3474 fremens
701 3430 752 3475 et
771 3430 1024 3476 tremens.
1043 3421 1314 3490 Interroga
1332 3435 1458 3490 ergo
1476 3419 1795 3490 te,quisquis
1810 3418 1888 3473 vis
1900 3417 1980 3488 ju-

387 3510 586 3576 dicare;
611 3519 663 3566 et
681 3511 800 3566 vide
823 3512 867 3566 si
886 3519 1010 3566 tunc
1028 3527 1132 3565 non
1156 3511 1286 3565 facis
1307 3512 1465 3576 male,
1488 3512 1701 3582 quando
1726 3521 1878 3582 potes
1899 3510 1977 3566 fa.

385 3617 507 3658 cere
522 3611 575 3659 et
587 3604 652 3657 ab
675 3603 889 3658 homine
909 3617 1012 3657 non
1028 3603 1205 3674 puniri
1223 3621 1237 3658 :
1258 3611 1382 3658 tunc
1401 3603 1557 3657 times
1579 3604 1788 3658 Deum’.
1807 3603 1978 3658 Nemo

385 3704 469 3750 est
486 3696 578 3761 ibi,
600 3696 701 3751 nisi
722 3703 776 3750 tu
795 3706 846 3752 et
864 3697 952 3752 ille
969 3697 1052 3750 cui
1074 3696 1202 3751 facis
1221 3696 1440 3764 niuium,
1461 3706 1514 3752 et
1530 3697 1670 3753 Deus
1686 3698 1771 3767 qui
1790 3697 1977 3753 ambos

385 3788 568 3843 videt:
600 3789 741 3854 vide,
772 3789 842 3843 ibi
876 3790 1022 3844 time.
1053 3789 1246 3844 Parum
1277 3790 1525 3860 estquod
1554 3789 1694 3858 dico,
1719 3789 1873 3857 Vide,
1903 3789 1976 3846 ibi

389 3882 516 3936 time
543 3881 778 3936 malum:
825 3881 895 3936 ibi
931 3897 1047 3936 ama
1092 3882 1310 3937 bonum.
1357 3881 1490 3936 Nam
1535 3883 1740 3938 etiamsi
1785 3882 1976 3938 timore

387 3973 645 4044 gehennae
691 3989 795 4029 non
845 3973 978 4029 facis
1020 3974 1252 4042 malum,
1299 3973 1535 4029 nondum
1583 3989 1642 4028 es
1686 3973 1971 4045 perfectus.

387 4067 574 4122 Audeo
603 4066 799 4133 dicere,
830 4067 874 4122 si
900 4069 1091 4123 timore
1131 4067 1390 4138 gebeuna:
1429 4083 1535 4122 non
1577 4066 1709 4122 facis
1752 4067 1971 4135 malum,

389 4168 468 4213 est
497 4158 709 4230 quidem
741 4159 794 4213 in
828 4167 879 4214 te
911 4159 1062 4225 fides,
1087 4160 1207 4231 quia
1235 4159 1410 4214 credis
1448 4158 1683 4214 futurum
1729 4159 1824 4215 Dei
1852 4175 1974 4215 esse

383 4247 638 4318 judicium
667 4268 680 4303 :
710 4249 915 4321 gaudeo
941 4249 1064 4305 ﬁdei
1093 4260 1216 4316 tuae,
1245 4250 1339 4305 sed
1367 4249 1540 4306 adhuc
1572 4251 1730 4306 timeo
1757 4251 1976 4314 malitim

388 4348 511 4395 ture.
537 4339 671 4410 Quid
702 4351 784 4398 est
808 4342 952 4414 quod
973 4342 1121 4397 dixi?
1141 4343 1273 4411 Quia
1295 4342 1339 4398 si
1364 4345 1554 4399 timore
1578 4342 1838 4414 gehennae
1863 4359 1972 4400 non

385 4429 517 4488 facis
540 4434 760 4498 malum,
791 4449 895 4489 non
925 4450 1106 4489 amore
1131 4435 1353 4505 justitim
1383 4435 1513 4490 facis
1539 4435 1755 4490 bonum.

455 4525 682 4583 CAPUT
721 4527 789 4582 X.
812 4557 883 4567 —
908 4528 996 4584 H.
1023 4528 1180 4583 Amor
1193 4528 1411 4600 justitia:
1439 4538 1603 4583 castus
1630 4529 1764 4585 unde
1791 4530 1974 4602 proba-

388 4628 485 4674 tur.
511 4620 667 4676 Aliud
690 4631 790 4690 est,
815 4621 1003 4678 timere
1030 4637 1238 4692 poenam
1258 4639 1272 4690 ;
1296 4623 1438 4678 aliud
1463 4633 1565 4691 est,
1598 4639 1778 4680 amare
1811 4625 1972 4695 justi-

388 4713 532 4768 tiam.
562 4717 727 4771 Amor
751 4724 929 4771 castus
959 4717 1009 4770 in
1041 4724 1091 4772 te
1120 4732 1238 4772 esse
1263 4716 1440 4785 debet,
1483 4735 1588 4789 quo
1625 4735 1807 4776 amore
1833 4721 1974 4776 desi-

387 4807 542 4864 deres
570 4810 771 4875 videre,
806 4825 910 4866 non
943 4811 1134 4866 coelum
1161 4820 1215 4866 et
1245 4821 1441 4867 terram
1467 4855 1480 4878 ,
1515 4829 1619 4868 non
1657 4829 1874 4885 campos
1903 4816 1972 4870 li-

382 4902 576 4972 quidos
606 4902 788 4969 maris,
819 4918 924 4958 non
955 4904 1253 4973 spectacula
1287 4906 1582 4976 nugatoria,
1609 4921 1712 4961 non
1739 4907 1972 4978 fulgores

385 4996 691 5067 nitoresquc
703 5011 1052 5068 gemmarum:
1069 4997 1160 5052 sed
1175 4996 1414 5052 desidera
1428 4997 1607 5052 videre
1621 4998 1787 5053 Deum
1801 5009 1970 5062 tuum,

383 5101 563 5143 amare
575 5089 742 5144 Deum
758 5097 926 5154 tuum;
945 5089 1065 5160 quia
1077 5088 1279 5144 dictum
1296 5089 1754 5157 estzbitcctissimi,
1770 5092 1867 5162 [itii
1878 5092 1973 5148 Dei

383 5195 578 5248 smnus,
605 5190 651 5236 et
680 5181 904 5236 nondum
925 5182 1162 5254 apparuit
1187 5183 1310 5254 quid
1339 5183 1563 5238 erimus:
1593 5184 1778 5243 scimus
1805 5194 1973 5240 autem

384 5272 501 5342 quia
527 5289 642 5328 cum
664 5274 976 5345 apparuerit,
1013 5274 1200 5329 similes
1227 5275 1270 5329 ei
1296 5275 1501 5339 erimus,
1525 5277 1761 5346 quoniam
1787 5277 1974 5331 videbi-

385 5381 496 5420 mus
513 5382 625 5420 eum
645 5365 793 5422 sicuti
809 5375 877 5423 est
899 5365 937 5438 (I
955 5363 1113 5422 Joan.
1137 5382 1210 5433 tu,
1236 5365 1312 5438 2).
1341 5367 1476 5422 Ecce
1494 5377 1708 5438 propter
1725 5383 1881 5441 quam
1903 5370 1974 5424 vi-

385 5459 591 5516 sionem
620 5459 702 5516 fac
743 5459 963 5528 bonum,
1011 5476 1134 5516 ecce
1179 5469 1396 5532 propter
1435 5477 1592 5533 quam
1639 5462 1748 5518 noli
1795 5462 1972 5520 facere

447 5585 467 5653 ξ
491 5591 565 5635 Er.
588 5586 739 5653 Lugd.
764 5593 884 5636 Ven.
907 5594 1038 5647 ων..
1058 5587 1103 5653 si
1122 5592 1276 5653 posset
1297 5586 1556 5653 ettotleret.
1611 5596 1678 5653 _M.

449 5646 470 5722 ξ
486 5653 560 5721 [ξι-⁸.
585 5645 734 5722 Lugd.
759 5645 1261 5722 vemtquundo'potes
1283 5645 1444 5722 facere
1460 5657 1505 5701 et
1529 5649 1973 5722 ab_ltommibus_non

509 5711 614 5762 ris:
638 5711 1066 5783 timcotimeD'etnn.
1085 5711 1156 5765 sic
1176 5711 1323 5766 etiam
1346 5720 1485 5777 Lov.;
1510 5715 1597 5766 sed
1619 5713 1742 5778 loco,
1766 5715 1970 5781 partiris,

509 5725 576 5762 ντες
597 5722 614 5761 .'
638 5721 904 5762 timemus.

383 5721 783 5839 mnsam-ﬁ
845 5779 904 5826 ιιι

425 5860 524 5934 ai
547 5866 704 5916 Forte,
728 5858 836 5911 vita.

1805 313 2039 384 SERMO,
2076 315 2358 392 CLXXIX.

3597 332 3706 412 966

2116 442 2336 508 malum.
2368 443 2425 506 Si
2453 428 2595 512 enim
2623 461 2771 510 amas
2812 449 2993 520 videre,
3020 453 3189 526 Deum
3232 461 3415 532 tuum.
3445 457 3493 522 Si
3521 458 3574 528 in
3601 459 3704 532 hac

2115 537 2542 606 peregrinatione
2573 541 2662 600 illo
2703 559 2884 608 amore
2921 548 3191 620 suspiras;
3239 564 3364 616 ecce,
3411 551 3600 623 prohat
3645 561 3701 618 te

2113 625 2372 720 Dominus
2403 630 2542 688 Deus
2567 642 2708 704 tuus,
2739 639 2891 708 quasi
2919 639 3060 706 dicat
3089 641 3220 708 tibi;
3264 642 3403 700 Ecce
3431 642 3513 702 fac
3555 645 3699 720 quod

2113 717 2211 786 vis,
2245 720 2406 792 imple
2433 725 2746 794 cupiditates
2777 739 2913 800 tuas,
2941 733 3168 796 extende
3194 737 3504 807 nequitiam,
3533 717 3695 798 dilata

2109 809 2397 882 luxuriam,
2431 817 2681 890 quidquid
2711 821 2945 894 libuerit,
2990 825 3190 892 licitum
3235 838 3392 900 puta;
3422 847 3529 887 non
3572 834 3696 891 hinc

2109 913 2162 963 te
2183 909 2367 978 punio,
2393 925 2497 968 non
2525 920 2576 968 te
2600 913 2650 972 in
2675 915 2944 985 gehennas
2965 920 3140 990 mitto,
3163 920 3355 980 faciam
3380 939 3552 990 meam
3580 935 3696 982 tan-

2107 1006 2219 1092 tum
2251 1002 2341 1060 tibi
2371 1006 2595 1076 negabo.
2629 1008 2685 1063 Si
2722 1012 3000 1081 expavisti,
3047 1016 3268 1083 amasti;
3316 1018 3361 1072 si
3408 1017 3510 1075 hoc
3550 1020 3692 1092 quod

2105 1091 2305 1158 dictum
2332 1105 2435 1164 est,
2457 1098 2669 1164 Faciem
2690 1115 2838 1156 suam
2865 1103 2957 1166 tibi
2987 1108 3200 1177 negabit
3225 1109 3366 1174 Deus
3393 1119 3531 1180 tuus,
3557 1091 3690 1169 con-

2105 1187 2322 1248 tremuit
2351 1203 2445 1243 cor
2471 1199 2638 1259 tuum,
2683 1193 2738 1256 in
2782 1209 2886 1256 non
2927 1197 3154 1262 videndo
3185 1200 3350 1262 Deum
3397 1210 3542 1258 tuum
3573 1218 3688 1258 ma-

2101 1292 2262 1348 gnam
2291 1295 2505 1351 pmnam
2538 1287 2765 1354 putasti;
2814 1289 2980 1359 gratis
3007 1294 3215 1357 amasti.
3254 1292 3310 1358 Si
3339 1309 3468 1366 ergo
3509 1310 3688 1354 sermo

2100 1384 2253 1428 meus
2283 1371 2486 1430 invenit
2530 1375 2586 1430 in
2615 1377 2862 1442 cordibus
2889 1381 3084 1440 vestris
3126 1383 3356 1454 aliquam
3401 1385 3686 1450 scintillam

2098 1465 2315 1533 gratuiti
2343 1467 2542 1532 amoris
2582 1469 2695 1538 Dei,
2741 1471 2910 1542 ipsam
2939 1474 3136 1539 nutrite
3169 1476 3272 1542 :ad
3311 1477 3449 1534 hanc
3476 1495 3678 1551 augen-

2099 1553 2220 1610 dam
2252 1571 2345 1611 vos
2371 1558 2627 1616 advocate
2657 1577 2846 1631 prece,
2897 1563 3196 1632 humilitate
3221 1568 3260 1634 1,
3291 1567 3476 1626 dolore
3517 1573 3687 1643 paeni-

2099 1647 2298 1714 tentitc,
2331 1648 2614 1708 dilectione
2644 1653 2887 1724 justititn,
2915 1656 3164 1725 operibus
3190 1658 3364 1728 bonis,
3400 1662 3686 1730 gemitibus

2096 1740 2342 1809 sinceris,
2367 1748 2776 1804 conversatione
2797 1748 3068 1816 laudabili.
3096 1751 3328 1817 amicitia
3351 1752 3512 1808 fideli.
3537 1753 3686 1810 Hanc

2095 1833 2378 1894 scintillam
2409 1837 2536 1893 boni
2563 1841 2760 1897 amoris
2783 1841 2907 1898 [late
2931 1843 2981 1898 in
3005 1844 3176 1912 vobis,
3199 1847 3396 1910 nutrite
3419 1846 3474 1902 in
3499 1846 3680 1903 vobis:

2092 1924 2207 1995 ipsa
2237 1941 2358 1986 cum
2389 1932 2640 1998 creverit,
2687 1941 2741 1988 et
2781 1933 3050 1994 ﬂammam
3081 1936 3448 2007 dignissimam
3475 1946 3530 1994 et
3564 1953 3682 1994 am-

2092 2017 2387 2088 plissimam
2446 2022 2672 2092 fecerit,
2720 2027 2955 2084 omnium
2999 2029 3345 2100 cupiditatum
3390 2030 3682 2094 carnalium

2089 2108 2212 2167 fena
2240 2113 2504 2172 consumit
2524 2116 2566 2168 ³.

2531 2229 2760 2287 SERMO
2796 2232 3056 2290 CLXXIX
3082 2241 3100 2262 "
3138 2235 3240 2309 (a).

2087 2342 2168 2399 De
2200 2343 2360 2400 verbis
2397 2345 2629 2418 Apostoli
2651 2346 2851 2416 Jacobi,
2896 2349 2977 2405 Sit
2999 2359 3174 2407 autem
3205 2354 3564 2430 unusquisque
3589 2369 3681 2413 ve-

2159 2445 2329 2494 strum
2358 2439 2513 2494 velox
2558 2441 2624 2495 ad
2664 2441 3010 2510 audiendum,
3044 2445 3226 2502 tardus
3264 2457 3442 2504 autem
3487 2449 3552 2505 ad
3593 2450 3678 2507 lo-

2159 2531 2448 2600 quendum.
2478 2532 2551 2587 Ac
2572 2534 2635 2588 de
2657 2534 2759 2588 illis
2783 2534 2984 2602 ibidem,
3024 2537 3210 2594 Estote
3236 2549 3413 2596 autem
3446 2541 3677 2600 factores

2155 2623 2326 2690 verbi,
2347 2631 2400 2679 et
2426 2639 2532 2680 non
2557 2624 2828 2684 auditores
2851 2636 3074 2697 tantum,
3097 2639 3190 2686 etc.
3213 2630 3340 2705 Cap.
3365 2631 3406 2701 Ι,
3426 2633 3462 2706 ᾖ
3496 2634 3533 2705 Ῡ
3557 2635 3676 2705 .19,

2156 2714 2247 2770 22.

2155 2826 2383 2885 CAPUT
2420 2829 2704 2892 PRIMUM.
2751 2863 2825 2873 —
2873 2835 2926 2890 1.
2967 2833 3253 2895 Dicendum
3310 2837 3374 2893 de
3410 2847 3670 2898 utrorum-

2083 2934 2179 2988 que
2230 2920 2426 2990 o/Iic-io,
2476 2923 2762 2980 auditorum
2807 2935 2855 2990 et
2910 2927 3302 2998 prazdicatorum
3358 2931 3494 2987 verbi
3543 2932 3662 2990 Dei.

2084 3009 2242 3068 Verbi
2277 3012 2369 3071 Dci
2395 3014 2637 3072 assiduos
2660 3017 2951 3086 auditores,
2982 3019 3171 3077 beatus
3197 3021 3431 3081 Jacobus
3455 3036 3671 3100 aposto-

2082 3101 2167 3160 lus
2196 3105 2465 3173 convenit,
2497 3106 2681 3164 diccns
2713 3126 2724 3161 :
2759 3107 2930 3164 Estote
2962 3121 3129 3176 autem
3175 3113 3390 3184 [actores
3431 3118 3585 3188 verbi,
3627 3128 3675 3175 et

2083 3211 2185 3252 non
2233 3197 2490 3252 auditores
2546 3208 2774 3268 tantum,
2821 3201 3056 3276 [attentas
3100 3207 3438 3278 vosmetipsos.
3489 3209 3675 3283 Neque

2082 3287 2227 3344 enim
2256 3303 2378 3346 cum
2409 3290 2561 3364 cujus
2609 3292 2828 3348 verbum
2870 3303 2971 3360 est,
3010 3304 3101 3358 aut
3144 3313 3240 3368 per
3278 3315 3435 3370 quem
3482 3301 3675 3360 dicitur

2080 3379 2337 3448 verbum;
2371 3381 2464 3436 sed
2510 3383 2865 3454 vosmetipsos
2913 3384 3111 3442 fallitis.
3144 3387 3222 3444 Ex
3255 3389 3355 3448 hac
3387 3407 3516 3464 ergo
3543 3409 3671 3451 sen-

2081 3474 2246 3530 tentia
2294 3484 2544 3530 manante
2582 3475 2650 3531 de
2692 3476 2836 3532 fonte
2877 3477 3136 3548 veritatis,
3167 3497 3263 3552 per
3312 3498 3372 3540 os
3415 3488 3671 3558 apostoli-

2080 3580 2202 3622 cum
2229 3568 2650 3636 veracissimam,
2682 3569 2937 3626 audemus
2965 3579 3017 3625 et
3044 3586 3141 3626 nos
3170 3574 3440 3632 exhortari
3466 3593 3590 3636 vos:
3615 3590 3669 3637 et

2079 3673 2201 3722 cum
2229 3659 2579 3726 exhortamur
2605 3674 2723 3729 vos,
2750 3661 3020 3732 reSpicere
3047 3678 3164 3720 nos.
3206 3665 3363 3724 Verbi
3394 3668 3488 3725 Dei
3527 3672 3668 3730 enim

2079 3748 2253 3808 inanis
2283 3759 2366 3806 est
2404 3751 2698 3810 forinsecus
2745 3739 3081 3822 praedicator,
3121 3756 3212 3830 qui
3259 3772 3362 3812 non
3407 3769 3488 3814 est
3527 3760 3671 3818 intus

2078 3841 2310 3904 auditor.
2338 3841 2448 3897 Nec
2476 3843 2546 3898 ita
2576 3843 2750 3904 aversi
2778 3845 2846 3900 ab
2876 3843 3209 3914 humanitate
3238 3859 3291 3905 et
3318 3849 3460 3906 fideli
3488 3855 3669 3910 consi-

2077 3933 2355 3996 deratione
2393 3950 2598 4002 sumus,
2647 3945 2705 3992 ut
2751 3937 2988 4008 pericula
3035 3950 3218 3998 nostra
3260 3958 3366 3998 non
3408 3944 3670 4018 intelliga-

2077 4041 2218 4093 mus,
2247 4027 2338 4099 qui
2365 4027 2584 4082 verbum
2617 4028 2710 4090 Dei
2752 4030 2964 4102 populis
3008 4032 3376 4102 praedicamus.
3407 4039 3670 4098 Consola-

2079 4129 2166 4188 tur
2190 4130 2516 4191 antemnas,
2566 4123 2688 4198 quia
2730 4122 2821 4179 ubi
2859 4124 3221 4194 periclitamur
3263 4126 3317 4184 in
3360 4129 3668 4188 ministeriis

2076 4215 2297 4285 nostris,
2327 4214 2643 4284 adiuvamur
2666 4215 2997 4274 orationibus
3023 4219 3231 4274 vestris.
3259 4219 3388 4286 Nam
3417 4230 3476 4278 ut
3499 4238 3667 4281 nove-

2077 4306 2212 4372 ritis,
2235 4305 2446 4374 fratres,
2470 4323 2628 4382 quam
2653 4311 2847 4363 tutiore
2862 4309 2979 4368 loco
3001 4311 3152 4368 stetis
3179 4326 3336 4382 quam
3359 4329 3477 4382 nos,
3501 4315 3668 4388 ipsius

2077 4399 2303 4469 apostoli
2333 4399 2492 4462 aliam
2523 4400 2842 4464 sententiam
2866 4400 3083 4476 profero
3109 4401 3356 4476 dicentis,
3390 4405 3473 4461 Sit
3497 4416 3666 4463 autem

2074 4493 2421 4565 unusquisque
2444 4501 2659 4556 vestrum
2702 4491 2848 4547 velox
2880 4493 2949 4550 ad
2991 4495 3320 4565 audiendum,
3353 4499 3532 4563 tardus
3566 4516 3664 4554 au-

2080 4595 2179 4640 tem
2207 4585 2274 4640 ad
2299 4584 2623 4656 loquendum.
2647 4585 2802 4651 Prius
2832 4586 3008 4658 itaque
3045 4587 3114 4646 de
3148 4587 3250 4645 hoc
3279 4588 3455 4645 officio
3481 4599 3665 4648 nostro

2079 4677 2288 4748 loquar,
2336 4686 2555 4749 propter
2594 4677 2732 4740 hanc
2769 4679 3127 4749 sententiam,
3173 4696 3272 4762 qua
3316 4681 3666 4748 admonemur

2077 4787 2198 4838 esse
2221 4772 2520 4840 velociores
2549 4771 2617 4830 ad
2642 4771 2987 4840 audiendum,
3029 4772 3291 4840 tardiores
3331 4773 3398 4829 ad
3436 4773 3664 4846 loquen-

2077 4867 2202 4928 dum
2232 4884 2246 4920 ε
2279 4876 2337 4931 ut
2371 4881 2491 4924 cum
2523 4865 2756 4932 cilicium
2784 4875 3024 4930 nostrum
3054 4867 3145 4938 qui
3187 4883 3332 4939 saepe
3372 4867 3660 4946 loquimur,

2076 4975 2426 5026 excusavero,
2461 4969 2589 5025 tunc
2618 4959 2825 5022 veniam
2855 4959 2920 5028 ad
2952 4959 3003 5018 id
3026 4959 3166 5030 quod
3191 4961 3364 5031 primo
3387 4966 3660 5034 proposui.

2147 5052 2371 5116 CAPUT
2409 5052 2472 5116 ll.
2496 5053 2635 5116 —2.
2667 5054 2858 5120 Audire
2881 5053 3083 5116 uerbum
3112 5053 3204 5112 Dei
3229 5057 3382 5112 tutius
3410 5067 3482 5112 est
3510 5076 3661 5130 quam

2077 5145 2373 5218 praedicare.
2399 5144 2623 5217 Oportet
2649 5161 2747 5206 nos
2771 5145 3043 5212 exhortari
3067 5162 3183 5218 vos,
3207 5157 3263 5206 ut
3290 5165 3394 5205 non
3423 5151 3538 5207 sitis
3564 5167 3662 5208 au-

2074 5241 2280 5297 ditores
2309 5249 2512 5301 tantum
2553 5239 2721 5306 verbi,
2750 5240 2845 5306 sed
2879 5239 3040 5306 etiam
3075 5241 3325 5306 factores.
3356 5244 3508 5314 Quod
3537 5260 3662 5318 ergo

2076 5350 2221 5406 saepe
2245 5335 2395 5391 vobis
2421 5334 2709 5406 loquimur.
2731 5335 2852 5405 quis
2878 5350 3007 5408 non,
3034 5351 3222 5407 parum
3251 5338 3533 5402 advertens
3563 5326 3662 5410 ne-

2077 5428 2379 5484 cessitatem
2406 5437 2662 5494 nostram,
2687 5426 2890 5508 iudicat
2917 5442 3038 5500 nos,
3065 5443 3185 5498 cum
3211 5429 3357 5504 legit,
3387 5431 3469 5503 Sit
3493 5445 3662 5492 autem

2083 5521 2242 5577 κηκὶς
2267 5523 2415 5576 homo
2437 5521 2583 5582 uotae:
2615 5520 2682 5584 ad
2714 5520 3044 5597 audiendum,
3086 5523 3263 5588 tardus
3295 5535 3462 5586 autem
3488 5528 3557 5584 ad
3578 5530 3658 5592 ιο-
3726 5538 3731 5546 '

2141 5672 2253 5739 {Sic
2275 5679 2373 5739 Am:
2400 5675 2475 5720 Er.
2503 5675 2555 5719 et
2575 5676 2683 5720 Mss.
2710 5677 2765 5721 At
2784 5677 2918 5735 Lov.,
2943 5684 3084 5739 prece
3098 5671 3399 5728 hundtitatis.

2141 5736 2165 5769 ⁸
2184 5743 2315 5795 mm,
2339 5734 2503 5796 fenum
2527 5739 2785 5783 εοηεηητρι.
2851 5742 2907 5784 Μ.

2141 5799 2162 5819 ‘
2185 5796 2476 5860 mendatns
2489 5797 2546 5845 ad
2580 5810 2655 5860 gr.
2699 5796 2834 5847 Ulim.
2854 5806 2955 5849 Par.
2992 5806 3101 5852 Lor.

2143 5862 2215 5922 (a)
2239 5859 2380 5932 Alias,
2403 5858 2468 5912 de
2486 5858 2698 5911 Diversis
2719 5860 2795 5909 Ξῖ.
