4108 6336
477 421 774 492 quendam?
801 421 939 480 Ecce
977 421 1208 479 studium
1248 431 1483 481 vestrum
1523 440 1620 483 nos
1661 442 1769 484 non
1797 431 2059 500 permittit

479 517 633 574 istam
661 533 875 574 servare
903 518 1244 574 sententiam.
1278 518 1493 576 Debetis
1521 535 1649 592 ergo
1677 537 1854 590 orare,
1883 524 2060 579 suble-

480 626 624 678 vare,
657 625 813 680 quem
842 610 1031 680 cogitis
1067 611 1378 682 periclitari.
1422 610 1835 680 Verumtamen,
1865 611 2058 668 fratres

474 702 600 764 mei,
629 701 801 756 dicam
844 700 1015 768 vobis,
1062 702 1204 772 quod
1246 702 1368 758 volo
1411 703 1674 771 credatis;
1722 704 1843 774 quia
1873 703 1973 760 hoc
2001 703 2056 759 in

470 794 632 849 corde
673 810 794 850 meo
835 810 941 850 non
987 795 1200 851 videtis.
1243 797 1354 866 Ego
1395 797 1484 866 qui
1524 796 1676 852 vobis
1719 797 1931 854 assidue
1977 798 2056 852 lo-

470 901 624 955 quor,
677 885 899 955 jubente
952 886 1148 941 domno
1202 895 1257 943 et
1299 887 1461 943 fratre
1503 904 1625 944 meo
1668 889 1916 960 episcopo
1959 903 2050 942 ve-

469 986 581 1032 stro
603 977 703 1048 (a),
737 986 791 1032 et
814 978 1147 1048 exigentibus
1170 979 1343 1046 vobis,
1384 987 1512 1035 tunc
1551 980 1776 1035 solidum
1806 980 2049 1051 .gaudeo,

469 1068 596 1121 dum
623 1069 800 1123 audio.
847 1069 1128 1136 Gaudium,
1163 1070 1398 1141 inquam,
1429 1087 1607 1126 meum
1657 1082 1780 1125 tunc
1819 1069 2050 1126 solidum

467 1171 570 1227 est,
603 1161 814 1231 quando
843 1160 1022 1226 audio,
1049 1176 1156 1216 non
1185 1162 1398 1232 quando
1427 1161 1677 1232 praedico.
1723 1161 1870 1216 Tunc
1907 1162 2048 1218 enim

465 1269 686 1309 securus
715 1253 1244 1325 delector.Voluptas
1271 1255 1359 1309 illa
1381 1269 1486 1309 non
1512 1255 1670 1309 habet
1698 1254 2046 1309 inflationem.

469 1344 585 1399 Non
617 1345 689 1398 ibi
715 1345 1030 1401 formidatur
1054 1345 1403 1416 praecipitium
1431 1346 1697 1414 elationis,
1728 1346 1819 1401 ubi
1845 1353 1927 1401 est
1950 1361 2048 1416 pe-

470 1446 548 1492 tra
576 1438 757 1493 solidae
779 1439 1037 1494 veritatis.
1073 1439 1139 1492 Et
1162 1447 1221 1492 ut
1249 1438 1430 1492 sciatis
1458 1438 1527 1492 ita
1557 1453 1694 1504 esse,
1742 1437 1918 1493 audite
1955 1437 2046 1492 ubi

467 1529 664 1584 dictum
692 1540 794 1598 est,
816 1531 1025 1584 Auditui
1049 1546 1159 1604 meo
1176 1530 1319 1583 dabis
1335 1529 1716 1582 exsultationem
1732 1538 1777 1582 et
1799 1530 2042 1583 lwtitiam.

466 1618 544 1674 lbi
571 1619 799 1689 gaudeo,
831 1619 919 1675 ubi
948 1619 1125 1674 audio.
1161 1618 1359 1673 Deinde
1391 1629 1602 1672 secutus
1625 1619 1889 1688 adjunxit,
1930 1617 2043 1672 Ea:-

465 1713 722 1766 sultabunt
755 1729 869 1767 ossa
898 1713 1162 1766 hamiliata
1192 1709 1364 1782 (Psal.
1404 1727 1454 1774 L,
1498 1710 1621 1780 10).
1663 1709 1762 1765 Ubi
1802 1710 2044 1767 audimus

466 1820 614 1874 ergo,
643 1806 870 1860 humiles
896 1818 1077 1860 sumus
1107 1821 1119 1856 :
1149 1803 1237 1857 ubi
1274 1812 1450 1857 autem
1481 1801 1854 1872 praedicamus,
1898 1811 1952 1856 et
1998 1803 2042 1857 si

463 1912 570 1952 non
601 1898 828 1953 elatione
856 1897 1236 1968 periclitamur,
1269 1905 1414 1950 certe
1443 1895 1530 1950 vel
1559 1895 1844 1949 frenamur.
1891 1895 1958 1950 Et
1996 1895 2040 1950 si

463 2004 570 2043 non
601 1990 843 2056 extollor,
882 1989 1153 2059 periclitor
1175 2003 1244 2043 ne
1269 1987 1514 2043 extollar.
1538 1985 1639 2042 Ubi
1661 1995 1836 2041 autem
1861 1987 2037 2055 audio,

463 2081 578 2135 sine
602 2080 903 2135 l'raudatore
928 2078 1092 2146 fruor,
1121 2080 1236 2135 sine
1259 2088 1392 2134 teste
1417 2078 1671 2133 delector.
1690 2077 1922 2133 Noverat
1941 2079 2042 2134 hoc

461 2172 708 2242 gaudium
738 2174 896 2228 etiam
924 2175 1128 2229 amicus
1154 2175 1247 2228 ille
1276 2174 1491 2244 sponsi,
1535 2174 1623 2243 qui
1661 2173 1904 2229 dicebat:
1941 2174 2041 2241 Qui

458 2265 604 2318 habet
633 2283 893 2335 sponsam,
925 2283 1137 2337 sponsus
1164 2276 1235 2321 est
1266 2283 1284 2320 :
1308 2267 1500 2320 amicus
1529 2273 1695 2319 autem
1720 2267 1894 2336 sponsi
1918 2274 2034 2332 stat,

458 2365 503 2408 et
531 2358 669 2410 audit
698 2375 826 2411 eum.
861 2358 930 2412 Et
960 2358 1078 2413 ideo
1125 2366 1248 2420 stat,
1297 2358 1419 2426 quia
1450 2355 1597 2411 audit
1625 2372 1769 2410 eum.
1811 2356 1944 2423 Quia
1984 2365 2040 2412 et

459 2449 663 2518 primus
694 2449 853 2504 homo
892 2449 1156 2504 audiendo
1201 2450 1367 2504 Deum
1399 2449 1566 2516 stetit,
1612 2447 1872 2502 audiendo
1919 2463 2035 2504 scr-

456 2548 669 2608 pcntcm
697 2539 909 2594 cecidit.
933 2539 1076 2609 Ergo
1093 2540 1286 2593 amicus
1308 2541 1481 2609 sponsi
1501 2547 1620 2603 stat,
1646 2549 1693 2592 et
1721 2538 1861 2592 audit
1887 2554 1999 2592 eum
2017 2554 2038 2593 :

459 2639 507 2683 et
533 2631 738 2702 gaudio,
775 2631 965 2702 inquit,
1011 2631 1194 2702 gaudet
1225 2641 1429 2702 propter
1447 2647 1612 2686 vocem
1641 2631 1811 2700 sponsi
1841 2631 1859 2700 (
1877 2630 2032 2686 Joan.

452 2738 530 2788 m,
561 2723 630 2778 29
651 2723 690 2795 ).
723 2723 835 2777 Non
866 2732 1084 2796 propter
1107 2738 1292 2779 vocem
1320 2739 1500 2788 suam,
1544 2722 1636 2777 sed
1661 2731 1899 2793 .propter
1942 2739 2037 2779 vo-

452 2832 570 2873 cem
601 2819 803 2888 sponsi.
833 2819 1027 2873 Vocem
1072 2827 1248 2873 tamen
1278 2819 1456 2888 sponsi
1496 2831 1653 2887 quam
1686 2816 1827 2873 intus
1855 2816 2035 2873 audie-

451 2910 575 2989 bat”
595 2911 736 2966 foras
766 2912 973 2982 populis
1000 2925 1103 2965 non
1132 2910 1429 2964 claudebat.

522 3001 748 3058 CAPUT
787 3001 874 3056 Ill.
913 3033 986 3043 ——
1023 3005 1076 3058 5.
1119 3001 1300 3056 Maria:
1337 3015 1385 3055 et
1422 3000 1640 3054 Martiae
1679 3001 1858 3071 officia.
1899 2999 2033 3056 Pars

454 3093 675 3148 Martha:
705 3094 852 3149 bona.
886 3087 1262 3163 Ilospitalitatis
1291 3093 1494 3148 bonum.
1526 3093 1674 3148 Hanc
1702 3101 1906 3164 partem
1931 3092 2032 3150 sibi

453 3188 688 3257 elegerat
715 3187 873 3241 etiam
906 3187 991 3240 illa
1020 3185 1214 3251 Maria,
1261 3201 1379 3254 qum
1416 3185 1751 3240 ministrante
1797 3193 1850 3240 et
1891 3186 2031 3242 circa

451 3281 677 3335 multum
710 3278 1062 3334 ministerium
1089 3287 1344 3348 occupata
1372 3292 1555 3332 sorore
1581 3292 1696 3344 sua,
1724 3276 1939 3332 sedebat
1962 3277 2030 3332 ad

447 3373 612 3442 pedes
639 3371 868 3437 Domini,
895 3380 949 3425 et
975 3371 1145 3425 otiosa
1175 3369 1392 3423 verbum
1421 3367 1536 3438 ejus
1570 3367 1833 3422 audiebat.
1863 3367 2028 3422 Joan-

449 3478 547 3518 nes
573 3462 768 3530 stabat,
799 3461 886 3517 illa
915 3461 1134 3517 sedebat
1162 3479 1174 3515 :
1208 3461 1300 3516 sed
1331 3461 1418 3514 illa
1449 3459 1608 3515 corde
1637 3459 1829 3526 stabat,
1859 3468 1911 3514 et
1937 3459 2028 3515 ille

448 3554 746 3610 humilitate
789 3553 1027 3610 sedebat.
1078 3553 1246 3609 Statio
1293 3553 1434 3608 enim
1473 3552 1736 3622 signiﬁcat
1781 3567 2027 3622 perman-

442 3647 646 3704 sionem
673 3665 688 3714 ;
718 3648 917 3712 sessio,
938 3646 1312 3701 humilitatem.
1341 3646 1407 3700 Et
1432 3653 1491 3698 ut
1516 3645 1696 3700 sciatis
1720 3645 1843 3714 quia
1869 3645 2026 3700 statio

446 3743 876 3813 permansionem
905 3739 1187 3812 signiﬁcat,
1217 3739 1354 3792 hanc
1385 3738 1808 3807 permansionem
1835 3737 2027 3792 dicitur

444 3837 690 3892 diabolus
716 3852 822 3891 non
850 3833 1128 3900 habuisse;
1152 3832 1220 3888 de
1245 3847 1350 3902 quo
1374 3829 1572 3886 dictum
1598 3839 1678 3884 est
1701 3847 1714 3882 :
1739 3829 1839 3884 Ille
1863 3831 2026 3884 homi-

443 3929 558 3983 cida
586 3937 691 3983 erat
718 3928 780 3981 ab
808 3927 971 3991 initio,
1004 3933 1050 3979 et
1078 3926 1132 3978 in
1156 3923 1362 3978 ueritate
1387 3938 1487 3975 non
1524 3922 1651 3975 stetit
1690 3920 1880 3993 (Joan.
1906 3937 2021 3988 vm,

439 4022 510 4076 44
534 4020 574 4089 ).
597 4019 726 4074 ltem
755 4019 877 4090 quia
902 4017 1070 4073 sessio
1097 4014 1356 4086 signiﬁcat
1377 4013 1748 4080 humilitatem,
1773 4013 1859 4068 ille
1884 4012 2024 4082 psal-

441 4127 561 4168 mus
589 4111 842 4176 ostendit,
889 4109 977 4164 ubi
1025 4108 1277 4162 admonet
1305 4105 1372 4160 de
1399 4104 1731 4174 pmnitentia,
1762 4113 1815 4158 et
1847 4103 1976 4158 dicit
2003 4122 2016 4158 :

439 4204 648 4276 Surgite
675 4211 938 4274 postquam
962 4199 1176 4264 sedistis,
1206 4199 1290 4268 qui
1322 4197 1638 4251 manducatis
1665 4212 1844 4266 panem
1878 4196 2022 4250 dolo-

441 4297 512 4350 ris
539 4293 707 4366 (Psal.
734 4309 916 4358 cxxvr,
947 4291 1026 4364 2).
1055 4289 1192 4359 Quid
1219 4299 1320 4356 est,
1368 4287 1574 4359 Surgite
1604 4296 1864 4357 postquam
1890 4288 2021 4342 sedl-

439 4390 568 4444 stis?
598 4389 697 4455 Qui
722 4404 775 4442 se
802 4387 1053 4453 humiliat,
1086 4383 1388 4438 exaltabitur
1419 4380 1566 4452 (Luc.
1597 4397 1708 4449 x1v,
1741 4380 1850 4452 ll).
1881 4380 2018 4449 Quid

436 4491 612 4536 autem
643 4479 770 4535 boni
800 4477 992 4533 habeat
1024 4475 1245 4542 auditio,
1287 4476 1402 4544 ipse
1439 4473 1696 4528 Dominus
1734 4472 1884 4527 testis
1911 4479 2015 4541 est,

433 4573 657 4644 loquens
683 4571 748 4626 de
786 4570 950 4624 Maria
981 4584 1099 4638 quae
1125 4565 1345 4622 sedebat
1367 4565 1433 4620 ad
1464 4563 1628 4634 pedes
1656 4563 1791 4633 ejus,
1821 4569 1874 4617 et
1896 4577 2018 4617 ver-

327 4732 340 4736 >
433 4668 561 4724 bum
593 4667 708 4737 ejus
735 4663 1004 4720 audiebat.
1033 4662 1167 4716 Cum
1197 4659 1338 4715 enim
1376 4671 1529 4712 soror
1572 4656 1686 4724 ejus
1723 4653 2017 4724 occupatis-

431 4760 566 4816 sima
595 4760 734 4815 circa
767 4755 1119 4812 ministerium
1138 4796 1152 4821 ,
1198 4768 1226 4805 a
1266 4765 1518 4822 germana
1547 4763 1641 4803 sua
1665 4747 1930 4802 desertam
1955 4761 2016 4802 se

429 4869 552 4911 esse
596 4861 947 4924 quereretur,
1001 4849 1067 4904 ab
1114 4845 1448 4917 interpellato
1494 4842 1721 4897 Domino
1763 4839 2010 4896 “audivit:

432 4945 662 5010 Martha,
689 4943 918 5010 Martha,
951 4941 1085 4995 circa
1113 4938 1274 4993 multa
1295 4953 1346 4991 es
1375 4943 1647 5007 occupata;
1682 4950 1832 5004 porro
1857 4949 2014 4988 unum

427 5049 498 5094 est
525 5037 882 5093 necessarium.
904 5031 1074 5088 Maria
1094 5031 1352 5085 meliorem
1379 5036 1571 5098 partem
1590 5025 1754 5098 elegit,
1778 5041 1890 5096 qua:
1913 5041 2013 5079 non

429 5134 687 5203 auferetur
708 5127 768 5182 ab
794 5143 855 5180 ea
881 5124 990 5198 (Id.
1022 5140 1079 5189 Χ,
1112 5120 1283 5177 58-42
1371 5116 1636 5187 Numquid
1673 5117 1868 5171 malum
1898 5124 2012 5172 erat

430 5222 571 5292 quod
600 5220 804 5276 Martha
827 5215 1052 5288 agebat?
1071 5213 1202 5280 Quis
1225 5218 1464 5266 nostrum
1492 5209 1621 5264 satis
1645 5206 1874 5277 explicet
1892 5222 2014 5262 ver-

427 5315 542 5381 bis,
589 5322 841 5384 quantum
889 5310 960 5364 sit
1004 5308 1205 5364 bonum
1249 5301 1662 5374 hospitalitatem
1707 5299 2010 5354 ministrare

426 5405 668 5465 sanctis?
692 5404 744 5460 Si
773 5401 1097 5461 quibuslibet
1121 5399 1338 5462 sanctis,
1358 5401 1554 5467 quanto
1580 5392 1747 5463 magis
1771 5391 1928 5460 capiti
1956 5400 2010 5446 et

425 5501 707 5573 praecipuis
757 5497 1048 5563 membris,
1099 5493 1310 5550 Christo
1359 5497 1415 5546 et
1461 5486 1774 5559 Apostolis?
1823 5485 2008 5541 Nonne

426 5591 791 5664 unusquisque
831 5599 1067 5647 vestrum
1111 5587 1315 5643 habens
1355 5583 1459 5639 hoc
1503 5579 1875 5650 hospitalitatis
1905 5577 2005 5632 bo-

425 5701 573 5752 num,
602 5685 812 5756 quando
842 5683 988 5738 audit
1016 5681 1139 5752 quid
1169 5678 1371 5736 Martha
1402 5668 1658 5738 faciebat,
1700 5671 1828 5726 dicit
1865 5670 2004 5740 apud

479 5801 554 5864 (α)
576 5802 692 5850 [line
713 5797 956 5861 intelligas
978 5807 1250 5846 sermonem
1271 5791 1485 5842 habitum
1501 5783 1805 5848 Carthagine.

1709 315 1767 372 S.
1806 310 2172 374 AUGUSTINI
2207 314 2500 380 EPISCOPl

3647 332 3757 398 968

2169 449 2228 490 se
2255 437 2425 506 ipsum
2452 455 2464 491 :
2497 438 2541 494 Ο
2569 437 2743 507 beata,
2771 455 2806 497 ο
2837 440 2983 510 felix,
3015 458 3134 515 quae
3161 431 3433 520 suscipere
3462 435 3750 513 Dominum

2164 534 2397 598 meruit;
2429 535 2580 603 cujus
2610 534 2849 606 hospites
2876 539 3117 609 Apostoli
3148 540 3271 597 facti
3310 554 3438 600 sunt
3465 547 3750 604 ambulan-

2163 630 2244 676 tes
2284 622 2336 677 in
2379 627 2575 680 carne!
2615 627 2723 683 Nec
2751 637 2809 684 tu
2850 630 3089 701 deﬁcias,
3121 634 3244 703 quia
3282 651 3387 691 non
3422 649 3575 706 potes
3602 642 3747 710 quod

2160 711 2382 780 Martha,
2406 716 2676 786 suscipere
2695 717 2964 776 Christum
2986 723 3040 776 in
3066 726 3279 780 domum
3302 735 3444 782 tuam
3466 745 3586 784 cum
3608 734 3748 801 Apo-

2159 804 2308 859 stolis
2328 805 2436 861 suis
2463 825 2476 862 :
2509 807 2634 864 facit
2658 819 2710 866 te
2739 811 2851 882 ipse
2877 828 3123 870 securum
3153 836 3166 870 :
3201 817 3415 884 Quando
3444 822 3534 875 uni
3557 839 3619 876 ea:
3646 825 3745 877 mi-

2158 897 2307 951 nimis
2335 900 2456 953 meis
2481 903 2686 971 fecistis,
2712 904 2836 957 mihi
2854 905 3040 974 fecistis
3062 907 3270 978 (Matth.
3299 927 3428 979 xxv,
3452 913 3566 983 40).
3593 913 3744 984 Οριιε

2157 1002 2285 1058 ergo
2309 1005 2556 1061 magnum
2584 1004 2685 1061 est,
2708 996 2862 1052 valde
2887 1013 3156 1070 magnum,
3179 1002 3320 1071 quod
3345 1003 3584 1074 praecipit
3602 1006 3742 1076 Apo-

2155 1086 2321 1139 stolus
2349 1086 2568 1143 dicens:
2603 1089 2999 1148 Necessitatibus
3033 1104 3320 1150 sanctorum
3355 1101 3703 1153 communicari
3728 1130 3740 1140 -

2154 1184 2246 1236 tes,
2270 1176 2658 1246 hospitalitatem
2677 1190 2920 1236 sectantes
2942 1182 3120 1251 (Rom.
3143 1199 3240 1250 xu,
3269 1186 3336 1241 15
3353 1185 3396 1257 ).
3423 1187 3591 1255 Quam
3615 1189 3736 1244 lau»

2152 1265 2286 1320 dans
2315 1268 2366 1322 in
2398 1269 2630 1340 Epistola
2656 1273 2721 1327 ad
2752 1271 3005 1328 Hebrteos
3031 1273 3160 1330 dicit
3186 1293 3199 1330 :
3243 1274 3345 1330 Per
3370 1277 3501 1332 hanc
3528 1279 3738 1348 quidam

2095 1417 2101 1426 _
2151 1358 2443 1426 nescientes,
2471 1360 2689 1431 hospitio
2712 1372 3006 1433 receperunt
3028 1364 3248 1436 Angelos
3275 1366 3458 1436 (Hebr.
3487 1385 3601 1437 xm,
3634 1370 3732 1440 2).

2148 1445 2393 1517 Magnum
2421 1465 2550 1522 ergo
2574 1453 2928 1509 ministerium
2956 1497 2971 1523 ,
2999 1471 3251 1527 magnum
3288 1458 3506 1514 donum.
3549 1460 3614 1514 Et
3656 1469 3736 1515 ω.

2149 1554 2274 1594 men
2308 1541 2476 1596 Maria
2507 1544 2761 1598 nteliorem
2789 1556 2981 1614 partem
3007 1549 3189 1619 elegit;
3218 1550 3338 1620 quia
3369 1567 3553 1606 sorore
3581 1552 3735 1607 solli-

2148 1632 2274 1697 cita,
2302 1633 2596 1703 laborante,
2627 1637 2791 1693 multa
2819 1648 3060 1705 curante,
3098 1640 3188 1695 illa
3215 1643 3456 1709 vacabat,
3486 1643 3728 1712 sedebat,

2145 1725 2410 1781 audiebat.

2215 1815 2440 1873 CAPUT
2477 1817 2566 1872 1V.
2589 1849 2658 1859 -—
2682 1820 2736 1874 4.
2768 1819 2903 1875 Pars
2926 1821 3108 1878 Maria:
3129 1824 3324 1893 melior,
3361 1825 3479 1895 quia
3505 1842 3603 1879 non
3633 1842 3732 1879 au-

2145 1911 2322 1978 fertur.
2369 1909 2592 1966 Martha:
2624 1929 2750 1982 opus
2801 1913 3048 1984 aufertur,
3081 1932 3181 1970 non
3219 1933 3424 1970 merces.
3481 1916 3726 1972 Ostendit

2144 2009 2319 2057 tamen
2350 2003 2622 2070 Dominus,
2651 2005 2791 2060 unde
2819 2005 2978 2061 fuerit
3006 2008 3093 2062 illa
3120 2023 3243 2078 pars
3286 2009 3492 2064 melior.
3535 2009 3725 2064 Conti-

2143 2109 2250 2148 nuo
2276 2095 2468 2166 quippe
2505 2111 2627 2151 cum
2649 2097 2892 2164 dixisset,
2925 2099 3097 2154 Maria
3125 2102 3378 2155 meliorem
3404 2110 3594 2171 partem
3618 2102 3724 2156 ele-

2141 2187 2214 2258 git
2236 2205 2255 2252 ;
2275 2189 2424 2259 quasi
2453 2206 2812 2259 quaereremus
2835 2233 2851 2259 ,
2879 2201 2938 2247 ut
2961 2193 3099 2248 scire
3127 2194 3383 2249 vellemus
3422 2195 3561 2249 unde
3603 2209 3721 2249 me-

2144 2271 2349 2340 liorem,
2383 2274 2651 2344 subjunxit
2676 2284 2729 2330 et
2767 2277 2838 2330 ait
2862 2318 2877 2343 ,
2923 2275 3050 2340 Qua:
3087 2294 3188 2331 non
3235 2283 3491 2348 auferetur
3531 2279 3596 2331 ab
3639 2294 3720 2332 ea.

2140 2365 2276 2432 Quid
2300 2367 2656 2438 intelligimus,
2685 2368 2875 2424 fratres
2902 2370 3044 2424 mei?
3073 2370 3129 2425 Si
3158 2370 3278 2425 ideo
3300 2371 3571 2425 meliorem
3601 2385 3723 2440 par-

2141 2467 2248 2515 tem
2286 2461 2466 2532 elegit,
2515 2462 2636 2532 quia
2679 2477 2785 2516 non
2829 2461 3099 2518 auferetur
3149 2462 3216 2516 ab
3259 2477 3356 2530 ea;
3402 2463 3518 2518 sine
3560 2463 3723 2517 dubio

2140 2552 2345 2608 Martha
2367 2569 2482 2608 cam
2511 2562 2716 2624 partem
2735 2554 2968 2626 elegerat
2987 2596 3000 2621 ,
3030 2571 3148 2626 qum
3181 2556 3478 2612 auferretur
3518 2558 3586 2611 ab
3634 2573 3718 2611 ca.

2140 2648 2301 2704 Plane
2325 2647 2596 2703 auferetur
2618 2649 2684 2703 ab
2711 2649 2856 2704 omni
2883 2648 3120 2714 homine,
3158 2651 3247 2720 qui
3295 2651 3560 2705 ministrat
3596 2666 3722 2705 san-

2138 2744 2236 2798 ctis
2262 2757 2324 2798 ea
2352 2757 2470 2813 quae
2489 2751 2614 2798 sunt
2638 2743 2846 2813 corpori
2871 2743 3170 2799 necessaria
3189 2784 3206 2810 ,
3255 2742 3522 2798 auferetur
3559 2743 3626 2796 ab
3655 2758 3720 2797 eo

2139 2833 2280 2905 quod
2304 2833 2448 2889 facit.
2471 2834 2586 2889 Non
2608 2835 2749 2890 enim
2790 2849 3000 2904 semper
3041 2834 3437 2889 ministraturus
3475 2842 3556 2889 est
3597 2848 3720 2888 san-

2137 2925 2258 2980 ctis.
2289 2923 2384 2980 Cui
2409 2925 2548 2979 enim
2592 2925 2885 2990 ministrat,
2919 2926 3020 2979 nisi
3049 2925 3376 2979 inﬁrmitati?
3418 2925 3503 2980 cui
3554 2924 3718 2979 mini-

2137 3025 2289 3084 strat,
2318 3017 2420 3071 nisi
2444 3016 2788 3072 mortalitati?
2809 3017 2895 3072 cui
2920 3017 3203 3086 ministrat,
3233 3017 3333 3072 nisi
3367 3018 3621 3072 esurienti
3652 3032 3717 3072 ac

2135 3108 2380 3164 sitienti?
2410 3108 2534 3163 Haec
2558 3109 2734 3162 omnia
2760 3123 2867 3163 non
2891 3117 3065 3174 erunt,
3093 3124 3212 3163 cum
3239 3109 3580 3178 corruptibile
3611 3107 3716 3163 hoc

2135 3200 2366 3256 induerit
2392 3201 2866 3270 incorruptionem,
2891 3209 2945 3256 et
2970 3202 3192 3256 mortale
3228 3200 3332 3257 hoc
3358 3199 3588 3255 induerit
3615 3201 3716 3254 im-

2135 3293 2531 3348 mortalitatem.
2564 3293 2697 3348 Cum
2739 3293 2879 3348 enim
2926 3293 3192 3348 transierit
3229 3293 3341 3364 ipsa
3397 3293 3708 3358 necessitas,

2133 3386 2338 3440 nullum
2366 3385 2469 3440 erit
2493 3385 2846 3439 ministerium
2889 3385 3246 3440 necessitatis.
3297 3383 3585 3440 Auferetur
3631 3385 3712 3439 la-

2135 3478 2254 3546 bor,
2284 3479 2378 3535 sed
2409 3478 2663 3534 reddetur
2689 3493 2918 3534 merces.
2949 3478 3047 3532 Cui
3078 3487 3202 3533 tunc
3221 3477 3604 3532 ministrabitur
3632 3477 3712 3531 ci-

2131 3571 2250 3638 bus,
2281 3571 2370 3626 ubi
2393 3571 2560 3626 esurit
2587 3570 2782 3626 nemo?
2811 3570 2897 3625 cui
2929 3578 3106 3640 potus,
3135 3569 3224 3624 ubi
3253 3570 3364 3624 sitit
3397 3569 3591 3624 nemo?
3623 3570 3712 3623 cui

2132 3667 2455 3736 hospitium?
2484 3666 2572 3720 ubi
2597 3667 2907 3736 peregrinus
2928 3674 3012 3720 est
3038 3663 3237 3718 nemo?
3285 3663 3538 3718 Dominus
3581 3676 3710 3732 ergo

2130 3773 2250 3814 cum
2278 3758 2550 3828 discipulis
2579 3758 2709 3823 suis,
2739 3765 2798 3811 ut
2818 3765 3000 3826 posset
3025 3754 3327 3810 mercedem
3364 3753 3522 3823 hujus
3577 3769 3709 3823 0pc-

2129 3850 2202 3905 ris
2222 3849 2464 3914 reddere,
2498 3849 2743 3918 dignatus
2771 3856 2854 3902 est
2879 3847 3134 3917 indigere.
3165 3845 3445 3900 Esuriebat
3485 3854 3539 3899 et
3571 3845 3703 3915 ipse.

2129 3951 2183 3998 et
2205 3941 2416 3996 sitiebat
2446 3959 2458 3995 :
2487 3956 2591 3996 non
2619 3939 2742 4010 quia
2768 3939 3073 4010 cogebatur,
3103 3937 3196 3993 sed
3220 3937 3341 4008 quia
3369 3936 3705 4007 dignabatur.

2129 4034 2331 4089 Bonum
2361 4033 2500 4088 enim
2528 4042 2664 4100 erat,
2697 4041 2755 4086 ut
2795 4046 2890 4101 per
2928 4045 3087 4100 quem
3132 4029 3271 4086 facta
3317 4039 3441 4084 sunt
3485 4029 3659 4083 omnia
3685 4070 3701 4096 ,

2126 4127 2354 4182 esuriret
2379 4144 2392 4178 :
2420 4127 2495 4179 sic
2524 4125 2666 4179 enim
2687 4122 2812 4178 felix
2839 4132 2980 4177 esset
3008 4123 3095 4192 qni
3118 4130 3376 4192 pasceret.
3407 4121 3474 4174 Et
3493 4120 3705 4190 quando

2127 4217 2419 4272 Dominum
2443 4216 2664 4285 quisque
2695 4215 2961 4284 pascebat,
2989 4213 3115 4284 quid
3137 4212 3332 4268 dabat?
3360 4213 3475 4282 quis
3507 4211 3703 4266 dabat?

2125 4311 2266 4367 unde
2283 4309 2476 4364 dabat?
2505 4308 2589 4363 cui
2620 4307 2812 4362 dabat?
2841 4307 2976 4375 Quid
3003 4305 3198 4360 dabat?
3237 4303 3424 4360 Cibum
3458 4305 3575 4374 pani
3603 4303 3701 4358 da-

2122 4401 2232 4456 bat.
2261 4400 2388 4467 Quis
2409 4398 2609 4453 dabat?
2640 4398 2729 4452 lllc
2756 4398 2935 4466 utique
2963 4396 3141 4462 dabat,
3171 4395 3260 4465 qui
3303 4396 3420 4465 plus
3458 4395 3704 4464 accipere

2122 4493 2349 4550 volebat.
2378 4490 2528 4547 Unde
2553 4490 2747 4545 dabat?
2798 4489 3052 4559 numquid
3092 4488 3158 4542 de
3213 4488 3343 4543 suo?
3380 4488 3505 4558 quid
3557 4488 3698 4542 enim

2123 4584 2372 4649 habebat,
2399 4583 2539 4652 quod
2568 4597 2674 4636 non
2698 4582 3012 4652 acceperat?
3037 4579 3131 4633 Cui
3175 4579 3364 4633 dabat?
3391 4579 3579 4634 Nonne
3622 4577 3699 4633 illi

2120 4675 2210 4746 qui
2236 4681 2510 4730 creaverat
2536 4682 2589 4727 et
2629 4671 2769 4743 quod
2795 4672 3114 4741 accipiebat,
3161 4681 3214 4726 et
3249 4687 3278 4724 a
3327 4687 3433 4741 quo
3470 4671 3700 4741 accipie-

2119 4766 2252 4824 bat?
2276 4766 2519 4836 Magnum
2548 4765 2649 4819 hoc
2681 4764 3028 4818 ministerium
3052 4805 3065 4830 ,
3096 4778 3345 4833 magnum
3394 4764 3496 4818 hoc
3538 4779 3694 4832 opus,

2118 4875 2368 4931 magnum
2395 4859 2611 4913 donum.
2657 4859 2721 4911 Et
2767 4866 2943 4911 tamen
2993 4856 3160 4909 Maria
3203 4856 3459 4910 meliorem
3505 4867 3696 4920 partem

2119 4954 2296 5026 elegit,
2329 4967 2440 5025 qua:
2480 4968 2582 5005 non
2630 4952 2885 5020 auferetur
2919 4949 2981 5002 ab
3027 4965 3104 5002 ea.
3137 4948 3267 5002 Pars
3309 4963 3434 5017 ergo
3476 4947 3696 5002 Martha:

2117 5045 2307 5126 transit
2348 5061 2362 5097 :
2408 5043 2500 5099 sed
2527 5083 2541 5109 ,
2591 5050 2648 5096 ut
2690 5040 2838 5106 dixi,
2891 5053 3096 5095 merces
3145 5055 3244 5110 pro
3297 5040 3383 5094 illa
3426 5038 3547 5093 data
3590 5055 3697 5094 non

2118 5124 2323 5172 transit.

2186 5203 2412 5261 CAPUT
2441 5202 2584 5259 V.—
2609 5204 2662 5258 5.
2703 5200 2838 5256 Pars
2865 5200 3048 5256 Maria:
3065 5200 3316 5269 quomodo
3346 5216 3446 5254 non
3493 5200 3687 5253 transit.

2115 5299 2247 5357 Pars
2271 5311 2398 5353 vero
2427 5295 2602 5350 Marize
2656 5310 2762 5349 non
2805 5294 3013 5348 transit.
3059 5292 3245 5347 Videte
3283 5291 3550 5362 quomodo
3587 5308 3695 5346 non

2113 5401 2366 5448 transeat.
2395 5390 2544 5446 Unde
2568 5387 2927 5444 delectabatur
2967 5386 3128 5440 Maria
3167 5385 3378 5456 quando
3415 5385 3698 5439 audiebat?

2115 5488 2249 5556 Quid
2281 5483 2672 5540 manducahat?
2700 5481 2825 5552 quid
2848 5480 3098 5535 bibebat?
3129 5479 3288 5534 Scitis
3316 5477 3441 5549 quid
3470 5476 3695 5531 mandu-

2111 5582 2284 5645 cabat,
2311 5578 2437 5650 quid
2457 5575 2708 5633 bibebat?
2743 5573 2918 5644 ipsum
2961 5572 3243 5628 Dominum
3278 5573 3684 5642 interrogemus,

2111 5675 2199 5746 qui
2229 5672 2384 5727 talem
2414 5670 2524 5724 suis
2572 5673 2833 5738 praeparat
2865 5679 3132 5732 mensam,
3182 5665 3352 5735 ipsum
3391 5663 3689 5732 interroge-

2108 5782 2249 5826 mus.
2281 5765 2459 5831 Beati,
2489 5761 2685 5834 inquit,
2727 5761 2813 5832 qui
2842 5760 3064 5816 esuriant
3103 5767 3151 5813 et
3189 5757 3363 5814 sitiunt
3403 5757 3690 5828 justitiam,
