4108 6336
413 337 518 401 969
908 396 912 401 .
1630 362 1643 395 ι

407 454 646 529 quoniam
673 450 773 524 ipsi
797 451 1157 508 saturabuntur
1182 449 1392 525 (Matth.
1418 464 1472 522 v,
1492 451 1569 523 6).
1597 452 1673 509 De
1697 453 1799 509 isto
1818 454 1989 523 fonte,

410 548 478 604 de
508 548 613 602 isto
641 544 836 600 horreo
859 544 1079 614 iustitiae
1100 553 1283 600 sancta
1303 543 1465 599 Maria
1491 544 1683 599 sedens
1724 544 1791 599 ad
1830 544 1993 614 pedes

408 638 645 704 Domini,
673 636 928 708 quasdam
952 637 1193 693 esuriens
1228 635 1393 691 micas
1419 636 1729 706 accipiebat.
1763 636 1991 691 Tantum

407 733 547 787 enim
593 724 846 785 Dominus
886 739 1011 783 tunc
1045 727 1236 793 dabat,
1291 736 1544 798 quantum
1588 726 1679 782 illa
1726 726 1987 797 capiebat.

405 829 595 883 Totum
624 834 801 880 autem
827 833 1028 879 tantum
1053 830 1306 893 quantum
1322 823 1375 876 in
1396 822 1482 877 illa
1506 835 1600 877 sua
1616 820 1789 876 futura
1806 835 1990 875 mensa

405 921 622 975 daturus
642 924 744 987 est,
774 932 874 971 nec
903 917 1001 986 ipsi
1026 914 1303 986 discipuli,
1334 928 1435 969 nec
1473 913 1574 983 ipsi
1617 912 1859 983 Apostoli
1896 927 1989 966 ea»

403 1030 527 1085 pere
554 1022 676 1066 tunc
704 1016 965 1080 poterant,
991 1006 1202 1078 quando
1225 1006 1328 1062 illis
1351 1004 1559 1060 dicebat
1588 1022 1601 1057 :
1629 1004 1807 1058 Adhuc
1832 1004 1989 1058 habeo

405 1105 541 1157 vobis
568 1102 726 1157 multa
751 1101 950 1165 dicere;
980 1100 1067 1153 sed
1102 1115 1201 1152 non
1238 1097 1441 1167 potestis
1478 1097 1570 1150 illa
1619 1096 1797 1149 audire
1836 1094 1988 1150 modo

402 1194 579 1265 (Joan.
605 1209 715 1256 xvi,
748 1190 860 1262 12).
891 1189 1045 1246 Unde
1070 1204 1197 1258 ergo
1220 1187 1399 1252 Maria,
1428 1194 1485 1241 ut
1517 1186 1654 1253 dixi,
1688 1184 1989 1240 delectaba-

402 1287 521 1341 tur?
546 1285 683 1353 Quid
704 1282 1053 1338 manducahat
1069 1322 1083 1346 ,
1109 1279 1237 1350 quid
1262 1278 1478 1334 bibebat
1503 1276 1825 1332 avidissimis
1864 1290 1985 1330 cor-

398 1379 479 1433 dis
505 1376 776 1433 faucibus?
822 1374 1086 1430 Justitiam
1108 1414 1121 1439 ,
1164 1371 1464 1426 veritatem.
1495 1368 1731 1425 Veritate
1752 1368 1985 1423 delecta-

401 1470 573 1536 batur,
604 1468 880 1522 veritatem
912 1464 1159 1520 audiebat
1189 1480 1201 1517 :
1242 1462 1452 1517 veritati
1485 1460 1750 1529 inhiabat,
1776 1459 1985 1516 veritati

399 1562 712 1632 suspirabat.
732 1559 1018 1615 Veritatem
1043 1556 1280 1612 esuriens
1304 1553 1671 1620 manducabat,
1692 1553 1875 1608 sitiens
1898 1552 1983 1608 bi-

398 1657 556 1712 bebat
580 1673 591 1708 :
614 1662 668 1709 et
683 1655 793 1723 ipsa
810 1651 1163 1716 reﬁciebatur,
1194 1658 1248 1705 et
1264 1649 1402 1704 unde
1421 1648 1735 1718 pascebatur
1758 1662 1863 1703 non
1885 1646 1987 1702 mi-i

397 1750 675 1805 nuebatur.
710 1746 865 1803 Unde
901 1745 1063 1799 Maria
1108 1740 1508 1799 delectabatur?
1536 1740 1661 1811 quid
1691 1739 1982 1795 manduca-

396 1842 522 1898 bat?
558 1842 837 1906 lmmoror,
870 1838 991 1908 quia
1027 1836 1285 1892 delector.
1325 1834 1512 1889 Audeo
1549 1832 1761 1899 dicere,
1808 1832 1982 1901 ipsum

394 1932 748 1988 manducabat
776 1945 936 2001 quem
976 1928 1240 1984 audiebat.
1288 1926 1343 1982 Si
1365 1926 1506 1981 enim
1527 1925 1804 1981 veritatem
1827 1938 1981 1977 man-

396 2026 640 2091 ducabat,
670 2040 847 2081 nonne
874 2025 984 2094 ipse
1008 2022 1161 2090 dixit,
1193 2019 1305 2091 Ego
1355 2034 1467 2073 sum
1504 2020 1687 2074 veritas
1726 2015 1836 2089 (Id.
1865 2032 1977 2076 xw.

395 2116 493 2188 ﬁ)?
530 2118 595 2172 Et
634 2116 758 2187 quid
796 2114 1020 2184 amplius
1045 2110 1258 2166 dicam?
1282 2109 1712 2174 Manducabatur,
1741 2108 1862 2179 quia
1890 2123 1983 2177 pa-

396 2209 477 2262 nis
503 2216 647 2263 erat:
676 2206 786 2277 Ego
810 2221 949 2271 sum,
996 2202 1187 2273 inquit,
1228 2200 1374 2272 panis
1402 2200 1487 2272 qui
1508 2201 1570 2253 de
1596 2199 1720 2254 caelo
1747 2198 1983 2255 descendi

396 2301 503 2375 (Id.
533 2317 609 2366 vi,
627 2300 737 2369 il).
762 2298 865 2353 Iste
885 2297 1036 2368 panis
1063 2303 1147 2353 est
1172 2296 1259 2366 qui
1286 2294 1476 2359 reﬁcit,
1499 2308 1599 2349 nec
1624 2291 1821 2348 deficit.

462 2394 687 2451 CAPUT
704 2393 865 2448 VL—
892 2392 945 2447 6.
975 2389 1195 2445 Veritate
1214 2389 1372 2460 pasci,
1404 2404 1521 2457 pars
1546 2386 1728 2442 Mariae
1750 2402 1863 2457 qua:
1879 2402 1982 2442 non

394 2489 590 2542 transit.
621 2486 895 2541 Delectatio
926 2484 987 2539 de
1014 2483 1205 2537 lumine
1232 2480 1471 2536 veritatis.
1520 2480 1764 2536 lntendat
1801 2480 1981 2551 itaque

392 2577 635 2635 Charitas
681 2587 879 2632 vestra.
928 2575 1068 2630 Ecce
1114 2573 1340 2628 dicimus
1394 2570 1700 2627 ministrare
1758 2571 1978 2641 sanctis,

391 2673 569 2729 cibum
630 2686 856 2743 parare,
920 2677 1105 2741 potum
1155 2667 1499 2733 ministrare,
1558 2681 1805 2722 mensam
1877 2682 1977 2737 po-

392 2780 550 2833 nere,
597 2762 759 2834 pedes
799 2763 1009 2829 lavare,
1044 2760 1240 2816 lectum
1303 2766 1576 2826 sternere,
1616 2765 1760 2814 tecto
1814 2758 1983 2813 susci-

390 2875 553 2931 pere;
584 2872 762 2914 nonne
791 2871 950 2911 omne
989 2855 1090 2909 hoc
1141 2853 1487 2909 transiturum
1537 2851 1656 2908 est?
1718 2851 1847 2918 Quis
1886 2866 1983 2907 au-

393 2960 498 3006 tem
551 2949 709 3006 audet
771 2948 985 3016 dicere,
1028 2945 1188 3000 modo
1229 2958 1328 2999 nos
1371 2944 1517 3014 pasci
1572 2942 1832 3011 veritate,
1871 2958 1977 2999 non

390 3042 533 3111 pasci
594 3049 770 3096 autem
832 3054 952 3096 cum
1014 3036 1318 3094 venerimus
1368 3035 1436 3090 ad
1496 3034 1981 3090 immortalitatem?

389 3131 576 3189 Nonne
601 3133 644 3188 si
667 3133 935 3204 pascimur
963 3130 1123 3187 modo
1147 3130 1320 3196 micis,
1345 3137 1469 3183 tunc
1504 3128 1715 3198 plenam
1755 3126 1978 3184 habebi-

393 3241 514 3281 mus
550 3224 830 3281 mensam?
855 3225 932 3280 De
959 3225 1074 3294 ipso
1108 3223 1249 3278 enim
1270 3222 1391 3278 cibo
1428 3221 1689 3292 spirituali
1721 3221 1980 3279 Dominus

391 3318 622 3386 diccbat,
649 3318 862 3390 quando
891 3317 1125 3373 laudavit
1143 3316 1304 3372 fidem
1334 3316 1691 3381 Centurionis,
1719 3325 1773 3372 ct
1800 3316 1933 3373 dixit
1961 3335 1974 3372 :

390 3408 552 3463 Amen
590 3409 705 3462 dico
730 3409 886 3475 vobis,
920 3425 1021 3463 non
1058 3409 1223 3462 inveni
1263 3416 1454 3462 tantam
1498 3408 1651 3476 ﬁdem
1698 3408 1751 3461 iu
1790 3406 1975 3463 Israel.

393 3499 461 3553 Et
487 3500 599 3555 ideo
621 3502 733 3553 dico
755 3500 909 3567 vobis,
939 3501 1057 3570 quia
1078 3501 1224 3554 multi
1243 3499 1305 3553 ab
1327 3501 1517 3554 oriente
1539 3507 1586 3555 et
1614 3500 1869 3556 occidente
1898 3517 1979 3556 ve—

388 3593 546 3658 nient,
580 3599 626 3645 et
654 3594 935 3645 recumbent
960 3608 1075 3645 cum
1101 3591 1358 3644 Abraham
1381 3600 1428 3645 et
1456 3589 1607 3645 Isaac
1632 3601 1679 3646 et
1714 3589 1877 3646 Iacob
1923 3592 1978 3646 in

384 3675 539 3753 regno
566 3683 803 3736 caelorum
833 3680 1043 3755 (Matth.
1071 3680 1302 3750 vin,10,
1323 3680 1436 3751 ll).
1469 3681 1622 3737 Absit
1645 3697 1672 3735 a
1696 3682 1976 3751 cogitatio-

384 3775 544 3830 nibus
598 3776 823 3842 nostris,
872 3783 930 3829 ut
967 3774 1084 3830 illos
1129 3773 1277 3830 cibos
1325 3774 1379 3828 in
1417 3788 1601 3830 mensa
1636 3774 1776 3830 illius
1826 3775 1977 3845 regni

384 3869 699 3938 Cogitemus,
751 3866 819 3922 de
860 3865 1102 3937 qualibus
1146 3865 1273 3920 dicit
1309 3865 1597 3935 Apostolus
1638 3881 1653 3918 :
1696 3865 1829 3919 Esca
1854 3881 1974 3920 ven-

387 3960 490 4023 tri,
545 3967 590 4011 et
616 3965 782 4012 venter
828 3958 989 4023 escis;
1040 3955 1180 4011 Deus
1209 3966 1375 4010 autem
1406 3964 1452 4010 et
1491 3956 1623 4011 hunc
1652 3966 1698 4012 et
1740 3958 1832 4013 has
1870 3973 1976 4012 eva-

385 4050 552 4104 cuabit
580 4049 622 4121 (l
642 4048 761 4105 Cor.
804 4064 880 4119 vi,
916 4049 1023 4121 15).
1070 4050 1246 4117 Quare
1280 4049 1579 4104 evacuabit?
1622 4049 1757 4117 Quia
1806 4048 1974 4107 fames

386 4160 491 4198 non
518 4143 618 4199 erit
636 4144 729 4199 ibi.
753 4143 904 4213 Quod
935 4142 1363 4210 manducabitur,
1396 4158 1503 4198 non
1528 4142 1727 4199 ﬁnitur.
1760 4143 1893 4199 Nam
1921 4152 1975 4200 et

385 4232 488 4290 hoc
514 4235 790 4305 prmmium
812 4235 1009 4290 sanctis
1035 4235 1145 4290 suis
1185 4234 1502 4305 promittens
1536 4235 1592 4289 in
1634 4234 1729 4289 illo
1779 4250 1968 4306 regno,

384 4326 497 4379 ait:
531 4324 689 4380 Amen
713 4326 826 4380 dico
854 4325 1023 4394 vobis,
1069 4325 1189 4397 quia
1227 4326 1377 4396 faciet
1417 4343 1500 4382 eos
1552 4325 1883 4393 recumbere;
1924 4336 1972 4381 et

384 4416 609 4482 transiet,
642 4425 688 4471 et
715 4416 1014 4472 ministrabit
1036 4418 1106 4471 eis
1129 4416 1280 4487 (Luc.
1308 4433 1401 4483 xu,
1424 4418 1539 4491 57).
1566 4416 1702 4485 Quid
1739 4427 1839 4486 est,
1891 4421 1971 4491 [a-

382 4508 477 4561 ciet
510 4524 596 4563 eos
621 4509 924 4576 recumbere,
955 4510 1077 4576 nisi,
1109 4508 1641 4581 facietrequiescere,
1686 4510 1843 4567 faciet
1878 4526 1969 4566 va-

381 4600 541 4656 care?
558 4601 695 4668 Quid
717 4610 820 4670 est,
840 4602 1086 4668 transibit,
1104 4602 1208 4669 vel,
1232 4604 1459 4671 transiet,
1478 4613 1525 4658 et
1545 4604 1844 4658 ministrabit
1859 4604 1969 4659 eis?

382 4690 511 4747 Post
530 4692 671 4747 hunc
704 4692 985 4749 transitum
1014 4693 1336 4750 ministrabit
1360 4695 1458 4751 eis.
1484 4695 1581 4750 Hic
1619 4694 1763 4751 enini
1794 4704 1969 4752 trans-

380 4782 513 4838 itum
542 4782 663 4839 tecit
686 4783 945 4840 Christus
970 4804 983 4840 :
1006 4785 1286 4841 veniemus
1309 4786 1375 4841 ad
1402 4802 1523 4843 eum
1548 4771 1653 4857 quo
1688 4788 1962 4858 transivit,

317 4873 325 4954 ξ
378 4873 450 4927 ibi
475 4874 583 4944 jam
605 4889 711 4930 non
732 4876 943 4933 transit.
971 4875 1107 4932 Nam
1128 4884 1184 4933 et
1209 4876 1410 4934 Pascha
1440 4878 1494 4932 in
1539 4878 1751 4934 hebraaa
1788 4880 1965 4951 lingua

315 4962 327 5041 ζ
379 4966 657 5024 Transitus
680 4968 1079 5040 interpretatur.
1114 4969 1227 5025 Hoc
1262 4970 1516 5025 Dominus
1549 4970 1809 5041 ostendit,
1854 4972 1965 5027 imo

380 5060 724 5131 evangelista,
767 5061 858 5123 ubi
895 5061 962 5117 de
991 5061 1217 5117 Domino
1241 5060 1376 5117 dixit
1413 5082 1426 5116 :
1458 5062 1583 5117 Cum
1608 5072 1771 5117 autem
1798 5064 1964 5119 venis-

318 5228 326 5235 .
378 5163 451 5207 set
475 5153 602 5209 hora
627 5164 682 5209 ut
706 5155 943 5216 transiret
973 5156 1034 5210 de
1059 5156 1155 5211 hoc
1185 5155 1375 5210 mundo
1408 5156 1475 5209 ad
1514 5156 1722 5211 Patrem
1768 5155 1961 5229 (Joan.

376 5260 492 5314 xm,
521 5246 601 5319 1).
629 5247 685 5304 Si
714 5260 841 5319 ergo
866 5247 954 5304 hic
982 5260 1080 5305 nos
1105 5250 1296 5319 pascit,
1329 5255 1383 5305 et
1408 5247 1486 5303 sic
1510 5249 1707 5320 pascit;
1736 5249 1808 5306 ibi
1832 5264 1964 5321 quo-

322 5321 327 5390 ξ
376 5338 541 5394 modo
559 5340 787 5410 pascet?
807 5341 961 5409 Quod
981 5356 1109 5413 ergo
1135 5340 1292 5412 elegit
1314 5340 1499 5410 Maria,
1527 5343 1820 5410 crescebat,
1852 5357 1965 5398 non

377 5431 655 5487 transibat.
682 5431 978 5491 Delectaiio
1006 5433 1149 5491 enim
1192 5434 1368 5489 cordis
1398 5433 1617 5489 humani
1654 5432 1722 5490 de
1760 5434 1963 5491 lumine

375 5524 638 5592 veritatis,
683 5526 752 5583 de
790 5525 1062 5584 afﬂuentia
1092 5527 1398 5598 sapientiae,
1448 5526 1729 5584 delectatio
1785 5528 1963 5583 cordis

377 5611 633 5686 humani,
662 5617 841 5675 cordis
861 5618 1034 5677 ﬁdelis
1053 5661 1069 5688 ,
1098 5618 1276 5678 cordis
1306 5620 1508 5687 sancti,
1552 5636 1658 5677 non
1697 5622 1963 5678 invenitur

376 5707 621 5780 voluptas
640 5752 658 5780 ,
685 5712 771 5769 cui
792 5713 962 5784 possit
987 5712 1161 5784 aliqua
1185 5728 1257 5770 ex
1286 5724 1435 5785 parte
1454 5716 1771 5786 comparari,
1802 5723 1859 5770 ut
1876 5717 1961 5771 vel

373 5801 554 5864 minor
574 5805 800 5864 dicatur.
835 5806 991 5875 Quod
1025 5810 1171 5866 enim
1210 5809 1382 5881 dicis,
1421 5810 1592 5871 Minus
1644 5819 1764 5883 est,
1806 5812 1961 5884 quasi

661 5898 889 5967 SANCT.
934 5900 1212 5964 Auaosr.
1258 5902 1334 5970 V.
1948 5924 1961 5933 λ,

1784 332 2020 396 81⁵311Μο
2055 335 2337 400 CLXXIX.

3587 368 3693 426 970

2102 455 2394 511 crescendo
2420 471 2515 528 par
2541 460 2663 517 erit.
2706 463 2846 520 Nolo
2879 464 3095 536 dicere,
3128 468 3303 527 Minor
3344 487 3495 530 :non
3541 489 3693 534 com~

2098 558 2258 613 paro;
2288 546 2505 605 alterius
2526 556 2736 621 generis
2761 566 2841 611 est
2861 599 2876 622 ,
2913 558 3071 630 longe
3094 561 3240 617 aliud
3278 572 3380 619 est.
3423 566 3561 633 Quid
3606 579 3691 625 est

2097 637 2242 691 enim
2270 640 2430 695 modo
2470 644 2611 713 quod
2644 662 2832 704 omnes
2876 653 3176 722 attenditis,
3210 670 3399 713 omnes
3449 660 3645 715 auditis
3668 703 3686 729 ,

2047 750 2055 754 ·
2101 744 2289 821 omnes
2316 734 2658 803 excitamini,
2691 750 2746 795 et
2779 743 2989 811 quando
3016 760 3201 801 verum
3233 748 3434 818 aliquid
3470 752 3684 821 dicitur,

2096 818 2470 878 delectamini?
2495 825 2631 892 Quid
2653 829 2891 886 vidistis?
2913 833 3048 900 Quid
3077 838 3358 893 tenuistis?
3384 840 3513 906 Quis
3540 818 3687 898 color

2097 916 2341 983 apparuit
2360 918 2529 973 oculis
2552 922 2776 976 vestris?
2802 924 2932 992 Quae
2958 927 3150 994 forma,
3174 945 3293 1000 quae
3330 933 3516 1002 ﬁgura,
3565 953 3685 1006 qua:

2094 1016 2318 1076 statura,
2342 1027 2461 1081 qua:
2492 1013 2810 1071 lineamenta
2850 1022 3211 1080 membrorum
3232 1068 3249 1094 ,
3288 1043 3407 1097 qua:
3443 1032 3684 1099 corporis

2093 1100 2467 1167 pulchritudo?
2493 1105 2635 1160 Nihil
2656 1107 2869 1164 horum.
2898 1112 2965 1167 Et
2987 1122 3164 1171 tamen
3206 1120 3416 1176 amatis.
3456 1122 3681 1189 Quando

2093 1191 2235 1247 enim
2260 1194 2336 1248 sic
2363 1194 2676 1264 laudaretis,
2709 1201 2883 1257 sinon
2903 1207 3194 1263 amaretis?
3219 1209 3442 1276 Quando
3463 1228 3678 1270 amare-

2091 1280 2183 1348 tis,
2213 1283 2259 1336 si
2287 1282 2420 1338 nihil
2450 1286 2745 1343 videretis?
2781 1291 2863 1347 Me
2885 1293 3062 1365 itaque
3094 1313 3198 1353 non
3222 1302 3534 1359 ostendente
3564 1304 3679 1359 for-

2090 1385 2232 1427 mam
2258 1376 2519 1445 corporis,
2552 1379 2872 1437 lineamenta
2894 1425 2909 1451 ,
2946 1386 3215 1455 colorem‘,
3264 1392 3514 1460 pulchros
3560 1409 3676 1450 mo-

2092 1473 2206 1534 tus,
2236 1483 2322 1524 me
2346 1484 2452 1525 non
2484 1473 2827 1542 ostendente,
2858 1492 2953 1533 vos
2984 1487 3159 1535 tamen
3183 1480 3399 1549 videtis,
3444 1487 3635 1542 amatis
3658 1527 3675 1555 ,

2090 1556 2335 1614 laudatis.
2366 1562 2420 1617 Si
2449 1562 2564 1620 haec
2585 1564 2867 1623 delectatio
2888 1569 3125 1626 veritatis
3151 1571 3321 1628 dulcis
3358 1586 3440 1630 est
3492 1593 3635 1633 nunc
3654 1618 3673 1648 ,

2087 1650 2255 1705 multo
2279 1652 2482 1709 dulcior
2503 1657 2605 1712 erit
2634 1665 2776 1714 tunc.
2805 1659 2977 1715 Maria
3004 1663 3258 1719 meliorem
3287 1674 3481 1735 partem
3505 1668 3671 1739 elegit,

2086 1756 2198 1809 qua:
2226 1758 2327 1796 non
2350 1745 2606 1815 auferetur
2633 1750 2695 1803 ab
2721 1767 2800 1805 ea.

2155 1832 2382 1889 CAPUT
2419 1836 2532 1891 Vll.
2562 1867 2634 1878 ——
2660 1840 2710 1893 7.
2744 1840 2985 1899 Faetores
3011 1844 3146 1900 verbi
3186 1853 3234 1901 et
3263 1845 3397 1902 intus
3435 1856 3483 1902 et
3538 1850 3667 1920 foris
3722 1850 3723 1853 “

2086 1940 2193 1979 esse
2211 1926 2464 1983 debemus.
2490 1928 2730 1999 Ostendi,
2762 1934 2900 1991 sicut
2926 1938 3105 2007 potui,
3138 1951 3393 2010 quantum
3435 1956 3522 1997 me
3562 1942 3671 1999 Do-

2085 2022 2263 2079 minus
2294 2024 2544 2095 adjuvare
2585 2029 2829 2099 dignatus
2872 2040 2991 2098 est,
3040 2033 3363 2091 dulcissimae
3414 2036 3675 2095 Charitati

2085 2126 2295 2185 vestrae,
2329 2134 2485 2187 quam
2510 2121 2707 2178 tutiore
2734 2124 2852 2179 loco
2880 2126 3030 2179 stetis
3054 2127 3339 2195 audiendo,
3386 2144 3546 2199 quam
3569 2141 3674 2187 nos

2086 2209 2442 2278 praedicando.
2475 2212 2587 2269 Hoc
2619 2215 2761 2271 enim
2803 2217 2963 2272 modo
2986 2234 3083 2274 vos
3108 2218 3310 2287 facitis,
3357 2222 3501 2291 quod
3545 2230 3674 2279 tunc

2087 2316 2281 2360 omnes
2305 2304 2497 2361 facturi
2517 2322 2721 2364 sumus.
2750 2310 2864 2366 Non
2886 2311 3027 2368 enim
3055 2314 3156 2369 erit
3186 2323 3311 2369 tunc
3338 2314 3529 2384 aliquis
3557 2330 3673 2371 ma-

2085 2393 2251 2463 gister
2273 2395 2444 2463 verbi,
2472 2398 2569 2453 sed
2595 2400 2905 2470 magistrum
2931 2402 3187 2459 Verbum.
3232 2404 3367 2459 lllud
3412 2420 3539 2476 ergo
3580 2420 3672 2462 se-

2086 2488 2281 2557 quitur,
2311 2488 2454 2558 quod
2483 2490 2548 2545 ad
2574 2506 2669 2546 vos
2694 2493 3150 2563 pertinetfacere,
3180 2495 3247 2550 ad
3286 2510 3384 2551 nos
3422 2510 3669 2553 monere.

2087 2576 2195 2633 Vos
2223 2578 2365 2634 enim
2387 2580 2516 2635 estis
2543 2581 2813 2638 auditores
2836 2584 3003 2650 verbi,
3036 2599 3135 2641 nos
3154 2585 3552 2656 praedicatores.
3580 2585 3669 2645 ln-

2086 2674 2171 2723 tus
2197 2678 2373 2725 autem
2401 2671 2489 2728 ubi
2517 2688 2676 2729 nemo
2705 2674 2879 2741 videt,
2908 2690 3096 2732 omnes
3129 2677 3402 2734 auditores
3434 2692 3619 2734 sumus
3651 2696 3669 2734 :

2084 2759 2227 2816 intus
2254 2762 2309 2816 in
2337 2762 2519 2831 corde,
2552 2764 2605 2819 in
2626 2774 2826 2833 mente,
2855 2767 2945 2822 ubi
2967 2782 3060 2823 vos
3087 2767 3245 2823 docet
3272 2768 3393 2835 ille,
3435 2768 3527 2839 qui
3570 2782 3672 2824 vos

2084 2850 2335 2908 admonet
2362 2853 2600 2910 laudare.
2644 2856 2758 2926 Ego
2798 2856 2942 2912 enim
2978 2857 3272 2914 forinsecus
3320 2858 3528 2929 loquor,
3579 2859 3672 2915 ille

2084 2941 2228 2998 intus
2253 2944 2469 3000 excitat.
2494 2944 2692 3003 Omnes
2720 2962 2847 3019 ergo
2873 2948 3014 3003 intus
3052 2949 3322 3005 auditores
3355 2963 3573 3016 sumus;
3615 2956 3674 3006 et

2084 3047 2271 3090 omnes
2300 3044 2353 3091 et
2374 3036 2503 3091 feris
2529 3046 2583 3092 et
2611 3038 2754 3095 intus
2780 3039 2833 3092 in
2853 3047 3141 3109 conspectu
3160 3040 3256 3095 Dei
3282 3039 3512 3097 factores
3546 3054 3670 3097 esse

2083 3125 2357 3185 debemus.
2387 3129 2538 3186 Unde
2563 3131 2705 3187 intus
2731 3132 2996 3189 factores?
3021 3133 3156 3200 Quia
3199 3135 3285 3203 qui
3326 3135 3507 3189 viderit
3549 3151 3670 3189 mu-

2084 3220 2254 3275 lierem
2278 3222 2346 3275 ad
2371 3223 2826 3293 concupiscendum
2854 3241 2964 3279 eam
2982 3266 2995 3291 ,
3010 3225 3127 3296 jam
3148 3227 3424 3280 moechatus
3452 3235 3524 3281 est
3556 3243 3670 3283 eam

2082 3314 2135 3369 in
2158 3315 2309 3368 corde
2335 3331 2425 3370 suo
2456 3314 2666 3389 (Matth.
2695 3332 2748 3385 v,
2770 3316 2885 3389 28).
2918 3317 2986 3372 Et
3017 3326 3194 3388 potest
3233 3334 3356 3375 esse
3400 3320 3666 3386 machus,

2082 3404 2226 3459 nullo
2246 3404 2521 3461 hominum
2560 3407 2810 3475 vidente,
2848 3408 2941 3464 sed
2968 3408 3080 3464 Deo
3113 3410 3383 3479 puniente.
3421 3410 3552 3477 Quis
3583 3419 3671 3468 est

2082 3510 2213 3566 ergo
2232 3495 2375 3551 intus
2401 3496 2612 3552 factor?
2640 3497 2741 3565 Qui
2770 3513 2879 3553 non
2907 3500 2974 3555 ad
2994 3502 3475 3572 concupiscendum
3496 3504 3665 3560 videt.

2082 3588 2212 3655 Quis
2237 3596 2320 3644 est
2338 3588 2469 3644 foris
2502 3588 2709 3645 factor?
2749 3590 2954 3663 Frange
3006 3609 3188 3663 panem
3238 3603 3381 3647 tuum
3425 3596 3667 3651 esurienti

2083 3678 2235 3752 (Isai.
2266 3695 2412 3745 Lvni,
2433 3679 2512 3752 7).
2543 3681 2657 3737 Hoc
2676 3682 2820 3738 enim
2848 3698 2969 3739 cum
3000 3684 3079 3754 ﬁt,
3108 3685 3254 3740 videt
3274 3694 3329 3741 et
3358 3687 3664 3755 proximus:

2079 3771 2173 3829 sed
2202 3786 2308 3843 quo
2328 3773 2507 3828 animo
2533 3774 2625 3839 ﬁt,
2649 3790 2757 3829 non
2776 3775 2920 3831 videt
2948 3776 3051 3832 nisi
3076 3777 3239 3832 Deus.
3285 3778 3460 3833 Estote
3498 3793 3627 3850 ergo
3645 3818 3664 3845 ,

2078 3863 2272 3922 fratres
2294 3867 2422 3933 mei,
2454 3871 2668 3938 factores
2701 3866 2836 3923 verbi
2858 3909 2873 3934 ,
2906 3878 2954 3924 et
2980 3886 3082 3924 non
3124 3870 3379 3925 auditores
3432 3880 3664 3939 tantum,

2080 3960 2315 4031 fallentes
2344 3961 2705 4039 vosmetipsos:
2739 3976 2845 4016 non
2870 3962 3038 4017 Deum
3062 4004 3078 4030 ,
3110 3976 3219 4019 non
3248 3978 3371 4019 eum
3406 3963 3494 4033 qui
3523 3979 3665 4034 prae-

2078 4051 2238 4108 dicat.
2272 4052 2386 4123 Ego
2414 4054 2577 4118 enim,
2610 4053 2696 4109 vel
2712 4054 2950 4125 quisquis
2968 4054 3123 4110 vobis
3146 4054 3662 4125 praedicatverbum,

2077 4161 2171 4203 cor
2197 4154 2433 4203 vestrum
2464 4162 2570 4201 non
2590 4146 2735 4203 videt
2762 4163 2778 4202 :
2807 4146 2936 4217 quid
2960 4147 3128 4231 agatis
3144 4147 3287 4202 intus
3306 4147 3362 4202 in
3386 4148 3667 4217 cogitatio-

2076 4239 2232 4294 nibus
2256 4239 2480 4304 vestris,
2508 4237 2749 4310 judicare
2790 4254 2897 4295 non
2932 4247 3124 4310 potest.
3167 4239 3299 4307 Quia
3319 4241 3337 4273 ι
3368 4239 3529 4296 homo
3553 4255 3665 4296 non

2076 4338 2272 4399 potest,
2305 4330 2537 4385 intuetur
2565 4331 2727 4396 Deus,
2757 4331 2844 4386 cui
2868 4345 2962 4386 cor
3003 4330 3292 4386 humanum
3340 4348 3449 4386 non
3487 4340 3662 4403 potest

2076 4419 2352 4475 occultari.
2384 4418 2503 4489 Ipse
2527 4419 2673 4476 videt
2701 4434 2809 4491 quo
2837 4420 3013 4476 studio
3035 4420 3251 4490 audias,
3283 4421 3411 4491 quid
3431 4423 3655 4493 cogites,

2075 4509 2203 4580 quid
2229 4518 2433 4575 teneas,
2460 4518 2712 4579 quantum
2745 4510 2997 4581 proﬁcias
3021 4512 3089 4567 de
3108 4512 3491 4586 supplementis
3524 4514 3657 4583 suis,

2074 4617 2235 4673 quam
2251 4602 2509 4659 instanter
2521 4617 2645 4658 ores
2658 4644 2674 4671 ,
2700 4603 3147 4673 quemadmodum
3169 4605 3471 4675 depreceris
3488 4605 3660 4661 Deum

2074 4711 2139 4751 ex
2155 4709 2222 4751 eo
2257 4694 2399 4765 quod
2424 4708 2532 4750 non
2556 4694 2722 4751 babes
2743 4735 2757 4761 ,
2781 4695 3048 4765 quomodo
3074 4697 3272 4767 gratias
3307 4712 3431 4767 agas
3479 4712 3547 4751 ex
3588 4710 3658 4752 eo

2072 4788 2214 4859 quod
2247 4786 2414 4843 habes
2443 4803 2457 4839 :
2486 4786 2575 4841 ille
2606 4784 2753 4841 novit
2785 4786 2876 4857 qui
2901 4795 3183 4843 exacturus
3220 4794 3323 4842 est.
3344 4785 3453 4840 Nos
3496 4800 3659 4856 pecu-

2071 4880 2217 4935 niam
2248 4877 2569 4934 dominicam
2607 4862 2827 4948 erogare
2864 4893 3147 4948 possumus
3179 4878 3399 4933 :veniet
3439 4886 3658 4934 exactor

2071 4970 2162 5041 qui
2189 4969 2355 5035 dixit,
2389 4969 2543 5024 Serve
2562 4985 2809 5040 nequam,
2834 4969 2980 5025 dares
3010 4971 3273 5040 pecuniam
3301 4986 3463 5024 meam
3506 4986 3658 5025 num-

2071 5062 2324 5129 mulariis,
2352 5070 2397 5116 et
2418 5078 2509 5133 ego
2536 5061 2738 5117 veniens
2757 5078 2868 5117 cum
2895 5062 3058 5117 usuris
3083 5064 3353 5134 exigerem.
3421 5080 3425 5084 '

2140 5152 2367 5209 CAPUT
2396 5152 2619 5208 Vlll.—
2643 5153 2697 5210 8.
2728 5153 2999 5209 Auditores
3039 5154 3175 5208 verbi
3216 5154 3526 5223 azdi/icantes
3561 5154 3656 5211 alii

2070 5260 2222 5315 super
2250 5253 2462 5315 petram,
2501 5243 2763 5316 aliisuper
2784 5260 3007 5299 arenam.
3049 5244 3223 5302 Nolite
3263 5260 3410 5316 ergo,
3455 5246 3650 5302 fratres
3744 5261 3751 5269 '

2070 5339 2198 5407 mei,
2225 5336 2408 5395 fallere
2430 5339 2809 5411 vosmetipsos,
2834 5338 2959 5409 quia
2979 5339 3199 5393 venistis
3220 5339 3456 5395 studiose
3470 5337 3539 5394 ad
3556 5354 3655 5394 au-

2070 5430 2324 5487 diendum
2377 5430 2624 5499 verbum,
2669 5431 2715 5486 si
2752 5444 2861 5487 non
2902 5429 3074 5486 facitis
3100 5431 3243 5502 quod
3278 5431 3475 5488 auditis
3515 5431 3654 5487 deti-

2069 5522 2280 5580 ciendo.
2310 5521 2551 5595 Cogitate
2576 5522 2624 5579 si
2652 5521 2935 5592 pulchrum
2960 5530 3045 5578 est
3069 5522 3273 5591 audire,
3306 5531 3506 5594 quanto
3533 5538 3653 5577 ma-

2067 5617 2149 5686 gis
2174 5617 2366 5671 facere.
2395 5615 2449 5670 Si
2478 5630 2585 5670 non
2613 5614 2786 5681 audis,
2808 5614 3047 5672 auditum
3076 5614 3322 5687 negligis,
3351 5614 3488 5670 nihil
3513 5613 3649 5670 aedi-

2069 5705 2217 5762 ﬁcas.
2249 5706 2305 5762 Si
2325 5705 2476 5762 audis
2499 5713 2555 5763 et
2577 5721 2684 5766 non
2710 5704 2863 5779 facis,
2890 5706 3102 5765 ruinam
3130 5705 3384 5765 aediﬁcas.
3428 5705 3645 5765 Domini

2133 5826 2151 5857 ι
2177 5830 2332 5887 Forte,
2358 5817 2513 5886 Quod.

2888 5905 3377 5993 (Tremo-une.)
