3996 6474
467 527 668 592 Christi
694 536 777 586 est
803 523 871 583 de
891 519 992 579 hac
1015 535 1075 578 ne
1099 513 1370 592 proposita
1394 511 1870 586 congruentissima
1894 507 2046 564 simi-

461 626 631 682 litudo
649 640 662 677 :
678 620 780 686 Qui
792 616 955 684 audit,
971 611 1165 684 inquit,
1183 610 1329 665 verba
1345 625 1454 662 mea
1472 607 1600 672 hac,
1620 614 1664 659 et
1681 603 1800 675 facit
1814 619 1893 670 ea,
1908 601 2047 655 simi-

467 717 582 772 labo
610 729 723 767 eum
749 726 857 764 viro
885 705 1118 778 prudenti
1144 703 1229 774 qui
1252 699 1474 769 aedificat
1493 698 1701 753 domum
1727 711 1873 751 suam
1896 709 2048 763 super

458 817 676 882 petram.
709 799 975 857 Descendit
1004 796 1196 868 pluvia,
1236 801 1475 849 venerunt
1527 790 1758 861 fiumina,
1802 790 2048 882 flaverant

457 879 613 964 venti,
643 904 690 950 et
732 894 1048 963 impegerunt
1071 889 1125 942 in
1167 887 1374 940 domum
1422 883 1585 950 illam,
1629 891 1677 937 et
1721 897 1823 936 non
1847 879 2043 934 cecidit.

460 991 640 1060 Quare
664 1001 770 1042 non
801 981 1033 1041 cecidit?
1059 979 1300 1035 Fundata
1332 978 1467 1033 enim
1487 987 1593 1032 erat
1636 992 1790 1047 super
1829 982 2044 1045 petram.

459 1083 601 1151 Ergo
621 1076 803 1134 audire
840 1084 894 1132 et
922 1073 1118 1138 facere,
1173 1070 1436 1126 mdiﬁcare
1485 1076 1569 1124 est
1609 1081 1771 1138 super
1818 1073 2044 1137 petram.

457 1171 638 1243 ipsum
673 1170 816 1225 enim
839 1167 1024 1222 audire
1053 1163 1318 1220 mdiﬁcare
1346 1169 1447 1217 est.
1477 1159 1576 1226 Qui
1623 1168 1810 1224 autem,
1852 1156 2044 1226 inquit,

462 1265 607 1320 audit
636 1262 783 1318 verba
803 1277 914 1315 mea
939 1260 1064 1326 haec,
1089 1267 1256 1312 etnon
1285 1255 1406 1328 facit
1426 1271 1504 1321 ea,
1529 1251 1758 1308 similabo
1801 1267 1915 1303 eum
1940 1252 2047 1303 viro

459 1347 614 1404 stulto
638 1348 723 1418 qui
767 1345 1012 1415 a’diﬁcat.
1044 1344 1111 1398 Et
1160 1343 1274 1412 ipse
1301 1338 1544 1395 aediﬁcat.
1591 1335 1729 1407 Quid
1779 1333 2050 1390 aediﬁcat?

460 1441 605 1497 Ecce
629 1438 850 1508 (edi/icat
874 1436 1082 1490 domum
1108 1448 1291 1488 suam:
1318 1430 1412 1487 sed
1434 1430 1556 1502 quia
1595 1443 1700 1483 non
1742 1424 1869 1482 facit
1905 1424 2048 1496 quod

465 1530 637 1596 audit,
666 1537 720 1584 et
745 1525 1011 1581 audiendo
1038 1524 1260 1594 ludiﬁcat
1287 1539 1440 1593 super
1465 1535 1691 1574 arenam.
1721 1519 1862 1589 Ergo
1887 1529 2049 1588 super

456 1636 703 1688 arenam,
731 1619 823 1690 qui
851 1617 998 1672 audit
1037 1624 1094 1673 et
1126 1629 1232 1670 non
1276 1614 1416 1679 iacit,
1468 1611 1730 1667 aediﬁcat:
1762 1623 1924 1680 super
1945 1623 2047 1679 pe-

459 1722 624 1780 tram,
653 1711 742 1783 qui
767 1710 916 1765 audit
937 1716 992 1764 et
1028 1707 1188 1762 facit:
1221 1721 1321 1762 nec
1346 1720 1506 1775 super
1531 1717 1770 1766 arenam,
1825 1714 1925 1756 nec
1953 1715 2046 1756 su-

466 1822 567 1876 per
595 1813 798 1875 petram
823 1801 1069 1866 aediﬁcat,
1095 1799 1184 1870 qui
1225 1797 1444 1853 omnino
1473 1811 1579 1851 non
1605 1795 1771 1849 audit.
1797 1793 1930 1848 Vide
1953 1808 2050 1849 au-

461 1895 574 1951 tem
604 1893 731 1965 quid
779 1901 1076 1961 sequatur:
1108 1888 1378 1944 Descendit
1432 1887 1623 1958 pluvia,
1671 1893 1909 1940 venerunt
1949 1885 2049 1954 flu-

459 1982 619 2050 mina,
653 1985 899 2055 ﬂaverant
929 1982 1080 2049 venti,
1108 1990 1152 2035 et
1175 1981 1487 2050 impegerunt
1531 1979 1585 2032 in
1631 1977 1837 2031 domum
1880 1973 2044 2042 illam,

455 2076 744 2140 etcecidit;
769 2084 815 2129 et
845 2074 981 2144 facta
1029 2081 1102 2127 est
1142 2072 1290 2125 ruina
1337 2072 1449 2140 ejus
1483 2085 1671 2142 magna
1707 2067 1920 2140 (Matth.
1950 2081 2044 2136 vn,

457 2168 681 2238 ιιι-27).
703 2164 1075 2236 Spectaculum
1100 2161 1432 2219 miserabile!
2028 2236 2033 2240 .

531 2259 760 2317 CAPUT
814 2258 904 2314 IX.
931 2285 1003 2300 --
1043 2257 1098 2313 9.
1155 2255 1279 2311 Non
1329 2255 1526 2320 audire,
1575 2252 1718 2324 quasi
1765 2267 1868 2307 non
1914 2251 2044 2305 aedi-

464 2354 643 2424 ᾖσαν-ο,
671 2353 864 2407 malum
889 2360 980 2405 est.
1007 2351 1231 2421 Aitergo
1255 2349 1448 2419 aliquis
1479 2365 1492 2400 :
1521 2345 1673 2415 Quod
1691 2359 1797 2401 non
1823 2359 1940 2400 sum
1973 2344 2049 2398 ia-

428 2429 430 2432 l
457 2455 667 2512 cturus,
698 2445 825 2516 quid
850 2444 982 2500 mihi
1007 2457 1142 2514 Opus
1194 2450 1276 2498 est
1309 2439 1532 2496 audire?
1576 2438 1856 2494 Audiendo
1881 2437 2044 2504 enim,

463 2537 659 2609 inquit,
682 2545 737 2594 et
755 2552 861 2593 non
884 2535 1144 2602 iaciendo,
1176 2535 1385 2589 ruinam
1434 2531 1729 2588 ardiﬁcabo.
1751 2529 1938 2586 Nonne
1966 2535 2047 2584 tu-

453 2632 573 2688 ‘tius
602 2639 687 2688 est
712 2629 847 2684 nihil
867 2627 1085 2684 audire?
1112 2628 1282 2697 ipsam
1318 2625 1515 2696 quippe
1543 2632 1747 2696 partem
1791 2623 2047 2678 Dominus

459 2725 516 2782 in
543 2739 637 2780 sua
664 2722 1006 2800 similitudine
1028 2720 1300 2792 proposita
1325 2719 1584 2788 attingere
1610 2716 1797 2780 noluit,
1842 2714 1937 2771 sed
1961 2715 2045 2768 in-

465 2815 808 2887 telligendam
833 2813 997 2871 dedit.
1019 2812 1075 2868 in
1096 2812 1199 2867 hoc
1223 2811 1368 2867 enim
1393 2809 1614 2876 steculo,
1647 2807 1847 2878 pluvia,
1877 2806 2042 2873 venti,

461 2907 682 2963 ﬂumina
702 2921 810 2962 non
862 2906 1160 2978 quiescunt.
1208 2902 1324 2958 Non
1372 2897 1604 2957 aediﬁcas
1637 2913 1797 2969 super
1817 2906 2043 2970 petram,

441 2996 522 3054 'ut
547 2998 783 3064 veniant,
815 3005 868 3052 et
895 3011 1003 3052 non
1049 3005 1101 3050 te
1129 2991 1561 3064 dejiciant?Non
1615 2989 1845 3046 aediﬁcas
1886 3003 2046 3060 super

426 3138 429 3153 L
463 3104 706 3157 arenam,
744 3102 814 3145 ne
838 3103 960 3144 cum
988 3087 1252 3152 venerint,
1294 3085 1511 3140 domum
1560 3082 1850 3151 dejiciant?
1903 3081 2047 3152 Ergo

462 3183 579 3239 sine
602 3181 711 3237 ullo
733 3187 897 3248 tecto,
929 3180 1051 3250 quia
1078 3177 1210 3232 nihil
1227 3177 1400 3243 audis,
1430 3177 1507 3231 sic
1535 3174 1855 3230 remanebis.
1890 3174 2047 3228 Venit

457 3275 660 3348 pluvia,
693 3274 914 3330 veniunt
958 3271 1178 3327 ﬁumina
1211 3289 1225 3326 :
1259 3269 1513 3341 numquid
1541 3269 1658 3325 ideo
1709 3276 1871 3335 tutus,
1924 3268 2046 3338 quia

431 3436 433 3444 ι
456 3369 671 3439 raperis
700 3367 916 3423 nudus?
941 3363 1232 3421 Considera
1260 3379 1409 3434 ergo,
1450 3361 1660 3434 qualem
1701 3361 1794 3417 tibi
1819 3360 2045 3431 elegeris

457 3471 688 3532 partem.
719 3459 835 3515 Non
856 3459 984 3524 eris,
1023 3465 1081 3512 ut
1117 3465 1292 3527 putas,
1320 3471 1425 3511 non
1468 3454 1733 3510 audiendo
1774 3467 1995 3509 securus
2027 3469 2041 3508 :

433 3566 684 3621 necesse
703 3560 785 3606 est
806 3559 858 3606 te
886 3547 1086 3605 nudum
1108 3547 1224 3603 sine
1250 3546 1357 3603 ullo
1381 3554 1524 3602 tecto
1551 3545 1728 3613 obrui,
1752 3545 1886 3611 tolli,
1915 3543 2043 3600 sub-

458 3642 651 3712 mergi.
677 3640 734 3696 Si
786 3655 914 3711 ergo
939 3639 1136 3694 malum
1185 3645 1268 3693 est
1311 3651 1473 3706 super
1510 3650 1726 3691 arenam
1755 3632 2040 3702 aediﬁcare,

458 3734 663 3789 malum
691 3739 776 3787 est
799 3731 931 3786 nihil
960 3729 1257 3795 tediﬁcare;
1289 3735 1456 3783 restat
1511 3735 1569 3781 ut
1611 3741 1717 3781 non
1742 3725 1812 3780 sit
1843 3725 2044 3780 bonum

457 3827 563 3883 nisi
592 3827 644 3880 in
671 3833 820 3896 petra
841 3822 1124 3879 aediﬁcare.
1147 3821 1338 3876 Malum
1367 3827 1452 3876 est
1476 3833 1604 3889 ergo
1651 3831 1758 3873 non
1803 3817 1989 3872 audire
2026 3833 2040 3871 :

462 3918 664 3974 malum
696 3924 780 3971 est
807 3914 991 3971 audire
1013 3923 1067 3970 et
1096 3929 1201 3968 non
1241 3912 1418 3967 facere
1448 3928 1462 3966 :
1489 3917 1657 3965 restat
1679 3909 1862 3966 audire
1889 3918 1944 3965 et
1965 3909 2043 3966 l‘a-

457 4024 606 4067 'ccre.
637 4009 809 4064 Estote
833 4023 960 4078 ergo
982 4011 1200 4078 factores
1237 4004 1393 4071 verbi,
1419 4011 1466 4057 et
1494 4017 1596 4057 non
1638 4002 1891 4058 auditores
1925 4011 2040 4058 tan-

431 4162 442 4178 .
466 4109 592 4168 tum,
618 4102 850 4173 fallentes
876 4100 1221 4168 vosmetipsos.

531 4190 758 4246 CAPUT
793 4189 862 4244 X.
885 4218 957 4229 —
983 4188 1068 4242 10.
1110 4187 1327 4241 Auditor
1372 4186 1629 4258 negligens
1685 4187 2038 4258 praedicatoris

458 4282 588 4336 vitia
614 4299 676 4335 ne
699 4289 952 4335 causetur.
975 4279 1106 4334 Post
1134 4277 1271 4333 hanc
1309 4277 1730 4335 exhortationem
1775 4281 1936 4336 timeo
1971 4295 2040 4337 ne

431 4444 433 4447 ι
461 4386 574 4429 non
597 4372 762 4427 verbo
787 4372 1008 4441 erigam,
1037 4369 1130 4425 sed
1146 4369 1518 4439 desperatione
1536 4370 1884 4440 conlringam.
1908 4370 2038 4426 For-

432 4455 435 4461 ’
459 4465 623 4522 cassis
644 4464 784 4519 enim
810 4463 1022 4533 aliquis,
1047 4461 1130 4518 vel
1161 4477 1317 4528 unus,
1342 4462 1424 4517 vel
1464 4462 1590 4529 duo,
1620 4462 1705 4517 vel
1753 4471 1897 4518 certe
1917 4463 2038 4533 plu-

455 4569 569 4624 res,
598 4555 652 4610 in
684 4554 784 4609 ista
811 4561 988 4608 vestra
1014 4551 1277 4623 irequenti
1300 4553 1580 4621 praesentia
1617 4552 1819 4622 iudicat
1849 4567 1957 4621 me,
1983 4563 2038 4610 et

451 4648 850 4708 dicit:Vellem
877 4647 1034 4714 scire,
1065 4647 1110 4700 si
1132 4646 1232 4700 iste
1277 4645 1368 4716 qui
1391 4645 1521 4700 mihi
1558 4645 1811 4715 loquitur,
1859 4646 2036 4702 omnia

451 4739 584 4796 facit
606 4754 725 4810 quae
752 4739 838 4793 vel
861 4738 976 4808 ipse
1017 4734 1186 4802 audit,
1237 4735 1323 4790 vel
1370 4734 1580 4790 caeteris
1601 4735 1749 4789 dicit.
1783 4735 1916 4790 Huic
1950 4751 2037 4792 re-

457 4830 697 4900 spondeo
723 4847 738 4884 :
766 4828 900 4882 Mihi
923 4834 1092 4881 autem
1119 4825 1382 4879 minimum
1418 4835 1492 4878 est
1519 4834 1575 4878 ut
1601 4842 1632 4878 a
1677 4825 1813 4880 vobis
1839 4825 2035 4897 dijudi-

454 4936 561 4987 cer,
585 4931 672 4975 aut
699 4920 762 4975 ab
787 4921 1009 4974 humano
1033 4919 1133 4973 die.
1158 4917 1419 4986 Quoniam
1445 4925 1498 4973 et
1527 4931 1625 4988 ego
1643 4917 1757 4988 ipse
1775 4933 1839 4974 ex
1861 4919 2034 4990 aliqua

451 5021 626 5086 parte,
654 5011 781 5084 quid
806 5025 948 5066 nunc
969 5012 1090 5076 sim,
1134 5023 1354 5082 possum
1397 5009 1568 5075 scine;
1591 5010 1717 5081 quid
1743 5026 1863 5068 cras
1903 5011 2037 5070 futu-

451 5121 548 5162 rus
573 5106 697 5170 sim,
724 5103 926 5160 nescio.
954 5102 1061 5159 Sed
1081 5102 1178 5158 tibi
1201 5102 1271 5158 de
1293 5116 1400 5168 me,
1426 5117 1462 5156 ο
1482 5104 1721 5173 quisquis
1750 5105 1820 5160 ita
1846 5120 2034 5164 move-

450 5199 554 5267 ris,
570 5196 824 5253 Dominus
843 5196 1183 5251 securitatem
1195 5193 1359 5250 dedit.
1382 5193 1438 5251 Si
1459 5195 1601 5250 enim
1624 5195 1760 5251 facio
1775 5212 1893 5268 quae
1913 5197 2035 5257 dico

450 5289 537 5345 vel
590 5301 709 5358 quae
756 5284 914 5341 audio
933 5325 948 5352 ,
975 5285 1252 5339 imitatores
1281 5284 1382 5339 mei
1429 5293 1628 5354 estote;
1660 5286 1792 5341 sicut
1845 5296 1894 5342 et
1941 5303 2035 5361 ego

455 5381 645 5438 Christi
665 5381 726 5453 (ι
747 5379 868 5437 Cor.
887 5398 961 5449 ιν,
987 5382 1041 5448 5,
1067 5381 1137 5438 16
1155 5380 1200 5454 ).
1227 5381 1286 5439 Si
1297 5389 1477 5439 autem
1492 5382 1634 5450 dico,
1660 5391 1716 5440 et
1743 5398 1851 5439 non
1872 5383 2030 5454 facio;

453 5473 745 5531 Dominum
770 5475 948 5531 audite
976 5493 992 5531 :
1027 5473 1156 5544 Quae
1190 5477 1385 5545 dicunt,
1413 5477 1598 5549 facite;
1618 5493 1730 5550 qua:
1746 5488 1912 5534 autem
1953 5481 2034 5550 fa-

453 5567 617 5632 ciunt,
652 5571 815 5638 facere
835 5568 1010 5624 nolite.
1040 5567 1182 5640 Ergo
1226 5569 1270 5624 si
1294 5568 1433 5625 bene
1457 5568 1524 5625 de
1551 5584 1639 5626 me
1678 5572 1864 5638 sentis,
1914 5573 2031 5628 lau-

451 5658 550 5716 das
577 5674 664 5714 me
695 5677 708 5713 :
735 5660 780 5713 si
807 5660 950 5716 male
971 5661 1161 5728 sentis,
1193 5660 1412 5718 accusas
1435 5677 1539 5728 me,
1567 5662 1662 5718 sed
1688 5678 1793 5718 non
1811 5651 2033 5723 excusas

452 5753 526 5806 te.
547 5749 826 5818 Quomodo
848 5752 992 5806 enim
1016 5760 1071 5809 te
1089 5754 1384 5821 excusabis,
1409 5753 1454 5809 si
1475 5754 1532 5810 in
1551 5755 1748 5811 malum
1775 5755 2033 5826 praedica-

451 5849 628 5903 torem
669 5844 906 5904 veritatis
953 5846 1175 5907 verbum
1219 5847 1316 5906 Dei
1369 5847 1466 5907 tibi
1511 5848 1798 5923 dicentem,
1842 5859 1896 5910 et
1937 5865 2033 5912 sua

1705 396 1762 455 s.
1803 378 2167 453 iocosum
2204 383 2507 452 EPlSCOPi

3641 387 3750 462 οτι

2157 509 2296 564 mala
2323 523 2485 580 opera
2501 508 2782 566 facientem
2802 518 3156 582 contorqueas
3175 507 3604 580 accusationem;
3623 527 3748 572 cum

2158 599 2417 659 Dominus
2447 611 2588 669 tuus,
2616 603 2922 675 redemptor
2950 611 3095 672 tuus,
3123 603 3322 660 θῶκοι·
3347 604 3524 675 pretii,
3553 620 3747 678 aggre-

2157 705 2290 764 gans
2317 702 2370 749 te
2389 693 2590 750 militias
2616 710 2748 763 suae,
2775 705 2829 751 et
2871 695 3069 752 iaciens
3113 695 3182 752 de
3208 709 3364 753 servo
3389 709 3496 774 suo
3521 695 3748 754 fratrem

2157 799 2334 850 suum,
2368 801 2473 842 non
2505 794 2557 843 te
2577 785 2785 844 desinat
2809 802 3170 857 commonere,
3202 797 3258 846 et
3306 790 3469 860 dicat,
3515 791 3650 858 Qua
3667 793 3751 848 di-

2155 885 2296 943 cunt,
2323 877 2506 948 facite;
2534 895 2646 950 qua:
2671 889 2836 936 autem
2863 881 3076 952 faciunt,
3127 883 3293 954 facere
3318 882 3515 937 nolite!
3553 881 3751 940 Dicunt

2157 970 2311 1037 enim,
2345 970 2537 1041 inquit,
2561 981 2607 1027 et
2631 989 2736 1027 non
2760 974 2953 1046 faciunt
2977 973 3188 1048 (Matth.
3209 989 3360 1045 nm,
3380 976 3462 1047 3).
3489 963 3638 1032 Bena
3665 978 3747 1034 di-

2154 1069 2302 1129 cunt,
2332 1062 2471 1116 mala
2497 1062 2696 1119 iaciunt
2723 1081 2740 1120 :
2763 1073 2818 1120 tu
2839 1065 2962 1121 audi
2986 1065 3146 1134 bona,
3174 1074 3232 1122 et
3254 1067 3362 1123 noli
3387 1066 3566 1125 facere
3583 1069 3746 1130 mala.

2153 1151 2253 1210 ilic
2309 1156 2657 1227 respondebis
2687 1175 2703 1214 :
2729 1158 3008 1228 Quomodo
3052 1160 3211 1216 audio
3249 1159 3388 1218 bona
3427 1162 3496 1219 ab
3525 1162 3748 1222 homins

2153 1246 2334 1301 malo?
2360 1247 2624 1320 Numquid
2661 1251 2905 1321 colligunt
2942 1251 3006 1306 de
3049 1250 3211 1322 spinis
3258 1267 3382 1308 uvas
3425 1251 3565 1327 (Id.
3611 1270 3708 1325 vn,

2157 1337 2222 1393 ιθ
2242 1335 2262 1410 )
2298 1337 2407 1411 (a)?

2612 1431 2840 1492 saeuo
2868 1431 3106 1492 CLXXX
3134 1439 3156 1464 ο
3183 1435 3283 1508 (ι).

2153 1539 2234 1600 De
2260 1543 2419 1600 verbis
2444 1546 2662 1618 apostoli
2709 1545 2908 1616 Jacobi,
2934 1549 3089 1620 ,Ante
3126 1549 3306 1604 omnia
3328 1548 3493 1608 nolite
3533 1549 3746 1622 furare.

2610 1647 2736 1706 etc.,
2766 1654 2882 1709 cap.
2914 1654 2969 1708 v,
3015 1639 3051 1710 Ῡ
3075 1678 3090 1694 .
3122 1639 3190 1696 12
3221 1637 3313 1712 (c).

2224 1750 2450 1810 CAPUT
2479 1751 2762 1810 PRIMUM.
2787 1783 2860 1795 ——
2888 1755 2939 1810 i.
2970 1753 3050 1808 De
3077 1755 3299 1811 cavenda
3328 1757 3595 1828 juratione
3642 1761 3745 1813 ad-

2153 1845 2382 1900 monitio.
2412 1845 2591 1901 Prima
2633 1846 2790 1903 lectio
2827 1862 2948 1918 qum
2995 1846 3151 1903 nobis
3177 1848 3336 1905 hodie
3385 1851 3612 1908 recitata
3659 1859 3748 1910 est

2153 1935 2380 2007 apostoli
2402 1935 2602 2003 Jacobi,
2631 1938 2807 2009 oblata
2851 1937 3006 1994 nobis
3031 1946 3116 1994 est
3137 1938 3206 1993 ad
3246 1934 3660 2010 disserendum,
3691 1951 3748 2000 et

2154 2025 2385 2098 quodam
2415 2026 2575 2082 modo
2599 2026 2816 2083 indicta.
2837 2027 3072 2084 intentos
3099 2029 3242 2084 enim
3255 2045 3346 2086 vos
3378 2029 3520 2099 fecit,
3550 2032 3745 2089 admo-

2153 2131 2288 2173 nens
2315 2127 2440 2172 ante
2491 2118 2670 2174 omnia
2725 2134 2797 2175 ne
2830 2119 3040 2190 juretis.
3089 2119 3332 2178 Difﬁcilis
3361 2123 3590 2193 qumstio
3635 2132 3744 2180 est.

2153 2206 2270 2263 Hoc
2312 2218 2586 2278 peccatum
2617 2226 2776 2280 quem
2801 2226 2908 2267 non
2937 2226 3086 2266 reum
3108 2219 3306 2278 teneat,
3329 2212 3375 2268 si
3396 2213 3586 2284 jurare
3613 2229 3746 2285 pec-

2154 2308 2333 2356 catum
2355 2301 2476 2357 est?
2502 2301 2632 2357 Nam
2655 2303 2945 2373 perjurium
2969 2312 3243 2374 peccatum
3285 2318 3428 2372 esse,
3459 2314 3512 2361 et
3540 2304 3749 2376 grande

2152 2404 2464 2467 peccatum,
2525 2410 2684 2452 nemo
2744 2396 2970 2452 dubitat.
3014 2396 3124 2454 Sed
3173 2409 3281 2454 non
3315 2397 3390 2454 ait
3431 2396 3744 2471 Apostolus,

2151 2485 2221 2543 de
2283 2487 2433 2557 cujus
2477 2487 2706 2544 lectione
2762 2497 3070 2556 tractamus,
3109 2487 3240 2543 Ante
3301 2489 3501 2556 omnia,
3557 2492 3750 2560 fratres

2153 2579 2274 2647 mei,
2312 2579 2476 2634 nolite
2528 2579 2832 2650 perjurare;
2876 2581 2992 2649 sed,
3052 2581 3208 2635 nolite
3257 2581 3448 2650 iurare.
3503 2579 3750 2638 Przeces-

2155 2669 2226 2724 sit
2293 2671 2452 2726 etiam
2512 2671 2678 2742 ipsius
2747 2671 2958 2728 Domini
3018 2671 3148 2728 Jesu
3206 2671 3400 2728 Christi
3451 2673 3508 2728 in
3563 2671 3750 2729 Evan-

2153 2762 2291 2834 gelio
2314 2763 2501 2830 similis
2523 2763 2815 2819 admonitio
2843 2781 2856 2816 :
2890 2764 3138 2832 Audistis,
3179 2763 3366 2835 inquit,
3393 2765 3511 2835 quia
3553 2764 3752 2820 dictum

2153 2862 2226 2908 est
2255 2855 2492 2924 antiquis,
2523 2852 2644 2909 Non
2663 2853 2943 2926 perjurabis
2973 2871 2993 2910 :
3013 2871 3102 2926 ego
3127 2866 3297 2909 autem
3319 2855 3431 2909 dico
3460 2855 3617 2924 vobis,
3647 2872 3749 2910 no-

2153 2946 2239 3000 lite
2248 2947 2448 3017 jurare,
2481 2964 2638 3018 neque
2655 2965 2745 3021 per
2773 2948 2974 3016 coelum,
3004 2950 3124 3020 quia
3145 2950 3287 3006 sedes
3308 2949 3404 3006 Dei
3453 2959 3528 3005 est
3545 2967 3566 3016 ,'
3586 2967 3753 3022 neque

2151 3055 2243 3111 per
2270 3046 2475 3105 terram,
2501 3039 2622 3109 quia
2665 3038 2936 3095 scabellum
2961 3049 3034 3095 est
3063 3040 3249 3111 pedum
3268 3041 3410 3114 ejus;
3467 3057 3627 3113 neque
3656 3058 3752 3114 per

2151 3137 2304 3200 caput
2339 3138 2479 3184 tuum
2507 3130 2731 3202 jurabis,
2773 3131 2890 3202 quia
2946 3147 3047 3186 non
3076 3133 3165 3187 tibi
3192 3143 3264 3188 est
3313 3144 3536 3206 potestas
3574 3137 3751 3207 facere

2152 3239 2311 3278 unum
2358 3224 2600 3294 capillum
2635 3224 2807 3280 album
2847 3234 2935 3280 aut
2977 3227 3196 3298 nigrum.
3236 3227 3321 3282 Sit
3369 3236 3536 3283 autem
3577 3244 3749 3284 scruta

2151 3324 2330 3382 vester,
2354 3312 2471 3382 Est,
2496 3324 2605 3381 est;
2625 3314 2768 3385 Non,
2798 3334 2900 3372 non
2924 3334 2944 3373 :
2967 3319 3012 3372 si
3036 3318 3159 3390 quid
3179 3319 3396 3391 amplius
3417 3330 3508 3388 est,
3546 3337 3580 3375 a
3602 3321 3747 3378 malo

2149 3415 2223 3462 est
2246 3404 2456 3480 (Matth.
2480 3423 2532 3475 v,
2549 3408 2758 3481 35-57).
2784 3408 2917 3464 Huic
2940 3407 3222 3465 dominicae
3243 3409 3593 3467 admonitioni
3622 3428 3744 3469 me-

2150 3505 2356 3553 morata
2378 3497 2618 3568 Apostoli
2647 3499 2806 3556 lectio
2844 3500 3063 3555 omnino
3107 3500 3186 3556 sic
3203 3502 3467 3572 congruit,
3496 3511 3556 3557 ut
3601 3502 3744 3558 nihil

2151 3587 2296 3643 aliud
2349 3588 2491 3644 Deus
2531 3588 2757 3660 jussisse
2790 3589 3026 3646 videatur
3055 3609 3069 3646 :
3101 3592 3223 3662 quia
3266 3593 3444 3650 nullus
3469 3593 3606 3648 alius
3633 3592 3745 3650 hoc

2151 3678 2304 3748 dixit,
2335 3695 2492 3752 quam
2524 3680 2613 3736 ille
2629 3681 2719 3752 qui
2741 3696 2840 3753 per
2860 3683 3173 3752 Apostolum
3195 3682 3328 3738 dixit
3353 3683 3512 3739 :Ante
3539 3684 3739 3754 omnia,

2151 3772 2346 3844 inquit,
2373 3777 2555 3845 fratres
2575 3775 2692 3843 mei,
2721 3777 2875 3830 nolite
2885 3777 3089 3848 jurare,
3119 3793 3277 3848 neque
3303 3794 3393 3849 per
3414 3779 3619 3844 malum,
3645 3794 3743 3835 ne-

2151 3881 2246 3937 que
2272 3883 2361 3938 per
2392 3875 2598 3936 terram,
2627 3883 2786 3940 neque
2808 3868 2952 3924 aliud
2997 3869 3346 3942 quodcumque
3368 3855 3737 3940 iuramentum:

2152 3956 2237 4016 Sit
2263 3968 2431 4016 autem
2467 3977 2629 4016 sermo
2656 3971 2833 4029 vester,
2856 3960 2971 4031 Est,
2999 3973 3072 4018 est
3091 3982 3112 4030 ;
3142 3961 3286 4034 Non,
3305 3981 3424 4019 non.
3452 3963 3568 4020 Nisi
3591 3964 3740 4036 quod

2149 4051 2252 4110 iste
2278 4054 2502 4123 addidit,
2527 4054 2657 4110 Ante
2683 4057 2853 4110 omnia
2884 4072 2904 4110 :
2931 4070 2999 4112 ex
3025 4072 3133 4127 quo
3155 4057 3381 4114 multum
3403 4056 3528 4115 fecit
3552 4058 3739 4116 inlen-

2149 4154 2254 4216 tos,
2282 4147 2534 4219 auxitque
2548 4148 2912 4205 difﬁcultatem
2933 4151 3232 4220 quaestioni.

2219 4237 2440 4294 CAPUT
2480 4236 2543 4294 ll.
2575 4270 2644 4280 ——
2671 4239 2726 4294 2.
2747 4240 2952 4296 Juratio
2989 4242 3102 4298 licet
3128 4259 3162 4297 a
3199 4241 3310 4298 Deo
3349 4245 3616 4316 usurpata,
3641 4244 3740 4302 ho-

2148 4331 2275 4386 mini
2294 4340 2460 4387 tamen
2480 4332 2741 4405 fugienda.
2780 4331 3079 4405 Perjurium
3103 4345 3222 4407 quot
3260 4337 3424 4392 modis
3464 4338 3734 4409 contingit.

2147 4422 2450 4480 invenimus
2496 4425 2639 4482 enim
2683 4426 2892 4497 jurasse
2943 4437 3174 4495 sanctos,
3211 4426 3424 4498 jurasse
3485 4429 3739 4500 primitus

2147 4516 2320 4587 ipsum
2342 4517 2647 4586 Dominum,
2676 4517 2728 4573 in
2759 4533 2862 4589 quo
2914 4534 3022 4575 non
3049 4528 3132 4575 est
3159 4521 3377 4575 omnino
3430 4530 3737 4591 peccatum.

2145 4605 2348 4663 Iuravit
2372 4606 2639 4676 Dominus,
2673 4620 2718 4665 et
2744 4628 2844 4665 non
2869 4611 3121 4682 paenitebit
3148 4629 3260 4667 eum
3281 4629 3301 4667 :
3321 4610 3401 4668 Tu
3420 4630 3470 4669 es
3493 4613 3740 4682 sacerdos

2147 4698 2202 4752 in
2221 4708 2484 4769 retensum,
2503 4701 2777 4755 secundum
2797 4702 3024 4756 ordinent
3036 4703 3404 4760 Melchisedech
3417 4703 3588 4774 (Psal.
3617 4721 3738 4778 CIX.

2143 4787 2222 4863 4).
2255 4788 2631 4848 ιΕιετηὶιίηθω
2671 4793 2951 4850 sacerdotii
2983 4793 3119 4852 Filio
3143 4810 3267 4852 cum
3285 4797 3554 4867 juratione
3597 4812 3739 4868 pro-

2143 4880 2311 4938 misit.
2337 4881 2512 4939 Ilabes
2539 4884 2721 4952 etiam,
2750 4883 2851 4940 Per
2871 4888 3220 4958 memetipsum
3235 4892 3377 4957 jura,
3406 4888 3529 4943 dicit
3547 4885 3744 4944 Domi-

2143 4990 2240 5030 nus
2287 4971 2441 5045 (Gen.
2469 4990 2598 5044 xxu,
2632 4975 2743 5047 i6).
2776 4977 2841 5032 Et
2885 4976 3014 5033 illud
3034 4978 3233 5049 juratio
3277 4987 3379 5047 est,
3447 4978 3564 5034 Vivo
3609 4995 3736 5052 ego,

2142 5065 2266 5121 dicit
2318 5065 2569 5123 Dominus
2609 5065 2795 5140 (Nunt.
2818 5083 2925 5137 xxv,
2956 5067 3070 5141 28).
3100 5069 3390 5138 Quomodo
3434 5069 3596 5126 homo
3627 5083 3736 5146 per

2141 5159 2336 5233 Deum,
2363 5161 2444 5220 sic
2471 5160 2615 5220 Deus
2632 5175 2729 5234 per
2752 5175 2813 5220 se
2836 5161 3028 5234 ipsum.
3054 5161 3173 5222 Non
3195 5173 3279 5224 est
3295 5179 3424 5238 ergo
3444 5173 3736 5238 peccatum

2137 5359 2764 5476 m;coliatusadbn.cb.
2805 5361 2865 5416 is.
2903 5374 3095 5430 parm.
3148 5363 3230 5416 vd.
3273 5370 3475 5418 ωε».
3520 5369 3576 5418 et
3617 5371 3737 5430 P8,

2202 5485 2278 5553 (a)
2298 5486 2606 5553 minimas-lus
2618 5487 2735 5539 huic
2746 5487 2960 5553 sermoni
2975 5485 3138 5553 aliqua
3145 5485 3328 5541 deesse
3341 5489 3586 5553 mutavit
3607 5497 3740 5553 ante

2139 5550 2479 5614 Invenienses.
2504 5556 2554 5601 in
2575 5555 2742 5600 nostro
2756 5550 2924 5614 reipsa
2944 5550 3253 5614 Ggrdxanensi
3267 5553 3450 5614 codice,
3468 5551 3604 5602 unde
3627 5552 3742 5605 fas-

2138 5612 2266 5662 sitan
2301 5612 2573 5674 descriptus
2599 5618 2656 5682 .et
2691 5609 2959 5682 publicatus
2981 5609 3089 5674 fuit,
3105 5609 3736 5682 imperfectusinvenimr,

2141 5684 2312 5743 errore
2332 5673 2654 5743 amanuensis,
2678 5673 2762 5738 qui
2793 5673 2854 5723 ad
2874 5673 2979 5723 haec
3015 5673 3243 5743 verum}
3255 5677 3318 5728 de
3353 5678 3508 5743 spinis
3525 5688 3678 5740 uno,
3702 5673 3737 5727 ί

2137 5736 2390 5800 sabinum
2723 5739 3176 5800 ρπιθιηβςεωοηίε
3187 5737 3266 5792 ιο.
3378 5736 3396 5742 ’
3438 5747 3440 5750 '

2202 5751 2714 5925 ξιξίὶῖἒὲῗῗὲ
2723 5751 3176 5862 mrsu“
3187 5751 3269 5852 ως

2226 5874 2253 5912 c
2295 5859 2742 5915 Cimolia'oad
2761 5867 2779 5912 ι
2798 5867 2905 5912 σα.
2928 5872 3011 5915 xv.

2226 5859 2277 5915 ci
2295 5859 2905 5915 Citamulomadl'cw.
2928 5872 3011 5915 xv.
