4108 6336
406 310 513 373 973

400 426 617 503 jurare?
644 425 844 489 Durum
872 421 1080 483 esthoc
1098 418 1278 482 dicere
1299 423 1316 455 ί
1351 436 1365 478 :
1393 425 1449 482 et
1470 422 1722 497 quoniam
1747 424 1979 483 diximus

403 524 572 579 Deum
596 520 826 590 iurasse,
858 534 1013 589 quam
1036 517 1405 588 blaSphemum
1420 526 1501 574 est
1526 518 1626 572 hoc
1646 516 1858 573 dicere?
1885 514 1981 571 Ju-

401 625 487 673 rat
513 614 653 671 Deus
682 613 771 683 qui
794 620 1069 683 peccatum
1092 625 1196 665 non
1228 609 1388 665 habet
1416 625 1428 664 :
1464 623 1569 665 non
1599 623 1727 678 ergo
1747 615 1827 662 est
1855 620 1982 678 pec-

402 716 577 763 catum
596 706 810 777 jurare;
840 704 936 761 sed
963 703 1128 775 magis
1146 710 1417 774 peccatum
1448 710 1529 759 est
1550 701 1815 773 peierare.
1844 698 1980 755 For-

400 810 542 859 tasse
570 799 689 869 quis
715 797 856 853 dicat
902 812 1008 851 non
1039 810 1158 852 esse
1187 793 1590 864 proponendum
1643 792 1710 848 de
1755 777 1999 849 Domino.

399 891 509 948 Deo
530 890 811 962 iurationis
832 888 1153 960 exemplum.
1187 887 1327 942 Deus
1354 888 1497 942 enim
1525 894 1625 951 est,
1658 892 1711 941 et
1739 883 1875 938 forte
1906 881 1979 936 illi

396 988 495 1043 soli
521 984 775 1055 competit
794 984 997 1055 iurare,
1024 983 1114 1053 qui
1149 997 1253 1038 non
1303 989 1477 1053 potest
1504 981 1764 1050 peierare.
1797 975 1979 1031 Homi—

396 1093 494 1134 nes
522 1077 667 1133 enim
708 1075 900 1132 falsum
947 1075 1150 1145 iurant,
1177 1074 1263 1130 vel
1291 1089 1411 1133 cum
1442 1072 1653 1137 fallunt,
1708 1068 1795 1124 vel
1851 1083 1977 1123 cum

391 1168 669 1229 falluntur.
701 1168 804 1223 Aut
829 1167 971 1221 enim
1000 1173 1146 1238 putat
1170 1165 1329 1223 homo
1356 1178 1538 1219 verum
1568 1175 1689 1217 esse
1715 1158 1857 1231 quod
1879 1157 1978 1212 fal-

393 1275 509 1319 sum
538 1269 637 1326 est,
664 1268 719 1321 ct
764 1268 964 1319 temere
1003 1257 1145 1329 jurat
1173 1276 1186 1312 :
1215 1264 1306 1312 aut
1343 1256 1443 1312 scit
1464 1255 1550 1310 vel
1594 1260 1743 1323 putat
1784 1251 1975 1306 falsum

391 1369 533 1419 esse,
551 1360 606 1409 et
626 1362 802 1413 tamen
851 1366 948 1422 pro
981 1365 1108 1409 vero
1147 1349 1310 1421 iurat,
1348 1356 1403 1404 et
1458 1345 1806 1402 nihilominus
1853 1358 1971 1403 cum

391 1446 595 1503 scelere
616 1445 779 1515 iurat.
809 1444 1013 1501 Distant
1059 1450 1236 1501 autem
1283 1441 1382 1497 ista
1416 1438 1667 1511 periuria,
1712 1450 1829 1509 quae
1870 1433 1975 1489 duo

389 1536 821 1603 commemoravi.
866 1534 974 1593 Fac
1000 1534 1161 1591 illum
1214 1532 1414 1603 iurare,
1460 1531 1549 1603 qui
1593 1542 1778 1585 verum
1828 1534 1975 1597 putat

388 1643 527 1696 esse,
573 1644 671 1699 pro
716 1642 823 1701 quo
863 1626 1005 1697 iurat
1033 1644 1044 1685 :
1077 1640 1264 1682 verum
1318 1632 1468 1694 putat
1516 1636 1658 1687 esse,
1707 1627 1761 1675 et
1795 1626 1972 1672 tamen

387 1720 579 1781 falsum
659 1728 761 1776 est.
815 1718 933 1776 Non
993 1734 1062 1775 ex
1120 1717 1296 1775 animo
1347 1717 1448 1771 iste
1514 1713 1777 1784 periurat;
1832 1709 1972 1764 falli-

386 1820 494 1879 tur,
524 1812 629 1869 hoc
660 1827 758 1884 pro
802 1825 929 1867 vero
960 1811 1128 1873 habet
1167 1808 1309 1880 quod
1359 1806 1548 1862 falsum
1590 1813 1703 1875 est;
1741 1817 1845 1858 non
1873 1816 1970 1871 pro

386 1920 448 1963 re
519 1905 650 1961 falsa
709 1904 884 1960 sciens
925 1902 1242 1971 iurationem
1318 1897 1624 1969 interponit.
1678 1896 1753 1950 Da
1806 1892 1969 1948 alium

384 1998 477 2069 qui
505 1998 606 2053 scit
623 1995 815 2053 falsum
840 2010 979 2061 esse,
1006 2004 1061 2050 et
1084 1993 1211 2049 dicit
1230 2006 1416 2047 verum
1435 2002 1583 2050 esse;
1608 1997 1662 2042 et
1679 1986 1823 2057 iurat
1852 1993 1971 2041 tau-

385 2104 545 2161 quam
565 2102 746 2145 verum
769 2087 857 2152 sit,
890 2084 1031 2155 quod
1061 2084 1161 2141 scit
1187 2082 1377 2138 falsum
1407 2096 1545 2138 esse.
1570 2077 1776 2134 Videtis
1807 2090 1970 2146 quam

383 2180 481 2237 ista
506 2178 818 2235 detestanda
843 2180 912 2237 sit
937 2177 1132 2243 bellua,
1165 2183 1219 2232 et
1244 2174 1311 2230 de
1334 2174 1492 2230 rebus
1521 2172 1770 2233 humanis
1796 2179 1966 2225 exter-

382 2270 672 2327 minanda?
693 2270 823 2337 Quis
852 2270 993 2324 enim
1019 2268 1122 2324 hoc
1162 2266 1275 2323 fieri
1297 2265 1456 2322 velit?
1488 2265 1686 2319 Omnes
1722 2261 1968 2316 homines

380 2364 507 2420 talia
535 2363 891 2419 deteStantur.
935 2362 1041 2417 Fac
1088 2361 1272 2428 alium,
1303 2366 1454 2430 putat
1494 2357 1681 2412 falsum
1737 2369 1876 2421 esse,
1914 2360 1969 2409 et

378 2455 520 2527 iuret
542 2465 790 2527 tanquam
820 2471 1003 2511 verum
1038 2455 1126 2522 sit,
1150 2461 1205 2509 et
1243 2452 1382 2510 forte
1424 2466 1612 2507 verum
1661 2458 1761 2505 est.
1804 2447 1968 2503 Verbi

378 2548 566 2619 gratia,
596 2555 656 2602 ut
696 2547 1021 2617 intelligatis,
1054 2547 1195 2602 Pluit
1242 2546 1295 2601 in
1344 2545 1434 2601 illo
1480 2542 1634 2597 loco?
1674 2542 1966 2610 interrogas

380 2637 687 2706 Iwminem;
717 2650 770 2696 et
782 2648 933 2709 putat
952 2626 1063 2695 non.
1081 2639 1303 2709 pluisse,
1333 2646 1386 2693 et
1409 2636 1475 2692 ad
1497 2636 1767 2707 negotium
1799 2633 1965 2703 ipsius

378 2734 650 2804 sonipetit,
686 2742 744 2789 ut
774 2733 934 2799 dicat,
967 2732 1140 2787 Pluit:
1166 2731 1259 2787 sed
1289 2737 1438 2802 putat
1480 2745 1587 2785 non
1618 2728 1850 2801 pluisse;
1879 2726 1963 2781 di-

377 2825 515 2885 citur
536 2808 604 2892 ei;
636 2824 773 2880 Vere
811 2825 985 2895 pluit?
1026 2823 1185 2890 Vere,
1220 2833 1274 2878 et
1304 2822 1451 2893 iurat
1482 2827 1573 2877 :et
1617 2831 1793 2875 tamen
1834 2817 1965 2888 pluit

376 2915 471 2981 ibi,
502 2916 595 2977 sed
618 2916 708 2971 ille
734 2916 925 2983 nescit,
951 2924 1005 2972 et
1025 2924 1174 2985 putat
1193 2930 1297 2970 non
1329 2915 1561 2986 pluisse;
1583 2913 1830 2985 periurus
1856 2920 1956 2968 est.

376 3002 602 3069 Interest
626 3007 1072 3078 quemadmodum
1098 3007 1321 3063 verbum
1369 3006 1627 3077 procedat
1666 3022 1731 3062 ex
1759 3005 1959 3061 animo.

376 3097 543 3155 Rt‘am
575 3100 805 3169 linguam
826 3115 931 3155 non
954 3098 1096 3167 facit,
1126 3100 1229 3155 nisi
1262 3114 1413 3155 meus
1460 3114 1571 3155 rea.
1599 3098 1730 3169 Quis
1758 3106 1840 3154 est
1863 3113 1961 3154 au-

374 3197 484 3253 tem
527 3192 619 3260 qui
671 3208 777 3247 non
830 3190 1063 3259 fallatur,
1113 3193 1211 3247 etsi
1254 3191 1425 3246 noluit
1467 3190 1687 3246 fallere?
1726 3190 1856 3261 Quis
1880 3197 1962 3247 est

375 3279 537 3349 homo
556 3284 640 3338 cui
661 3299 767 3339 non
793 3283 1046 3353 subrepat
1073 3282 1316 3339 fallacia?
1347 3284 1414 3337 Et
1439 3292 1616 3343 tamen
1663 3282 1860 3353 iuratio
1893 3281 1959 3337 ab

373 3388 469 3432 ore
496 3391 602 3432 non
629 3376 871 3443 discedit,
900 3375 1301 3446 frequentatur:
1335 3375 1482 3446 plura
1506 3383 1629 3429 sunt
1645 3374 1959 3444 plerumque

369 3468 689 3538 iuramenta,
713 3485 872 3540 quam
890 3471 1068 3524 verba.
1092 3470 1147 3525 Si
1176 3469 1425 3524 discutiat
1454 3468 1615 3523 homo
1636 3467 1843 3537 quoties
1867 3467 1956 3537 iu-

369 3572 458 3620 ret
487 3578 581 3632 per
604 3571 771 3617 totum
799 3563 963 3630 diem,
999 3562 1204 3631 quoties
1231 3576 1289 3616 se
1318 3561 1582 3623 vulneret,
1608 3560 1816 3630 quoties
1839 3559 1955 3630 gla-

368 3655 463 3710 dio
492 3656 686 3723 lingu-ae
714 3670 772 3709 se
800 3654 953 3709 feriat
976 3656 1336 3725 ettranstigat,
1357 3656 1473 3725 quis
1498 3656 1554 3709 in
1576 3656 1664 3710 illo
1695 3655 1845 3711 locus
1870 3654 1955 3709 in-

370 3744 589 3801 venitur
608 3744 960 3813 sanusiQuia
986 3761 1113 3816 ergo
1158 3761 1320 3816 grave
1363 3755 1639 3812 peccatum
1690 3755 1773 3803 est
1807 3747 1955 3817 peie-

366 3848 510 3903 rare,
538 3836 910 3905 compendium
942 3837 1035 3893 tibi
1075 3837 1222 3893 dedit
1260 3838 1557 3908 Scriptura,
1590 3837 1707 3893 Noli
1751 3838 1951 3908 iurare.

440 3928 666 3984 CAPUT
702 3929 950 3987 [IL—5.
998 3928 1295 3986 Periculum
1333 3931 1543 4002 periurii
1585 3932 1638 3985 in
1672 3932 1951 4002 juratione.

369 4019 510 4089 Quid
536 4020 628 4075 tibi
650 4020 891 4079 dicturus
918 4037 1035 4077 sum
1067 4023 1256 4077 homo!
1292 4022 1487 4077 Verum
1514 4022 1670 4093 jura?
1695 4023 1831 4080 Ecce
1858 4039 1951 4079 vc-

368 4126 489 4173 rum
522 4113 668 4184 jura,
705 4130 807 4171 non
848 4129 1038 4184 peccas
1066 4131 1081 4169 :
1108 4116 1153 4170 si
1183 4129 1365 4171 verum
1403 4114 1711 4185 iuras,non
1742 4131 1949 4185 peccas.

368 4205 477 4265 Sed
501 4206 662 4264 homo
690 4207 829 4263 inter
859 4207 1176 4265 tentationes
1203 4208 1405 4277 positus
1423 4250 1438 4275 ,
1470 4223 1631 4264 carne
1664 4209 1949 4279 involutus,

366 4300 585 4357 calcans
612 4310 808 4358 terram
837 4302 935 4359 sub
963 4310 1121 4369 terra,
1144 4302 1271 4358 dum
1303 4317 1498 4372 corpus
1531 4303 1673 4373 quod
1707 4320 1946 4360 corrum~

368 4397 513 4466 pitur
541 4406 792 4467 aggravet
818 4399 1071 4466 animam,
1099 4408 1155 4454 et
1174 4399 1424 4470 deprimit
1453 4409 1662 4457 terrena
1693 4402 1951 4458 inhabita—

368 4485 443 4547 tio
468 4502 684 4545 sensum
712 4489 875 4543 multa
901 4489 1223 4560 cogitantem
1253 4490 1406 4562 (Sep.
1430 4506 1503 4556 ix,
1536 4491 1623 4561 15)
1645 4509 1659 4558 ;
1684 4494 1823 4549 inter
1850 4495 1949 4550 ista

367 4579 536 4635 multa
562 4587 649 4639 tua
680 4580 906 4650 cogitata
937 4582 1171 4648 incerta,
1204 4583 1451 4649 volatica,
1481 4584 1821 4653 coniecturas
1844 4586 1945 4640 bu-

366 4684 583 4740 manas,
620 4672 853 4741 fallacias
892 4673 1170 4742 humanas,
1192 4675 1405 4745 quando
1439 4690 1545 4731 non
1581 4676 1821 4746 subrepit
1856 4678 1949 4734 tibi

366 4764 510 4833 quod
531 4764 721 4820 falsum
747 4777 851 4835 est,
879 4767 1052 4836 posito
1078 4768 1129 4822 in
1156 4769 1373 4839 regione
1397 4769 1681 4830 falsitatis?
1711 4772 1800 4828 Vis
1819 4788 1948 4843 ergo

306 4848 310 4854 “
368 4856 527 4927 longe
556 4873 676 4915 esse
704 4874 734 4913 a
764 4859 1034 4930 periurio?
1062 4860 1250 4916 Jurare
1296 4862 1423 4917 noli.
1452 4863 1552 4930 Qui
1588 4864 1731 4920 enim
1765 4866 1944 4934 jurat,

364 4950 648 5021 aliquando
674 4968 859 5008 verum
882 4954 1064 5023 iurare
1090 4962 1300 5025 potest;
1327 4956 1416 5026 qui
1445 4965 1621 5011 autem
1652 4973 1755 5013 non
1778 4958 1942 5026 iurat,

365 5042 700 5097 mendacium
718 5044 901 5113 iurare
926 5058 1196 5115 nunquam
1222 5055 1416 5116 potest.
1445 5046 1596 5103 Juret
1623 5063 1751 5117 ergo
1773 5049 1942 5117 Deus,

361 5134 453 5205 qui
477 5135 620 5205 iurat
648 5150 889 5207 securus,
921 5152 1076 5207 quem
1104 5138 1236 5193 nihil
1266 5137 1415 5204 fallit,
1446 5155 1604 5209 quem
1635 5141 1769 5195 nihil
1794 5142 1941 5209 latet,

365 5226 452 5295 qui
477 5228 696 5282 omnino
723 5228 905 5285 fallere
934 5228 1159 5300 ignorat,
1184 5231 1306 5301 quia
1332 5246 1431 5285 nec
1455 5230 1567 5285 falli
1590 5240 1784 5302 potest.
1812 5234 1942 5289 Cum

362 5323 505 5376 enim
534 5322 715 5393 iurat,
757 5338 815 5379 se
854 5322 1070 5379 adhibet
1097 5332 1309 5380 testem.
1336 5325 1616 5393 Quomodo
1638 5334 1692 5380 tu
1718 5341 1838 5381 cum
1858 5328 1943 5397 iu-

360 5427 467 5475 ras,
500 5415 665 5469 Deum
693 5416 916 5472 adhibes
937 5425 1161 5483 testem;
1189 5418 1267 5474 sic
1290 5418 1405 5488 ipse
1423 5434 1545 5474 cum
1564 5419 1711 5489 jurat
1729 5462 1744 5487 ,
1773 5436 1831 5475 se
1860 5428 1942 5475 te-

361 5515 496 5561 stem
526 5506 761 5563 adhibet.
786 5509 866 5564 Tu
895 5509 1107 5579 quando
1133 5510 1280 5565 illum
1311 5509 1532 5566 adhibes
1562 5519 1774 5580 testem,
1807 5513 1941 5569 forte

424 5644 436 5674 ι
465 5643 612 5705 Lugd.
639 5653 691 5715 et
731 5653 850 5715 ven.
876 5659 889 5698 :
914 5655 1014 5697 Non
1034 5652 1104 5715 est
1125 5660 1240 5715 ergo
1262 5654 1509 5714 peccatum
1517 5648 1721 5715 jurare,
1737 5652 1823 5704 sed
1846 5651 1940 5715 du-

714 5709 865 5818 betiam
885 5715 960 5761 Er.
985 5710 1070 5777 qui
1093 5709 1388 5776 tanien'post
1407 5709 1595 5777 vocem,
1613 5709 1805 5781 durem,
1825 5714 1937 5782 adit-

424 5801 439 5830 ,
647 5807 656 5816 .
755 5806 766 5820 .

1747 304 1976 367 SERMO
2014 305 2273 369 CLXXX.

3571 337 3676 396 974

2090 439 2250 496 supra
2292 422 2623 487 mendacium
2667 437 2856 505 tuum,
2900 433 3098 511 accipis
3136 438 3190 497 ln
3230 456 3425 500 vanum
3473 464 3669 505 nomen

2087 515 2298 573 Domini
2331 519 2422 575 Dei
2453 524 2526 579 tui
2552 525 2749 596 (Exod.
2791 546 2894 597 xx,
2922 531 3000 603 7).
3046 532 3124 590 Ne
3161 551 3289 606 ergo
3331 539 3667 599 mendacium

2081 606 2253 678 jures,
2287 611 2394 665 noli
2418 612 2617 683 jurare.
2657 616 2774 690 Ipsa
2804 630 2886 676 cst
2917 624 3177 694 angustia.
3209 627 3504 700 Periurium
3531 647 3669 703 prm-

2085 700 2345 798 cipiti_um.
2371 704 2468 771 Qui
2500 707 2673 778 iurat,
2704 711 2847 781 iuxta
2873 724 2991 770 est:
3019 716 3111 788 qui
3151 734 3255 774 non
3293 721 3469 793 jurat,
3511 700 3669 798 longe

2084 800 2186 891 est.
2219 793 2410 850 Peccat
2438 806 2495 851 et
2523 802 2753 870 graviter
2779 806 2865 875 qui
2896 806 3084 863 falsum
3120 811 3263 881 iurat
3290 832 3304 869 :
3333 831 3438 872 non
3485 793 3669 891 peccat

2084 881 2174 975 qui
2199 899 2380 941 verum
2398 886 2540 958 jurat
2566 907 2577 943 :
2603 893 2697 947 sed
2724 910 2823 951 nec
2848 897 2935 953 ille
2964 909 3164 970 peccat,
3197 905 3286 975 qui
3316 881 3533 965 omniiio
3560 928 3667 969 non

2080 973 2241 1044 jurat.
2261 977 2365 1033 Sed
2388 981 2476 1050 qui
2501 999 2605 1037 non
2624 985 2785 1054 iurat,
2801 998 2977 1045 etnon
3003 973 3378 1072 peccat,longe
3401 1012 3480 1058 est
3500 1019 3527 1057 a
3553 1020 3666 1075 pec-

2083 1077 2240 1123 cato:
2267 1073 2356 1141 qui
2383 1081 2560 1129 autem
2586 1092 2769 1133 verum
2795 1080 2935 1151 jurat
2955 1125 2971 1150 ,
3001 1102 3103 1141 non
3136 1101 3317 1158 peccat
3340 1134 3353 1158 ,
3379 1096 3470 1148 sed
3502 1073 3668 1169 prope

2083 1170 2165 1215 est
2193 1162 2257 1216 ad
2286 1175 2577 1233 peccatum.
2603 1167 2707 1224 Fac
2759 1179 2810 1227 te
2833 1175 3102 1233 ambulare
3133 1180 3184 1235 in
3211 1182 3386 1255 aliquo
3413 1162 3551 1257 luco,
3579 1162 3668 1244 ubi

2080 1264 2112 1305 a
2130 1265 2277 1323 parte
2292 1254 2507 1313 dextera
2527 1262 2757 1331 spatiosa
2781 1265 2847 1320 sit
2867 1274 3025 1338 terra,
3043 1286 3141 1328 nec
3156 1254 3377 1347 usquam
3395 1254 3667 1352 angustias

2081 1346 2334 1415 patiaris;
2358 1365 2386 1404 a
2410 1350 2620 1407 sinistra
2642 1371 2876 1427 praeceps
2898 1359 3045 1417 locus
3066 1374 3164 1419 est.
3187 1346 3284 1421 Ubi
3306 1346 3667 1441 eligisambu-

2079 1436 2233 1531 lare?
2271 1440 2442 1511 Super
2484 1444 2642 1501 finem
2685 1456 2840 1505 terrae
2869 1452 2921 1506 in
2947 1452 3084 1511 labio
3113 1436 3414 1531 praecipitii,
3447 1481 3512 1519 an
3540 1467 3666 1524 inde

2078 1528 2273 1623 longe?
2298 1533 2434 1590 Puto
2459 1538 2578 1607 quia
2611 1540 2732 1595 inde
2762 1541 2936 1613 longe.
2966 1542 3055 1601 Sic
3080 1556 3134 1603 et
3156 1552 3246 1623 qui
3273 1528 3435 1621 iurat,
3462 1556 3515 1610 in
3556 1559 3664 1615 line

2078 1622 2344 1713 ambulat;
2378 1636 2431 1682 et
2458 1630 2696 1686 ambulat
2721 1633 2941 1703 pedibus
2969 1622 3213 1709 infirmis,
3243 1644 3362 1713 quia
3390 1645 3660 1704 humanis.

2076 1712 2133 1770 Si
2162 1715 2446 1773 offenderis
2468 1761 2480 1785 ,
2516 1722 2767 1779 deorsum
2798 1726 2869 1791 is;
2904 1728 2945 1782 si
2978 1729 3155 1799 lapsus
3199 1712 3383 1804 fueris,
3412 1736 3663 1795 deorsum

2076 1803 2142 1861 is.
2177 1807 2243 1862 Et
2289 1810 2413 1879 quid
2443 1823 2493 1866 te
2520 1814 2752 1885 excipit?
2789 1816 3012 1889 Periurii
3054 1837 3229 1893 pmna.
3268 1826 3409 1898 Ergo
3446 1829 3663 1889 volebas

2075 1900 2477 1970 verumjurare:
2502 1905 2625 1960 audi
2657 1909 2933 1964 consilium
2966 1913 3079 1980 Dei,
3101 1915 3217 1970 Noli
3240 1919 3442 1987 jurare.

2144 1992 2371 2088 DAPDT
2413 1995 2500 2051 IV.
2521 2028 2590 2037 -—-
2609 1998 2661 2054 4.
2701 2000 2881 2057 Verum
2906 2006 3085 2077 jurare
3109 2010 3187 2079 [as
3213 2020 3317 2079 est;
3343 2032 3442 2069 non
3459 2018 3660 2088 jurare,

2075 2082 2249 2182 tutius.
2282 2084 2334 2139 Si
2361 2098 2632 2155 peccatum
2668 2101 2809 2147 esset
2835 2094 3031 2164 iuratio
3055 2140 3069 2164 ,
3104 2116 3199 2156 nec
3236 2103 3287 2158 in
3321 2082 3487 2162 veteri
3519 2082 3662 2182 Lege

2074 2170 2362 2242 diceretur,
2389 2176 2508 2233 Non
2532 2183 2840 2253 perjurabis;
2866 2189 3043 2243 reddes
3067 2203 3235 2248 autem
3252 2195 3468 2253 Domino
3485 2170 3661 2273 jusj‘u-

2073 2267 2291 2320 randum
2332 2276 2471 2322 tuum
2516 2269 2699 2344 (Levii.
2735 2293 2851 2343 δικ,
2887 2278 2995 2353 1⁸2).
3032 2282 3145 2340 Non
3191 2288 3332 2342 enim
3384 2267 3659 2359 peccatum

2073 2357 2452 2428 prmciperetur
2493 2365 2665 2419 nobis.
2700 2367 2807 2423 Sed
2836 2371 2907 2424 ait
2938 2372 3031 2427 tibi
3070 2375 3208 2432 Deus
3249 2357 3396 2449 tuus,
3428 2383 3481 2439 Si
3506 2386 3657 2454 jura-

2072 2449 2232 2516 veris,
2268 2467 2371 2506 non
2394 2452 2660 2513 damnabo
2685 2478 2698 2515 :
2724 2462 2768 2517 si
2791 2478 2976 2519 verum
3002 2466 3288 2540 iuraveris,
3314 2489 3419 2531 non
3446 2449 3655 2539 damna

2070 2538 2158 2594 bo.
2207 2541 2311 2597 Sed
2356 2549 2611 2616 numquid
2657 2551 2701 2605 si
2750 2570 2852 2608 non
2900 2555 3160 2625 iuraveris
3206 2538 3511 2623 damnabo?
3539 2572 3652 2629 Duo

2070 2640 2227 2732 sunt,
2273 2633 2472 2706 inquit,
2503 2656 2620 2708 qmc
2647 2658 2754 2698 non
2781 2645 2977 2704 damno
3007 2666 3270 2723 unquam;
3300 2674 3480 2717 veram
3502 2663 3654 2732 iura-

2072 2724 2291 2789 tionem,
2316 2739 2369 2792 ει
2397 2731 2592 2787 nullam
2630 2735 2955 2805 iurationem
2987 2761 2998 2796 :
3030 2744 3224 2803 damno
3253 2760 3429 2809 autem
3469 2724 3655 2814 falsam

2066 2814 2406 2887 iurationem.
2449 2822 2603 2879 Falsa
2630 2826 2828 2896 juratio
2855 2833 3076 2889 exitiosa
3127 2848 3246 2905 εει,
3291 2858 3415 2900 vera
3457 2846 3656 2917 iuratio

2068 2908 2363 2976 periculosa
2395 2921 2495 2981 est,
2520 2916 2661 2970 nulla
2687 2917 2884 2988 iuratio
2911 2940 3097 2979 secura
3114 2934 3224 2986 est.
3250 2931 3371 2988 Scio
3402 2908 3520 2992 esse
3550 2938 3654 2995 dit;

2068 2996 2263 3101 licilem
2278 3004 2648 3074 quaestionem,
2668 3019 2720 3063 et
2742 3010 2999 3070 Charitati
3021 3027 3212 3075 vestra}
3233 3023 3420 3093 fateor,
3444 3043 3658 3101 semper

2067 3088 2209 3151 illam
2254 3094 2431 3149 vitavi.
2466 3096 2616 3154 Nunc
2658 3111 2833 3158 autem
2879 3121 3001 3161 cum
3044 3108 3131 3165 die
3169 3112 3439 3174 dominico
3476 3088 3656 3179 debito

2065 3183 2325 3240 reddendi
2353 3192 2618 3247 sermonis
2646 3195 2960 3253 recitaretur
2987 3200 3171 3257 eadem
3196 3205 3373 3275 lectio,
3404 3209 3656 3271 divinitus

2065 3277 2195 3332 mihi
2245 3278 2560 3351 inspiratum
2588 3286 2750 3343 ‘esse
2781 3291 3019 3360 credidi,
3071 3308 3127 3350 ut
3176 3298 3300 3355 inde
3347 3311 3649 3362 tractarem.

2066 3369 2199 3426 Hinc
2222 3388 2307 3429 me
2330 3374 2509 3432 dicere
2534 3379 2674 3434 Deus
2697 3383 2861 3438 voluit
2886 3403 2897 3437 :
2923 3385 3047 3443 hinc
3072 3404 3166 3447 vos
3189 3393 3392 3451 audire.
3416 3398 3652 3459 Obsecro

2064 3477 2132 3517 ne
2175 3470 2559 3535 contemnatis,
2590 3471 2812 3528 obsecro
2862 3484 2919 3531 ut
2960 3493 3053 3534 cor
3095 3482 3394 3554 stabiliatis,
3454 3489 3649 3563 lingua:

2062 3556 2388 3614 mobilitatcs
2433 3564 2668 3619 mutetis.
2717 3566 2833 3622 Non
2881 3567 3076 3627 frustra
3121 3582 3203 3631 est
3250 3556 3648 3652 omniumnon

2062 3658 2214 3704 vacat
2257 3652 2399 3720 quod
2446 3668 2565 3709 cum
2615 3672 2730 3715 eam
2757 3701 2771 3726 ,
2800 3669 2856 3717 ut
2881 3662 3020 3733 dixi,
3049 3670 3392 3737 quaestionem
3435 3690 3650 3749 semper

2061 3740 2297 3800 devitarc
2338 3747 2613 3816 voluerim,
2641 3754 2884 3824 imposita
2932 3768 3013 3815 est
3057 3764 3361 3820 necessitati
3408 3740 3570 3837 meae,
3594 3782 3649 3827 ut

2061 3836 2367 3908 imponatur
2393 3851 2446 3898 et
2471 3843 2725 3902 Charitati
2748 3857 2960 3904 vestrm.
3168 3892 3173 3897 η

2129 3928 2356 3988 CAPUT
2387 3933 2611 3992 V.—5.
2666 3936 2870 3995 Juratio
2916 3942 2977 3996 ab
3015 3943 3257 4016 Apostolo
3298 3949 3543 4008 adhibita.
3581 3953 3649 4011 Ut

2057 4226 2147 4281 per
2163 4222 2374 4268 vestram
2393 4216 2629 4285 gloriam,
2659 4223 2858 4290 fratres,
2888 4240 3037 4292 quam
3058 4226 3213 4303 habeo
3232 4230 3283 4284 in
3305 4231 3502 4289 Christo
3517 4236 3641 4293 Jcsa

2057 4300 2277 4359 Domino
2298 4315 2466 4361 nostra
2494 4308 2534 4379 (Ι
2552 4310 2667 4365 Cor.
2692 4328 2783 4379 xv,
2800 4313 2912 4386 5i).
2936 4315 3035 4370 Per
3063 4300 3274 4376 vestram
3299 4325 3531 4395 gloriam,
3551 4330 3641 4399 ju-

2056 4398 2193 4461 ratio
2216 4405 2317 4453 est.
2333 4398 2447 4455 Non
2462 4403 2608 4471 quasi
2628 4404 2703 4458 sic
2721 4406 2820 4469 ait,
2845 4407 2945 4463 Per
2964 4420 3176 4467 vestram
3195 4415 3409 4485 gloriam
3430 4398 3636 4488 morior,

2054 4490 2205 4558 quasi
2251 4501 2423 4547 vestra
2469 4495 2633 4565 gloria
2665 4514 2750 4557 me
2777 4500 2898 4555 facit
2924 4506 3092 4571 mori;
3128 4511 3395 4577 quomodo
3421 4513 3463 4566 si
3491 4513 3639 4569 diec-

2054 4590 2156 4647 ret,
2186 4582 2288 4641 Per
2321 4601 2585 4645 venenum
2618 4601 2855 4649 mortuus
2880 4607 2979 4663 est,
3008 4615 3102 4668 per
3124 4601 3353 4670 gladium
3397 4616 3640 4663 mortuus

2058 4682 2144 4731 est
2169 4716 2184 4741 ,
2234 4691 2330 4744 per
2370 4678 2591 4737 bestiam
2640 4694 2880 4741 mortuus
2910 4698 3029 4755 est,
3074 4707 3171 4761 per
3200 4696 3467 4752 inimicum
3494 4716 3639 4755 mor-

2054 4771 2175 4859 tuus
2195 4776 2309 4834 est;
2337 4768 2390 4827 id
2415 4780 2515 4835 est,
2548 4772 2776 4833 faciente
2797 4778 3011 4837 inimico
3030 4825 3043 4848 ,
3077 4783 3302 4842 faciente
3326 4789 3536 4859 gladio;
3556 4794 3637 4847 fa-

2052 4856 2230 4915 ciente
2260 4875 2488 4929 veneno,
2520 4872 2573 4919 et
2600 4866 2791 4923 similia
2819 4887 2832 4922 :
2857 4887 2961 4927 non
2988 4876 3064 4929 sic
3091 4875 3262 4943 dixit,
3296 4856 3397 4935 Pei-
3420 4856 3637 4939 vestram

2051 4948 2286 5018 gloriam.
2314 4952 2723 5023 Ambiguitatcm
2768 4976 2971 5031 graecus
3013 4981 3193 5023 sermo
3238 4970 3495 5028 dissolvit.
3548 4975 3634 5029 ln-

2050 5040 2274 5108 Spicitur
2316 5042 2369 5097 in
2417 5044 2651 5114 Epistola
2698 5066 2887 5117 graeca,
2915 5063 2967 5109 et
3012 5056 3276 5114 invenitur
3324 5062 3393 5116 ibi
3443 5064 3636 5134 juratio

2051 5147 2170 5201 quae
2198 5148 2304 5191 non
2331 5144 2414 5191 est
2437 5137 2797 5210 ambiguama
2824 5158 2909 5206 τὴν
2928 5152 3152 5220 ὑμετέραν
3180 5138 3429 5222 “simu.
3452 5165 3530 5219 Νη
3558 5170 3637 5215 τὸν

2048 5231 2181 5292 Θεὸν,
2214 5227 2302 5282 ubi
2332 5228 2525 5285 dixerit
2547 5248 2771 5301 grtecus,
2798 5238 2959 5305 iurat.
2986 5239 3232 5307 Quotidie
3257 5248 3452 5304 auditis
3481 5250 3631 5307 Grie-

2048 5332 2160 5384 eos,
2192 5326 2249 5375 et
2289 5322 2379 5392 qui
2415 5339 2587 5394 graece
2622 5329 2813 5396 nostis,
2844 5338 2924 5393 Νὴ
2951 5344 3027 5389 τὸν
3052 5342 3166 5391 Θεὸν
3194 5353 3206 5391 z
3240 5342 3451 5409 quando
3478 5343 3627 5407 dicit,

2048 5418 2128 5473 Νὴ
2154 5420 2231 5467 τὸν
2253 5421 2387 5481 Θεὸν,
2414 5414 2610 5484 juratio
2639 5428 2737 5484 est,
2772 5420 2876 5476 Per
2906 5423 3074 5481 Deum
3106 5432 3147 5481 ³.
3181 5430 3320 5502 Ergo
3346 5450 3505 5490 nemo
3528 5437 3629 5491 dn-

2047 5504 2413 5601 bitet-jurasse
2439 5509 2773 5579 Apostolum,
2806 5530 2927 5572 cum
2956 5518 3115 5589 dixit,
3150 5522 3253 5578 Per
3276 5536 3491 5585 vestram
3519 5531 3629 5601 ρέος

2109 5596 2126 5664 ξ
2152 5593 2341 5664 aliquot
2361 5605 2488 5664 mss,
2504 5597 2806 5664 ﬁrmemus».

2108 5658 2985 5745 Ἢέὲἓίὶκῖοπέέίέῑέιρὲφιίίέίθ
3015 5672 3194 5745 deditis
3218 5685 3415 5745 ,σνωροε
3436 5714 3452 5742 ν
3477 5688 3524 5745 ei
3544 5695 3628 5745 συί

2329 5723 2582 5809 ἒῗέίίὲεηῧέ
2604 5729 2685 5809 τρῖς
2892 5723 3105 5809 Δριιιιηιέρί
3118 5723 3624 5809 Μῖίιδιτίιῑεδξ

2125 5787 2979 5857 αιεοεειρρτβϐωηοινέιοκπιεὰις
3043 5804 3101 5857 ιι.
