  <div class='ocr_page' id='page_1' title='image "/cluster/home/n/w/nwhite01/storage/ocr_20150623/38/hvd.32044015706294/493.png"; bbox 0 0 3996 6498; ppageno 0'>
   <div class='ocr_carea' id='block_1_1' title="bbox 451 422 556 482">
    <p class='ocr_par' dir='ltr' id='par_1_1' title="bbox 451 422 556 482">
     <span class='ocr_line' id='line_1_1' title="bbox 451 422 556 482; baseline 0 -1"><span class='ocrx_word' id='word_1_1' title='bbox 451 422 556 482; x_wconf 79' lang='lat'><strong><em>975</em></strong></span> 
     </span>
    </p>
   </div>
   <div class='ocr_carea' id='block_1_2' title="bbox 452 530 2040 609">
    <p class='ocr_par' dir='ltr' id='par_1_2' title="bbox 452 530 2040 609">
     <span class='ocr_line' id='line_1_2' title="bbox 452 530 2040 609; baseline -0.006 -16"><span class='ocrx_word' id='word_1_2' title='bbox 452 542 600 604; x_wconf 86' lang='lat' dir='ltr'><strong><em>riam,</em></strong></span> <span class='ocrx_word' id='word_1_3' title='bbox 627 541 829 609; x_wconf 81' lang='lat' dir='ltr'><strong><em>fratres,</em></strong></span> <span class='ocrx_word' id='word_1_4' title='bbox 863 537 941 608; x_wconf 90' lang='lat' dir='ltr'><strong><em>(et</em></strong></span> <span class='ocrx_word' id='word_1_5' title='bbox 969 549 1038 592; x_wconf 90' lang='lat' dir='ltr'><strong><em>ne</em></strong></span> <span class='ocrx_word' id='word_1_6' title='bbox 1061 542 1308 606; x_wconf 88' lang='lat' dir='ltr'><strong><em>putemus</em></strong></span> <span class='ocrx_word' id='word_1_7' title='bbox 1337 547 1460 589; x_wconf 90' lang='lat' dir='ltr'><strong><em>cum</em></strong></span> <span class='ocrx_word' id='word_1_8' title='bbox 1490 546 1587 602; x_wconf 88' lang='lat' dir='ltr'><strong><em>per</em></strong></span> <span class='ocrx_word' id='word_1_9' title='bbox 1615 530 1899 586; x_wconf 84' lang='lat' dir='ltr'><strong>humanam</strong></span> <span class='ocrx_word' id='word_1_10' title='bbox 1926 530 2040 600; x_wconf 82' lang='lat' dir='ltr'><strong><em>glo-</em></strong></span> 
     </span>
    </p>
   </div>
   <div class='ocr_carea' id='block_1_3' title="bbox 453 623 2039 704">
    <p class='ocr_par' dir='ltr' id='par_1_3' title="bbox 453 623 2039 704">
     <span class='ocr_line' id='line_1_3' title="bbox 453 623 2039 704; baseline -0.008 -18"><span class='ocrx_word' id='word_1_11' title='bbox 453 631 588 686; x_wconf 87' lang='lat' dir='ltr'><strong><em>riam</em></strong></span> <span class='ocrx_word' id='word_1_12' title='bbox 635 628 882 704; x_wconf 81' lang='lat' dir='ltr'><strong><em>jurassc)</em></strong></span> <span class='ocrx_word' id='word_1_13' title='bbox 926 646 1076 700; x_wconf 83' lang='lat' dir='ltr'><strong><em>quam</em></strong></span> <span class='ocrx_word' id='word_1_14' title='bbox 1124 628 1279 682; x_wconf 80' lang='lat' dir='ltr'><strong><em>habeo</em></strong></span> <span class='ocrx_word' id='word_1_15' title='bbox 1322 629 1374 680; x_wconf 84' lang='lat' dir='ltr'><strong><em>in</em></strong></span> <span class='ocrx_word' id='word_1_16' title='bbox 1415 626 1612 681; x_wconf 75' lang='lat' dir='ltr'><strong><em>Christo</em></strong></span> <span class='ocrx_word' id='word_1_17' title='bbox 1654 623 1779 678; x_wconf 77' lang='lat' dir='ltr'><strong><em>Iesu</em></strong></span> <span class='ocrx_word' id='word_1_18' title='bbox 1818 623 2039 676; x_wconf 87' lang='lat' dir='ltr'><strong><em>Domino</em></strong></span> 
     </span>
    </p>
   </div>
   <div class='ocr_carea' id='block_1_4' title="bbox 455 719 2036 789">
    <p class='ocr_par' dir='ltr' id='par_1_4' title="bbox 455 719 2036 789">
     <span class='ocr_line' id='line_1_4' title="bbox 455 719 2036 789; baseline -0.006 -13"><span class='ocrx_word' id='word_1_19' title='bbox 455 732 649 776; x_wconf 78' lang='lat' dir='ltr'><strong><em>nostra.</em></strong></span> <span class='ocrx_word' id='word_1_20' title='bbox 680 723 770 776; x_wconf 81' lang='lat' dir='ltr'><strong><em>Est</em></strong></span> <span class='ocrx_word' id='word_1_21' title='bbox 792 722 894 775; x_wconf 89' lang='lat' dir='ltr'><strong><em>alio</em></strong></span> <span class='ocrx_word' id='word_1_22' title='bbox 919 721 1036 775; x_wconf 90' lang='lat' dir='ltr'><strong><em>loco</em></strong></span> <span class='ocrx_word' id='word_1_23' title='bbox 1052 719 1249 789; x_wconf 88' lang='lat' dir='ltr'><strong><em>juratio</em></strong></span> <span class='ocrx_word' id='word_1_24' title='bbox 1267 733 1482 789; x_wconf 85' lang='lat' dir='ltr'><strong><em>prorsus</em></strong></span> <span class='ocrx_word' id='word_1_25' title='bbox 1499 725 1643 772; x_wconf 90' lang='lat' dir='ltr'><strong><em>certa</em></strong></span> <span class='ocrx_word' id='word_1_26' title='bbox 1672 723 1726 772; x_wconf 88' lang='lat' dir='ltr'><strong><em>et</em></strong></span> <span class='ocrx_word' id='word_1_27' title='bbox 1745 728 1995 784; x_wconf 86' lang='lat' dir='ltr'><strong><em>expressa</em></strong></span> <span class='ocrx_word' id='word_1_28' title='bbox 2022 730 2036 765; x_wconf 95' lang='lat'><strong><em>:</em></strong></span> 
     </span>
    </p>
   </div>
   <div class='ocr_carea' id='block_1_5' title="bbox 456 804 2033 883">
    <p class='ocr_par' dir='ltr' id='par_1_5' title="bbox 456 804 2033 883">
     <span class='ocr_line' id='line_1_5' title="bbox 456 804 2033 883; baseline -0.004 -17"><span class='ocrx_word' id='word_1_29' title='bbox 456 811 656 866; x_wconf 79' lang='lat' dir='ltr'><strong><em>Testem</em></strong></span> <span class='ocrx_word' id='word_1_30' title='bbox 698 814 872 867; x_wconf 84' lang='lat' dir='ltr'><strong><em>invoco</em></strong></span> <span class='ocrx_word' id='word_1_31' title='bbox 897 829 1047 883; x_wconf 83' lang='lat' dir='ltr'><strong><em>super</em></strong></span> <span class='ocrx_word' id='word_1_32' title='bbox 1085 828 1306 865; x_wconf 72' lang='lat' dir='ltr'><strong><em>animam</em></strong></span> <span class='ocrx_word' id='word_1_33' title='bbox 1348 827 1529 863; x_wconf 87' lang='lat' dir='ltr'><strong><em>meam.</em></strong></span> <span class='ocrx_word' id='word_1_34' title='bbox 1561 808 1845 880; x_wconf 79' lang='lat' dir='ltr'><strong><em>Apostolus</em></strong></span> <span class='ocrx_word' id='word_1_35' title='bbox 1875 804 2033 871; x_wconf 89' lang='lat' dir='ltr'><strong><em>dicit,</em></strong></span> 
     </span>
    </p>
   </div>
   <div class='ocr_carea' id='block_1_6' title="bbox 455 902 2041 975">
    <p class='ocr_par' dir='ltr' id='par_1_6' title="bbox 455 902 2041 975">
     <span class='ocr_line' id='line_1_6' title="bbox 455 902 2041 975; baseline -0.004 -15"><span class='ocrx_word' id='word_1_36' title='bbox 455 903 656 960; x_wconf 80' lang='lat' dir='ltr'><strong><em>Testem</em></strong></span> <span class='ocrx_word' id='word_1_37' title='bbox 674 904 840 959; x_wconf 88' lang='lat' dir='ltr'><strong><em>Deum</em></strong></span> <span class='ocrx_word' id='word_1_38' title='bbox 866 907 1039 960; x_wconf 83' lang='lat' dir='ltr'><strong><em>inuoco</em></strong></span> <span class='ocrx_word' id='word_1_39' title='bbox 1066 923 1215 975; x_wconf 85' lang='lat' dir='ltr'><strong><em>super</em></strong></span> <span class='ocrx_word' id='word_1_40' title='bbox 1234 905 1453 958; x_wconf 83' lang='lat' dir='ltr'><strong><em>animam</em></strong></span> <span class='ocrx_word' id='word_1_41' title='bbox 1476 920 1657 970; x_wconf 90' lang='lat' dir='ltr'><strong><em>meam,</em></strong></span> <span class='ocrx_word' id='word_1_42' title='bbox 1684 902 1800 970; x_wconf 87' lang='lat' dir='ltr'><strong><em>quia</em></strong></span> <span class='ocrx_word' id='word_1_43' title='bbox 1832 915 2041 971; x_wconf 82' lang='lat' dir='ltr'><strong><em>parcens</em></strong></span> 
     </span>
    </p>
   </div>
   <div class='ocr_carea' id='block_1_7' title="bbox 454 988 2041 1067">
    <p class='ocr_par' dir='ltr' id='par_1_7' title="bbox 454 988 2041 1067">
     <span class='ocr_line' id='line_1_7' title="bbox 454 988 2041 1067; baseline -0.004 -17"><span class='ocrx_word' id='word_1_44' title='bbox 454 997 594 1052; x_wconf 70' lang='lat' dir='ltr'><strong><em>vobis</em></strong></span> <span class='ocrx_word' id='word_1_45' title='bbox 632 997 855 1051; x_wconf 82' lang='lat' dir='ltr'><strong><em>nondum</em></strong></span> <span class='ocrx_word' id='word_1_46' title='bbox 900 998 1009 1050; x_wconf 83' lang='lat' dir='ltr'><strong><em>veni</em></strong></span> <span class='ocrx_word' id='word_1_47' title='bbox 1053 997 1348 1050; x_wconf 74' lang='lat' dir='ltr'><strong><em>Corinthum</em></strong></span> <span class='ocrx_word' id='word_1_48' title='bbox 1379 994 1452 1067; x_wconf 88' lang='lat' dir='ltr'><strong><em>(ll</em></strong></span> <span class='ocrx_word' id='word_1_49' title='bbox 1474 993 1590 1049; x_wconf 87' lang='lat' dir='ltr'><strong><em>Cor.</em></strong></span> <span class='ocrx_word' id='word_1_50' title='bbox 1624 1009 1670 1060; x_wconf 85' lang='grc' dir='ltr'><strong><em>ι,</em></strong></span> <span class='ocrx_word' id='word_1_51' title='bbox 1696 991 1810 1063; x_wconf 73' lang='grc'>25).</span> <span class='ocrx_word' id='word_1_52' title='bbox 1842 991 1908 1044; x_wconf 86' lang='lat' dir='ltr'><strong><em>Et</em></strong></span> <span class='ocrx_word' id='word_1_53' title='bbox 1935 988 2041 1043; x_wconf 90' lang='lat' dir='ltr'><strong><em>alio</em></strong></span> 
     </span>
    </p>
   </div>
   <div class='ocr_carea' id='block_1_8' title="bbox 455 1084 2042 1152">
    <p class='ocr_par' dir='ltr' id='par_1_8' title="bbox 455 1084 2042 1152">
     <span class='ocr_line' id='line_1_8' title="bbox 455 1084 2042 1152; baseline -0.006 -12"><span class='ocrx_word' id='word_1_54' title='bbox 455 1085 578 1142; x_wconf 88' lang='lat' dir='ltr'><strong><em>loco</em></strong></span> <span class='ocrx_word' id='word_1_55' title='bbox 604 1086 669 1141; x_wconf 88' lang='lat' dir='ltr'><strong><em>ad</em></strong></span> <span class='ocrx_word' id='word_1_56' title='bbox 699 1087 946 1142; x_wconf 77' lang='lat' dir='ltr'><strong>Galatas:</strong></span> <span class='ocrx_word' id='word_1_57' title='bbox 972 1086 1096 1152; x_wconf 70' lang='lat' dir='ltr'><strong><em>Quae</em></strong></span> <span class='ocrx_word' id='word_1_58' title='bbox 1123 1096 1288 1139; x_wconf 89' lang='lat' dir='ltr'><strong><em>autem</em></strong></span> <span class='ocrx_word' id='word_1_59' title='bbox 1313 1085 1474 1139; x_wconf 81' lang='lat' dir='ltr'><strong><em>scribo</em></strong></span> <span class='ocrx_word' id='word_1_60' title='bbox 1512 1084 1681 1150; x_wconf 85' lang='lat' dir='ltr'><strong><em>vobis,</em></strong></span> <span class='ocrx_word' id='word_1_61' title='bbox 1723 1097 1833 1136; x_wconf 85' lang='lat' dir='ltr'><strong><em>ecce</em></strong></span> <span class='ocrx_word' id='word_1_62' title='bbox 1873 1094 2042 1134; x_wconf 89' lang='lat' dir='ltr'><strong><em>coram</em></strong></span> 
     </span>
    </p>
   </div>
   <div class='ocr_carea' id='block_1_9' title="bbox 454 1176 1529 1248">
    <p class='ocr_par' dir='ltr' id='par_1_9' title="bbox 454 1176 1529 1248">
     <span class='ocr_line' id='line_1_9' title="bbox 454 1176 1529 1248; baseline -0.002 -18"><span class='ocrx_word' id='word_1_63' title='bbox 454 1177 584 1245; x_wconf 88' lang='lat' dir='ltr'><strong><em>Deo,</em></strong></span> <span class='ocrx_word' id='word_1_64' title='bbox 608 1178 725 1247; x_wconf 85' lang='lat' dir='ltr'><strong><em>quia</em></strong></span> <span class='ocrx_word' id='word_1_65' title='bbox 753 1195 853 1232; x_wconf 86' lang='lat' dir='ltr'><strong><em>non</em></strong></span> <span class='ocrx_word' id='word_1_66' title='bbox 878 1179 1092 1232; x_wconf 78' lang='lat' dir='ltr'><strong><em>utentior</em></strong></span> <span class='ocrx_word' id='word_1_67' title='bbox 1122 1176 1316 1248; x_wconf 82' lang='lat' dir='ltr'><strong><em>(Galat.</em></strong></span> <span class='ocrx_word' id='word_1_68' title='bbox 1343 1192 1379 1243; x_wconf 85' lang='grc' dir='ltr'><strong><em>ι,</em></strong></span> <span class='ocrx_word' id='word_1_69' title='bbox 1413 1177 1529 1242; x_wconf 71' lang='lat'><strong><em>20).</em></strong></span> 
     </span>
    </p>
   </div>
   <div class='ocr_carea' id='block_1_10' title="bbox 526 1263 2038 1338">
    <p class='ocr_par' dir='ltr' id='par_1_10' title="bbox 526 1263 2038 1338">
     <span class='ocr_line' id='line_1_10' title="bbox 526 1263 2038 1338; baseline -0.004 -13"><span class='ocrx_word' id='word_1_70' title='bbox 526 1269 755 1325; x_wconf 84' lang='lat' dir='ltr'><strong><em>CAPUT</em></strong></span> <span class='ocrx_word' id='word_1_71' title='bbox 801 1267 1050 1325; x_wconf 79' lang='lat' dir='ltr'>VL—6.</span> <span class='ocrx_word' id='word_1_72' title='bbox 1102 1268 1243 1322; x_wconf 84' lang='lat' dir='ltr'><strong><em>Varii</em></strong></span> <span class='ocrx_word' id='word_1_73' title='bbox 1291 1268 1427 1322; x_wconf 86' lang='lat' dir='ltr'><strong><em>modi</em></strong></span> <span class='ocrx_word' id='word_1_74' title='bbox 1460 1265 1694 1338; x_wconf 85' lang='lat' dir='ltr'><strong><em>jurandi.</em></strong></span> <span class='ocrx_word' id='word_1_75' title='bbox 1744 1263 2038 1332; x_wconf 87' lang='lat' dir='ltr'><strong><em>Intenditc,</em></strong></span> 
     </span>
    </p>
   </div>
   <div class='ocr_carea' id='block_1_11' title="bbox 456 1356 2041 1432">
    <p class='ocr_par' dir='ltr' id='par_1_11' title="bbox 456 1356 2041 1432">
     <span class='ocr_line' id='line_1_11' title="bbox 456 1356 2041 1432; baseline -0.005 -14"><span class='ocrx_word' id='word_1_76' title='bbox 456 1377 638 1432; x_wconf 78' lang='lat' dir='ltr'><strong><em>quaeso</em></strong></span> <span class='ocrx_word' id='word_1_77' title='bbox 658 1404 672 1428; x_wconf 98' lang='lat'><strong><em>,</em></strong></span> <span class='ocrx_word' id='word_1_78' title='bbox 708 1370 761 1416; x_wconf 89' lang='lat' dir='ltr'><strong><em>et</em></strong></span> <span class='ocrx_word' id='word_1_79' title='bbox 787 1362 1046 1416; x_wconf 81' lang='lat' dir='ltr'><strong><em>advertite</em></strong></span> <span class='ocrx_word' id='word_1_80' title='bbox 1071 1380 1085 1415; x_wconf 95' lang='lat'><strong><em>:</em></strong></span> <span class='ocrx_word' id='word_1_81' title='bbox 1110 1370 1164 1416; x_wconf 90' lang='lat' dir='ltr'><strong><em>et</em></strong></span> <span class='ocrx_word' id='word_1_82' title='bbox 1192 1363 1234 1415; x_wconf 91' lang='lat' dir='ltr'><strong><em>si</em></strong></span> <span class='ocrx_word' id='word_1_83' title='bbox 1262 1376 1369 1415; x_wconf 91' lang='lat' dir='ltr'><strong><em>non</em></strong></span> <span class='ocrx_word' id='word_1_84' title='bbox 1401 1369 1506 1414; x_wconf 89' lang='lat' dir='ltr'><strong><em>tam</em></strong></span> <span class='ocrx_word' id='word_1_85' title='bbox 1535 1356 1830 1428; x_wconf 82' lang='lat' dir='ltr'><strong><em>plausibilis</em></strong></span> <span class='ocrx_word' id='word_1_86' title='bbox 1865 1370 2041 1410; x_wconf 91' lang='lat' dir='ltr'><strong><em>sermo</em></strong></span> 
     </span>
    </p>
   </div>
   <div class='ocr_carea' id='block_1_12' title="bbox 455 1448 2039 1523">
    <p class='ocr_par' dir='ltr' id='par_1_12' title="bbox 455 1448 2039 1523">
     <span class='ocr_line' id='line_1_12' title="bbox 455 1448 2039 1523; baseline -0.006 -14"><span class='ocrx_word' id='word_1_87' title='bbox 455 1455 609 1509; x_wconf 82' lang='lat' dir='ltr'><strong><em>vobis</em></strong></span> <span class='ocrx_word' id='word_1_88' title='bbox 634 1454 736 1519; x_wconf 91' lang='lat' dir='ltr'><strong><em>sit,</em></strong></span> <span class='ocrx_word' id='word_1_89' title='bbox 765 1462 982 1523; x_wconf 72' lang='lat' dir='ltr'><strong><em>promer</em></strong></span> <span class='ocrx_word' id='word_1_90' title='bbox 1017 1453 1288 1523; x_wconf 78' lang='lat' dir='ltr'><strong><em>angustias</em></strong></span> <span class='ocrx_word' id='word_1_91' title='bbox 1311 1451 1656 1522; x_wconf 76' lang='lat' dir='ltr'><strong><em>quaestionis;</em></strong></span> <span class='ocrx_word' id='word_1_92' title='bbox 1688 1448 1832 1503; x_wconf 88' lang='lat' dir='ltr'><strong><em>utilis</em></strong></span> <span class='ocrx_word' id='word_1_93' title='bbox 1861 1455 2039 1501; x_wconf 89' lang='lat' dir='ltr'><strong><em>tamen</em></strong></span> 
     </span>
    </p>
   </div>
   <div class='ocr_carea' id='block_1_13' title="bbox 458 1539 2042 1615">
    <p class='ocr_par' dir='ltr' id='par_1_13' title="bbox 458 1539 2042 1615">
     <span class='ocr_line' id='line_1_13' title="bbox 458 1539 2042 1615; baseline -0.006 -15"><span class='ocrx_word' id='word_1_94' title='bbox 458 1555 542 1601; x_wconf 91' lang='lat' dir='ltr'><strong><em>cst</em></strong></span> <span class='ocrx_word' id='word_1_95' title='bbox 562 1589 577 1613; x_wconf 92' lang='lat'><strong><em>,</em></strong></span> <span class='ocrx_word' id='word_1_96' title='bbox 609 1547 655 1601; x_wconf 90' lang='lat' dir='ltr'><strong><em>si</em></strong></span> <span class='ocrx_word' id='word_1_97' title='bbox 680 1546 746 1600; x_wconf 93' lang='lat' dir='ltr'><strong><em>ad</em></strong></span> <span class='ocrx_word' id='word_1_98' title='bbox 779 1547 983 1600; x_wconf 86' lang='lat' dir='ltr'><strong><em>viscera</em></strong></span> <span class='ocrx_word' id='word_1_99' title='bbox 1010 1553 1184 1600; x_wconf 89' lang='lat' dir='ltr'><strong><em>vestra</em></strong></span> <span class='ocrx_word' id='word_1_100' title='bbox 1214 1543 1503 1615; x_wconf 81' lang='lat' dir='ltr'><strong><em>perveniat.</em></strong></span> <span class='ocrx_word' id='word_1_101' title='bbox 1534 1542 1670 1596; x_wconf 87' lang='lat' dir='ltr'><strong><em>Ecce</em></strong></span> <span class='ocrx_word' id='word_1_102' title='bbox 1691 1539 1888 1610; x_wconf 87' lang='lat' dir='ltr'><strong><em>juravit</em></strong></span> <span class='ocrx_word' id='word_1_103' title='bbox 1907 1539 2042 1607; x_wconf 73' lang='lat' dir='ltr'><strong><em>Apo~</em></strong></span> 
     </span>
    </p>
   </div>
   <div class='ocr_carea' id='block_1_14' title="bbox 458 1630 2042 1706">
    <p class='ocr_par' dir='ltr' id='par_1_14' title="bbox 458 1630 2042 1706">
     <span class='ocr_line' id='line_1_14' title="bbox 458 1630 2042 1706; baseline -0.005 -16"><span class='ocrx_word' id='word_1_104' title='bbox 458 1638 648 1693; x_wconf 86' lang='lat' dir='ltr'><strong><em>stolus.</em></strong></span> <span class='ocrx_word' id='word_1_105' title='bbox 681 1637 794 1691; x_wconf 86' lang='lat' dir='ltr'><strong><em>Non</em></strong></span> <span class='ocrx_word' id='word_1_106' title='bbox 820 1651 916 1691; x_wconf 87' lang='lat' dir='ltr'><strong><em>vos</em></strong></span> <span class='ocrx_word' id='word_1_107' title='bbox 943 1636 1123 1692; x_wconf 89' lang='lat' dir='ltr'><strong><em>fallant</em></strong></span> <span class='ocrx_word' id='word_1_108' title='bbox 1149 1677 1163 1701; x_wconf 95' lang='lat'><strong><em>,</em></strong></span> <span class='ocrx_word' id='word_1_109' title='bbox 1196 1637 1286 1706; x_wconf 89' lang='lat' dir='ltr'><strong><em>qui</em></strong></span> <span class='ocrx_word' id='word_1_110' title='bbox 1315 1638 1495 1690; x_wconf 87' lang='lat' dir='ltr'><strong><em>nescio</em></strong></span> <span class='ocrx_word' id='word_1_111' title='bbox 1515 1631 1779 1704; x_wconf 90' lang='lat' dir='ltr'><strong><em>quomodo</em></strong></span> <span class='ocrx_word' id='word_1_112' title='bbox 1804 1630 2042 1685; x_wconf 89' lang='lat' dir='ltr'><strong><em>volentes</em></strong></span> 
     </span>
    </p>
   </div>
   <div class='ocr_carea' id='block_1_15' title="bbox 460 1723 2037 1797">
    <p class='ocr_par' dir='ltr' id='par_1_15' title="bbox 460 1723 2037 1797">
     <span class='ocr_line' id='line_1_15' title="bbox 460 1723 2037 1797; baseline -0.004 -14"><span class='ocrx_word' id='word_1_113' title='bbox 460 1729 604 1797; x_wconf 88' lang='lat' dir='ltr'><strong><em>ipsas</em></strong></span> <span class='ocrx_word' id='word_1_114' title='bbox 624 1728 919 1797; x_wconf 88' lang='lat' dir='ltr'><strong><em>jurationes</em></strong></span> <span class='ocrx_word' id='word_1_115' title='bbox 938 1728 1265 1794; x_wconf 84' lang='lat' dir='ltr'><strong><em>discernere,</em></strong></span> <span class='ocrx_word' id='word_1_116' title='bbox 1291 1727 1375 1781; x_wconf 91' lang='lat' dir='ltr'><strong><em>vel</em></strong></span> <span class='ocrx_word' id='word_1_117' title='bbox 1399 1727 1574 1796; x_wconf 91' lang='lat' dir='ltr'><strong><em>potius</em></strong></span> <span class='ocrx_word' id='word_1_118' title='bbox 1595 1741 1702 1780; x_wconf 89' lang='lat' dir='ltr'><strong><em>non</em></strong></span> <span class='ocrx_word' id='word_1_119' title='bbox 1724 1723 2037 1792; x_wconf 81' lang='lat' dir='ltr'><strong><em>intelligere,</em></strong></span> 
     </span>
    </p>
   </div>
   <div class='ocr_carea' id='block_1_16' title="bbox 459 1811 2043 1889">
    <p class='ocr_par' dir='ltr' id='par_1_16' title="bbox 459 1811 2043 1889">
     <span class='ocr_line' id='line_1_16' title="bbox 459 1811 2043 1889; baseline -0.004 -16"><span class='ocrx_word' id='word_1_120' title='bbox 459 1818 645 1875; x_wconf 91' lang='lat' dir='ltr'><strong><em>dicunt</em></strong></span> <span class='ocrx_word' id='word_1_121' title='bbox 674 1836 778 1873; x_wconf 91' lang='lat' dir='ltr'><strong><em>non</em></strong></span> <span class='ocrx_word' id='word_1_122' title='bbox 808 1834 926 1874; x_wconf 89' lang='lat' dir='ltr'><strong><em>esse</em></strong></span> <span class='ocrx_word' id='word_1_123' title='bbox 949 1819 1291 1889; x_wconf 87' lang='lat' dir='ltr'><strong><em>jurationem,</em></strong></span> <span class='ocrx_word' id='word_1_124' title='bbox 1321 1817 1531 1887; x_wconf 77' lang='lat' dir='ltr'><strong><em>quando</em></strong></span> <span class='ocrx_word' id='word_1_125' title='bbox 1559 1816 1690 1871; x_wconf 86' lang='lat' dir='ltr'><strong><em>dicit</em></strong></span> <span class='ocrx_word' id='word_1_126' title='bbox 1717 1815 1898 1881; x_wconf 92' lang='lat' dir='ltr'><strong><em>homo,</em></strong></span> <span class='ocrx_word' id='word_1_127' title='bbox 1931 1811 2043 1868; x_wconf 87' lang='lat' dir='ltr'><strong><em>Scit</em></strong></span> 
     </span>
    </p>
   </div>
   <div class='ocr_carea' id='block_1_17' title="bbox 461 1907 2041 1980">
    <p class='ocr_par' dir='ltr' id='par_1_17' title="bbox 461 1907 2041 1980">
     <span class='ocr_line' id='line_1_17' title="bbox 461 1907 2041 1980; baseline -0.003 -14"><span class='ocrx_word' id='word_1_128' title='bbox 461 1911 627 1980; x_wconf 90' lang='lat' dir='ltr'><strong><em>Deus,</em></strong></span> <span class='ocrx_word' id='word_1_129' title='bbox 661 1912 838 1968; x_wconf 85' lang='lat' dir='ltr'><strong><em>Testis</em></strong></span> <span class='ocrx_word' id='word_1_130' title='bbox 869 1921 952 1967; x_wconf 92' lang='lat' dir='ltr'><strong><em>est</em></strong></span> <span class='ocrx_word' id='word_1_131' title='bbox 978 1912 1154 1978; x_wconf 89' lang='lat' dir='ltr'><strong><em>Deus,</em></strong></span> <span class='ocrx_word' id='word_1_132' title='bbox 1179 1911 1369 1966; x_wconf 88' lang='lat' dir='ltr'><strong><em>invoco</em></strong></span> <span class='ocrx_word' id='word_1_133' title='bbox 1398 1911 1566 1966; x_wconf 89' lang='lat' dir='ltr'><strong><em>Deum</em></strong></span> <span class='ocrx_word' id='word_1_134' title='bbox 1606 1925 1764 1979; x_wconf 91' lang='lat' dir='ltr'><strong><em>super</em></strong></span> <span class='ocrx_word' id='word_1_135' title='bbox 1809 1907 2041 1962; x_wconf 89' lang='lat' dir='ltr'><strong><em>animam</em></strong></span> 
     </span>
    </p>
   </div>
   <div class='ocr_carea' id='block_1_18' title="bbox 461 1999 2037 2071">
    <p class='ocr_par' dir='ltr' id='par_1_18' title="bbox 461 1999 2037 2071">
     <span class='ocr_line' id='line_1_18' title="bbox 461 1999 2037 2071; baseline -0.002 -15"><span class='ocrx_word' id='word_1_136' title='bbox 461 2017 637 2057; x_wconf 86' lang='lat' dir='ltr'><strong><em>meam</em></strong></span> <span class='ocrx_word' id='word_1_137' title='bbox 674 2017 857 2057; x_wconf 92' lang='lat' dir='ltr'><strong><em>verum</em></strong></span> <span class='ocrx_word' id='word_1_138' title='bbox 903 2018 989 2058; x_wconf 91' lang='lat' dir='ltr'><strong><em>me</em></strong></span> <span class='ocrx_word' id='word_1_139' title='bbox 1035 2002 1232 2058; x_wconf 88' lang='lat' dir='ltr'><strong><em>dicere.</em></strong></span> <span class='ocrx_word' id='word_1_140' title='bbox 1262 2002 1562 2068; x_wconf 86' lang='lat' dir='ltr'><strong><em>lnvocavit,</em></strong></span> <span class='ocrx_word' id='word_1_141' title='bbox 1596 2001 1798 2071; x_wconf 88' lang='lat' dir='ltr'><strong><em>inquit,</em></strong></span> <span class='ocrx_word' id='word_1_142' title='bbox 1831 1999 2037 2065; x_wconf 92' lang='lat' dir='ltr'><strong><em>Deum,</em></strong></span> 
     </span>
    </p>
   </div>
   <div class='ocr_carea' id='block_1_19' title="bbox 459 2091 2043 2166">
    <p class='ocr_par' dir='ltr' id='par_1_19' title="bbox 459 2091 2043 2166">
     <span class='ocr_line' id='line_1_19' title="bbox 459 2091 2043 2166; baseline -0.001 -18"><span class='ocrx_word' id='word_1_143' title='bbox 459 2101 653 2150; x_wconf 87' lang='lat' dir='ltr'><strong><em>testem</em></strong></span> <span class='ocrx_word' id='word_1_144' title='bbox 692 2093 818 2148; x_wconf 90' lang='lat' dir='ltr'><strong><em>fecit</em></strong></span> <span class='ocrx_word' id='word_1_145' title='bbox 853 2096 1020 2150; x_wconf 93' lang='lat' dir='ltr'><strong><em>Deum</em></strong></span> <span class='ocrx_word' id='word_1_146' title='bbox 1051 2111 1064 2148; x_wconf 95' lang='lat'><strong><em>:</em></strong></span> <span class='ocrx_word' id='word_1_147' title='bbox 1099 2095 1353 2166; x_wconf 90' lang='lat' dir='ltr'><strong><em>numquid</em></strong></span> <span class='ocrx_word' id='word_1_148' title='bbox 1389 2093 1622 2164; x_wconf 83' lang='lat' dir='ltr'><strong><em>juravit?</em></strong></span> <span class='ocrx_word' id='word_1_149' title='bbox 1664 2092 1765 2160; x_wconf 93' lang='lat' dir='ltr'><strong><em>Qui</em></strong></span> <span class='ocrx_word' id='word_1_150' title='bbox 1807 2092 1921 2147; x_wconf 83' lang='lat' dir='ltr'><strong><em>haec</em></strong></span> <span class='ocrx_word' id='word_1_151' title='bbox 1962 2091 2043 2147; x_wconf 88' lang='lat' dir='ltr'><strong><em>di-</em></strong></span> 
     </span>
    </p>
   </div>
   <div class='ocr_carea' id='block_1_20' title="bbox 459 2185 2043 2255">
    <p class='ocr_par' dir='ltr' id='par_1_20' title="bbox 459 2185 2043 2255">
     <span class='ocr_line' id='line_1_20' title="bbox 459 2185 2043 2255; baseline 0.002 -16"><span class='ocrx_word' id='word_1_152' title='bbox 459 2193 608 2249; x_wconf 90' lang='lat' dir='ltr'><strong><em>cunt,</em></strong></span> <span class='ocrx_word' id='word_1_153' title='bbox 641 2185 770 2240; x_wconf 86' lang='lat' dir='ltr'><strong><em>nihil</em></strong></span> <span class='ocrx_word' id='word_1_154' title='bbox 796 2185 940 2240; x_wconf 90' lang='lat' dir='ltr'><strong><em>aliud</em></strong></span> <span class='ocrx_word' id='word_1_155' title='bbox 967 2187 1171 2255; x_wconf 88' lang='lat' dir='ltr'><strong><em>volunt,</em></strong></span> <span class='ocrx_word' id='word_1_156' title='bbox 1203 2187 1304 2241; x_wconf 88' lang='lat' dir='ltr'><strong><em>nisi</em></strong></span> <span class='ocrx_word' id='word_1_157' title='bbox 1329 2187 1574 2242; x_wconf 89' lang='lat' dir='ltr'><strong><em>invocato</em></strong></span> <span class='ocrx_word' id='word_1_158' title='bbox 1604 2185 1714 2241; x_wconf 91' lang='lat' dir='ltr'><strong><em>Deo</em></strong></span> <span class='ocrx_word' id='word_1_159' title='bbox 1739 2192 1874 2240; x_wconf 88' lang='lat' dir='ltr'><strong><em>teste</em></strong></span> <span class='ocrx_word' id='word_1_160' title='bbox 1892 2199 2043 2242; x_wconf 86' lang='lat' dir='ltr'><strong><em>men-</em></strong></span> 
     </span>
    </p>
   </div>
   <div class='ocr_carea' id='block_1_21' title="bbox 457 2274 2044 2346">
    <p class='ocr_par' dir='ltr' id='par_1_21' title="bbox 457 2274 2044 2346">
     <span class='ocr_line' id='line_1_21' title="bbox 457 2274 2044 2346; baseline 0 -17"><span class='ocrx_word' id='word_1_161' title='bbox 457 2275 566 2330; x_wconf 91' lang='lat' dir='ltr'><strong><em>tiri.</em></strong></span> <span class='ocrx_word' id='word_1_162' title='bbox 596 2275 741 2330; x_wconf 87' lang='lat' dir='ltr'><strong><em>Itane</em></strong></span> <span class='ocrx_word' id='word_1_163' title='bbox 767 2291 924 2343; x_wconf 87' lang='lat' dir='ltr'><strong><em>vero,</em></strong></span> <span class='ocrx_word' id='word_1_164' title='bbox 956 2276 1194 2346; x_wconf 87' lang='lat' dir='ltr'><strong><em>quisquis</em></strong></span> <span class='ocrx_word' id='word_1_165' title='bbox 1219 2291 1278 2331; x_wconf 91' lang='lat' dir='ltr'><strong><em>es</em></strong></span> <span class='ocrx_word' id='word_1_166' title='bbox 1307 2276 1452 2346; x_wconf 91' lang='lat' dir='ltr'><strong><em>pravi</em></strong></span> <span class='ocrx_word' id='word_1_167' title='bbox 1481 2275 1691 2343; x_wconf 88' lang='lat' dir='ltr'><strong><em>cordis,</em></strong></span> <span class='ocrx_word' id='word_1_168' title='bbox 1729 2283 1782 2329; x_wconf 91' lang='lat' dir='ltr'><strong><em>et</em></strong></span> <span class='ocrx_word' id='word_1_169' title='bbox 1806 2274 2044 2343; x_wconf 85' lang='lat' dir='ltr'><strong><em>perversi</em></strong></span> 
     </span>
    </p>
   </div>
   <div class='ocr_carea' id='block_1_22' title="bbox 459 2365 2044 2439">
    <p class='ocr_par' dir='ltr' id='par_1_22' title="bbox 459 2365 2044 2439">
     <span class='ocr_line' id='line_1_22' title="bbox 459 2365 2044 2439; baseline -0.001 -17"><span class='ocrx_word' id='word_1_170' title='bbox 459 2367 656 2434; x_wconf 90' lang='lat' dir='ltr'><strong><em>cordis,</em></strong></span> <span class='ocrx_word' id='word_1_171' title='bbox 687 2367 732 2422; x_wconf 91' lang='lat' dir='ltr'><strong><em>si</em></strong></span> <span class='ocrx_word' id='word_1_172' title='bbox 760 2368 925 2434; x_wconf 88' lang='lat' dir='ltr'><strong><em>dicas,</em></strong></span> <span class='ocrx_word' id='word_1_173' title='bbox 954 2368 1058 2424; x_wconf 90' lang='lat' dir='ltr'><strong><em>Per</em></strong></span> <span class='ocrx_word' id='word_1_174' title='bbox 1083 2369 1271 2436; x_wconf 91' lang='lat' dir='ltr'><strong><em>Deum,</em></strong></span> <span class='ocrx_word' id='word_1_175' title='bbox 1294 2368 1470 2439; x_wconf 91' lang='lat' dir='ltr'><strong><em>juras;</em></strong></span> <span class='ocrx_word' id='word_1_176' title='bbox 1493 2367 1539 2422; x_wconf 88' lang='lat' dir='ltr'><strong><em>si</em></strong></span> <span class='ocrx_word' id='word_1_177' title='bbox 1568 2366 1736 2433; x_wconf 88' lang='lat' dir='ltr'><strong><em>dicas,</em></strong></span> <span class='ocrx_word' id='word_1_178' title='bbox 1765 2365 1939 2420; x_wconf 85' lang='lat' dir='ltr'><strong><em>Testis</em></strong></span> <span class='ocrx_word' id='word_1_179' title='bbox 1961 2373 2044 2421; x_wconf 90' lang='lat' dir='ltr'><strong><em>est</em></strong></span> 
     </span>
    </p>
   </div>
   <div class='ocr_carea' id='block_1_23' title="bbox 460 2456 2038 2528">
    <p class='ocr_par' dir='ltr' id='par_1_23' title="bbox 460 2456 2038 2528">
     <span class='ocr_line' id='line_1_23' title="bbox 460 2456 2038 2528; baseline -0.002 -15"><span class='ocrx_word' id='word_1_180' title='bbox 460 2458 627 2524; x_wconf 91' lang='lat' dir='ltr'><strong><em>Deus,</em></strong></span> <span class='ocrx_word' id='word_1_181' title='bbox 659 2475 766 2514; x_wconf 91' lang='lat' dir='ltr'><strong><em>non</em></strong></span> <span class='ocrx_word' id='word_1_182' title='bbox 798 2459 988 2528; x_wconf 83' lang='lat' dir='ltr'><strong><em>juras?</em></strong></span> <span class='ocrx_word' id='word_1_183' title='bbox 1014 2459 1151 2528; x_wconf 86' lang='lat' dir='ltr'><strong><em>Quid</em></strong></span> <span class='ocrx_word' id='word_1_184' title='bbox 1195 2469 1278 2515; x_wconf 91' lang='lat' dir='ltr'><strong><em>est</em></strong></span> <span class='ocrx_word' id='word_1_185' title='bbox 1323 2461 1495 2527; x_wconf 91' lang='lat' dir='ltr'><strong><em>enim,</em></strong></span> <span class='ocrx_word' id='word_1_186' title='bbox 1529 2459 1632 2514; x_wconf 89' lang='lat' dir='ltr'><strong><em>Per</em></strong></span> <span class='ocrx_word' id='word_1_187' title='bbox 1673 2457 1875 2523; x_wconf 90' lang='lat' dir='ltr'><strong><em>Deum;</em></strong></span> <span class='ocrx_word' id='word_1_188' title='bbox 1902 2456 2038 2524; x_wconf 87' lang='lat' dir='ltr'><strong><em>nisi,</em></strong></span> 
     </span>
    </p>
   </div>
   <div class='ocr_carea' id='block_1_24' title="bbox 459 2547 2038 2621">
    <p class='ocr_par' dir='ltr' id='par_1_24' title="bbox 459 2547 2038 2621">
     <span class='ocr_line' id='line_1_24' title="bbox 459 2547 2038 2621; baseline -0.001 -18"><span class='ocrx_word' id='word_1_189' title='bbox 459 2547 636 2604; x_wconf 85' lang='lat' dir='ltr'><strong><em>Testis</em></strong></span> <span class='ocrx_word' id='word_1_190' title='bbox 659 2558 741 2604; x_wconf 89' lang='lat' dir='ltr'><strong><em>est</em></strong></span> <span class='ocrx_word' id='word_1_191' title='bbox 772 2549 946 2606; x_wconf 81' lang='lat' dir='ltr'><strong><em>Deus?</em></strong></span> <span class='ocrx_word' id='word_1_192' title='bbox 969 2551 1074 2607; x_wconf 87' lang='lat' dir='ltr'><strong><em>Aut</em></strong></span> <span class='ocrx_word' id='word_1_193' title='bbox 1100 2550 1228 2621; x_wconf 91' lang='lat' dir='ltr'><strong><em>quid</em></strong></span> <span class='ocrx_word' id='word_1_194' title='bbox 1253 2558 1334 2608; x_wconf 89' lang='lat' dir='ltr'><strong><em>est</em></strong></span> <span class='ocrx_word' id='word_1_195' title='bbox 1353 2592 1367 2619; x_wconf 92' lang='lat'><strong><em>,</em></strong></span> <span class='ocrx_word' id='word_1_196' title='bbox 1399 2549 1574 2606; x_wconf 88' lang='lat' dir='ltr'><strong><em>Testis</em></strong></span> <span class='ocrx_word' id='word_1_197' title='bbox 1602 2557 1686 2605; x_wconf 91' lang='lat' dir='ltr'><strong><em>est</em></strong></span> <span class='ocrx_word' id='word_1_198' title='bbox 1710 2548 1884 2614; x_wconf 90' lang='lat' dir='ltr'><strong><em>Deus;</em></strong></span> <span class='ocrx_word' id='word_1_199' title='bbox 1914 2547 2038 2615; x_wconf 90' lang='lat' dir='ltr'><strong><em>nisi,</em></strong></span> 
     </span>
    </p>
   </div>
   <div class='ocr_carea' id='block_1_25' title="bbox 455 2638 801 2697">
    <p class='ocr_par' dir='ltr' id='par_1_25' title="bbox 455 2638 801 2697">
     <span class='ocr_line' id='line_1_25' title="bbox 455 2638 801 2697; baseline 0 -1"><span class='ocrx_word' id='word_1_200' title='bbox 455 2638 562 2697; x_wconf 87' lang='lat' dir='ltr'><strong><em>Per</em></strong></span> <span class='ocrx_word' id='word_1_201' title='bbox 591 2642 801 2697; x_wconf 82' lang='lat' dir='ltr'><strong><em>Deum?</em></strong></span> 
     </span>
    </p>
   </div>
   <div class='ocr_carea' id='block_1_26' title="bbox 531 2731 2044 2804">
    <p class='ocr_par' dir='ltr' id='par_1_26' title="bbox 531 2731 2044 2804">
     <span class='ocr_line' id='line_1_26' title="bbox 531 2731 2044 2804; baseline 0.003 -20"><span class='ocrx_word' id='word_1_202' title='bbox 531 2731 584 2785; x_wconf 89' lang='lat'><strong><em>7.</em></strong></span> <span class='ocrx_word' id='word_1_203' title='bbox 623 2731 813 2787; x_wconf 83' lang='lat' dir='ltr'><strong><em>Jurare</em></strong></span> <span class='ocrx_word' id='word_1_204' title='bbox 840 2733 963 2804; x_wconf 87' lang='lat' dir='ltr'><strong><em>quid</em></strong></span> <span class='ocrx_word' id='word_1_205' title='bbox 988 2735 1070 2789; x_wconf 83' lang='lat' dir='ltr'><strong><em>sit.</em></strong></span> <span class='ocrx_word' id='word_1_206' title='bbox 1104 2733 1242 2800; x_wconf 88' lang='lat' dir='ltr'><strong><em>Quid</em></strong></span> <span class='ocrx_word' id='word_1_207' title='bbox 1278 2741 1361 2790; x_wconf 89' lang='lat' dir='ltr'><strong><em>est</em></strong></span> <span class='ocrx_word' id='word_1_208' title='bbox 1396 2743 1573 2790; x_wconf 91' lang='lat' dir='ltr'><strong><em>autem</em></strong></span> <span class='ocrx_word' id='word_1_209' title='bbox 1599 2733 1802 2804; x_wconf 89' lang='lat' dir='ltr'><strong><em>jurare,</em></strong></span> <span class='ocrx_word' id='word_1_210' title='bbox 1833 2732 1933 2787; x_wconf 89' lang='lat' dir='ltr'><strong><em>nisi</em></strong></span> <span class='ocrx_word' id='word_1_211' title='bbox 1953 2731 2044 2802; x_wconf 89' lang='lat' dir='ltr'><strong><em>jus</em></strong></span> 
     </span>
    </p>
   </div>
   <div class='ocr_carea' id='block_1_27' title="bbox 459 2823 2043 2898">
    <p class='ocr_par' dir='ltr' id='par_1_27' title="bbox 459 2823 2043 2898">
     <span class='ocr_line' id='line_1_27' title="bbox 459 2823 2043 2898; baseline 0 -19"><span class='ocrx_word' id='word_1_212' title='bbox 459 2823 574 2879; x_wconf 92' lang='lat' dir='ltr'><strong><em>Deo</em></strong></span> <span class='ocrx_word' id='word_1_213' title='bbox 601 2823 848 2891; x_wconf 85' lang='lat' dir='ltr'><strong><em>reddere,</em></strong></span> <span class='ocrx_word' id='word_1_214' title='bbox 877 2826 1091 2896; x_wconf 88' lang='lat' dir='ltr'><strong><em>quando</em></strong></span> <span class='ocrx_word' id='word_1_215' title='bbox 1121 2842 1217 2898; x_wconf 89' lang='lat' dir='ltr'><strong><em>per</em></strong></span> <span class='ocrx_word' id='word_1_216' title='bbox 1245 2826 1413 2882; x_wconf 90' lang='lat' dir='ltr'><strong><em>Deum</em></strong></span> <span class='ocrx_word' id='word_1_217' title='bbox 1433 2827 1614 2897; x_wconf 90' lang='lat' dir='ltr'><strong><em>juras;</em></strong></span> <span class='ocrx_word' id='word_1_218' title='bbox 1639 2827 1726 2897; x_wconf 88' lang='lat' dir='ltr'><strong><em>jus</em></strong></span> <span class='ocrx_word' id='word_1_219' title='bbox 1753 2825 1911 2881; x_wconf 90' lang='lat' dir='ltr'><strong><em>saluti</em></strong></span> <span class='ocrx_word' id='word_1_220' title='bbox 1939 2831 2043 2879; x_wconf 65' lang='lat' dir='ltr'><strong><em>tua:</em></strong></span> 
     </span>
    </p>
   </div>
   <div class='ocr_carea' id='block_1_28' title="bbox 459 2916 2042 2989">
    <p class='ocr_par' dir='ltr' id='par_1_28' title="bbox 459 2916 2042 2989">
     <span class='ocr_line' id='line_1_28' title="bbox 459 2916 2042 2989; baseline 0.001 -18"><span class='ocrx_word' id='word_1_221' title='bbox 459 2916 705 2984; x_wconf 88' lang='lat' dir='ltr'><strong><em>reddere,</em></strong></span> <span class='ocrx_word' id='word_1_222' title='bbox 749 2918 959 2988; x_wconf 87' lang='lat' dir='ltr'><strong><em>quando</em></strong></span> <span class='ocrx_word' id='word_1_223' title='bbox 1003 2934 1102 2989; x_wconf 92' lang='lat' dir='ltr'><strong><em>per</em></strong></span> <span class='ocrx_word' id='word_1_224' title='bbox 1142 2921 1367 2975; x_wconf 90' lang='lat' dir='ltr'><strong><em>salutem</em></strong></span> <span class='ocrx_word' id='word_1_225' title='bbox 1413 2928 1554 2974; x_wconf 91' lang='lat' dir='ltr'><strong><em>tuam</em></strong></span> <span class='ocrx_word' id='word_1_226' title='bbox 1599 2919 1774 2989; x_wconf 89' lang='lat' dir='ltr'><strong><em>juras;</em></strong></span> <span class='ocrx_word' id='word_1_227' title='bbox 1802 2918 1890 2988; x_wconf 86' lang='lat' dir='ltr'><strong><em>jus</em></strong></span> <span class='ocrx_word' id='word_1_228' title='bbox 1918 2916 2042 2972; x_wconf 93' lang='lat' dir='ltr'><strong><em>ﬁliis</em></strong></span> 
     </span>
    </p>
   </div>
   <div class='ocr_carea' id='block_1_29' title="bbox 458 3008 2044 3081">
    <p class='ocr_par' dir='ltr' id='par_1_29' title="bbox 458 3008 2044 3081">
     <span class='ocr_line' id='line_1_29' title="bbox 458 3008 2044 3081; baseline 0 -19"><span class='ocrx_word' id='word_1_229' title='bbox 458 3009 566 3063; x_wconf 88' lang='lat' dir='ltr'><strong><em>tuis</em></strong></span> <span class='ocrx_word' id='word_1_230' title='bbox 605 3009 860 3076; x_wconf 88' lang='lat' dir='ltr'><strong><em>reddere,</em></strong></span> <span class='ocrx_word' id='word_1_231' title='bbox 894 3011 1105 3081; x_wconf 87' lang='lat' dir='ltr'><strong><em>quando</em></strong></span> <span class='ocrx_word' id='word_1_232' title='bbox 1133 3025 1228 3080; x_wconf 90' lang='lat' dir='ltr'><strong><em>per</em></strong></span> <span class='ocrx_word' id='word_1_233' title='bbox 1257 3011 1396 3066; x_wconf 89' lang='lat' dir='ltr'><strong><em>ﬁlios</em></strong></span> <span class='ocrx_word' id='word_1_234' title='bbox 1426 3019 1544 3066; x_wconf 91' lang='lat' dir='ltr'><strong><em>tuos</em></strong></span> <span class='ocrx_word' id='word_1_235' title='bbox 1563 3010 1746 3080; x_wconf 90' lang='lat' dir='ltr'><strong><em>juras?</em></strong></span> <span class='ocrx_word' id='word_1_236' title='bbox 1769 3008 1921 3076; x_wconf 87' lang='lat' dir='ltr'><strong><em>Quod</em></strong></span> <span class='ocrx_word' id='word_1_237' title='bbox 1949 3023 2044 3063; x_wconf 89' lang='lat' dir='ltr'><strong><em>au-</em></strong></span> 
     </span>
    </p>
   </div>
   <div class='ocr_carea' id='block_1_30' title="bbox 463 3100 2043 3171">
    <p class='ocr_par' dir='ltr' id='par_1_30' title="bbox 463 3100 2043 3171">
     <span class='ocr_line' id='line_1_30' title="bbox 463 3100 2043 3171; baseline 0.002 -17"><span class='ocrx_word' id='word_1_238' title='bbox 463 3108 573 3154; x_wconf 88' lang='lat' dir='ltr'><strong><em>tem</em></strong></span> <span class='ocrx_word' id='word_1_239' title='bbox 617 3100 705 3170; x_wconf 87' lang='lat' dir='ltr'><strong><em>jus</em></strong></span> <span class='ocrx_word' id='word_1_240' title='bbox 747 3101 1004 3157; x_wconf 88' lang='lat' dir='ltr'><strong><em>debemus</em></strong></span> <span class='ocrx_word' id='word_1_241' title='bbox 1052 3103 1210 3158; x_wconf 86' lang='lat' dir='ltr'><strong><em>saluti</em></strong></span> <span class='ocrx_word' id='word_1_242' title='bbox 1256 3112 1487 3169; x_wconf 72' lang='lat' dir='ltr'><strong><em>nostraa,</em></strong></span> <span class='ocrx_word' id='word_1_243' title='bbox 1521 3103 1644 3158; x_wconf 89' lang='lat' dir='ltr'><strong><em>ﬁliis</em></strong></span> <span class='ocrx_word' id='word_1_244' title='bbox 1671 3102 1898 3171; x_wconf 88' lang='lat' dir='ltr'><strong><em>nostris,</em></strong></span> <span class='ocrx_word' id='word_1_245' title='bbox 1931 3101 2043 3157; x_wconf 92' lang='lat' dir='ltr'><strong><em>Deo</em></strong></span> 
     </span>
    </p>
   </div>
   <div class='ocr_carea' id='block_1_31' title="bbox 460 3192 2044 3263">
    <p class='ocr_par' dir='ltr' id='par_1_31' title="bbox 460 3192 2044 3263">
     <span class='ocr_line' id='line_1_31' title="bbox 460 3192 2044 3263; baseline 0.001 -17"><span class='ocrx_word' id='word_1_246' title='bbox 460 3201 682 3260; x_wconf 88' lang='lat' dir='ltr'><strong><em>nostro,</em></strong></span> <span class='ocrx_word' id='word_1_247' title='bbox 724 3193 824 3247; x_wconf 90' lang='lat' dir='ltr'><strong><em>nisi</em></strong></span> <span class='ocrx_word' id='word_1_248' title='bbox 872 3194 1144 3251; x_wconf 87' lang='lat' dir='ltr'><strong><em>charitatis</em></strong></span> <span class='ocrx_word' id='word_1_249' title='bbox 1166 3237 1180 3263; x_wconf 95' lang='lat'><strong><em>,</em></strong></span> <span class='ocrx_word' id='word_1_250' title='bbox 1210 3195 1447 3250; x_wconf 87' lang='lat' dir='ltr'><strong><em>veritatis</em></strong></span> <span class='ocrx_word' id='word_1_251' title='bbox 1469 3235 1483 3261; x_wconf 91' lang='lat'><strong><em>,</em></strong></span> <span class='ocrx_word' id='word_1_252' title='bbox 1517 3201 1571 3250; x_wconf 92' lang='lat' dir='ltr'><strong><em>et</em></strong></span> <span class='ocrx_word' id='word_1_253' title='bbox 1611 3210 1720 3250; x_wconf 91' lang='lat' dir='ltr'><strong><em>non</em></strong></span> <span class='ocrx_word' id='word_1_254' title='bbox 1758 3192 2044 3249; x_wconf 77' lang='lat' dir='ltr'><strong><em>falsitatis?</em></strong></span> 
     </span>
    </p>
   </div>
   <div class='ocr_carea' id='block_1_32' title="bbox 459 3283 2042 3356">
    <p class='ocr_par' dir='ltr' id='par_1_32' title="bbox 459 3283 2042 3356">
     <span class='ocr_line' id='line_1_32' title="bbox 459 3283 2042 3356; baseline 0.001 -18"><span class='ocrx_word' id='word_1_255' title='bbox 459 3283 689 3339; x_wconf 81' lang='lat' dir='ltr'><strong><em>Maxime</em></strong></span> <span class='ocrx_word' id='word_1_256' title='bbox 715 3291 892 3340; x_wconf 91' lang='lat' dir='ltr'><strong><em>autem</em></strong></span> <span class='ocrx_word' id='word_1_257' title='bbox 915 3301 1010 3356; x_wconf 89' lang='lat' dir='ltr'><strong><em>per</em></strong></span> <span class='ocrx_word' id='word_1_258' title='bbox 1029 3285 1197 3341; x_wconf 89' lang='lat' dir='ltr'><strong><em>Deum</em></strong></span> <span class='ocrx_word' id='word_1_259' title='bbox 1225 3301 1343 3341; x_wconf 91' lang='lat' dir='ltr'><strong><em>cum</em></strong></span> <span class='ocrx_word' id='word_1_260' title='bbox 1378 3286 1438 3340; x_wconf 86' lang='lat' dir='ltr'><strong><em>fit</em></strong></span> <span class='ocrx_word' id='word_1_261' title='bbox 1457 3327 1472 3354; x_wconf 90' lang='lat'><strong><em>,</em></strong></span> <span class='ocrx_word' id='word_1_262' title='bbox 1499 3286 1613 3356; x_wconf 88' lang='lat' dir='ltr'><strong><em>ipsa</em></strong></span> <span class='ocrx_word' id='word_1_263' title='bbox 1643 3294 1724 3344; x_wconf 79' lang='lat' dir='ltr'><strong><em>est</em></strong></span> <span class='ocrx_word' id='word_1_264' title='bbox 1748 3300 1871 3340; x_wconf 89' lang='lat' dir='ltr'><strong><em>vera</em></strong></span> <span class='ocrx_word' id='word_1_265' title='bbox 1892 3284 2042 3355; x_wconf 89' lang='lat' dir='ltr'><strong><em>jura-</em></strong></span> 
     </span>
    </p>
   </div>
   <div class='ocr_carea' id='block_1_33' title="bbox 461 3374 2038 3448">
    <p class='ocr_par' dir='ltr' id='par_1_33' title="bbox 461 3374 2038 3448">
     <span class='ocr_line' id='line_1_33' title="bbox 461 3374 2038 3448; baseline 0.001 -20"><span class='ocrx_word' id='word_1_266' title='bbox 461 3374 538 3428; x_wconf 90' lang='lat' dir='ltr'><strong><em>tio</em></strong></span> <span class='ocrx_word' id='word_1_267' title='bbox 563 3391 576 3428; x_wconf 93' lang='lat'><strong><em>:</em></strong></span> <span class='ocrx_word' id='word_1_268' title='bbox 600 3374 722 3444; x_wconf 88' lang='lat' dir='ltr'><strong><em>quia</em></strong></span> <span class='ocrx_word' id='word_1_269' title='bbox 765 3383 820 3431; x_wconf 90' lang='lat' dir='ltr'><strong><em>et</em></strong></span> <span class='ocrx_word' id='word_1_270' title='bbox 861 3389 980 3430; x_wconf 90' lang='lat' dir='ltr'><strong><em>cum</em></strong></span> <span class='ocrx_word' id='word_1_271' title='bbox 1019 3375 1145 3431; x_wconf 86' lang='lat' dir='ltr'><strong><em>dicit</em></strong></span> <span class='ocrx_word' id='word_1_272' title='bbox 1170 3376 1425 3448; x_wconf 89' lang='lat' dir='ltr'><strong><em>quisque,</em></strong></span> <span class='ocrx_word' id='word_1_273' title='bbox 1454 3376 1557 3431; x_wconf 89' lang='lat' dir='ltr'><strong><em>Per</em></strong></span> <span class='ocrx_word' id='word_1_274' title='bbox 1584 3391 1757 3432; x_wconf 90' lang='lat' dir='ltr'><strong><em>meam</em></strong></span> <span class='ocrx_word' id='word_1_275' title='bbox 1785 3375 2038 3443; x_wconf 89' lang='lat' dir='ltr'><strong><em>salutem,</em></strong></span> 
     </span>
    </p>
   </div>
   <div class='ocr_carea' id='block_1_34' title="bbox 460 3463 2043 3536">
    <p class='ocr_par' dir='ltr' id='par_1_34' title="bbox 460 3463 2043 3536">
     <span class='ocr_line' id='line_1_34' title="bbox 460 3463 2043 3536; baseline 0 -16"><span class='ocrx_word' id='word_1_276' title='bbox 460 3463 687 3520; x_wconf 86' lang='lat' dir='ltr'><strong><em>salutem</em></strong></span> <span class='ocrx_word' id='word_1_277' title='bbox 725 3479 874 3520; x_wconf 89' lang='lat' dir='ltr'><strong><em>suam</em></strong></span> <span class='ocrx_word' id='word_1_278' title='bbox 908 3465 1016 3520; x_wconf 92' lang='lat' dir='ltr'><strong><em>Deo</em></strong></span> <span class='ocrx_word' id='word_1_279' title='bbox 1054 3465 1288 3536; x_wconf 82' lang='lat' dir='ltr'><strong><em>obligat:</em></strong></span> <span class='ocrx_word' id='word_1_280' title='bbox 1319 3466 1528 3536; x_wconf 89' lang='lat' dir='ltr'><strong><em>quando</em></strong></span> <span class='ocrx_word' id='word_1_281' title='bbox 1567 3466 1729 3534; x_wconf 89' lang='lat' dir='ltr'><strong><em>dicit,</em></strong></span> <span class='ocrx_word' id='word_1_282' title='bbox 1761 3466 1865 3521; x_wconf 91' lang='lat' dir='ltr'><strong><em>Per</em></strong></span> <span class='ocrx_word' id='word_1_283' title='bbox 1907 3466 2043 3520; x_wconf 89' lang='lat' dir='ltr'><strong><em>ﬁlios</em></strong></span> 
     </span>
    </p>
   </div>
   <div class='ocr_carea' id='block_1_35' title="bbox 459 3557 2042 3627">
    <p class='ocr_par' dir='ltr' id='par_1_35' title="bbox 459 3557 2042 3627">
     <span class='ocr_line' id='line_1_35' title="bbox 459 3557 2042 3627; baseline 0.001 -16"><span class='ocrx_word' id='word_1_284' title='bbox 459 3571 640 3624; x_wconf 90' lang='lat' dir='ltr'><strong><em>meos,</em></strong></span> <span class='ocrx_word' id='word_1_285' title='bbox 669 3557 981 3627; x_wconf 81' lang='lat' dir='ltr'><strong><em>oppignerat</em></strong></span> <span class='ocrx_word' id='word_1_286' title='bbox 1008 3557 1119 3612; x_wconf 92' lang='lat' dir='ltr'><strong><em>Deo</em></strong></span> <span class='ocrx_word' id='word_1_287' title='bbox 1147 3557 1285 3613; x_wconf 84' lang='lat' dir='ltr'><strong><em>ﬁlios</em></strong></span> <span class='ocrx_word' id='word_1_288' title='bbox 1313 3572 1470 3624; x_wconf 87' lang='lat' dir='ltr'><strong><em>suos,</em></strong></span> <span class='ocrx_word' id='word_1_289' title='bbox 1519 3566 1577 3612; x_wconf 92' lang='lat' dir='ltr'><strong><em>ut</em></strong></span> <span class='ocrx_word' id='word_1_290' title='bbox 1621 3557 1725 3613; x_wconf 88' lang='lat' dir='ltr'><strong><em>hoc</em></strong></span> <span class='ocrx_word' id='word_1_291' title='bbox 1770 3558 1948 3612; x_wconf 86' lang='lat' dir='ltr'><strong><em>veniat</em></strong></span> <span class='ocrx_word' id='word_1_292' title='bbox 1988 3557 2042 3613; x_wconf 92' lang='lat' dir='ltr'><strong><em>in</em></strong></span> 
     </span>
    </p>
   </div>
   <div class='ocr_carea' id='block_1_36' title="bbox 461 3646 2041 3718">
    <p class='ocr_par' dir='ltr' id='par_1_36' title="bbox 461 3646 2041 3718">
     <span class='ocr_line' id='line_1_36' title="bbox 461 3646 2041 3718; baseline 0.001 -17"><span class='ocrx_word' id='word_1_293' title='bbox 461 3653 621 3716; x_wconf 88' lang='lat' dir='ltr'><strong><em>caput</em></strong></span> <span class='ocrx_word' id='word_1_294' title='bbox 662 3661 882 3715; x_wconf 91' lang='lat' dir='ltr'><strong><em>eorum,</em></strong></span> <span class='ocrx_word' id='word_1_295' title='bbox 930 3647 1072 3718; x_wconf 93' lang='lat' dir='ltr'><strong><em>quod</em></strong></span> <span class='ocrx_word' id='word_1_296' title='bbox 1118 3648 1228 3703; x_wconf 82' lang='lat' dir='ltr'><strong><em>exit</em></strong></span> <span class='ocrx_word' id='word_1_297' title='bbox 1265 3646 1333 3702; x_wconf 93' lang='lat' dir='ltr'><strong><em>de</em></strong></span> <span class='ocrx_word' id='word_1_298' title='bbox 1372 3661 1466 3702; x_wconf 92' lang='lat' dir='ltr'><strong><em>ore</em></strong></span> <span class='ocrx_word' id='word_1_299' title='bbox 1508 3647 1714 3718; x_wconf 90' lang='lat' dir='ltr'><strong><em>ipsius:</em></strong></span> <span class='ocrx_word' id='word_1_300' title='bbox 1743 3649 1788 3702; x_wconf 92' lang='lat' dir='ltr'><strong><em>si</em></strong></span> <span class='ocrx_word' id='word_1_301' title='bbox 1822 3663 2041 3716; x_wconf 91' lang='lat' dir='ltr'><strong><em>verum,</em></strong></span> 
     </span>
    </p>
   </div>
   <div class='ocr_carea' id='block_1_37' title="bbox 459 3737 2040 3810">
    <p class='ocr_par' dir='ltr' id='par_1_37' title="bbox 459 3737 2040 3810">
     <span class='ocr_line' id='line_1_37' title="bbox 459 3737 2040 3810; baseline 0.001 -16"><span class='ocrx_word' id='word_1_302' title='bbox 459 3753 678 3804; x_wconf 90' lang='lat' dir='ltr'><strong><em>verum;</em></strong></span> <span class='ocrx_word' id='word_1_303' title='bbox 734 3739 780 3794; x_wconf 90' lang='lat' dir='ltr'><strong><em>si</em></strong></span> <span class='ocrx_word' id='word_1_304' title='bbox 828 3738 1051 3806; x_wconf 86' lang='lat' dir='ltr'><strong><em>falsum,</em></strong></span> <span class='ocrx_word' id='word_1_305' title='bbox 1105 3738 1314 3795; x_wconf 87' lang='lat' dir='ltr'><strong><em>falsum.</em></strong></span> <span class='ocrx_word' id='word_1_306' title='bbox 1369 3737 1500 3794; x_wconf 90' lang='lat' dir='ltr'><strong><em>Cum</em></strong></span> <span class='ocrx_word' id='word_1_307' title='bbox 1533 3753 1660 3810; x_wconf 80' lang='lat' dir='ltr'><strong><em>ergo</em></strong></span> <span class='ocrx_word' id='word_1_308' title='bbox 1693 3737 1829 3794; x_wconf 85' lang='lat' dir='ltr'><strong><em>ﬁlios</em></strong></span> <span class='ocrx_word' id='word_1_309' title='bbox 1881 3753 2040 3809; x_wconf 89' lang='lat' dir='ltr'><strong><em>suos,</em></strong></span> 
     </span>
    </p>
   </div>
   <div class='ocr_carea' id='block_1_38' title="bbox 459 3829 2040 3901">
    <p class='ocr_par' dir='ltr' id='par_1_38' title="bbox 459 3829 2040 3901">
     <span class='ocr_line' id='line_1_38' title="bbox 459 3829 2040 3901; baseline 0.003 -18"><span class='ocrx_word' id='word_1_310' title='bbox 459 3830 549 3885; x_wconf 91' lang='lat' dir='ltr'><strong><em>vel</em></strong></span> <span class='ocrx_word' id='word_1_311' title='bbox 593 3838 752 3901; x_wconf 90' lang='lat' dir='ltr'><strong><em>caput</em></strong></span> <span class='ocrx_word' id='word_1_312' title='bbox 801 3845 986 3896; x_wconf 90' lang='lat' dir='ltr'><strong><em>suum,</em></strong></span> <span class='ocrx_word' id='word_1_313' title='bbox 1040 3829 1126 3885; x_wconf 88' lang='lat' dir='ltr'><strong><em>vel</em></strong></span> <span class='ocrx_word' id='word_1_314' title='bbox 1168 3830 1392 3886; x_wconf 89' lang='lat' dir='ltr'><strong><em>salutem</em></strong></span> <span class='ocrx_word' id='word_1_315' title='bbox 1435 3844 1582 3886; x_wconf 89' lang='lat' dir='ltr'><strong><em>suam</em></strong></span> <span class='ocrx_word' id='word_1_316' title='bbox 1623 3829 1847 3900; x_wconf 89' lang='lat' dir='ltr'><strong><em>quisque</em></strong></span> <span class='ocrx_word' id='word_1_317' title='bbox 1875 3832 1928 3886; x_wconf 92' lang='lat' dir='ltr'><strong><em>in</em></strong></span> <span class='ocrx_word' id='word_1_318' title='bbox 1952 3831 2040 3901; x_wconf 91' lang='lat' dir='ltr'><strong><em>ju-</em></strong></span> 
     </span>
    </p>
   </div>
   <div class='ocr_carea' id='block_1_39' title="bbox 459 3921 2040 3993">
    <p class='ocr_par' dir='ltr' id='par_1_39' title="bbox 459 3921 2040 3993">
     <span class='ocr_line' id='line_1_39' title="bbox 459 3921 2040 3993; baseline 0.001 -17"><span class='ocrx_word' id='word_1_319' title='bbox 459 3922 668 3978; x_wconf 87' lang='lat' dir='ltr'><strong><em>ratione</em></strong></span> <span class='ocrx_word' id='word_1_320' title='bbox 709 3922 990 3978; x_wconf 86' lang='lat' dir='ltr'><strong><em>nominans</em></strong></span> <span class='ocrx_word' id='word_1_321' title='bbox 1014 3963 1028 3988; x_wconf 89' lang='lat'><strong><em>,</em></strong></span> <span class='ocrx_word' id='word_1_322' title='bbox 1075 3921 1332 3993; x_wconf 91' lang='lat' dir='ltr'><strong><em>quidquid</em></strong></span> <span class='ocrx_word' id='word_1_323' title='bbox 1374 3921 1613 3976; x_wconf 88' lang='lat' dir='ltr'><strong><em>nominat</em></strong></span> <span class='ocrx_word' id='word_1_324' title='bbox 1655 3921 1852 3993; x_wconf 78' lang='lat' dir='ltr'><strong><em>obligat</em></strong></span> <span class='ocrx_word' id='word_1_325' title='bbox 1893 3922 2040 3990; x_wconf 91' lang='lat' dir='ltr'><strong><em>Deo;</em></strong></span> 
     </span>
    </p>
   </div>
   <div class='ocr_carea' id='block_1_40' title="bbox 461 4011 2043 4082">
    <p class='ocr_par' dir='ltr' id='par_1_40' title="bbox 461 4011 2043 4082">
     <span class='ocr_line' id='line_1_40' title="bbox 461 4011 2043 4082; baseline 0.003 -17"><span class='ocrx_word' id='word_1_326' title='bbox 461 4020 662 4081; x_wconf 91' lang='lat' dir='ltr'><strong><em>quanto</em></strong></span> <span class='ocrx_word' id='word_1_327' title='bbox 689 4012 858 4082; x_wconf 77' lang='lat' dir='ltr'><strong><em>magis</em></strong></span> <span class='ocrx_word' id='word_1_328' title='bbox 885 4011 1096 4082; x_wconf 89' lang='lat' dir='ltr'><strong><em>quando</em></strong></span> <span class='ocrx_word' id='word_1_329' title='bbox 1126 4012 1328 4082; x_wconf 90' lang='lat' dir='ltr'><strong><em>pejerat</em></strong></span> <span class='ocrx_word' id='word_1_330' title='bbox 1368 4027 1466 4082; x_wconf 91' lang='lat' dir='ltr'><strong><em>per</em></strong></span> <span class='ocrx_word' id='word_1_331' title='bbox 1503 4012 1675 4082; x_wconf 91' lang='lat' dir='ltr'><strong><em>ipsum</em></strong></span> <span class='ocrx_word' id='word_1_332' title='bbox 1715 4013 1922 4068; x_wconf 90' lang='lat' dir='ltr'><strong><em>Deum?</em></strong></span> <span class='ocrx_word' id='word_1_333' title='bbox 1951 4013 2043 4069; x_wconf 79' lang='lat' dir='ltr'><strong><em>Ti-</em></strong></span> 
     </span>
    </p>
   </div>
   <div class='ocr_carea' id='block_1_41' title="bbox 462 4102 2045 4173">
    <p class='ocr_par' dir='ltr' id='par_1_41' title="bbox 462 4102 2045 4173">
     <span class='ocr_line' id='line_1_41' title="bbox 462 4102 2045 4173; baseline 0.002 -15"><span class='ocrx_word' id='word_1_334' title='bbox 462 4110 578 4158; x_wconf 90' lang='lat' dir='ltr'><strong><em>met</em></strong></span> <span class='ocrx_word' id='word_1_335' title='bbox 618 4103 759 4157; x_wconf 90' lang='lat' dir='ltr'><strong><em>enim</em></strong></span> <span class='ocrx_word' id='word_1_336' title='bbox 799 4102 989 4158; x_wconf 86' lang='lat' dir='ltr'><strong><em>falsum</em></strong></span> <span class='ocrx_word' id='word_1_337' title='bbox 1022 4103 1203 4172; x_wconf 87' lang='lat' dir='ltr'><strong><em>jurare</em></strong></span> <span class='ocrx_word' id='word_1_338' title='bbox 1246 4118 1343 4173; x_wconf 92' lang='lat' dir='ltr'><strong><em>per</em></strong></span> <span class='ocrx_word' id='word_1_339' title='bbox 1388 4103 1556 4157; x_wconf 78' lang='lat' dir='ltr'><strong><em>ﬁlilun</em></strong></span> <span class='ocrx_word' id='word_1_340' title='bbox 1605 4118 1790 4170; x_wconf 91' lang='lat' dir='ltr'><strong><em>suum,</em></strong></span> <span class='ocrx_word' id='word_1_341' title='bbox 1841 4111 1896 4160; x_wconf 90' lang='lat' dir='ltr'><strong><em>et</em></strong></span> <span class='ocrx_word' id='word_1_342' title='bbox 1937 4120 2045 4161; x_wconf 90' lang='lat' dir='ltr'><strong><em>non</em></strong></span> 
     </span>
    </p>
   </div>
   <div class='ocr_carea' id='block_1_42' title="bbox 463 4193 2045 4263">
    <p class='ocr_par' dir='ltr' id='par_1_42' title="bbox 463 4193 2045 4263">
     <span class='ocr_line' id='line_1_42' title="bbox 463 4193 2045 4263; baseline 0.002 -16"><span class='ocrx_word' id='word_1_343' title='bbox 463 4193 618 4248; x_wconf 90' lang='lat' dir='ltr'><strong><em>timet</em></strong></span> <span class='ocrx_word' id='word_1_344' title='bbox 659 4193 849 4248; x_wconf 90' lang='lat' dir='ltr'><strong><em>falsum</em></strong></span> <span class='ocrx_word' id='word_1_345' title='bbox 885 4193 1064 4262; x_wconf 88' lang='lat' dir='ltr'><strong><em>jurare</em></strong></span> <span class='ocrx_word' id='word_1_346' title='bbox 1092 4207 1188 4263; x_wconf 91' lang='lat' dir='ltr'><strong><em>per</em></strong></span> <span class='ocrx_word' id='word_1_347' title='bbox 1219 4193 1386 4247; x_wconf 88' lang='lat' dir='ltr'><strong><em>Deum</em></strong></span> <span class='ocrx_word' id='word_1_348' title='bbox 1423 4194 1612 4247; x_wconf 84' lang='lat' dir='ltr'><strong><em>suum?</em></strong></span> <span class='ocrx_word' id='word_1_349' title='bbox 1639 4193 1904 4250; x_wconf 87' lang='lat' dir='ltr'><strong><em>Fortassis</em></strong></span> <span class='ocrx_word' id='word_1_350' title='bbox 1942 4195 2045 4250; x_wconf 89' lang='lat' dir='ltr'><strong><em>hoc</em></strong></span> 
     </span>
    </p>
   </div>
   <div class='ocr_carea' id='block_1_43' title="bbox 464 4283 2044 4352">
    <p class='ocr_par' dir='ltr' id='par_1_43' title="bbox 464 4283 2044 4352">
     <span class='ocr_line' id='line_1_43' title="bbox 464 4283 2044 4352; baseline 0 -12"><span class='ocrx_word' id='word_1_351' title='bbox 464 4283 652 4340; x_wconf 89' lang='lat' dir='ltr'><strong><em>dicens</em></strong></span> <span class='ocrx_word' id='word_1_352' title='bbox 677 4284 731 4336; x_wconf 90' lang='lat' dir='ltr'><strong><em>in</em></strong></span> <span class='ocrx_word' id='word_1_353' title='bbox 758 4283 936 4346; x_wconf 86' lang='lat' dir='ltr'><strong><em>animo</em></strong></span> <span class='ocrx_word' id='word_1_354' title='bbox 957 4298 1076 4348; x_wconf 88' lang='lat' dir='ltr'><strong><em>suo,</em></strong></span> <span class='ocrx_word' id='word_1_355' title='bbox 1105 4283 1290 4338; x_wconf 91' lang='lat' dir='ltr'><strong><em>Timeo</em></strong></span> <span class='ocrx_word' id='word_1_356' title='bbox 1316 4298 1411 4352; x_wconf 90' lang='lat' dir='ltr'><strong><em>per</em></strong></span> <span class='ocrx_word' id='word_1_357' title='bbox 1437 4283 1602 4338; x_wconf 88' lang='lat' dir='ltr'><strong><em>ﬁlium</em></strong></span> <span class='ocrx_word' id='word_1_358' title='bbox 1635 4299 1813 4340; x_wconf 91' lang='lat' dir='ltr'><strong><em>meum</em></strong></span> <span class='ocrx_word' id='word_1_359' title='bbox 1853 4285 2044 4340; x_wconf 88' lang='lat' dir='ltr'><strong><em>falsum</em></strong></span> 
     </span>
    </p>
   </div>
   <div class='ocr_carea' id='block_1_44' title="bbox 460 4374 2040 4445">
    <p class='ocr_par' dir='ltr' id='par_1_44' title="bbox 460 4374 2040 4445">
     <span class='ocr_line' id='line_1_44' title="bbox 460 4374 2040 4445; baseline 0.001 -17"><span class='ocrx_word' id='word_1_360' title='bbox 460 4374 662 4444; x_wconf 90' lang='lat' dir='ltr'><strong><em>jurare,</em></strong></span> <span class='ocrx_word' id='word_1_361' title='bbox 711 4388 779 4429; x_wconf 92' lang='lat' dir='ltr'><strong><em>ne</em></strong></span> <span class='ocrx_word' id='word_1_362' title='bbox 821 4374 1115 4429; x_wconf 89' lang='lat' dir='ltr'><strong><em>moriatur:</em></strong></span> <span class='ocrx_word' id='word_1_363' title='bbox 1145 4375 1257 4429; x_wconf 92' lang='lat' dir='ltr'><strong><em>Deo</em></strong></span> <span class='ocrx_word' id='word_1_364' title='bbox 1294 4382 1471 4429; x_wconf 90' lang='lat' dir='ltr'><strong><em>autem</em></strong></span> <span class='ocrx_word' id='word_1_365' title='bbox 1514 4374 1607 4445; x_wconf 90' lang='lat' dir='ltr'><strong><em>qui</em></strong></span> <span class='ocrx_word' id='word_1_366' title='bbox 1645 4391 1753 4432; x_wconf 89' lang='lat' dir='ltr'><strong><em>non</em></strong></span> <span class='ocrx_word' id='word_1_367' title='bbox 1796 4376 2040 4442; x_wconf 90' lang='lat' dir='ltr'><strong><em>moritur,</em></strong></span> 
     </span>
    </p>
   </div>
   <div class='ocr_carea' id='block_1_45' title="bbox 463 4464 2044 4536">
    <p class='ocr_par' dir='ltr' id='par_1_45' title="bbox 463 4464 2044 4536">
     <span class='ocr_line' id='line_1_45' title="bbox 463 4464 2044 4536; baseline -0.001 -15"><span class='ocrx_word' id='word_1_368' title='bbox 463 4466 566 4521; x_wconf 89' lang='lat' dir='ltr'><strong><em>etsi</em></strong></span> <span class='ocrx_word' id='word_1_369' title='bbox 609 4464 798 4519; x_wconf 85' lang='lat' dir='ltr'><strong><em>falsum</em></strong></span> <span class='ocrx_word' id='word_1_370' title='bbox 840 4479 938 4535; x_wconf 91' lang='lat' dir='ltr'><strong><em>per</em></strong></span> <span class='ocrx_word' id='word_1_371' title='bbox 979 4479 1101 4520; x_wconf 90' lang='lat' dir='ltr'><strong><em>eum</em></strong></span> <span class='ocrx_word' id='word_1_372' title='bbox 1139 4464 1366 4534; x_wconf 90' lang='lat' dir='ltr'><strong><em>juretur,</em></strong></span> <span class='ocrx_word' id='word_1_373' title='bbox 1415 4465 1542 4536; x_wconf 91' lang='lat' dir='ltr'><strong><em>quid</em></strong></span> <span class='ocrx_word' id='word_1_374' title='bbox 1583 4467 1708 4521; x_wconf 92' lang='lat' dir='ltr'><strong><em>mali</em></strong></span> <span class='ocrx_word' id='word_1_375' title='bbox 1751 4465 2044 4536; x_wconf 74' lang='lat' dir='ltr'><strong><em>contingit?</em></strong></span> 
     </span>
    </p>
   </div>
   <div class='ocr_carea' id='block_1_46' title="bbox 463 4555 2044 4628">
    <p class='ocr_par' dir='ltr' id='par_1_46' title="bbox 463 4555 2044 4628">
     <span class='ocr_line' id='line_1_46' title="bbox 463 4555 2044 4628; baseline 0.001 -16"><span class='ocrx_word' id='word_1_376' title='bbox 463 4557 608 4612; x_wconf 89' lang='lat' dir='ltr'><strong><em>Bene</em></strong></span> <span class='ocrx_word' id='word_1_377' title='bbox 636 4555 851 4626; x_wconf 90' lang='lat' dir='ltr'><strong><em>quidem</em></strong></span> <span class='ocrx_word' id='word_1_378' title='bbox 881 4555 1045 4624; x_wconf 90' lang='lat' dir='ltr'><strong><em>dicis,</em></strong></span> <span class='ocrx_word' id='word_1_379' title='bbox 1075 4555 1206 4610; x_wconf 89' lang='lat' dir='ltr'><strong><em>nihil</em></strong></span> <span class='ocrx_word' id='word_1_380' title='bbox 1231 4557 1354 4611; x_wconf 86' lang='lat' dir='ltr'><strong><em>mali</em></strong></span> <span class='ocrx_word' id='word_1_381' title='bbox 1384 4557 1640 4628; x_wconf 79' lang='lat' dir='ltr'><strong><em>contingit</em></strong></span> <span class='ocrx_word' id='word_1_382' title='bbox 1667 4557 1808 4625; x_wconf 89' lang='lat' dir='ltr'><strong><em>Deo,</em></strong></span> <span class='ocrx_word' id='word_1_383' title='bbox 1831 4557 2044 4628; x_wconf 85' lang='lat' dir='ltr'><strong><em>quando</em></strong></span> 
     </span>
    </p>
   </div>
   <div class='ocr_carea' id='block_1_47' title="bbox 462 4645 2041 4718">
    <p class='ocr_par' dir='ltr' id='par_1_47' title="bbox 462 4645 2041 4718">
     <span class='ocr_line' id='line_1_47' title="bbox 462 4645 2041 4718; baseline 0 -16"><span class='ocrx_word' id='word_1_384' title='bbox 462 4647 656 4702; x_wconf 88' lang='lat' dir='ltr'><strong><em>falsum</em></strong></span> <span class='ocrx_word' id='word_1_385' title='bbox 692 4647 840 4716; x_wconf 88' lang='lat' dir='ltr'><strong><em>juras</em></strong></span> <span class='ocrx_word' id='word_1_386' title='bbox 868 4661 965 4716; x_wconf 91' lang='lat' dir='ltr'><strong><em>per</em></strong></span> <span class='ocrx_word' id='word_1_387' title='bbox 995 4646 1200 4701; x_wconf 90' lang='lat' dir='ltr'><strong><em>Deum:</em></strong></span> <span class='ocrx_word' id='word_1_388' title='bbox 1229 4645 1323 4702; x_wconf 88' lang='lat' dir='ltr'><strong><em>sed</em></strong></span> <span class='ocrx_word' id='word_1_389' title='bbox 1351 4647 1608 4718; x_wconf 80' lang='lat' dir='ltr'><strong><em>contingit</em></strong></span> <span class='ocrx_word' id='word_1_390' title='bbox 1650 4647 1775 4702; x_wconf 88' lang='lat' dir='ltr'><strong><em>mali</em></strong></span> <span class='ocrx_word' id='word_1_391' title='bbox 1815 4647 2041 4702; x_wconf 91' lang='lat' dir='ltr'><strong><em>multum</em></strong></span> 
     </span>
    </p>
   </div>
   <div class='ocr_carea' id='block_1_48' title="bbox 465 4737 2040 4809">
    <p class='ocr_par' dir='ltr' id='par_1_48' title="bbox 465 4737 2040 4809">
     <span class='ocr_line' id='line_1_48' title="bbox 465 4737 2040 4809; baseline 0.001 -16"><span class='ocrx_word' id='word_1_392' title='bbox 465 4739 592 4806; x_wconf 88' lang='lat' dir='ltr'><strong><em>tibi,</em></strong></span> <span class='ocrx_word' id='word_1_393' title='bbox 619 4738 710 4809; x_wconf 91' lang='lat' dir='ltr'><strong><em>qui</em></strong></span> <span class='ocrx_word' id='word_1_394' title='bbox 741 4737 880 4792; x_wconf 87' lang='lat' dir='ltr'><strong><em>fallis</em></strong></span> <span class='ocrx_word' id='word_1_395' title='bbox 903 4737 1202 4807; x_wconf 83' lang='lat' dir='ltr'><strong><em>proximum</em></strong></span> <span class='ocrx_word' id='word_1_396' title='bbox 1224 4778 1240 4806; x_wconf 92' lang='lat'><strong><em>,</em></strong></span> <span class='ocrx_word' id='word_1_397' title='bbox 1270 4738 1355 4795; x_wconf 91' lang='lat' dir='ltr'><strong><em>cui</em></strong></span> <span class='ocrx_word' id='word_1_398' title='bbox 1381 4746 1572 4794; x_wconf 89' lang='lat' dir='ltr'><strong><em>testem</em></strong></span> <span class='ocrx_word' id='word_1_399' title='bbox 1599 4737 1822 4793; x_wconf 87' lang='lat' dir='ltr'><strong><em>adhibes</em></strong></span> <span class='ocrx_word' id='word_1_400' title='bbox 1851 4739 2040 4794; x_wconf 90' lang='lat' dir='ltr'><strong><em>Deum.</em></strong></span> 
     </span>
    </p>
   </div>
   <div class='ocr_carea' id='block_1_49' title="bbox 463 4827 2044 4900">
    <p class='ocr_par' dir='ltr' id='par_1_49' title="bbox 463 4827 2044 4900">
     <span class='ocr_line' id='line_1_49' title="bbox 463 4827 2044 4900; baseline 0.001 -15"><span class='ocrx_word' id='word_1_401' title='bbox 463 4829 522 4885; x_wconf 91' lang='lat' dir='ltr'><strong><em>Si</em></strong></span> <span class='ocrx_word' id='word_1_402' title='bbox 549 4829 746 4898; x_wconf 89' lang='lat' dir='ltr'><strong><em>aliquid</em></strong></span> <span class='ocrx_word' id='word_1_403' title='bbox 774 4837 909 4884; x_wconf 88' lang='lat' dir='ltr'><strong><em>teste</em></strong></span> <span class='ocrx_word' id='word_1_404' title='bbox 932 4827 1040 4883; x_wconf 91' lang='lat' dir='ltr'><strong><em>ﬁlio</em></strong></span> <span class='ocrx_word' id='word_1_405' title='bbox 1059 4835 1150 4883; x_wconf 89' lang='lat' dir='ltr'><strong><em>tuo</em></strong></span> <span class='ocrx_word' id='word_1_406' title='bbox 1169 4827 1393 4896; x_wconf 89' lang='lat' dir='ltr'><strong><em>faceres,</em></strong></span> <span class='ocrx_word' id='word_1_407' title='bbox 1417 4838 1472 4886; x_wconf 90' lang='lat' dir='ltr'><strong><em>et</em></strong></span> <span class='ocrx_word' id='word_1_408' title='bbox 1494 4829 1668 4884; x_wconf 89' lang='lat' dir='ltr'><strong><em>amico</em></strong></span> <span class='ocrx_word' id='word_1_409' title='bbox 1685 4829 1770 4885; x_wconf 90' lang='lat' dir='ltr'><strong><em>vel</em></strong></span> <span class='ocrx_word' id='word_1_410' title='bbox 1799 4829 2044 4900; x_wconf 87' lang='lat' dir='ltr'><strong><em>proximo</em></strong></span> 
     </span>
    </p>
   </div>
   <div class='ocr_carea' id='block_1_50' title="bbox 462 4919 2042 4993">
    <p class='ocr_par' dir='ltr' id='par_1_50' title="bbox 462 4919 2042 4993">
     <span class='ocr_line' id='line_1_50' title="bbox 462 4919 2042 4993; baseline 0.003 -18"><span class='ocrx_word' id='word_1_411' title='bbox 462 4930 556 4975; x_wconf 93' lang='lat' dir='ltr'><strong><em>tuo</em></strong></span> <span class='ocrx_word' id='word_1_412' title='bbox 580 4921 666 4976; x_wconf 89' lang='lat' dir='ltr'><strong><em>vel</em></strong></span> <span class='ocrx_word' id='word_1_413' title='bbox 691 4920 910 4976; x_wconf 90' lang='lat' dir='ltr'><strong><em>cuilibet</em></strong></span> <span class='ocrx_word' id='word_1_414' title='bbox 934 4920 1136 4975; x_wconf 90' lang='lat' dir='ltr'><strong><em>homini</em></strong></span> <span class='ocrx_word' id='word_1_415' title='bbox 1163 4919 1387 4986; x_wconf 88' lang='lat' dir='ltr'><strong><em>diceres,</em></strong></span> <span class='ocrx_word' id='word_1_416' title='bbox 1416 4920 1531 4976; x_wconf 89' lang='lat' dir='ltr'><strong><em>Non</em></strong></span> <span class='ocrx_word' id='word_1_417' title='bbox 1560 4920 1684 4990; x_wconf 84' lang='lat' dir='ltr'><strong><em>feci,</em></strong></span> <span class='ocrx_word' id='word_1_418' title='bbox 1713 4928 1768 4978; x_wconf 90' lang='lat' dir='ltr'><strong><em>et</em></strong></span> <span class='ocrx_word' id='word_1_419' title='bbox 1797 4929 2042 4993; x_wconf 77' lang='lat' dir='ltr'><strong><em>tangeres</em></strong></span> 
     </span>
    </p>
   </div>
   <div class='ocr_carea' id='block_1_51' title="bbox 465 5011 2043 5085">
    <p class='ocr_par' dir='ltr' id='par_1_51' title="bbox 465 5011 2043 5085">
     <span class='ocr_line' id='line_1_51' title="bbox 465 5011 2043 5085; baseline 0.003 -19"><span class='ocrx_word' id='word_1_420' title='bbox 465 5012 575 5068; x_wconf 89' lang='lat' dir='ltr'><strong><em>ﬁlio</em></strong></span> <span class='ocrx_word' id='word_1_421' title='bbox 604 5021 693 5066; x_wconf 92' lang='lat' dir='ltr'><strong><em>tuo</em></strong></span> <span class='ocrx_word' id='word_1_422' title='bbox 714 5021 890 5082; x_wconf 87' lang='lat' dir='ltr'><strong><em>caput,</em></strong></span> <span class='ocrx_word' id='word_1_423' title='bbox 917 5027 1023 5082; x_wconf 92' lang='lat' dir='ltr'><strong><em>quo</em></strong></span> <span class='ocrx_word' id='word_1_424' title='bbox 1047 5019 1184 5068; x_wconf 88' lang='lat' dir='ltr'><strong><em>teste</em></strong></span> <span class='ocrx_word' id='word_1_425' title='bbox 1211 5011 1405 5080; x_wconf 83' lang='lat' dir='ltr'><strong><em>fecisti,</em></strong></span> <span class='ocrx_word' id='word_1_426' title='bbox 1433 5022 1486 5067; x_wconf 90' lang='lat' dir='ltr'><strong><em>et</em></strong></span> <span class='ocrx_word' id='word_1_427' title='bbox 1508 5013 1739 5082; x_wconf 89' lang='lat' dir='ltr'><strong><em>diceres,</em></strong></span> <span class='ocrx_word' id='word_1_428' title='bbox 1763 5014 1865 5069; x_wconf 90' lang='lat' dir='ltr'><strong><em>Per</em></strong></span> <span class='ocrx_word' id='word_1_429' title='bbox 1885 5013 2043 5085; x_wconf 88' lang='lat' dir='ltr'><strong><em>hujus</em></strong></span> 
     </span>
    </p>
   </div>
   <div class='ocr_carea' id='block_1_52' title="bbox 463 5104 2044 5175">
    <p class='ocr_par' dir='ltr' id='par_1_52' title="bbox 463 5104 2044 5175">
     <span class='ocr_line' id='line_1_52' title="bbox 463 5104 2044 5175; baseline 0.003 -15"><span class='ocrx_word' id='word_1_430' title='bbox 463 5107 712 5171; x_wconf 88' lang='lat' dir='ltr'><strong><em>salutem,</em></strong></span> <span class='ocrx_word' id='word_1_431' title='bbox 743 5106 864 5175; x_wconf 89' lang='lat' dir='ltr'><strong><em>quia</em></strong></span> <span class='ocrx_word' id='word_1_432' title='bbox 890 5119 996 5161; x_wconf 91' lang='lat' dir='ltr'><strong><em>non</em></strong></span> <span class='ocrx_word' id='word_1_433' title='bbox 1013 5104 1117 5160; x_wconf 87' lang='lat' dir='ltr'><strong><em>feci</em></strong></span> <span class='ocrx_word' id='word_1_434' title='bbox 1130 5121 1145 5161; x_wconf 95' lang='lat'><strong><em>:</em></strong></span> <span class='ocrx_word' id='word_1_435' title='bbox 1160 5105 1478 5162; x_wconf 87' lang='lat' dir='ltr'><strong><em>exclamaret</em></strong></span> <span class='ocrx_word' id='word_1_436' title='bbox 1490 5106 1626 5162; x_wconf 87' lang='lat' dir='ltr'><strong><em>forte</em></strong></span> <span class='ocrx_word' id='word_1_437' title='bbox 1642 5107 1779 5163; x_wconf 88' lang='lat' dir='ltr'><strong><em>ﬁlius</em></strong></span> <span class='ocrx_word' id='word_1_438' title='bbox 1806 5115 1928 5164; x_wconf 89' lang='lat' dir='ltr'><strong><em>tuus</em></strong></span> <span class='ocrx_word' id='word_1_439' title='bbox 1944 5108 2044 5164; x_wconf 85' lang='lat' dir='ltr'><strong><em>sub</em></strong></span> 
     </span>
    </p>
   </div>
   <div class='ocr_carea' id='block_1_53' title="bbox 463 5204 2041 5269">
    <p class='ocr_par' dir='ltr' id='par_1_53' title="bbox 463 5204 2041 5269">
     <span class='ocr_line' id='line_1_53' title="bbox 463 5204 2041 5269; baseline 0.001 -16"><span class='ocrx_word' id='word_1_440' title='bbox 463 5208 682 5269; x_wconf 86' lang='lat' dir='ltr'><strong><em>paterna</em></strong></span> <span class='ocrx_word' id='word_1_441' title='bbox 707 5211 870 5252; x_wconf 89' lang='lat' dir='ltr'><strong><em>manu</em></strong></span> <span class='ocrx_word' id='word_1_442' title='bbox 902 5206 1157 5264; x_wconf 89' lang='lat' dir='ltr'><strong><em>tremens,</em></strong></span> <span class='ocrx_word' id='word_1_443' title='bbox 1179 5211 1280 5252; x_wconf 88' lang='lat' dir='ltr'><strong><em>nec</em></strong></span> <span class='ocrx_word' id='word_1_444' title='bbox 1299 5205 1477 5252; x_wconf 88' lang='lat' dir='ltr'><strong><em>tamen</em></strong></span> <span class='ocrx_word' id='word_1_445' title='bbox 1503 5204 1782 5267; x_wconf 86' lang='lat' dir='ltr'><strong><em>paternam</em></strong></span> <span class='ocrx_word' id='word_1_446' title='bbox 1802 5214 2041 5268; x_wconf 89' lang='lat' dir='ltr'><strong><em>manum,</em></strong></span> 
     </span>
    </p>
   </div>
   <div class='ocr_carea' id='block_1_54' title="bbox 461 5288 2045 5360">
    <p class='ocr_par' dir='ltr' id='par_1_54' title="bbox 461 5288 2045 5360">
     <span class='ocr_line' id='line_1_54' title="bbox 461 5288 2045 5360; baseline 0.003 -15"><span class='ocrx_word' id='word_1_447' title='bbox 461 5289 558 5345; x_wconf 79' lang='lat' dir='ltr'><strong><em>sed</em></strong></span> <span class='ocrx_word' id='word_1_448' title='bbox 585 5289 819 5346; x_wconf 86' lang='lat' dir='ltr'><strong><em>divinam</em></strong></span> <span class='ocrx_word' id='word_1_449' title='bbox 861 5297 1125 5358; x_wconf 87' lang='lat' dir='ltr'><strong><em>tremens,</em></strong></span> <span class='ocrx_word' id='word_1_450' title='bbox 1165 5288 1286 5349; x_wconf 81' lang='lat' dir='ltr'><strong><em>Noli</em></strong></span> <span class='ocrx_word' id='word_1_451' title='bbox 1324 5299 1495 5360; x_wconf 88' lang='lat' dir='ltr'><strong><em>pater,</em></strong></span> <span class='ocrx_word' id='word_1_452' title='bbox 1533 5305 1639 5347; x_wconf 91' lang='lat' dir='ltr'><strong><em>non</em></strong></span> <span class='ocrx_word' id='word_1_453' title='bbox 1683 5291 1778 5346; x_wconf 88' lang='lat' dir='ltr'><strong><em>tibi</em></strong></span> <span class='ocrx_word' id='word_1_454' title='bbox 1815 5293 1935 5349; x_wconf 89' lang='lat' dir='ltr'><strong><em>vilis</em></strong></span> <span class='ocrx_word' id='word_1_455' title='bbox 1975 5294 2045 5350; x_wconf 88' lang='lat' dir='ltr'><strong><em>sit</em></strong></span> 
     </span>
    </p>
   </div>
   <div class='ocr_carea' id='block_1_55' title="bbox 459 5382 2040 5459">
    <p class='ocr_par' dir='ltr' id='par_1_55' title="bbox 459 5382 2040 5459">
     <span class='ocr_line' id='line_1_55' title="bbox 459 5382 2040 5459; baseline 0.004 -23"><span class='ocrx_word' id='word_1_456' title='bbox 459 5382 608 5436; x_wconf 84' lang='lat' dir='ltr'><strong><em>salus</em></strong></span> <span class='ocrx_word' id='word_1_457' title='bbox 647 5397 799 5449; x_wconf 89' lang='lat' dir='ltr'><strong><em>mea;</em></strong></span> <span class='ocrx_word' id='word_1_458' title='bbox 831 5383 998 5438; x_wconf 90' lang='lat' dir='ltr'><strong><em>Deum</em></strong></span> <span class='ocrx_word' id='word_1_459' title='bbox 1043 5399 1205 5455; x_wconf 86' lang='lat' dir='ltr'><strong><em>super</em></strong></span> <span class='ocrx_word' id='word_1_460' title='bbox 1249 5397 1337 5439; x_wconf 91' lang='lat' dir='ltr'><strong><em>me</em></strong></span> <span class='ocrx_word' id='word_1_461' title='bbox 1379 5384 1666 5452; x_wconf 83' lang='lat' dir='ltr'><strong><em>invocasti,</em></strong></span> <span class='ocrx_word' id='word_1_462' title='bbox 1692 5399 1793 5455; x_wconf 82' lang='lat' dir='ltr'><strong><em>ego</em></strong></span> <span class='ocrx_word' id='word_1_463' title='bbox 1819 5393 1874 5442; x_wconf 91' lang='lat' dir='ltr'><strong><em>te</em></strong></span> <span class='ocrx_word' id='word_1_464' title='bbox 1899 5387 2040 5459; x_wconf 92' lang='lat' dir='ltr'><strong><em>vidi,</em></strong></span> 
     </span>
    </p>
   </div>
   <div class='ocr_carea' id='block_1_56' title="bbox 461 5459 2041 5550">
    <p class='ocr_par' dir='ltr' id='par_1_56' title="bbox 461 5459 2041 5550">
     <span class='ocr_line' id='line_1_56' title="bbox 461 5459 2041 5550; baseline 0.006 -25"><span class='ocrx_word' id='word_1_465' title='bbox 461 5459 667 5538; x_wconf 64' lang='lat' dir='ltr'><strong><em>feasti,</em></strong></span> <span class='ocrx_word' id='word_1_466' title='bbox 699 5473 807 5530; x_wconf 91' lang='lat' dir='ltr'><strong><em>noli</em></strong></span> <span class='ocrx_word' id='word_1_467' title='bbox 850 5474 1129 5544; x_wconf 89' lang='lat' dir='ltr'><strong><em>pejerare:</em></strong></span> <span class='ocrx_word' id='word_1_468' title='bbox 1158 5484 1209 5530; x_wconf 87' lang='lat' dir='ltr'><strong><em>te</em></strong></span> <span class='ocrx_word' id='word_1_469' title='bbox 1243 5474 1455 5544; x_wconf 90' lang='lat' dir='ltr'><strong><em>quidem</em></strong></span> <span class='ocrx_word' id='word_1_470' title='bbox 1494 5473 1666 5532; x_wconf 86' lang='lat' dir='ltr'><strong><em>habeo</em></strong></span> <span class='ocrx_word' id='word_1_471' title='bbox 1707 5476 2003 5547; x_wconf 78' lang='lat' dir='ltr'><strong><em>genitorem</em></strong></span> <span class='ocrx_word' id='word_1_472' title='bbox 2024 5520 2041 5550; x_wconf 94' lang='lat'><strong><em>,</em></strong></span> 
     </span>
    </p>
   </div>
   <div class='ocr_carea' id='block_1_57' title="bbox 460 5562 1772 5635">
    <p class='ocr_par' dir='ltr' id='par_1_57' title="bbox 460 5562 1772 5635">
     <span class='ocr_line' id='line_1_57' title="bbox 460 5562 1772 5635; baseline 0.002 -15"><span class='ocrx_word' id='word_1_473' title='bbox 460 5562 558 5620; x_wconf 84' lang='lat' dir='ltr'><strong><em>sed</em></strong></span> <span class='ocrx_word' id='word_1_474' title='bbox 580 5564 701 5635; x_wconf 88' lang='lat' dir='ltr'><strong><em>plus</em></strong></span> <span class='ocrx_word' id='word_1_475' title='bbox 723 5573 777 5620; x_wconf 90' lang='lat' dir='ltr'><strong><em>et</em></strong></span> <span class='ocrx_word' id='word_1_476' title='bbox 804 5573 952 5620; x_wconf 90' lang='lat' dir='ltr'><strong><em>tuum</em></strong></span> <span class='ocrx_word' id='word_1_477' title='bbox 980 5574 1035 5622; x_wconf 90' lang='lat' dir='ltr'><strong><em>et</em></strong></span> <span class='ocrx_word' id='word_1_478' title='bbox 1058 5581 1234 5624; x_wconf 91' lang='lat' dir='ltr'><strong><em>meum</em></strong></span> <span class='ocrx_word' id='word_1_479' title='bbox 1259 5567 1423 5624; x_wconf 88' lang='lat' dir='ltr'><strong><em>timeo</em></strong></span> <span class='ocrx_word' id='word_1_480' title='bbox 1443 5566 1772 5624; x_wconf 84' lang='lat' dir='ltr'><strong><em>Creatorem.</em></strong></span> 
     </span>
    </p>
   </div>
   <div class='ocr_carea' id='block_1_58' title="bbox 532 5657 2038 5736">
    <p class='ocr_par' dir='ltr' id='par_1_58' title="bbox 532 5657 2038 5736">
     <span class='ocr_line' id='line_1_58' title="bbox 532 5657 2038 5736; baseline 0.006 -23"><span class='ocrx_word' id='word_1_481' title='bbox 532 5657 760 5714; x_wconf 82' lang='lat' dir='ltr'><strong><em>CAPUT</em></strong></span> <span class='ocrx_word' id='word_1_482' title='bbox 804 5659 1011 5715; x_wconf 78' lang='lat' dir='ltr'><strong><em>Vll.—</em></strong></span> <span class='ocrx_word' id='word_1_483' title='bbox 1037 5662 1092 5719; x_wconf 90' lang='lat'><strong><em>8.</em></strong></span> <span class='ocrx_word' id='word_1_484' title='bbox 1139 5660 1436 5735; x_wconf 83' lang='lat' dir='ltr'><strong><em>Perjurium</em></strong></span> <span class='ocrx_word' id='word_1_485' title='bbox 1479 5662 1663 5718; x_wconf 80' lang='lat' dir='ltr'><strong><em>anima:</em></strong></span> <span class='ocrx_word' id='word_1_486' title='bbox 1705 5664 2038 5736; x_wconf 82' lang='lat' dir='ltr'><strong><em>mortiferum.</em></strong></span> 
     </span>
    </p>
   </div>
   <div class='ocr_carea' id='block_1_59' title="bbox 468 5745 2039 5827">
    <p class='ocr_par' dir='ltr' id='par_1_59' title="bbox 468 5745 2039 5827">
     <span class='ocr_line' id='line_1_59' title="bbox 468 5745 2039 5827; baseline 0.008 -26"><span class='ocrx_word' id='word_1_487' title='bbox 468 5745 589 5802; x_wconf 82' lang='lat' dir='ltr'><strong><em>Vita</em></strong></span> <span class='ocrx_word' id='word_1_488' title='bbox 607 5750 835 5820; x_wconf 86' lang='lat' dir='ltr'><strong><em>corporis</em></strong></span> <span class='ocrx_word' id='word_1_489' title='bbox 861 5751 1050 5822; x_wconf 79' lang='lat' dir='ltr'><strong><em>anima,</em></strong></span> <span class='ocrx_word' id='word_1_490' title='bbox 1084 5753 1187 5809; x_wconf 85' lang='lat' dir='ltr'><strong><em>uita</em></strong></span> <span class='ocrx_word' id='word_1_491' title='bbox 1208 5753 1392 5810; x_wconf 81' lang='lat' dir='ltr'><strong><em>animo:</em></strong></span> <span class='ocrx_word' id='word_1_492' title='bbox 1415 5751 1574 5809; x_wconf 84' lang='lat' dir='ltr'><strong><em>Deus.</em></strong></span> <span class='ocrx_word' id='word_1_493' title='bbox 1603 5752 1708 5811; x_wconf 88' lang='lat' dir='ltr'><strong><em>Sed</em></strong></span> <span class='ocrx_word' id='word_1_494' title='bbox 1735 5753 1857 5827; x_wconf 76' lang='lat' dir='ltr'><strong><em>quia</em></strong></span> <span class='ocrx_word' id='word_1_495' title='bbox 1878 5755 2039 5826; x_wconf 86' lang='lat' dir='ltr'><strong><em>Deus,</em></strong></span> 
     </span>
    </p>
   </div>
   <div class='ocr_carea' id='block_1_60' title="bbox 466 5840 2041 5920">
    <p class='ocr_par' dir='ltr' id='par_1_60' title="bbox 466 5840 2041 5920">
     <span class='ocr_line' id='line_1_60' title="bbox 466 5840 2041 5920; baseline 0.007 -23"><span class='ocrx_word' id='word_1_496' title='bbox 466 5840 677 5912; x_wconf 85' lang='lat' dir='ltr'><strong><em>quando</em></strong></span> <span class='ocrx_word' id='word_1_497' title='bbox 699 5856 792 5913; x_wconf 89' lang='lat' dir='ltr'><strong><em>per</em></strong></span> <span class='ocrx_word' id='word_1_498' title='bbox 818 5857 936 5901; x_wconf 89' lang='lat' dir='ltr'><strong><em>eum</em></strong></span> <span class='ocrx_word' id='word_1_499' title='bbox 959 5843 1127 5919; x_wconf 78' lang='lat' dir='ltr'><strong><em>iuras,</em></strong></span> <span class='ocrx_word' id='word_1_500' title='bbox 1146 5862 1252 5907; x_wconf 91' lang='lat' dir='ltr'><strong><em>non</em></strong></span> <span class='ocrx_word' id='word_1_501' title='bbox 1271 5846 1368 5907; x_wconf 89' lang='lat' dir='ltr'><strong><em>tibi</em></strong></span> <span class='ocrx_word' id='word_1_502' title='bbox 1393 5845 1538 5918; x_wconf 85' lang='lat' dir='ltr'><strong><em>dicit,</em></strong></span> <span class='ocrx_word' id='word_1_503' title='bbox 1565 5847 1676 5920; x_wconf 74' lang='lat' dir='ltr'><strong><em>Ego</em></strong></span> <span class='ocrx_word' id='word_1_504' title='bbox 1697 5855 1750 5906; x_wconf 88' lang='lat' dir='ltr'><strong><em>te</em></strong></span> <span class='ocrx_word' id='word_1_505' title='bbox 1773 5846 1904 5918; x_wconf 79' lang='lat' dir='ltr'><strong><em>vidi,</em></strong></span> <span class='ocrx_word' id='word_1_506' title='bbox 1931 5850 2041 5908; x_wconf 90' lang='lat' dir='ltr'><strong><em>noli</em></strong></span> 
     </span>
    </p>
   </div>
   <div class='ocr_carea' id='block_1_61' title="bbox 1687 368 3702 470">
    <p class='ocr_par' dir='ltr' id='par_1_61' title="bbox 1687 368 3702 470">
     <span class='ocr_line' id='line_1_61' title="bbox 1687 368 3702 470; baseline -0.003 0"><span class='ocrx_word' id='word_1_507' title='bbox 1687 414 1745 470; x_wconf 91' lang='lat' dir='ltr'><strong><em>s.</em></strong></span> <span class='ocrx_word' id='word_1_508' title='bbox 1785 405 2148 470; x_wconf 67' lang='lat' dir='ltr'><strong><em>aucusrnu</em></strong></span> <span class='ocrx_word' id='word_1_509' title='bbox 2179 405 2480 466; x_wconf 83' lang='lat' dir='ltr'><strong><em>EPISCOPI</em></strong></span> <span class='ocrx_word' id='word_1_510' title='bbox 3184 368 3186 370; x_wconf 57' lang='grc'>’</span> <span class='ocrx_word' id='word_1_511' title='bbox 3609 401 3702 464; x_wconf 72' lang='lat' dir='ltr'><strong><em>ora</em></strong></span> 
     </span>
    </p>
   </div>
   <div class='ocr_carea' id='block_1_62' title="bbox 2139 517 3704 597">
    <p class='ocr_par' dir='ltr' id='par_1_62' title="bbox 2139 517 3704 597">
     <span class='ocr_line' id='line_1_62' title="bbox 2139 517 3704 597; baseline -0.003 -16"><span class='ocrx_word' id='word_1_512' title='bbox 2139 527 2346 597; x_wconf 89' lang='lat' dir='ltr'><strong><em>jurare,</em></strong></span> <span class='ocrx_word' id='word_1_513' title='bbox 2378 524 2545 580; x_wconf 79' lang='lat' dir='ltr'><strong><em>fecisti</em></strong></span> <span class='ocrx_word' id='word_1_514' title='bbox 2571 538 2584 574; x_wconf 89' lang='lat'><strong><em>:</em></strong></span> <span class='ocrx_word' id='word_1_515' title='bbox 2608 520 2703 577; x_wconf 90' lang='lat' dir='ltr'><strong><em>sed</em></strong></span> <span class='ocrx_word' id='word_1_516' title='bbox 2730 521 2884 576; x_wconf 87' lang='lat' dir='ltr'><strong><em>times</em></strong></span> <span class='ocrx_word' id='word_1_517' title='bbox 2911 532 2977 575; x_wconf 91' lang='lat' dir='ltr'><strong><em>ne</em></strong></span> <span class='ocrx_word' id='word_1_518' title='bbox 2997 527 3051 575; x_wconf 92' lang='lat' dir='ltr'><strong><em>te</em></strong></span> <span class='ocrx_word' id='word_1_519' title='bbox 3071 517 3171 576; x_wconf 87' lang='lat' dir='ltr'><strong><em>iste</em></strong></span> <span class='ocrx_word' id='word_1_520' title='bbox 3191 517 3416 587; x_wconf 87' lang='lat' dir='ltr'><strong><em>occidat,</em></strong></span> <span class='ocrx_word' id='word_1_521' title='bbox 3441 525 3499 574; x_wconf 91' lang='lat' dir='ltr'><strong><em>tu</em></strong></span> <span class='ocrx_word' id='word_1_522' title='bbox 3521 525 3576 576; x_wconf 91' lang='lat' dir='ltr'><strong><em>te</em></strong></span> <span class='ocrx_word' id='word_1_523' title='bbox 3593 531 3704 577; x_wconf 85' lang='lat' dir='ltr'><strong><em>ante</em></strong></span> 
     </span>
    </p>
   </div>
   <div class='ocr_carea' id='block_1_63' title="bbox 2145 609 3707 683">
    <p class='ocr_par' dir='ltr' id='par_1_63' title="bbox 2145 609 3707 683">
     <span class='ocr_line' id='line_1_63' title="bbox 2145 609 3707 683; baseline -0.003 -12"><span class='ocrx_word' id='word_1_524' title='bbox 2145 615 2341 671; x_wconf 88' lang='lat' dir='ltr'><strong><em>occidis</em></strong></span> <span class='ocrx_word' id='word_1_525' title='bbox 2366 632 2380 668; x_wconf 95' lang='lat'><strong><em>:</em></strong></span> <span class='ocrx_word' id='word_1_526' title='bbox 2404 613 2524 683; x_wconf 90' lang='lat' dir='ltr'><strong><em>quia</em></strong></span> <span class='ocrx_word' id='word_1_527' title='bbox 2551 626 2678 683; x_wconf 81' lang='lat' dir='ltr'><strong><em>ergo</em></strong></span> <span class='ocrx_word' id='word_1_528' title='bbox 2697 623 2804 667; x_wconf 88' lang='lat' dir='ltr'><strong><em>non</em></strong></span> <span class='ocrx_word' id='word_1_529' title='bbox 2832 610 2995 678; x_wconf 92' lang='lat' dir='ltr'><strong><em>dicit,</em></strong></span> <span class='ocrx_word' id='word_1_530' title='bbox 3029 610 3140 680; x_wconf 80' lang='lat' dir='ltr'><strong><em>Ego</em></strong></span> <span class='ocrx_word' id='word_1_531' title='bbox 3166 617 3220 666; x_wconf 90' lang='lat' dir='ltr'><strong><em>te</em></strong></span> <span class='ocrx_word' id='word_1_532' title='bbox 3245 609 3388 677; x_wconf 90' lang='lat' dir='ltr'><strong><em>vidi,</em></strong></span> <span class='ocrx_word' id='word_1_533' title='bbox 3416 617 3571 680; x_wconf 89' lang='lat' dir='ltr'><strong><em>putas</em></strong></span> <span class='ocrx_word' id='word_1_534' title='bbox 3594 613 3707 681; x_wconf 83' lang='lat' dir='ltr'><strong><em>quia</em></strong></span> 
     </span>
    </p>
   </div>
   <div class='ocr_carea' id='block_1_64' title="bbox 2145 701 3707 774">
    <p class='ocr_par' dir='ltr' id='par_1_64' title="bbox 2145 701 3707 774">
     <span class='ocr_line' id='line_1_64' title="bbox 2145 701 3707 774; baseline -0.002 -13"><span class='ocrx_word' id='word_1_535' title='bbox 2145 723 2253 762; x_wconf 92' lang='lat' dir='ltr'><strong><em>non</em></strong></span> <span class='ocrx_word' id='word_1_536' title='bbox 2283 706 2448 761; x_wconf 80' lang='lat' dir='ltr'><strong><em>vidit?</em></strong></span> <span class='ocrx_word' id='word_1_537' title='bbox 2473 706 2539 760; x_wconf 89' lang='lat' dir='ltr'><strong><em>Et</em></strong></span> <span class='ocrx_word' id='word_1_538' title='bbox 2566 704 2655 761; x_wconf 91' lang='lat' dir='ltr'><strong><em>ubi</em></strong></span> <span class='ocrx_word' id='word_1_539' title='bbox 2680 713 2761 760; x_wconf 92' lang='lat' dir='ltr'><strong><em>est</em></strong></span> <span class='ocrx_word' id='word_1_540' title='bbox 2797 703 2938 774; x_wconf 91' lang='lat' dir='ltr'><strong><em>quod</em></strong></span> <span class='ocrx_word' id='word_1_541' title='bbox 2977 703 3141 758; x_wconf 90' lang='lat' dir='ltr'><strong><em>dicit:</em></strong></span> <span class='ocrx_word' id='word_1_542' title='bbox 3168 701 3346 769; x_wconf 87' lang='lat' dir='ltr'><strong><em>Tacui,</em></strong></span> <span class='ocrx_word' id='word_1_543' title='bbox 3373 704 3506 758; x_wconf 82' lang='lat' dir='ltr'><strong><em>tacui</em></strong></span> <span class='ocrx_word' id='word_1_544' title='bbox 3521 719 3544 768; x_wconf 88' lang='lat'><strong><em>;</em></strong></span> <span class='ocrx_word' id='word_1_545' title='bbox 3567 719 3707 758; x_wconf 74' lang='lat' dir='ltr'><strong><em>num-</em></strong></span> 
     </span>
    </p>
   </div>
   <div class='ocr_carea' id='block_1_65' title="bbox 2145 790 3710 868">
    <p class='ocr_par' dir='ltr' id='par_1_65' title="bbox 2145 790 3710 868">
     <span class='ocr_line' id='line_1_65' title="bbox 2145 790 3710 868; baseline 0 -19"><span class='ocrx_word' id='word_1_546' title='bbox 2145 797 2264 868; x_wconf 83' lang='lat' dir='ltr'><strong><em>quid</em></strong></span> <span class='ocrx_word' id='word_1_547' title='bbox 2293 811 2487 867; x_wconf 86' lang='lat' dir='ltr'><strong><em>semper</em></strong></span> <span class='ocrx_word' id='word_1_548' title='bbox 2511 793 2678 850; x_wconf 80' lang='lat' dir='ltr'><strong><em>tacebo</em></strong></span> <span class='ocrx_word' id='word_1_549' title='bbox 2702 793 2850 864; x_wconf 89' lang='lat' dir='ltr'><strong><em>(Isai.</em></strong></span> <span class='ocrx_word' id='word_1_550' title='bbox 2877 809 3006 859; x_wconf 77' lang='lat' dir='ltr'><strong><em>xui,</em></strong></span> <span class='ocrx_word' id='word_1_551' title='bbox 3031 790 3161 866; x_wconf 60' lang='lat' dir='ltr'><strong><em>id)?</em></strong></span> <span class='ocrx_word' id='word_1_552' title='bbox 3184 791 3254 848; x_wconf 88' lang='lat' dir='ltr'><strong><em>Et</em></strong></span> <span class='ocrx_word' id='word_1_553' title='bbox 3278 798 3456 849; x_wconf 85' lang='lat' dir='ltr'><strong><em>tamen</em></strong></span> <span class='ocrx_word' id='word_1_554' title='bbox 3487 793 3710 864; x_wconf 84' lang='lat' dir='ltr'><strong><em>plerum-</em></strong></span> 
     </span>
    </p>
   </div>
   <div class='ocr_carea' id='block_1_66' title="bbox 2146 883 3711 958">
    <p class='ocr_par' dir='ltr' id='par_1_66' title="bbox 2146 883 3711 958">
     <span class='ocr_line' id='line_1_66' title="bbox 2146 883 3711 958; baseline 0.001 -16"><span class='ocrx_word' id='word_1_555' title='bbox 2146 903 2250 958; x_wconf 90' lang='lat' dir='ltr'><strong><em>que</em></strong></span> <span class='ocrx_word' id='word_1_556' title='bbox 2275 887 2424 955; x_wconf 91' lang='lat' dir='ltr'><strong><em>dicit,</em></strong></span> <span class='ocrx_word' id='word_1_557' title='bbox 2457 887 2568 958; x_wconf 78' lang='lat' dir='ltr'><strong><em>Ego</em></strong></span> <span class='ocrx_word' id='word_1_558' title='bbox 2590 895 2642 943; x_wconf 92' lang='lat' dir='ltr'><strong><em>te</em></strong></span> <span class='ocrx_word' id='word_1_559' title='bbox 2662 885 2769 942; x_wconf 91' lang='lat' dir='ltr'><strong><em>vidi</em></strong></span> <span class='ocrx_word' id='word_1_560' title='bbox 2795 904 2809 942; x_wconf 92' lang='lat'><strong><em>:</em></strong></span> <span class='ocrx_word' id='word_1_561' title='bbox 2837 885 2932 942; x_wconf 91' lang='lat' dir='ltr'><strong><em>sed</em></strong></span> <span class='ocrx_word' id='word_1_562' title='bbox 2955 885 3110 941; x_wconf 89' lang='lat' dir='ltr'><strong><em>aliter</em></strong></span> <span class='ocrx_word' id='word_1_563' title='bbox 3141 883 3356 957; x_wconf 91' lang='lat' dir='ltr'><strong><em>quando</em></strong></span> <span class='ocrx_word' id='word_1_564' title='bbox 3394 885 3625 942; x_wconf 88' lang='lat' dir='ltr'><strong><em>vindicat</em></strong></span> <span class='ocrx_word' id='word_1_565' title='bbox 3664 887 3711 944; x_wconf 91' lang='lat' dir='ltr'><strong><em>in</em></strong></span> 
     </span>
    </p>
   </div>
   <div class='ocr_carea' id='block_1_67' title="bbox 2147 977 3711 1053">
    <p class='ocr_par' dir='ltr' id='par_1_67' title="bbox 2147 977 3711 1053">
     <span class='ocr_line' id='line_1_67' title="bbox 2147 977 3711 1053; baseline -0.001 -16"><span class='ocrx_word' id='word_1_566' title='bbox 2147 982 2441 1053; x_wconf 89' lang='lat' dir='ltr'><strong><em>perjurum.</em></strong></span> <span class='ocrx_word' id='word_1_567' title='bbox 2461 981 2567 1037; x_wconf 91' lang='lat' dir='ltr'><strong><em>Sed</em></strong></span> <span class='ocrx_word' id='word_1_568' title='bbox 2596 996 2703 1038; x_wconf 92' lang='lat' dir='ltr'><strong><em>non</em></strong></span> <span class='ocrx_word' id='word_1_569' title='bbox 2727 981 2782 1035; x_wconf 90' lang='lat' dir='ltr'><strong><em>in</em></strong></span> <span class='ocrx_word' id='word_1_570' title='bbox 2809 993 2996 1035; x_wconf 90' lang='lat' dir='ltr'><strong><em>omnes</em></strong></span> <span class='ocrx_word' id='word_1_571' title='bbox 3019 978 3256 1034; x_wconf 90' lang='lat' dir='ltr'><strong><em>vindicat</em></strong></span> <span class='ocrx_word' id='word_1_572' title='bbox 3287 996 3300 1032; x_wconf 94' lang='lat'><strong><em>:</em></strong></span> <span class='ocrx_word' id='word_1_573' title='bbox 3331 977 3452 1034; x_wconf 92' lang='lat' dir='ltr'><strong><em>ideo</em></strong></span> <span class='ocrx_word' id='word_1_574' title='bbox 3477 977 3711 1036; x_wconf 89' lang='lat' dir='ltr'><strong><em>homines</em></strong></span> 
     </span>
    </p>
   </div>
   <div class='ocr_carea' id='block_1_68' title="bbox 2147 1069 3712 1144">
    <p class='ocr_par' dir='ltr' id='par_1_68' title="bbox 2147 1069 3712 1144">
     <span class='ocr_line' id='line_1_68' title="bbox 2147 1069 3712 1144; baseline -0.001 -15"><span class='ocrx_word' id='word_1_575' title='bbox 2147 1074 2474 1129; x_wconf 67' lang='lat' dir='ltr'><strong><em>aediﬁcantur</em></strong></span> <span class='ocrx_word' id='word_1_576' title='bbox 2494 1075 2562 1129; x_wconf 91' lang='lat' dir='ltr'><strong><em>ad</em></strong></span> <span class='ocrx_word' id='word_1_577' title='bbox 2587 1073 2891 1144; x_wconf 88' lang='lat' dir='ltr'><strong><em>exemplum</em></strong></span> <span class='ocrx_word' id='word_1_578' title='bbox 2911 1073 2950 1125; x_wconf 78' lang='grc' dir='ltr'><strong><em>ί.</em></strong></span> <span class='ocrx_word' id='word_1_579' title='bbox 2971 1072 3082 1142; x_wconf 79' lang='lat' dir='ltr'><strong><em>Ego</em></strong></span> <span class='ocrx_word' id='word_1_580' title='bbox 3107 1072 3238 1136; x_wconf 87' lang='lat' dir='ltr'><strong><em>scio,</em></strong></span> <span class='ocrx_word' id='word_1_581' title='bbox 3259 1070 3350 1127; x_wconf 93' lang='lat' dir='ltr'><strong><em>ille</em></strong></span> <span class='ocrx_word' id='word_1_582' title='bbox 3373 1071 3503 1126; x_wconf 89' lang='lat' dir='ltr'><strong><em>mihi</em></strong></span> <span class='ocrx_word' id='word_1_583' title='bbox 3530 1069 3712 1128; x_wconf 82' lang='lat' dir='ltr'><strong><em>falsum</em></strong></span> 
     </span>
    </p>
   </div>
   <div class='ocr_carea' id='block_1_69' title="bbox 2141 1162 3715 1235">
    <p class='ocr_par' dir='ltr' id='par_1_69' title="bbox 2141 1162 3715 1235">
     <span class='ocr_line' id='line_1_69' title="bbox 2141 1162 3715 1235; baseline -0.001 -16"><span class='ocrx_word' id='word_1_584' title='bbox 2141 1164 2356 1235; x_wconf 88' lang='lat' dir='ltr'><strong><em>juravit,</em></strong></span> <span class='ocrx_word' id='word_1_585' title='bbox 2393 1174 2446 1220; x_wconf 90' lang='lat' dir='ltr'><strong><em>et</em></strong></span> <span class='ocrx_word' id='word_1_586' title='bbox 2474 1165 2620 1220; x_wconf 88' lang='lat' dir='ltr'><strong><em>vivit.</em></strong></span> <span class='ocrx_word' id='word_1_587' title='bbox 2647 1164 2740 1220; x_wconf 87' lang='lat' dir='ltr'><strong><em>Ille</em></strong></span> <span class='ocrx_word' id='word_1_588' title='bbox 2760 1163 2854 1219; x_wconf 89' lang='lat' dir='ltr'><strong><em>tibi</em></strong></span> <span class='ocrx_word' id='word_1_589' title='bbox 2879 1163 3069 1219; x_wconf 87' lang='lat' dir='ltr'><strong><em>falsum</em></strong></span> <span class='ocrx_word' id='word_1_590' title='bbox 3087 1163 3304 1233; x_wconf 90' lang='lat' dir='ltr'><strong><em>juravit,</em></strong></span> <span class='ocrx_word' id='word_1_591' title='bbox 3333 1171 3387 1218; x_wconf 91' lang='lat' dir='ltr'><strong><em>et</em></strong></span> <span class='ocrx_word' id='word_1_592' title='bbox 3413 1162 3577 1218; x_wconf 77' lang='lat' dir='ltr'><strong><em>vivit?</em></strong></span> <span class='ocrx_word' id='word_1_593' title='bbox 3602 1163 3715 1218; x_wconf 82' lang='lat' dir='ltr'><strong><em>Fal-</em></strong></span> 
     </span>
    </p>
   </div>
   <div class='ocr_carea' id='block_1_70' title="bbox 2146 1255 3712 1327">
    <p class='ocr_par' dir='ltr' id='par_1_70' title="bbox 2146 1255 3712 1327">
     <span class='ocr_line' id='line_1_70' title="bbox 2146 1255 3712 1327; baseline -0.001 -16"><span class='ocrx_word' id='word_1_594' title='bbox 2146 1270 2262 1312; x_wconf 92' lang='lat' dir='ltr'><strong><em>sum</em></strong></span> <span class='ocrx_word' id='word_1_595' title='bbox 2283 1257 2500 1327; x_wconf 90' lang='lat' dir='ltr'><strong><em>juravit,</em></strong></span> <span class='ocrx_word' id='word_1_596' title='bbox 2525 1266 2579 1313; x_wconf 90' lang='lat' dir='ltr'><strong><em>et</em></strong></span> <span class='ocrx_word' id='word_1_597' title='bbox 2599 1257 2761 1312; x_wconf 87' lang='lat' dir='ltr'><strong><em>vivit:</em></strong></span> <span class='ocrx_word' id='word_1_598' title='bbox 2785 1257 2877 1313; x_wconf 89' lang='lat' dir='ltr'><strong><em>ille</em></strong></span> <span class='ocrx_word' id='word_1_599' title='bbox 2903 1255 3094 1312; x_wconf 84' lang='lat' dir='ltr'><strong><em>falsum</em></strong></span> <span class='ocrx_word' id='word_1_600' title='bbox 3117 1255 3334 1327; x_wconf 87' lang='lat' dir='ltr'><strong><em>juravit.</em></strong></span> <span class='ocrx_word' id='word_1_601' title='bbox 3357 1255 3438 1311; x_wconf 89' lang='lat' dir='ltr'><strong><em>Tu</em></strong></span> <span class='ocrx_word' id='word_1_602' title='bbox 3463 1256 3658 1312; x_wconf 90' lang='lat' dir='ltr'><strong><em>falleris</em></strong></span> <span class='ocrx_word' id='word_1_603' title='bbox 3674 1257 3712 1310; x_wconf 81' lang='lat'><strong><em>&#39;.</em></strong></span> 
     </span>
    </p>
   </div>
   <div class='ocr_carea' id='block_1_71' title="bbox 2146 1345 3716 1417">
    <p class='ocr_par' dir='ltr' id='par_1_71' title="bbox 2146 1345 3716 1417">
     <span class='ocr_line' id='line_1_71' title="bbox 2146 1345 3716 1417; baseline 0 -15"><span class='ocrx_word' id='word_1_604' title='bbox 2146 1346 2202 1402; x_wconf 94' lang='lat' dir='ltr'><strong><em>Si</em></strong></span> <span class='ocrx_word' id='word_1_605' title='bbox 2231 1357 2285 1402; x_wconf 92' lang='lat' dir='ltr'><strong><em>tu</em></strong></span> <span class='ocrx_word' id='word_1_606' title='bbox 2313 1349 2497 1404; x_wconf 92' lang='lat' dir='ltr'><strong><em>oculos</em></strong></span> <span class='ocrx_word' id='word_1_607' title='bbox 2526 1348 2752 1404; x_wconf 89' lang='lat' dir='ltr'><strong><em>haberes</em></strong></span> <span class='ocrx_word' id='word_1_608' title='bbox 2788 1346 2931 1403; x_wconf 90' lang='lat' dir='ltr'><strong><em>unde</em></strong></span> <span class='ocrx_word' id='word_1_609' title='bbox 2970 1354 3197 1402; x_wconf 88' lang='lat' dir='ltr'><strong><em>mortem</em></strong></span> <span class='ocrx_word' id='word_1_610' title='bbox 3225 1345 3382 1417; x_wconf 88' lang='lat' dir='ltr'><strong><em>hujus</em></strong></span> <span class='ocrx_word' id='word_1_611' title='bbox 3410 1345 3650 1412; x_wconf 84' lang='lat' dir='ltr'><strong><em>videres,</em></strong></span> <span class='ocrx_word' id='word_1_612' title='bbox 3674 1347 3716 1402; x_wconf 91' lang='lat' dir='ltr'><strong><em>si</em></strong></span> 
     </span>
    </p>
   </div>
   <div class='ocr_carea' id='block_1_72' title="bbox 2146 1434 3717 1508">
    <p class='ocr_par' dir='ltr' id='par_1_72' title="bbox 2146 1434 3717 1508">
     <span class='ocr_line' id='line_1_72' title="bbox 2146 1434 3717 1508; baseline 0.001 -17"><span class='ocrx_word' id='word_1_613' title='bbox 2146 1445 2201 1491; x_wconf 90' lang='lat' dir='ltr'><strong><em>et</em></strong></span> <span class='ocrx_word' id='word_1_614' title='bbox 2227 1438 2357 1492; x_wconf 87' lang='lat' dir='ltr'><strong><em>tuin</em></strong></span> <span class='ocrx_word' id='word_1_615' title='bbox 2383 1453 2448 1493; x_wconf 91' lang='lat' dir='ltr'><strong><em>eo</em></strong></span> <span class='ocrx_word' id='word_1_616' title='bbox 2473 1437 2615 1508; x_wconf 91' lang='lat' dir='ltr'><strong><em>quod</em></strong></span> <span class='ocrx_word' id='word_1_617' title='bbox 2639 1446 2722 1493; x_wconf 90' lang='lat' dir='ltr'><strong><em>est</em></strong></span> <span class='ocrx_word' id='word_1_618' title='bbox 2746 1437 2904 1506; x_wconf 91' lang='lat' dir='ltr'><strong><em>mori,</em></strong></span> <span class='ocrx_word' id='word_1_619' title='bbox 2923 1445 2978 1493; x_wconf 91' lang='lat' dir='ltr'><strong><em>et</em></strong></span> <span class='ocrx_word' id='word_1_620' title='bbox 2998 1451 3105 1492; x_wconf 92' lang='lat' dir='ltr'><strong><em>non</em></strong></span> <span class='ocrx_word' id='word_1_621' title='bbox 3124 1437 3284 1503; x_wconf 91' lang='lat' dir='ltr'><strong><em>mori,</em></strong></span> <span class='ocrx_word' id='word_1_622' title='bbox 3309 1450 3415 1491; x_wconf 89' lang='lat' dir='ltr'><strong><em>non</em></strong></span> <span class='ocrx_word' id='word_1_623' title='bbox 3440 1434 3717 1506; x_wconf 78' lang='lat' dir='ltr'><strong><em>iallereris,</em></strong></span> 
     </span>
    </p>
   </div>
   <div class='ocr_carea' id='block_1_73' title="bbox 2144 1525 3715 1599">
    <p class='ocr_par' dir='ltr' id='par_1_73' title="bbox 2144 1525 3715 1599">
     <span class='ocr_line' id='line_1_73' title="bbox 2144 1525 3715 1599; baseline 0.001 -18"><span class='ocrx_word' id='word_1_624' title='bbox 2144 1527 2354 1583; x_wconf 88' lang='lat' dir='ltr'><strong><em>videres</em></strong></span> <span class='ocrx_word' id='word_1_625' title='bbox 2383 1527 2543 1599; x_wconf 90' lang='lat' dir='ltr'><strong><em>hujus</em></strong></span> <span class='ocrx_word' id='word_1_626' title='bbox 2565 1537 2814 1584; x_wconf 89' lang='lat' dir='ltr'><strong><em>mortem.</em></strong></span> <span class='ocrx_word' id='word_1_627' title='bbox 2836 1529 2904 1584; x_wconf 91' lang='lat' dir='ltr'><strong><em>Et</em></strong></span> <span class='ocrx_word' id='word_1_628' title='bbox 2931 1527 3091 1584; x_wconf 92' lang='lat' dir='ltr'><strong><em>modo</em></strong></span> <span class='ocrx_word' id='word_1_629' title='bbox 3116 1525 3332 1584; x_wconf 89' lang='lat' dir='ltr'><strong><em>intende</em></strong></span> <span class='ocrx_word' id='word_1_630' title='bbox 3356 1526 3715 1599; x_wconf 87' lang='lat' dir='ltr'><strong><em>Scripturam;</em></strong></span> 
     </span>
    </p>
   </div>
   <div class='ocr_carea' id='block_1_74' title="bbox 2147 1618 3718 1690">
    <p class='ocr_par' dir='ltr' id='par_1_74' title="bbox 2147 1618 3718 1690">
     <span class='ocr_line' id='line_1_74' title="bbox 2147 1618 3718 1690; baseline 0.001 -16"><span class='ocrx_word' id='word_1_631' title='bbox 2147 1627 2202 1674; x_wconf 90' lang='lat' dir='ltr'><strong><em>ct</em></strong></span> <span class='ocrx_word' id='word_1_632' title='bbox 2226 1619 2299 1674; x_wconf 90' lang='lat' dir='ltr'><strong><em>ibi</em></strong></span> <span class='ocrx_word' id='word_1_633' title='bbox 2329 1619 2567 1674; x_wconf 88' lang='lat' dir='ltr'><strong><em>invenies</em></strong></span> <span class='ocrx_word' id='word_1_634' title='bbox 2586 1619 2852 1689; x_wconf 89' lang='lat' dir='ltr'><strong><em>jacentem</em></strong></span> <span class='ocrx_word' id='word_1_635' title='bbox 2870 1660 2886 1688; x_wconf 90' lang='lat'><strong><em>,</em></strong></span> <span class='ocrx_word' id='word_1_636' title='bbox 2914 1634 3070 1690; x_wconf 89' lang='lat' dir='ltr'><strong><em>quem</em></strong></span> <span class='ocrx_word' id='word_1_637' title='bbox 3097 1627 3252 1689; x_wconf 88' lang='lat' dir='ltr'><strong><em>putas</em></strong></span> <span class='ocrx_word' id='word_1_638' title='bbox 3278 1618 3567 1675; x_wconf 89' lang='lat' dir='ltr'><strong><em>viventem.</em></strong></span> <span class='ocrx_word' id='word_1_639' title='bbox 3590 1619 3718 1688; x_wconf 86' lang='lat' dir='ltr'><strong><em>Quia</em></strong></span> 
     </span>
    </p>
   </div>
   <div class='ocr_carea' id='block_1_75' title="bbox 2147 1710 3724 1782">
    <p class='ocr_par' dir='ltr' id='par_1_75' title="bbox 2147 1710 3724 1782">
     <span class='ocr_line' id='line_1_75' title="bbox 2147 1710 3724 1782; baseline 0.001 -16"><span class='ocrx_word' id='word_1_640' title='bbox 2147 1710 2372 1781; x_wconf 89' lang='lat' dir='ltr'><strong><em>pedibus</em></strong></span> <span class='ocrx_word' id='word_1_641' title='bbox 2399 1711 2653 1780; x_wconf 85' lang='lat' dir='ltr'><strong><em>ambulat,</em></strong></span> <span class='ocrx_word' id='word_1_642' title='bbox 2678 1712 2799 1782; x_wconf 90' lang='lat' dir='ltr'><strong><em>quia</em></strong></span> <span class='ocrx_word' id='word_1_643' title='bbox 2825 1711 3069 1770; x_wconf 90' lang='lat' dir='ltr'><strong><em>manibus</em></strong></span> <span class='ocrx_word' id='word_1_644' title='bbox 3087 1718 3399 1779; x_wconf 85' lang='lat' dir='ltr'><strong><em>contrectat,</em></strong></span> <span class='ocrx_word' id='word_1_645' title='bbox 3414 1711 3538 1782; x_wconf 84' lang='lat' dir='ltr'><strong><em>quia</em></strong></span> <span class='ocrx_word' id='word_1_646' title='bbox 3555 1712 3724 1768; x_wconf 73' lang='lat' dir='ltr'><strong><em>oculis</em></strong></span> 
     </span>
    </p>
   </div>
   <div class='ocr_carea' id='block_1_76' title="bbox 2147 1803 3719 1872">
    <p class='ocr_par' dir='ltr' id='par_1_76' title="bbox 2147 1803 3719 1872">
     <span class='ocr_line' id='line_1_76' title="bbox 2147 1803 3719 1872; baseline 0.002 -15"><span class='ocrx_word' id='word_1_647' title='bbox 2147 1803 2320 1869; x_wconf 88' lang='lat' dir='ltr'><strong><em>videt,</em></strong></span> <span class='ocrx_word' id='word_1_648' title='bbox 2346 1813 2401 1859; x_wconf 91' lang='lat' dir='ltr'><strong><em>et</em></strong></span> <span class='ocrx_word' id='word_1_649' title='bbox 2428 1804 2574 1860; x_wconf 91' lang='lat' dir='ltr'><strong><em>audit</em></strong></span> <span class='ocrx_word' id='word_1_650' title='bbox 2620 1804 2869 1872; x_wconf 88' lang='lat' dir='ltr'><strong><em>auribus,</em></strong></span> <span class='ocrx_word' id='word_1_651' title='bbox 2894 1803 3084 1861; x_wconf 85' lang='lat' dir='ltr'><strong><em>ofﬁciis</em></strong></span> <span class='ocrx_word' id='word_1_652' title='bbox 3121 1805 3330 1860; x_wconf 82' lang='lat' dir='ltr'><strong><em>caeteris</em></strong></span> <span class='ocrx_word' id='word_1_653' title='bbox 3364 1805 3719 1860; x_wconf 81' lang='lat' dir='ltr'><strong><em>membrorum</em></strong></span> 
     </span>
    </p>
   </div>
   <div class='ocr_carea' id='block_1_77' title="bbox 2147 1892 3719 1966">
    <p class='ocr_par' dir='ltr' id='par_1_77' title="bbox 2147 1892 3719 1966">
     <span class='ocr_line' id='line_1_77' title="bbox 2147 1892 3719 1966; baseline -0.001 -18"><span class='ocrx_word' id='word_1_654' title='bbox 2147 1895 2277 1949; x_wconf 88' lang='lat' dir='ltr'><strong><em>satis</em></strong></span> <span class='ocrx_word' id='word_1_655' title='bbox 2306 1895 2490 1964; x_wconf 88' lang='lat' dir='ltr'><strong><em>utitur,</em></strong></span> <span class='ocrx_word' id='word_1_656' title='bbox 2521 1895 2785 1951; x_wconf 90' lang='lat' dir='ltr'><strong><em>viventem</em></strong></span> <span class='ocrx_word' id='word_1_657' title='bbox 2812 1903 2986 1965; x_wconf 90' lang='lat' dir='ltr'><strong><em>putas.</em></strong></span> <span class='ocrx_word' id='word_1_658' title='bbox 3007 1893 3185 1962; x_wconf 78' lang='lat' dir='ltr'><strong><em>Vivit,</em></strong></span> <span class='ocrx_word' id='word_1_659' title='bbox 3215 1894 3310 1951; x_wconf 87' lang='lat' dir='ltr'><strong><em>sed</em></strong></span> <span class='ocrx_word' id='word_1_660' title='bbox 3346 1909 3540 1966; x_wconf 87' lang='lat' dir='ltr'><strong><em>corpus</em></strong></span> <span class='ocrx_word' id='word_1_661' title='bbox 3569 1892 3719 1965; x_wconf 87' lang='lat' dir='ltr'><strong><em>ejus:</em></strong></span> 
     </span>
    </p>
   </div>
   <div class='ocr_carea' id='block_1_78' title="bbox 2148 1985 3726 2058">
    <p class='ocr_par' dir='ltr' id='par_1_78' title="bbox 2148 1985 3726 2058">
     <span class='ocr_line' id='line_1_78' title="bbox 2148 1985 3726 2058; baseline 0.001 -18"><span class='ocrx_word' id='word_1_662' title='bbox 2148 1993 2360 2040; x_wconf 89' lang='lat' dir='ltr'><strong><em>mortua</em></strong></span> <span class='ocrx_word' id='word_1_663' title='bbox 2382 1993 2465 2040; x_wconf 90' lang='lat' dir='ltr'><strong><em>est</em></strong></span> <span class='ocrx_word' id='word_1_664' title='bbox 2492 1994 2675 2041; x_wconf 89' lang='lat' dir='ltr'><strong><em>autem</em></strong></span> <span class='ocrx_word' id='word_1_665' title='bbox 2697 1986 2872 2041; x_wconf 89' lang='lat' dir='ltr'><strong><em>anima</em></strong></span> <span class='ocrx_word' id='word_1_666' title='bbox 2901 1987 3036 2056; x_wconf 86' lang='lat' dir='ltr'><strong><em>ejus,</em></strong></span> <span class='ocrx_word' id='word_1_667' title='bbox 3063 1993 3331 2042; x_wconf 90' lang='lat' dir='ltr'><strong><em>mortuum</em></strong></span> <span class='ocrx_word' id='word_1_668' title='bbox 3355 1996 3439 2042; x_wconf 90' lang='lat' dir='ltr'><strong><em>est</em></strong></span> <span class='ocrx_word' id='word_1_669' title='bbox 3462 1985 3610 2058; x_wconf 89' lang='lat' dir='ltr'><strong><em>quod</em></strong></span> <span class='ocrx_word' id='word_1_670' title='bbox 3628 2001 3726 2042; x_wconf 87' lang='lat' dir='ltr'><strong><em>me-</em></strong></span> 
     </span>
    </p>
   </div>
   <div class='ocr_carea' id='block_1_79' title="bbox 2147 2074 3724 2146">
    <p class='ocr_par' dir='ltr' id='par_1_79' title="bbox 2147 2074 3724 2146">
     <span class='ocr_line' id='line_1_79' title="bbox 2147 2074 3724 2146; baseline 0.003 -18"><span class='ocrx_word' id='word_1_671' title='bbox 2147 2074 2251 2129; x_wconf 91' lang='lat' dir='ltr'><strong><em>lius</em></strong></span> <span class='ocrx_word' id='word_1_672' title='bbox 2274 2083 2357 2130; x_wconf 93' lang='lat' dir='ltr'><strong><em>est</em></strong></span> <span class='ocrx_word' id='word_1_673' title='bbox 2384 2075 2518 2146; x_wconf 91' lang='lat' dir='ltr'><strong><em>ejus.</em></strong></span> <span class='ocrx_word' id='word_1_674' title='bbox 2548 2075 2688 2131; x_wconf 77' lang='lat' dir='ltr'><strong><em>Vivit</em></strong></span> <span class='ocrx_word' id='word_1_675' title='bbox 2717 2076 3076 2132; x_wconf 89' lang='lat' dir='ltr'><strong><em>habitaculum</em></strong></span> <span class='ocrx_word' id='word_1_676' title='bbox 3097 2117 3112 2145; x_wconf 94' lang='lat'><strong><em>,</em></strong></span> <span class='ocrx_word' id='word_1_677' title='bbox 3140 2086 3383 2133; x_wconf 86' lang='lat' dir='ltr'><strong><em>mortuus</em></strong></span> <span class='ocrx_word' id='word_1_678' title='bbox 3405 2085 3491 2133; x_wconf 89' lang='lat' dir='ltr'><strong><em>est</em></strong></span> <span class='ocrx_word' id='word_1_679' title='bbox 3513 2077 3724 2134; x_wconf 86' lang='lat' dir='ltr'><strong><em>habita-</em></strong></span> 
     </span>
    </p>
   </div>
   <div class='ocr_carea' id='block_1_80' title="bbox 2146 2166 3727 2240">
    <p class='ocr_par' dir='ltr' id='par_1_80' title="bbox 2146 2166 3727 2240">
     <span class='ocr_line' id='line_1_80' title="bbox 2146 2166 3727 2240; baseline 0.003 -19"><span class='ocrx_word' id='word_1_680' title='bbox 2146 2173 2250 2222; x_wconf 92' lang='lat' dir='ltr'><strong><em>tor.</em></strong></span> <span class='ocrx_word' id='word_1_681' title='bbox 2280 2166 2576 2234; x_wconf 87' lang='lat' dir='ltr'><strong><em>Quomodo,</em></strong></span> <span class='ocrx_word' id='word_1_682' title='bbox 2602 2169 2829 2239; x_wconf 86' lang='lat' dir='ltr'><strong><em>inquies,</em></strong></span> <span class='ocrx_word' id='word_1_683' title='bbox 2858 2183 2979 2225; x_wconf 92' lang='lat' dir='ltr'><strong><em>cum</em></strong></span> <span class='ocrx_word' id='word_1_684' title='bbox 3009 2169 3383 2240; x_wconf 88' lang='lat' dir='ltr'><strong><em>vivatcorpns,</em></strong></span> <span class='ocrx_word' id='word_1_685' title='bbox 3410 2175 3626 2224; x_wconf 85' lang='lat' dir='ltr'><strong><em>mortua</em></strong></span> <span class='ocrx_word' id='word_1_686' title='bbox 3648 2175 3727 2226; x_wconf 85' lang='lat' dir='ltr'><strong><em>est</em></strong></span> 
     </span>
    </p>
   </div>
   <div class='ocr_carea' id='block_1_81' title="bbox 2149 2258 3729 2330">
    <p class='ocr_par' dir='ltr' id='par_1_81' title="bbox 2149 2258 3729 2330">
     <span class='ocr_line' id='line_1_81' title="bbox 2149 2258 3729 2330; baseline 0.002 -18"><span class='ocrx_word' id='word_1_687' title='bbox 2149 2258 2364 2324; x_wconf 83' lang='lat' dir='ltr'><strong><em>anima;</em></strong></span> <span class='ocrx_word' id='word_1_688' title='bbox 2401 2273 2522 2314; x_wconf 90' lang='lat' dir='ltr'><strong><em>cum</em></strong></span> <span class='ocrx_word' id='word_1_689' title='bbox 2547 2274 2742 2330; x_wconf 89' lang='lat' dir='ltr'><strong><em>corpus</em></strong></span> <span class='ocrx_word' id='word_1_690' title='bbox 2771 2275 2877 2316; x_wconf 93' lang='lat' dir='ltr'><strong><em>non</em></strong></span> <span class='ocrx_word' id='word_1_691' title='bbox 2903 2260 3141 2324; x_wconf 88' lang='lat' dir='ltr'><strong><em>viveret,</em></strong></span> <span class='ocrx_word' id='word_1_692' title='bbox 3171 2260 3278 2315; x_wconf 88' lang='lat' dir='ltr'><strong><em>nisi</em></strong></span> <span class='ocrx_word' id='word_1_693' title='bbox 3313 2259 3640 2316; x_wconf 84' lang='lat' dir='ltr'><strong><em>viviﬁcatum</em></strong></span> <span class='ocrx_word' id='word_1_694' title='bbox 3663 2258 3729 2315; x_wconf 89' lang='lat' dir='ltr'><strong><em>ab</em></strong></span> 
     </span>
    </p>
   </div>
   <div class='ocr_carea' id='block_1_82' title="bbox 2146 2351 3729 2425">
    <p class='ocr_par' dir='ltr' id='par_1_82' title="bbox 2146 2351 3729 2425">
     <span class='ocr_line' id='line_1_82' title="bbox 2146 2351 3729 2425; baseline 0.003 -20"><span class='ocrx_word' id='word_1_695' title='bbox 2146 2351 2366 2406; x_wconf 88' lang='lat' dir='ltr'><strong><em>anima?</em></strong></span> <span class='ocrx_word' id='word_1_696' title='bbox 2393 2353 2669 2420; x_wconf 85' lang='lat' dir='ltr'><strong><em>Quomodo</em></strong></span> <span class='ocrx_word' id='word_1_697' title='bbox 2698 2368 2827 2425; x_wconf 80' lang='lat' dir='ltr'><strong><em>ergo</em></strong></span> <span class='ocrx_word' id='word_1_698' title='bbox 2857 2362 3064 2409; x_wconf 89' lang='lat' dir='ltr'><strong><em>mortua</em></strong></span> <span class='ocrx_word' id='word_1_699' title='bbox 3093 2361 3177 2410; x_wconf 87' lang='lat' dir='ltr'><strong><em>est</em></strong></span> <span class='ocrx_word' id='word_1_700' title='bbox 3202 2354 3398 2422; x_wconf 89' lang='lat' dir='ltr'><strong><em>anima,</em></strong></span> <span class='ocrx_word' id='word_1_701' title='bbox 3426 2354 3495 2410; x_wconf 92' lang='lat' dir='ltr'><strong><em>de</em></strong></span> <span class='ocrx_word' id='word_1_702' title='bbox 3521 2369 3633 2425; x_wconf 88' lang='lat' dir='ltr'><strong><em>qua</em></strong></span> <span class='ocrx_word' id='word_1_703' title='bbox 3651 2354 3729 2410; x_wconf 83' lang='lat' dir='ltr'><strong><em>vi-</em></strong></span> 
     </span>
    </p>
   </div>
   <div class='ocr_carea' id='block_1_83' title="bbox 2146 2442 3730 2516">
    <p class='ocr_par' dir='ltr' id='par_1_83' title="bbox 2146 2442 3730 2516">
     <span class='ocr_line' id='line_1_83' title="bbox 2146 2442 3730 2516; baseline 0.004 -20"><span class='ocrx_word' id='word_1_704' title='bbox 2146 2442 2223 2497; x_wconf 90' lang='lat' dir='ltr'><strong><em>vit</em></strong></span> <span class='ocrx_word' id='word_1_705' title='bbox 2246 2442 2480 2512; x_wconf 81' lang='lat' dir='ltr'><strong><em>corpus?</em></strong></span> <span class='ocrx_word' id='word_1_706' title='bbox 2504 2443 2642 2499; x_wconf 90' lang='lat' dir='ltr'><strong><em>Audi</em></strong></span> <span class='ocrx_word' id='word_1_707' title='bbox 2663 2458 2810 2515; x_wconf 80' lang='lat' dir='ltr'><strong><em>ergo,</em></strong></span> <span class='ocrx_word' id='word_1_708' title='bbox 2835 2453 2889 2500; x_wconf 90' lang='lat' dir='ltr'><strong><em>et</em></strong></span> <span class='ocrx_word' id='word_1_709' title='bbox 2907 2444 3054 2500; x_wconf 91' lang='lat' dir='ltr'><strong><em>disce</em></strong></span> <span class='ocrx_word' id='word_1_710' title='bbox 3075 2462 3087 2498; x_wconf 94' lang='lat'><strong><em>:</em></strong></span> <span class='ocrx_word' id='word_1_711' title='bbox 3111 2459 3305 2516; x_wconf 91' lang='lat' dir='ltr'><strong><em>corpus</em></strong></span> <span class='ocrx_word' id='word_1_712' title='bbox 3324 2444 3557 2502; x_wconf 88' lang='lat' dir='ltr'><strong><em>hominis</em></strong></span> <span class='ocrx_word' id='word_1_713' title='bbox 3587 2460 3730 2502; x_wconf 88' lang='lat' dir='ltr'><strong><em>crea-</em></strong></span> 
     </span>
    </p>
   </div>
   <div class='ocr_carea' id='block_1_84' title="bbox 2146 2536 3731 2602">
    <p class='ocr_par' dir='ltr' id='par_1_84' title="bbox 2146 2536 3731 2602">
     <span class='ocr_line' id='line_1_84' title="bbox 2146 2536 3731 2602; baseline 0.002 -10"><span class='ocrx_word' id='word_1_714' title='bbox 2146 2542 2263 2592; x_wconf 88' lang='lat' dir='ltr'><strong><em>tura</em></strong></span> <span class='ocrx_word' id='word_1_715' title='bbox 2275 2536 2367 2591; x_wconf 83' lang='lat' dir='ltr'><strong><em>Dei</em></strong></span> <span class='ocrx_word' id='word_1_716' title='bbox 2385 2544 2486 2602; x_wconf 90' lang='lat' dir='ltr'><strong><em>est,</em></strong></span> <span class='ocrx_word' id='word_1_717' title='bbox 2505 2544 2559 2592; x_wconf 93' lang='lat' dir='ltr'><strong><em>et</em></strong></span> <span class='ocrx_word' id='word_1_718' title='bbox 2582 2537 2757 2592; x_wconf 90' lang='lat' dir='ltr'><strong><em>anima</em></strong></span> <span class='ocrx_word' id='word_1_719' title='bbox 2783 2536 3012 2593; x_wconf 92' lang='lat' dir='ltr'><strong><em>hominis</em></strong></span> <span class='ocrx_word' id='word_1_720' title='bbox 3027 2545 3267 2594; x_wconf 89' lang='lat' dir='ltr'><strong><em>creatura</em></strong></span> <span class='ocrx_word' id='word_1_721' title='bbox 3289 2538 3384 2594; x_wconf 89' lang='lat' dir='ltr'><strong><em>Dei</em></strong></span> <span class='ocrx_word' id='word_1_722' title='bbox 3398 2546 3497 2594; x_wconf 89' lang='lat' dir='ltr'><strong><em>est.</em></strong></span> <span class='ocrx_word' id='word_1_723' title='bbox 3515 2538 3602 2595; x_wconf 90' lang='lat' dir='ltr'><strong><em>De</em></strong></span> <span class='ocrx_word' id='word_1_724' title='bbox 3619 2540 3731 2594; x_wconf 91' lang='lat' dir='ltr'><strong><em>ani-</em></strong></span> 
     </span>
    </p>
   </div>
   <div class='ocr_carea' id='block_1_85' title="bbox 2146 2629 3736 2707">
    <p class='ocr_par' dir='ltr' id='par_1_85' title="bbox 2146 2629 3736 2707">
     <span class='ocr_line' id='line_1_85' title="bbox 2146 2629 3736 2707; baseline 0.003 -24"><span class='ocrx_word' id='word_1_725' title='bbox 2146 2644 2233 2683; x_wconf 90' lang='lat' dir='ltr'><strong><em>ma</em></strong></span> <span class='ocrx_word' id='word_1_726' title='bbox 2246 2629 2387 2685; x_wconf 91' lang='lat' dir='ltr'><strong><em>Deus</em></strong></span> <span class='ocrx_word' id='word_1_727' title='bbox 2406 2629 2636 2685; x_wconf 85' lang='lat' dir='ltr'><strong><em>viviﬁcat</em></strong></span> <span class='ocrx_word' id='word_1_728' title='bbox 2651 2644 2862 2686; x_wconf 88' lang='lat' dir='ltr'><strong><em>carnem</em></strong></span> <span class='ocrx_word' id='word_1_729' title='bbox 2882 2647 2897 2697; x_wconf 91' lang='lat'><strong>;</strong></span> <span class='ocrx_word' id='word_1_730' title='bbox 2918 2631 3085 2707; x_wconf 79' lang='lat' dir='ltr'><strong><em>ipsam</em></strong></span> <span class='ocrx_word' id='word_1_731' title='bbox 3108 2631 3236 2686; x_wconf 91' lang='lat' dir='ltr'><strong><em>item</em></strong></span> <span class='ocrx_word' id='word_1_732' title='bbox 3256 2631 3485 2686; x_wconf 87' lang='lat' dir='ltr'><strong><em>animam</em></strong></span> <span class='ocrx_word' id='word_1_733' title='bbox 3499 2631 3736 2687; x_wconf 85' lang='lat' dir='ltr'><strong><em>viviﬁcat</em></strong></span> 
     </span>
    </p>
   </div>
   <div class='ocr_carea' id='block_1_86' title="bbox 2147 2720 3734 2794">
    <p class='ocr_par' dir='ltr' id='par_1_86' title="bbox 2147 2720 3734 2794">
     <span class='ocr_line' id='line_1_86' title="bbox 2147 2720 3734 2794; baseline 0.002 -18"><span class='ocrx_word' id='word_1_734' title='bbox 2147 2720 2214 2777; x_wconf 89' lang='lat' dir='ltr'><strong><em>de</em></strong></span> <span class='ocrx_word' id='word_1_735' title='bbox 2243 2736 2301 2776; x_wconf 92' lang='lat' dir='ltr'><strong><em>se</em></strong></span> <span class='ocrx_word' id='word_1_736' title='bbox 2327 2721 2464 2792; x_wconf 91' lang='lat' dir='ltr'><strong><em>ipso,</em></strong></span> <span class='ocrx_word' id='word_1_737' title='bbox 2488 2737 2592 2778; x_wconf 92' lang='lat' dir='ltr'><strong><em>non</em></strong></span> <span class='ocrx_word' id='word_1_738' title='bbox 2619 2721 2686 2778; x_wconf 91' lang='lat' dir='ltr'><strong><em>de</em></strong></span> <span class='ocrx_word' id='word_1_739' title='bbox 2713 2736 2772 2778; x_wconf 89' lang='lat' dir='ltr'><strong><em>se</em></strong></span> <span class='ocrx_word' id='word_1_740' title='bbox 2801 2724 2936 2793; x_wconf 90' lang='lat' dir='ltr'><strong><em>ipsa.</em></strong></span> <span class='ocrx_word' id='word_1_741' title='bbox 2972 2723 3086 2778; x_wconf 88' lang='lat' dir='ltr'><strong><em>Vita</em></strong></span> <span class='ocrx_word' id='word_1_742' title='bbox 3127 2737 3255 2794; x_wconf 79' lang='lat' dir='ltr'><strong><em>ergo</em></strong></span> <span class='ocrx_word' id='word_1_743' title='bbox 3283 2723 3526 2794; x_wconf 88' lang='lat' dir='ltr'><strong><em>corporis</em></strong></span> <span class='ocrx_word' id='word_1_744' title='bbox 3558 2723 3734 2779; x_wconf 84' lang='lat' dir='ltr'><strong><em>anima</em></strong></span> 
     </span>
    </p>
   </div>
   <div class='ocr_carea' id='block_1_87' title="bbox 2147 2813 3737 2888">
    <p class='ocr_par' dir='ltr' id='par_1_87' title="bbox 2147 2813 3737 2888">
     <span class='ocr_line' id='line_1_87' title="bbox 2147 2813 3737 2888; baseline 0.004 -20"><span class='ocrx_word' id='word_1_745' title='bbox 2147 2821 2263 2880; x_wconf 90' lang='lat' dir='ltr'><strong><em>est;</em></strong></span> <span class='ocrx_word' id='word_1_746' title='bbox 2285 2813 2391 2869; x_wconf 91' lang='lat' dir='ltr'><strong><em>vita</em></strong></span> <span class='ocrx_word' id='word_1_747' title='bbox 2419 2829 2546 2885; x_wconf 81' lang='lat' dir='ltr'><strong><em>ergo</em></strong></span> <span class='ocrx_word' id='word_1_748' title='bbox 2573 2816 2764 2871; x_wconf 78' lang='lat' dir='ltr'><strong><em>anima:</em></strong></span> <span class='ocrx_word' id='word_1_749' title='bbox 2793 2815 2933 2871; x_wconf 89' lang='lat' dir='ltr'><strong><em>Deus</em></strong></span> <span class='ocrx_word' id='word_1_750' title='bbox 2959 2825 3059 2872; x_wconf 89' lang='lat' dir='ltr'><strong><em>est.</em></strong></span> <span class='ocrx_word' id='word_1_751' title='bbox 3091 2815 3310 2872; x_wconf 79' lang='lat' dir='ltr'><strong><em>Moritur</em></strong></span> <span class='ocrx_word' id='word_1_752' title='bbox 3349 2831 3547 2888; x_wconf 87' lang='lat' dir='ltr'><strong><em>corpus</em></strong></span> <span class='ocrx_word' id='word_1_753' title='bbox 3565 2859 3584 2886; x_wconf 90' lang='lat'><strong><em>,</em></strong></span> <span class='ocrx_word' id='word_1_754' title='bbox 3616 2830 3737 2874; x_wconf 81' lang='lat' dir='ltr'><strong><em>cum</em></strong></span> 
     </span>
    </p>
   </div>
   <div class='ocr_carea' id='block_1_88' title="bbox 2147 2906 3734 2980">
    <p class='ocr_par' dir='ltr' id='par_1_88' title="bbox 2147 2906 3734 2980">
     <span class='ocr_line' id='line_1_88' title="bbox 2147 2906 3734 2980; baseline 0.003 -18"><span class='ocrx_word' id='word_1_755' title='bbox 2147 2906 2353 2962; x_wconf 90' lang='lat' dir='ltr'><strong><em>recedit</em></strong></span> <span class='ocrx_word' id='word_1_756' title='bbox 2386 2907 2597 2962; x_wconf 90' lang='lat' dir='ltr'><strong><em>anima:</em></strong></span> <span class='ocrx_word' id='word_1_757' title='bbox 2623 2907 2852 2964; x_wconf 88' lang='lat' dir='ltr'><strong><em>moritur</em></strong></span> <span class='ocrx_word' id='word_1_758' title='bbox 2874 2923 3000 2980; x_wconf 78' lang='lat' dir='ltr'><strong><em>ergo</em></strong></span> <span class='ocrx_word' id='word_1_759' title='bbox 3025 2909 3198 2964; x_wconf 89' lang='lat' dir='ltr'><strong><em>anima</em></strong></span> <span class='ocrx_word' id='word_1_760' title='bbox 3218 2949 3234 2976; x_wconf 93' lang='lat'><strong><em>,</em></strong></span> <span class='ocrx_word' id='word_1_761' title='bbox 3266 2909 3311 2966; x_wconf 93' lang='lat' dir='ltr'><strong><em>si</em></strong></span> <span class='ocrx_word' id='word_1_762' title='bbox 3337 2909 3542 2966; x_wconf 89' lang='lat' dir='ltr'><strong><em>recedit</em></strong></span> <span class='ocrx_word' id='word_1_763' title='bbox 3570 2911 3734 2967; x_wconf 86' lang='lat' dir='ltr'><strong><em>Deus.</em></strong></span> 
     </span>
    </p>
   </div>
   <div class='ocr_carea' id='block_1_89' title="bbox 2148 2996 3740 3074">
    <p class='ocr_par' dir='ltr' id='par_1_89' title="bbox 2148 2996 3740 3074">
     <span class='ocr_line' id='line_1_89' title="bbox 2148 2996 3740 3074; baseline 0.005 -22"><span class='ocrx_word' id='word_1_764' title='bbox 2148 2996 2372 3054; x_wconf 87' lang='lat' dir='ltr'><strong><em>Recedit</em></strong></span> <span class='ocrx_word' id='word_1_765' title='bbox 2397 2999 2592 3066; x_wconf 89' lang='lat' dir='ltr'><strong><em>anima,</em></strong></span> <span class='ocrx_word' id='word_1_766' title='bbox 2625 3015 2745 3055; x_wconf 90' lang='lat' dir='ltr'><strong><em>cum</em></strong></span> <span class='ocrx_word' id='word_1_767' title='bbox 2767 3015 2961 3070; x_wconf 89' lang='lat' dir='ltr'><strong><em>corpus</em></strong></span> <span class='ocrx_word' id='word_1_768' title='bbox 2988 3002 3284 3072; x_wconf 89' lang='lat' dir='ltr'><strong><em>percutitur</em></strong></span> <span class='ocrx_word' id='word_1_769' title='bbox 3310 3001 3530 3073; x_wconf 78' lang='lat' dir='ltr'><strong><em>gladio:</em></strong></span> <span class='ocrx_word' id='word_1_770' title='bbox 3562 3011 3620 3060; x_wconf 89' lang='lat' dir='ltr'><strong><em>et</em></strong></span> <span class='ocrx_word' id='word_1_771' title='bbox 3637 3017 3740 3074; x_wconf 84' lang='lat' dir='ltr'><strong><em>pn-</em></strong></span> 
     </span>
    </p>
   </div>
   <div class='ocr_carea' id='block_1_90' title="bbox 2147 3090 3740 3166">
    <p class='ocr_par' dir='ltr' id='par_1_90' title="bbox 2147 3090 3740 3166">
     <span class='ocr_line' id='line_1_90' title="bbox 2147 3090 3740 3166; baseline 0.006 -23"><span class='ocrx_word' id='word_1_772' title='bbox 2147 3096 2228 3144; x_wconf 88' lang='lat' dir='ltr'><strong><em>tas</em></strong></span> <span class='ocrx_word' id='word_1_773' title='bbox 2257 3090 2502 3166; x_wconf 85' lang='lat' dir='ltr'><strong><em>quianon</em></strong></span> <span class='ocrx_word' id='word_1_774' title='bbox 2522 3090 2723 3147; x_wconf 89' lang='lat' dir='ltr'><strong><em>recedit</em></strong></span> <span class='ocrx_word' id='word_1_775' title='bbox 2738 3091 2897 3161; x_wconf 90' lang='lat' dir='ltr'><strong><em>Deus,</em></strong></span> <span class='ocrx_word' id='word_1_776' title='bbox 2920 3107 3041 3150; x_wconf 92' lang='lat' dir='ltr'><strong><em>cum</em></strong></span> <span class='ocrx_word' id='word_1_777' title='bbox 3066 3093 3178 3164; x_wconf 87' lang='lat' dir='ltr'><strong><em>ipsa</em></strong></span> <span class='ocrx_word' id='word_1_778' title='bbox 3199 3093 3375 3150; x_wconf 89' lang='lat' dir='ltr'><strong><em>anima</em></strong></span> <span class='ocrx_word' id='word_1_779' title='bbox 3399 3093 3597 3151; x_wconf 77' lang='lat' dir='ltr'><strong><em>feritur</em></strong></span> <span class='ocrx_word' id='word_1_780' title='bbox 3615 3109 3740 3166; x_wconf 82' lang='lat' dir='ltr'><strong><em>per-</em></strong></span> 
     </span>
    </p>
   </div>
   <div class='ocr_carea' id='block_1_91' title="bbox 2142 3180 3742 3257">
    <p class='ocr_par' dir='ltr' id='par_1_91' title="bbox 2142 3180 3742 3257">
     <span class='ocr_line' id='line_1_91' title="bbox 2142 3180 3742 3257; baseline 0.005 -22"><span class='ocrx_word' id='word_1_781' title='bbox 2142 3180 2324 3250; x_wconf 77' lang='lat' dir='ltr'><strong><em>jurio?</em></strong></span> <span class='ocrx_word' id='word_1_782' title='bbox 2351 3181 2445 3238; x_wconf 80' lang='lat' dir='ltr'><strong><em>Vis</em></strong></span> <span class='ocrx_word' id='word_1_783' title='bbox 2465 3182 2646 3240; x_wconf 88' lang='lat' dir='ltr'><strong><em>videre</em></strong></span> <span class='ocrx_word' id='word_1_784' title='bbox 2669 3185 2791 3254; x_wconf 89' lang='lat' dir='ltr'><strong><em>quia</em></strong></span> <span class='ocrx_word' id='word_1_785' title='bbox 2825 3192 3066 3240; x_wconf 92' lang='lat' dir='ltr'><strong><em>mortuus</em></strong></span> <span class='ocrx_word' id='word_1_786' title='bbox 3090 3193 3172 3241; x_wconf 92' lang='lat' dir='ltr'><strong><em>est</em></strong></span> <span class='ocrx_word' id='word_1_787' title='bbox 3191 3226 3206 3253; x_wconf 96' lang='lat'><strong><em>,</em></strong></span> <span class='ocrx_word' id='word_1_788' title='bbox 3239 3184 3308 3241; x_wconf 91' lang='lat' dir='ltr'><strong><em>de</em></strong></span> <span class='ocrx_word' id='word_1_789' title='bbox 3331 3201 3436 3256; x_wconf 90' lang='lat' dir='ltr'><strong><em>quo</em></strong></span> <span class='ocrx_word' id='word_1_790' title='bbox 3461 3182 3742 3257; x_wconf 70' lang='lat' dir='ltr'><strong><em>loqueris?</em></strong></span> 
     </span>
    </p>
   </div>
   <div class='ocr_carea' id='block_1_92' title="bbox 2146 3269 3748 3343">
    <p class='ocr_par' dir='ltr' id='par_1_92' title="bbox 2146 3269 3748 3343">
     <span class='ocr_line' id='line_1_92' title="bbox 2146 3269 3748 3343; baseline 0.003 -17"><span class='ocrx_word' id='word_1_791' title='bbox 2146 3269 2288 3342; x_wconf 83' lang='lat' dir='ltr'><strong><em>Lege</em></strong></span> <span class='ocrx_word' id='word_1_792' title='bbox 2326 3270 2690 3343; x_wconf 90' lang='lat' dir='ltr'><strong><em>Scripturam:</em></strong></span> <span class='ocrx_word' id='word_1_793' title='bbox 2726 3273 2797 3328; x_wconf 84' lang='lat' dir='ltr'><strong><em>0s</em></strong></span> <span class='ocrx_word' id='word_1_794' title='bbox 2828 3274 2963 3343; x_wconf 84' lang='lat' dir='ltr'><strong><em>quod</em></strong></span> <span class='ocrx_word' id='word_1_795' title='bbox 3001 3275 3255 3343; x_wconf 81' lang='lat' dir='ltr'><strong><em>mentitur,</em></strong></span> <span class='ocrx_word' id='word_1_796' title='bbox 3295 3275 3473 3330; x_wconf 85' lang='lat' dir='ltr'><strong><em>occidit</em></strong></span> <span class='ocrx_word' id='word_1_797' title='bbox 3509 3276 3748 3331; x_wconf 64' lang='lat' dir='ltr'><strong><em>arum</em></strong></span> 
     </span>
    </p>
   </div>
   <div class='ocr_carea' id='block_1_93' title="bbox 2149 3363 3739 3439">
    <p class='ocr_par' dir='ltr' id='par_1_93' title="bbox 2149 3363 3739 3439">
     <span class='ocr_line' id='line_1_93' title="bbox 2149 3363 3739 3439; baseline 0.003 -21"><span class='ocrx_word' id='word_1_798' title='bbox 2149 3363 2306 3435; x_wconf 87' lang='lat' dir='ltr'><strong><em>(Sap.</em></strong></span> <span class='ocrx_word' id='word_1_799' title='bbox 2338 3381 2378 3432; x_wconf 81' lang='grc' dir='ltr'><strong><em>ι,</em></strong></span> <span class='ocrx_word' id='word_1_800' title='bbox 2409 3367 2522 3438; x_wconf 80' lang='lat' dir='ltr'><strong><em>it).</em></strong></span> <span class='ocrx_word' id='word_1_801' title='bbox 2553 3365 2660 3421; x_wconf 92' lang='lat' dir='ltr'><strong><em>Sed</em></strong></span> <span class='ocrx_word' id='word_1_802' title='bbox 2692 3374 2744 3420; x_wconf 92' lang='lat' dir='ltr'><strong><em>tu</em></strong></span> <span class='ocrx_word' id='word_1_803' title='bbox 2772 3374 3090 3436; x_wconf 65' lang='lat' dir='ltr'><strong><em>praesentem</em></strong></span> <span class='ocrx_word' id='word_1_804' title='bbox 3112 3367 3279 3422; x_wconf 91' lang='lat' dir='ltr'><strong><em>Deum</em></strong></span> <span class='ocrx_word' id='word_1_805' title='bbox 3299 3366 3531 3422; x_wconf 89' lang='lat' dir='ltr'><strong><em>ultorem</em></strong></span> <span class='ocrx_word' id='word_1_806' title='bbox 3557 3375 3739 3439; x_wconf 87' lang='lat' dir='ltr'><strong><em>putas,</em></strong></span> 
     </span>
    </p>
   </div>
   <div class='ocr_carea' id='block_1_94' title="bbox 2147 3455 3747 3529">
    <p class='ocr_par' dir='ltr' id='par_1_94' title="bbox 2147 3455 3747 3529">
     <span class='ocr_line' id='line_1_94' title="bbox 2147 3455 3747 3529; baseline 0.002 -19"><span class='ocrx_word' id='word_1_807' title='bbox 2147 3456 2193 3510; x_wconf 89' lang='lat' dir='ltr'><strong><em>si</em></strong></span> <span class='ocrx_word' id='word_1_808' title='bbox 2227 3455 2318 3512; x_wconf 89' lang='lat' dir='ltr'><strong><em>ille</em></strong></span> <span class='ocrx_word' id='word_1_809' title='bbox 2358 3457 2448 3528; x_wconf 92' lang='lat' dir='ltr'><strong><em>qui</em></strong></span> <span class='ocrx_word' id='word_1_810' title='bbox 2489 3467 2543 3512; x_wconf 88' lang='lat' dir='ltr'><strong><em>te</em></strong></span> <span class='ocrx_word' id='word_1_811' title='bbox 2580 3457 2846 3529; x_wconf 91' lang='lat' dir='ltr'><strong><em>juratione</em></strong></span> <span class='ocrx_word' id='word_1_812' title='bbox 2871 3457 3001 3517; x_wconf 87' lang='lat' dir='ltr'><strong><em>falsa</em></strong></span> <span class='ocrx_word' id='word_1_813' title='bbox 3029 3458 3330 3529; x_wconf 88' lang='lat' dir='ltr'><strong><em>deceperit,</em></strong></span> <span class='ocrx_word' id='word_1_814' title='bbox 3361 3459 3624 3516; x_wconf 86' lang='lat' dir='ltr'><strong><em>continuo</em></strong></span> <span class='ocrx_word' id='word_1_815' title='bbox 3651 3474 3747 3515; x_wconf 85' lang='lat' dir='ltr'><strong><em>ex-</em></strong></span> 
     </span>
    </p>
   </div>
   <div class='ocr_carea' id='block_1_95' title="bbox 2149 3547 3744 3623">
    <p class='ocr_par' dir='ltr' id='par_1_95' title="bbox 2149 3547 3744 3623">
     <span class='ocr_line' id='line_1_95' title="bbox 2149 3547 3744 3623; baseline 0.004 -21"><span class='ocrx_word' id='word_1_816' title='bbox 2149 3548 2333 3616; x_wconf 79' lang='lat' dir='ltr'><strong><em>Spiret.</em></strong></span> <span class='ocrx_word' id='word_1_817' title='bbox 2375 3547 2432 3604; x_wconf 91' lang='lat' dir='ltr'><strong><em>Si</em></strong></span> <span class='ocrx_word' id='word_1_818' title='bbox 2475 3549 2680 3620; x_wconf 85' lang='lat' dir='ltr'><strong><em>expiret</em></strong></span> <span class='ocrx_word' id='word_1_819' title='bbox 2724 3563 2849 3606; x_wconf 88' lang='lat' dir='ltr'><strong><em>ante</em></strong></span> <span class='ocrx_word' id='word_1_820' title='bbox 2887 3550 3069 3606; x_wconf 89' lang='lat' dir='ltr'><strong><em>oculos</em></strong></span> <span class='ocrx_word' id='word_1_821' title='bbox 3117 3560 3257 3618; x_wconf 90' lang='lat' dir='ltr'><strong><em>tuos,</em></strong></span> <span class='ocrx_word' id='word_1_822' title='bbox 3284 3552 3587 3623; x_wconf 82' lang='lat' dir='ltr'><strong><em>exSpiravit</em></strong></span> <span class='ocrx_word' id='word_1_823' title='bbox 3614 3567 3744 3609; x_wconf 81' lang='lat' dir='ltr'><strong><em>caro</em></strong></span> 
     </span>
    </p>
   </div>
   <div class='ocr_carea' id='block_1_96' title="bbox 2149 3641 3749 3716">
    <p class='ocr_par' dir='ltr' id='par_1_96' title="bbox 2149 3641 3749 3716">
     <span class='ocr_line' id='line_1_96' title="bbox 2149 3641 3749 3716; baseline 0.004 -22"><span class='ocrx_word' id='word_1_824' title='bbox 2149 3641 2336 3710; x_wconf 91' lang='lat' dir='ltr'><strong><em>ipsius.</em></strong></span> <span class='ocrx_word' id='word_1_825' title='bbox 2371 3641 2507 3709; x_wconf 91' lang='lat' dir='ltr'><strong><em>Quid</em></strong></span> <span class='ocrx_word' id='word_1_826' title='bbox 2536 3653 2636 3708; x_wconf 88' lang='lat' dir='ltr'><strong><em>est,</em></strong></span> <span class='ocrx_word' id='word_1_827' title='bbox 2669 3644 2955 3714; x_wconf 84' lang='lat' dir='ltr'><strong><em>exspiravit</em></strong></span> <span class='ocrx_word' id='word_1_828' title='bbox 2973 3659 3098 3700; x_wconf 89' lang='lat' dir='ltr'><strong><em>caro</em></strong></span> <span class='ocrx_word' id='word_1_829' title='bbox 3124 3644 3605 3715; x_wconf 80' lang='lat' dir='ltr'><strong><em>ipsius?Spiritum</em></strong></span> <span class='ocrx_word' id='word_1_830' title='bbox 3635 3658 3749 3716; x_wconf 90' lang='lat' dir='ltr'><strong><em>quo</em></strong></span> 
     </span>
    </p>
   </div>
   <div class='ocr_carea' id='block_1_97' title="bbox 2150 3732 3746 3808">
    <p class='ocr_par' dir='ltr' id='par_1_97' title="bbox 2150 3732 3746 3808">
     <span class='ocr_line' id='line_1_97' title="bbox 2150 3732 3746 3808; baseline 0.004 -22"><span class='ocrx_word' id='word_1_831' title='bbox 2150 3732 2530 3801; x_wconf 85' lang='lat' dir='ltr'><strong><em>viviﬁcabatur,</em></strong></span> <span class='ocrx_word' id='word_1_832' title='bbox 2567 3734 2742 3804; x_wconf 88' lang='lat' dir='ltr'><strong><em>ejecit.</em></strong></span> <span class='ocrx_word' id='word_1_833' title='bbox 2775 3735 2886 3790; x_wconf 84' lang='lat' dir='ltr'><strong><em>Hoc</em></strong></span> <span class='ocrx_word' id='word_1_834' title='bbox 2907 3742 3018 3803; x_wconf 90' lang='lat' dir='ltr'><strong><em>est,</em></strong></span> <span class='ocrx_word' id='word_1_835' title='bbox 3049 3735 3339 3806; x_wconf 82' lang='lat' dir='ltr'><strong><em>exspiravit</em></strong></span> <span class='ocrx_word' id='word_1_836' title='bbox 3377 3736 3603 3793; x_wconf 84' lang='lat' dir='ltr'><strong><em>excluso</em></strong></span> <span class='ocrx_word' id='word_1_837' title='bbox 3629 3735 3746 3808; x_wconf 84' lang='lat' dir='ltr'><strong><em>spi-</em></strong></span> 
     </span>
    </p>
   </div>
   <div class='ocr_carea' id='block_1_98' title="bbox 2149 3823 3751 3900">
    <p class='ocr_par' dir='ltr' id='par_1_98' title="bbox 2149 3823 3751 3900">
     <span class='ocr_line' id='line_1_98' title="bbox 2149 3823 3751 3900; baseline 0.004 -23"><span class='ocrx_word' id='word_1_838' title='bbox 2149 3823 2274 3892; x_wconf 90' lang='lat' dir='ltr'><strong><em>ritu,</em></strong></span> <span class='ocrx_word' id='word_1_839' title='bbox 2297 3840 2400 3895; x_wconf 91' lang='lat' dir='ltr'><strong><em>quo</em></strong></span> <span class='ocrx_word' id='word_1_840' title='bbox 2415 3826 2623 3881; x_wconf 87' lang='lat' dir='ltr'><strong><em>vivebat</em></strong></span> <span class='ocrx_word' id='word_1_841' title='bbox 2639 3841 2784 3881; x_wconf 73' lang='lat' dir='ltr'><strong><em>caro.</em></strong></span> <span class='ocrx_word' id='word_1_842' title='bbox 2813 3826 3096 3896; x_wconf 89' lang='lat' dir='ltr'><strong><em>Pejeravit,</em></strong></span> <span class='ocrx_word' id='word_1_843' title='bbox 3111 3826 3337 3883; x_wconf 84' lang='lat' dir='ltr'><strong><em>exclusit</em></strong></span> <span class='ocrx_word' id='word_1_844' title='bbox 3357 3829 3616 3898; x_wconf 89' lang='lat' dir='ltr'><strong><em>spiritum</em></strong></span> <span class='ocrx_word' id='word_1_845' title='bbox 3636 3842 3751 3900; x_wconf 89' lang='lat' dir='ltr'><strong><em>quo</em></strong></span> 
     </span>
    </p>
   </div>
   <div class='ocr_carea' id='block_1_99' title="bbox 2149 3917 3751 3991">
    <p class='ocr_par' dir='ltr' id='par_1_99' title="bbox 2149 3917 3751 3991">
     <span class='ocr_line' id='line_1_99' title="bbox 2149 3917 3751 3991; baseline 0.003 -19"><span class='ocrx_word' id='word_1_846' title='bbox 2149 3917 2361 3973; x_wconf 89' lang='lat' dir='ltr'><strong><em>vivebat</em></strong></span> <span class='ocrx_word' id='word_1_847' title='bbox 2381 3919 2575 3973; x_wconf 88' lang='lat' dir='ltr'><strong><em>anima.</em></strong></span> <span class='ocrx_word' id='word_1_848' title='bbox 2608 3919 2927 3988; x_wconf 86' lang='lat' dir='ltr'><strong><em>Exspiravit,</em></strong></span> <span class='ocrx_word' id='word_1_849' title='bbox 2952 3919 3048 3975; x_wconf 91' lang='lat' dir='ltr'><strong><em>sed</em></strong></span> <span class='ocrx_word' id='word_1_850' title='bbox 3072 3921 3276 3986; x_wconf 87' lang='lat' dir='ltr'><strong><em>nescis;</em></strong></span> <span class='ocrx_word' id='word_1_851' title='bbox 3301 3921 3622 3991; x_wconf 78' lang='lat' dir='ltr'><strong><em>exspiravit,</em></strong></span> <span class='ocrx_word' id='word_1_852' title='bbox 3648 3918 3751 3977; x_wconf 85' lang='lat' dir='ltr'><strong><em>sed</em></strong></span> 
     </span>
    </p>
   </div>
   <div class='ocr_carea' id='block_1_100' title="bbox 2149 4009 3750 4080">
    <p class='ocr_par' dir='ltr' id='par_1_100' title="bbox 2149 4009 3750 4080">
     <span class='ocr_line' id='line_1_100' title="bbox 2149 4009 3750 4080; baseline 0.004 -17"><span class='ocrx_word' id='word_1_853' title='bbox 2149 4023 2258 4064; x_wconf 91' lang='lat' dir='ltr'><strong><em>non</em></strong></span> <span class='ocrx_word' id='word_1_854' title='bbox 2296 4009 2464 4064; x_wconf 81' lang='lat' dir='ltr'><strong><em>vides.</em></strong></span> <span class='ocrx_word' id='word_1_855' title='bbox 2492 4010 2722 4066; x_wconf 90' lang='lat' dir='ltr'><strong><em>Carnem</em></strong></span> <span class='ocrx_word' id='word_1_856' title='bbox 2751 4011 2894 4065; x_wconf 92' lang='lat' dir='ltr'><strong><em>enim</em></strong></span> <span class='ocrx_word' id='word_1_857' title='bbox 2920 4011 3186 4080; x_wconf 89' lang='lat' dir='ltr'><strong><em>jacentem</em></strong></span> <span class='ocrx_word' id='word_1_858' title='bbox 3212 4012 3328 4068; x_wconf 90' lang='lat' dir='ltr'><strong><em>sine</em></strong></span> <span class='ocrx_word' id='word_1_859' title='bbox 3354 4012 3536 4068; x_wconf 84' lang='lat' dir='ltr'><strong><em>anima</em></strong></span> <span class='ocrx_word' id='word_1_860' title='bbox 3563 4012 3750 4080; x_wconf 82' lang='lat' dir='ltr'><strong><em>vides,</em></strong></span> 
     </span>
    </p>
   </div>
   <div class='ocr_carea' id='block_1_101' title="bbox 2149 4100 3755 4175">
    <p class='ocr_par' dir='ltr' id='par_1_101' title="bbox 2149 4100 3755 4175">
     <span class='ocr_line' id='line_1_101' title="bbox 2149 4100 3755 4175; baseline 0.005 -21"><span class='ocrx_word' id='word_1_861' title='bbox 2149 4100 2380 4154; x_wconf 91' lang='lat' dir='ltr'><strong><em>animam</em></strong></span> <span class='ocrx_word' id='word_1_862' title='bbox 2409 4101 2660 4156; x_wconf 89' lang='lat' dir='ltr'><strong><em>miseram</em></strong></span> <span class='ocrx_word' id='word_1_863' title='bbox 2700 4103 2818 4158; x_wconf 91' lang='lat' dir='ltr'><strong><em>sine</em></strong></span> <span class='ocrx_word' id='word_1_864' title='bbox 2843 4103 2954 4158; x_wconf 92' lang='lat' dir='ltr'><strong><em>Deo</em></strong></span> <span class='ocrx_word' id='word_1_865' title='bbox 2989 4103 3172 4160; x_wconf 87' lang='lat' dir='ltr'><strong><em>videre</em></strong></span> <span class='ocrx_word' id='word_1_866' title='bbox 3208 4119 3315 4160; x_wconf 91' lang='lat' dir='ltr'><strong><em>non</em></strong></span> <span class='ocrx_word' id='word_1_867' title='bbox 3359 4115 3534 4175; x_wconf 91' lang='lat' dir='ltr'><strong><em>potes.</em></strong></span> <span class='ocrx_word' id='word_1_868' title='bbox 3566 4104 3755 4161; x_wconf 86' lang='lat' dir='ltr'><strong><em>Crede</em></strong></span> 
     </span>
    </p>
   </div>
   <div class='ocr_carea' id='block_1_102' title="bbox 2150 4192 3753 4268">
    <p class='ocr_par' dir='ltr' id='par_1_102' title="bbox 2150 4192 3753 4268">
     <span class='ocr_line' id='line_1_102' title="bbox 2150 4192 3753 4268; baseline 0.004 -20"><span class='ocrx_word' id='word_1_869' title='bbox 2150 4207 2299 4261; x_wconf 81' lang='lat' dir='ltr'><strong><em>ergo,</em></strong></span> <span class='ocrx_word' id='word_1_870' title='bbox 2330 4192 2524 4248; x_wconf 89' lang='lat' dir='ltr'><strong><em>adhibe</em></strong></span> <span class='ocrx_word' id='word_1_871' title='bbox 2557 4194 2742 4249; x_wconf 92' lang='lat' dir='ltr'><strong><em>oculos</em></strong></span> <span class='ocrx_word' id='word_1_872' title='bbox 2780 4194 2920 4250; x_wconf 87' lang='lat' dir='ltr'><strong><em>ﬁdei.</em></strong></span> <span class='ocrx_word' id='word_1_873' title='bbox 2950 4194 3116 4251; x_wconf 85' lang='lat' dir='ltr'><strong><em>Nemo</em></strong></span> <span class='ocrx_word' id='word_1_874' title='bbox 3137 4197 3381 4267; x_wconf 90' lang='lat' dir='ltr'><strong><em>perjurus</em></strong></span> <span class='ocrx_word' id='word_1_875' title='bbox 3403 4199 3753 4268; x_wconf 88' lang='lat' dir='ltr'><strong><em>impunitus;</em></strong></span> 
     </span>
    </p>
   </div>
   <div class='ocr_carea' id='block_1_103' title="bbox 2148 4287 3758 4357">
    <p class='ocr_par' dir='ltr' id='par_1_103' title="bbox 2148 4287 3758 4357">
     <span class='ocr_line' id='line_1_103' title="bbox 2148 4287 3758 4357; baseline 0.006 -19"><span class='ocrx_word' id='word_1_876' title='bbox 2148 4299 2368 4354; x_wconf 89' lang='lat' dir='ltr'><strong><em>prorsus</em></strong></span> <span class='ocrx_word' id='word_1_877' title='bbox 2394 4301 2571 4353; x_wconf 92' lang='lat' dir='ltr'><strong><em>nemo,</em></strong></span> <span class='ocrx_word' id='word_1_878' title='bbox 2602 4300 2723 4340; x_wconf 91' lang='lat' dir='ltr'><strong><em>cum</em></strong></span> <span class='ocrx_word' id='word_1_879' title='bbox 2761 4287 2853 4342; x_wconf 90' lang='lat' dir='ltr'><strong><em>illo</em></strong></span> <span class='ocrx_word' id='word_1_880' title='bbox 2879 4295 2962 4342; x_wconf 87' lang='lat' dir='ltr'><strong><em>est</em></strong></span> <span class='ocrx_word' id='word_1_881' title='bbox 2987 4302 3146 4357; x_wconf 77' lang='lat' dir='ltr'><strong><em>pcena</em></strong></span> <span class='ocrx_word' id='word_1_882' title='bbox 3185 4303 3300 4344; x_wconf 91' lang='lat' dir='ltr'><strong><em>sua.</em></strong></span> <span class='ocrx_word' id='word_1_883' title='bbox 3332 4289 3389 4346; x_wconf 94' lang='lat' dir='ltr'><strong><em>Si</em></strong></span> <span class='ocrx_word' id='word_1_884' title='bbox 3418 4289 3658 4348; x_wconf 85' lang='lat' dir='ltr'><strong><em>haberet</em></strong></span> <span class='ocrx_word' id='word_1_885' title='bbox 3696 4292 3758 4347; x_wconf 88' lang='lat' dir='ltr'><strong><em>in</em></strong></span> 
     </span>
    </p>
   </div>
   <div class='ocr_carea' id='block_1_104' title="bbox 2149 4378 3762 4452">
    <p class='ocr_par' dir='ltr' id='par_1_104' title="bbox 2149 4378 3762 4452">
     <span class='ocr_line' id='line_1_104' title="bbox 2149 4378 3762 4452; baseline 0.004 -19"><span class='ocrx_word' id='word_1_886' title='bbox 2149 4378 2394 4434; x_wconf 87' lang='lat' dir='ltr'><strong><em>cubiculo</em></strong></span> <span class='ocrx_word' id='word_1_887' title='bbox 2417 4392 2514 4434; x_wconf 91' lang='lat' dir='ltr'><strong><em>suo</em></strong></span> <span class='ocrx_word' id='word_1_888' title='bbox 2543 4386 2807 4434; x_wconf 90' lang='lat' dir='ltr'><strong><em>tortorem</em></strong></span> <span class='ocrx_word' id='word_1_889' title='bbox 2831 4381 3026 4447; x_wconf 88' lang='lat' dir='ltr'><strong><em>carnis,</em></strong></span> <span class='ocrx_word' id='word_1_890' title='bbox 3047 4381 3260 4452; x_wconf 90' lang='lat' dir='ltr'><strong><em>punitus</em></strong></span> <span class='ocrx_word' id='word_1_891' title='bbox 3285 4390 3462 4438; x_wconf 89' lang='lat' dir='ltr'><strong><em>esset:</em></strong></span> <span class='ocrx_word' id='word_1_892' title='bbox 3486 4382 3674 4439; x_wconf 85' lang='lat' dir='ltr'><strong><em>habet</em></strong></span> <span class='ocrx_word' id='word_1_893' title='bbox 3698 4384 3762 4439; x_wconf 87' lang='lat' dir='ltr'><strong><em>in</em></strong></span> 
     </span>
    </p>
   </div>
   <div class='ocr_carea' id='block_1_105' title="bbox 2148 4469 3764 4540">
    <p class='ocr_par' dir='ltr' id='par_1_105' title="bbox 2148 4469 3764 4540">
     <span class='ocr_line' id='line_1_105' title="bbox 2148 4469 3764 4540; baseline 0.001 -15"><span class='ocrx_word' id='word_1_894' title='bbox 2148 4476 2359 4525; x_wconf 89' lang='lat' dir='ltr'><strong><em>secreto</em></strong></span> <span class='ocrx_word' id='word_1_895' title='bbox 2387 4469 2566 4524; x_wconf 89' lang='lat' dir='ltr'><strong><em>cordis</em></strong></span> <span class='ocrx_word' id='word_1_896' title='bbox 2594 4469 2675 4524; x_wconf 91' lang='lat' dir='ltr'><strong><em>sui</em></strong></span> <span class='ocrx_word' id='word_1_897' title='bbox 2703 4479 2959 4526; x_wconf 90' lang='lat' dir='ltr'><strong><em>tortorem</em></strong></span> <span class='ocrx_word' id='word_1_898' title='bbox 2986 4471 3326 4527; x_wconf 88' lang='lat' dir='ltr'><strong><em>conscientiae</em></strong></span> <span class='ocrx_word' id='word_1_899' title='bbox 3352 4486 3495 4540; x_wconf 70' lang='lat' dir='ltr'><strong><em>sum,</em></strong></span> <span class='ocrx_word' id='word_1_900' title='bbox 3536 4482 3604 4528; x_wconf 88' lang='lat' dir='ltr'><strong><em>et</em></strong></span> <span class='ocrx_word' id='word_1_901' title='bbox 3648 4473 3764 4527; x_wconf 88' lang='lat' dir='ltr'><strong><em>im-</em></strong></span> 
     </span>
    </p>
   </div>
   <div class='ocr_carea' id='block_1_106' title="bbox 2149 4561 3764 4633">
    <p class='ocr_par' dir='ltr' id='par_1_106' title="bbox 2149 4561 3764 4633">
     <span class='ocr_line' id='line_1_106' title="bbox 2149 4561 3764 4633; baseline 0.002 -17"><span class='ocrx_word' id='word_1_902' title='bbox 2149 4561 2365 4632; x_wconf 89' lang='lat' dir='ltr'><strong><em>punitus</em></strong></span> <span class='ocrx_word' id='word_1_903' title='bbox 2387 4561 2641 4618; x_wconf 83' lang='lat' dir='ltr'><strong><em>vocatur?</em></strong></span> <span class='ocrx_word' id='word_1_904' title='bbox 2662 4561 2730 4617; x_wconf 89' lang='lat' dir='ltr'><strong><em>Et</em></strong></span> <span class='ocrx_word' id='word_1_905' title='bbox 2756 4568 2932 4617; x_wconf 85' lang='lat' dir='ltr'><strong><em>tamen</em></strong></span> <span class='ocrx_word' id='word_1_906' title='bbox 2959 4562 3086 4632; x_wconf 91' lang='lat' dir='ltr'><strong><em>quid</em></strong></span> <span class='ocrx_word' id='word_1_907' title='bbox 3115 4561 3284 4618; x_wconf 82' lang='lat' dir='ltr'><strong><em>dicis?</em></strong></span> <span class='ocrx_word' id='word_1_908' title='bbox 3312 4561 3478 4630; x_wconf 78' lang='lat' dir='ltr'><strong><em>Vivit,</em></strong></span> <span class='ocrx_word' id='word_1_909' title='bbox 3510 4562 3764 4633; x_wconf 80' lang='lat' dir='ltr'><strong><em>gaudet,</em></strong></span> 
     </span>
    </p>
   </div>
   <div class='ocr_carea' id='block_1_107' title="bbox 2150 4653 3762 4725">
    <p class='ocr_par' dir='ltr' id='par_1_107' title="bbox 2150 4653 3762 4725">
     <span class='ocr_line' id='line_1_107' title="bbox 2150 4653 3762 4725; baseline 0 -15"><span class='ocrx_word' id='word_1_910' title='bbox 2150 4653 2447 4710; x_wconf 81' lang='lat' dir='ltr'><strong><em>luxuriatur</em></strong></span> <span class='ocrx_word' id='word_1_911' title='bbox 2483 4653 2576 4724; x_wconf 91' lang='lat' dir='ltr'><strong><em>qui</em></strong></span> <span class='ocrx_word' id='word_1_912' title='bbox 2615 4653 2745 4708; x_wconf 90' lang='lat' dir='ltr'><strong><em>mihi</em></strong></span> <span class='ocrx_word' id='word_1_913' title='bbox 2786 4653 3119 4710; x_wconf 90' lang='lat' dir='ltr'><strong><em>mendacium</em></strong></span> <span class='ocrx_word' id='word_1_914' title='bbox 3159 4654 3358 4724; x_wconf 90' lang='lat' dir='ltr'><strong><em>juravit</em></strong></span> <span class='ocrx_word' id='word_1_915' title='bbox 3394 4672 3408 4708; x_wconf 91' lang='lat'><strong><em>:</em></strong></span> <span class='ocrx_word' id='word_1_916' title='bbox 3447 4654 3587 4725; x_wconf 87' lang='lat' dir='ltr'><strong><em>quid</em></strong></span> <span class='ocrx_word' id='word_1_917' title='bbox 3629 4662 3762 4721; x_wconf 75' lang='lat' dir='ltr'><strong><em>est,</em></strong></span> 
     </span>
    </p>
   </div>
   <div class='ocr_carea' id='block_1_108' title="bbox 2149 4745 3770 4817">
    <p class='ocr_par' dir='ltr' id='par_1_108' title="bbox 2149 4745 3770 4817">
     <span class='ocr_line' id='line_1_108' title="bbox 2149 4745 3770 4817; baseline 0 -15"><span class='ocrx_word' id='word_1_918' title='bbox 2149 4746 2288 4817; x_wconf 90' lang='lat' dir='ltr'><strong><em>quod</em></strong></span> <span class='ocrx_word' id='word_1_919' title='bbox 2313 4761 2401 4803; x_wconf 91' lang='lat' dir='ltr'><strong><em>me</em></strong></span> <span class='ocrx_word' id='word_1_920' title='bbox 2426 4745 2591 4801; x_wconf 88' lang='lat' dir='ltr'><strong><em>mittis</em></strong></span> <span class='ocrx_word' id='word_1_921' title='bbox 2613 4745 2680 4801; x_wconf 91' lang='lat' dir='ltr'><strong><em>ad</em></strong></span> <span class='ocrx_word' id='word_1_922' title='bbox 2712 4745 3030 4802; x_wconf 79' lang='lat' dir='ltr'><strong><em>invisibilia?</em></strong></span> <span class='ocrx_word' id='word_1_923' title='bbox 3058 4746 3190 4813; x_wconf 88' lang='lat' dir='ltr'><strong><em>Quia</em></strong></span> <span class='ocrx_word' id='word_1_924' title='bbox 3221 4754 3276 4802; x_wconf 91' lang='lat' dir='ltr'><strong><em>et</em></strong></span> <span class='ocrx_word' id='word_1_925' title='bbox 3301 4746 3416 4817; x_wconf 88' lang='lat' dir='ltr'><strong><em>ipse</em></strong></span> <span class='ocrx_word' id='word_1_926' title='bbox 3441 4745 3629 4814; x_wconf 85' lang='lat' dir='ltr'><strong><em>Deus,</em></strong></span> <span class='ocrx_word' id='word_1_927' title='bbox 3654 4759 3770 4816; x_wconf 81' lang='lat' dir='ltr'><strong><em>per</em></strong></span> 
     </span>
    </p>
   </div>
   <div class='ocr_carea' id='block_1_109' title="bbox 2148 4836 3768 4910">
    <p class='ocr_par' dir='ltr' id='par_1_109' title="bbox 2148 4836 3768 4910">
     <span class='ocr_line' id='line_1_109' title="bbox 2148 4836 3768 4910; baseline -0.001 -17"><span class='ocrx_word' id='word_1_928' title='bbox 2148 4851 2307 4910; x_wconf 91' lang='lat' dir='ltr'><strong><em>quem</em></strong></span> <span class='ocrx_word' id='word_1_929' title='bbox 2348 4837 2574 4908; x_wconf 89' lang='lat' dir='ltr'><strong><em>juravit,</em></strong></span> <span class='ocrx_word' id='word_1_930' title='bbox 2625 4837 2901 4893; x_wconf 88' lang='lat' dir='ltr'><strong><em>invisibilis</em></strong></span> <span class='ocrx_word' id='word_1_931' title='bbox 2951 4845 3052 4893; x_wconf 89' lang='lat' dir='ltr'><strong><em>est.</em></strong></span> <span class='ocrx_word' id='word_1_932' title='bbox 3088 4836 3292 4893; x_wconf 73' lang='lat' dir='ltr'><strong><em>Iuravit</em></strong></span> <span class='ocrx_word' id='word_1_933' title='bbox 3338 4850 3435 4907; x_wconf 86' lang='lat' dir='ltr'><strong><em>per</em></strong></span> <span class='ocrx_word' id='word_1_934' title='bbox 3481 4836 3768 4893; x_wconf 83' lang='lat' dir='ltr'><strong><em>invisibi-</em></strong></span> 
     </span>
    </p>
   </div>
   <div class='ocr_carea' id='block_1_110' title="bbox 2147 4927 3774 5001">
    <p class='ocr_par' dir='ltr' id='par_1_110' title="bbox 2147 4927 3774 5001">
     <span class='ocr_line' id='line_1_110' title="bbox 2147 4927 3774 5001; baseline 0.001 -17"><span class='ocrx_word' id='word_1_935' title='bbox 2147 4929 2276 4996; x_wconf 88' lang='lat' dir='ltr'><strong><em>lem,</em></strong></span> <span class='ocrx_word' id='word_1_936' title='bbox 2303 4928 2489 4985; x_wconf 89' lang='lat' dir='ltr'><strong><em>feritur</em></strong></span> <span class='ocrx_word' id='word_1_937' title='bbox 2507 4943 2663 4999; x_wconf 70' lang='lat' dir='ltr'><strong><em>poena</em></strong></span> <span class='ocrx_word' id='word_1_938' title='bbox 2689 4927 2958 4984; x_wconf 89' lang='lat' dir='ltr'><strong><em>invisibili.</em></strong></span> <span class='ocrx_word' id='word_1_939' title='bbox 2986 4928 3095 4984; x_wconf 91' lang='lat' dir='ltr'><strong><em>Sed</em></strong></span> <span class='ocrx_word' id='word_1_940' title='bbox 3118 4929 3265 4994; x_wconf 88' lang='lat' dir='ltr'><strong><em>vivit,</em></strong></span> <span class='ocrx_word' id='word_1_941' title='bbox 3287 4929 3486 4999; x_wconf 90' lang='lat' dir='ltr'><strong><em>inquit,</em></strong></span> <span class='ocrx_word' id='word_1_942' title='bbox 3519 4937 3588 4985; x_wconf 81' lang='lat' dir='ltr'><strong><em>et</em></strong></span> <span class='ocrx_word' id='word_1_943' title='bbox 3617 4943 3774 5001; x_wconf 86' lang='lat' dir='ltr'><strong><em>quo—</em></strong></span> 
     </span>
    </p>
   </div>
   <div class='ocr_carea' id='block_1_111' title="bbox 2150 5017 3770 5087">
    <p class='ocr_par' dir='ltr' id='par_1_111' title="bbox 2150 5017 3770 5087">
     <span class='ocr_line' id='line_1_111' title="bbox 2150 5017 3770 5087; baseline -0.001 -11"><span class='ocrx_word' id='word_1_944' title='bbox 2150 5019 2272 5076; x_wconf 91' lang='lat' dir='ltr'><strong><em>dam</em></strong></span> <span class='ocrx_word' id='word_1_945' title='bbox 2301 5020 2460 5076; x_wconf 90' lang='lat' dir='ltr'><strong><em>modo</em></strong></span> <span class='ocrx_word' id='word_1_946' title='bbox 2488 5028 2655 5076; x_wconf 85' lang='lat' dir='ltr'><strong><em>scatet</em></strong></span> <span class='ocrx_word' id='word_1_947' title='bbox 2692 5027 2748 5075; x_wconf 93' lang='lat' dir='ltr'><strong><em>et</em></strong></span> <span class='ocrx_word' id='word_1_948' title='bbox 2782 5019 2937 5074; x_wconf 87' lang='lat' dir='ltr'><strong><em>bullit</em></strong></span> <span class='ocrx_word' id='word_1_949' title='bbox 2963 5019 3207 5075; x_wconf 83' lang='lat' dir='ltr'><strong><em>luxuriis.</em></strong></span> <span class='ocrx_word' id='word_1_950' title='bbox 3249 5018 3308 5074; x_wconf 91' lang='lat' dir='ltr'><strong><em>Si</em></strong></span> <span class='ocrx_word' id='word_1_951' title='bbox 3344 5017 3448 5075; x_wconf 89' lang='lat' dir='ltr'><strong><em>hoc</em></strong></span> <span class='ocrx_word' id='word_1_952' title='bbox 3485 5019 3576 5074; x_wconf 76' lang='lat' dir='ltr'><strong><em>ita</em></strong></span> <span class='ocrx_word' id='word_1_953' title='bbox 3633 5027 3770 5087; x_wconf 80' lang='lat' dir='ltr'><strong><em>est,</em></strong></span> 
     </span>
    </p>
   </div>
   <div class='ocr_carea' id='block_1_112' title="bbox 2148 5108 3779 5182">
    <p class='ocr_par' dir='ltr' id='par_1_112' title="bbox 2148 5108 3779 5182">
     <span class='ocr_line' id='line_1_112' title="bbox 2148 5108 3779 5182; baseline 0.001 -15"><span class='ocrx_word' id='word_1_954' title='bbox 2148 5111 2292 5182; x_wconf 89' lang='lat' dir='ltr'><strong><em>quod</em></strong></span> <span class='ocrx_word' id='word_1_955' title='bbox 2319 5119 2484 5168; x_wconf 89' lang='lat' dir='ltr'><strong><em>scatet</em></strong></span> <span class='ocrx_word' id='word_1_956' title='bbox 2509 5110 2752 5178; x_wconf 89' lang='lat' dir='ltr'><strong><em>luxuriis,</em></strong></span> <span class='ocrx_word' id='word_1_957' title='bbox 2775 5109 2916 5180; x_wconf 89' lang='lat' dir='ltr'><strong><em>quod</em></strong></span> <span class='ocrx_word' id='word_1_958' title='bbox 2935 5109 3090 5166; x_wconf 90' lang='lat' dir='ltr'><strong><em>bullit</em></strong></span> <span class='ocrx_word' id='word_1_959' title='bbox 3113 5108 3356 5178; x_wconf 87' lang='lat' dir='ltr'><strong><em>luxuriis,</em></strong></span> <span class='ocrx_word' id='word_1_960' title='bbox 3373 5124 3610 5166; x_wconf 85' lang='lat' dir='ltr'><strong><em>vermes</em></strong></span> <span class='ocrx_word' id='word_1_961' title='bbox 3632 5116 3779 5168; x_wconf 68' lang='lat' dir='ltr'><strong><em>sunt</em></strong></span> 
     </span>
    </p>
   </div>
   <div class='ocr_carea' id='block_1_113' title="bbox 2149 5199 3778 5274">
    <p class='ocr_par' dir='ltr' id='par_1_113' title="bbox 2149 5199 3778 5274">
     <span class='ocr_line' id='line_1_113' title="bbox 2149 5199 3778 5274; baseline 0.002 -18"><span class='ocrx_word' id='word_1_962' title='bbox 2149 5202 2340 5258; x_wconf 85' lang='lat' dir='ltr'><strong><em>animae</em></strong></span> <span class='ocrx_word' id='word_1_963' title='bbox 2367 5211 2610 5258; x_wconf 65' lang='lat' dir='ltr'><strong><em>mortuae.</em></strong></span> <span class='ocrx_word' id='word_1_964' title='bbox 2642 5200 2882 5272; x_wconf 89' lang='lat' dir='ltr'><strong><em>Denique</em></strong></span> <span class='ocrx_word' id='word_1_965' title='bbox 2920 5201 3092 5256; x_wconf 90' lang='lat' dir='ltr'><strong><em>omnis</em></strong></span> <span class='ocrx_word' id='word_1_966' title='bbox 3134 5200 3296 5258; x_wconf 88' lang='lat' dir='ltr'><strong><em>homo</em></strong></span> <span class='ocrx_word' id='word_1_967' title='bbox 3337 5199 3590 5271; x_wconf 85' lang='lat' dir='ltr'><strong><em>prudens</em></strong></span> <span class='ocrx_word' id='word_1_968' title='bbox 3613 5243 3635 5272; x_wconf 87' lang='lat'><strong><em>,</em></strong></span> <span class='ocrx_word' id='word_1_969' title='bbox 3670 5201 3778 5274; x_wconf 78' lang='lat' dir='ltr'><strong><em>qui</em></strong></span> 
     </span>
    </p>
   </div>
   <div class='ocr_carea' id='block_1_114' title="bbox 2150 5289 3780 5364">
    <p class='ocr_par' dir='ltr' id='par_1_114' title="bbox 2150 5289 3780 5364">
     <span class='ocr_line' id='line_1_114' title="bbox 2150 5289 3780 5364; baseline 0.002 -17"><span class='ocrx_word' id='word_1_970' title='bbox 2150 5293 2285 5349; x_wconf 88' lang='lat' dir='ltr'><strong><em>tales</em></strong></span> <span class='ocrx_word' id='word_1_971' title='bbox 2312 5292 2637 5349; x_wconf 87' lang='lat' dir='ltr'><strong><em>luxuriantes</em></strong></span> <span class='ocrx_word' id='word_1_972' title='bbox 2663 5293 2908 5364; x_wconf 89' lang='lat' dir='ltr'><strong><em>perjuros</em></strong></span> <span class='ocrx_word' id='word_1_973' title='bbox 2943 5291 3169 5350; x_wconf 68' lang='lat' dir='ltr'><strong><em>attendit</em></strong></span> <span class='ocrx_word' id='word_1_974' title='bbox 3186 5333 3204 5362; x_wconf 93' lang='lat'><strong><em>,</em></strong></span> <span class='ocrx_word' id='word_1_975' title='bbox 3231 5306 3362 5348; x_wconf 87' lang='lat' dir='ltr'><strong><em>sano</em></strong></span> <span class='ocrx_word' id='word_1_976' title='bbox 3383 5289 3589 5348; x_wconf 85' lang='lat' dir='ltr'><strong><em>cordis</em></strong></span> <span class='ocrx_word' id='word_1_977' title='bbox 3619 5292 3780 5350; x_wconf 84' lang='lat' dir='ltr'><strong><em>olfa-</em></strong></span> 
     </span>
    </p>
   </div>
   <div class='ocr_carea' id='block_1_115' title="bbox 2149 5383 3865 5452">
    <p class='ocr_par' dir='ltr' id='par_1_115' title="bbox 2149 5383 3865 5452">
     <span class='ocr_line' id='line_1_115' title="bbox 2149 5383 3865 5452; baseline 0.002 -13"><span class='ocrx_word' id='word_1_978' title='bbox 2149 5392 2261 5451; x_wconf 90' lang='lat' dir='ltr'><strong><em>ctu,</em></strong></span> <span class='ocrx_word' id='word_1_979' title='bbox 2286 5384 2478 5440; x_wconf 87' lang='lat' dir='ltr'><strong><em>avertit</em></strong></span> <span class='ocrx_word' id='word_1_980' title='bbox 2499 5396 2577 5451; x_wconf 89' lang='lat' dir='ltr'><strong><em>se,</em></strong></span> <span class='ocrx_word' id='word_1_981' title='bbox 2599 5399 2705 5440; x_wconf 90' lang='lat' dir='ltr'><strong><em>non</em></strong></span> <span class='ocrx_word' id='word_1_982' title='bbox 2725 5384 2842 5440; x_wconf 90' lang='lat' dir='ltr'><strong><em>vult</em></strong></span> <span class='ocrx_word' id='word_1_983' title='bbox 2861 5384 3066 5452; x_wconf 88' lang='lat' dir='ltr'><strong><em>videre,</em></strong></span> <span class='ocrx_word' id='word_1_984' title='bbox 3091 5398 3200 5440; x_wconf 88' lang='lat' dir='ltr'><strong><em>non</em></strong></span> <span class='ocrx_word' id='word_1_985' title='bbox 3218 5383 3330 5439; x_wconf 90' lang='lat' dir='ltr'><strong><em>vult</em></strong></span> <span class='ocrx_word' id='word_1_986' title='bbox 3347 5383 3569 5440; x_wconf 81' lang='lat' dir='ltr'><strong><em>audire.</em></strong></span> <span class='ocrx_word' id='word_1_987' title='bbox 3595 5385 3781 5442; x_wconf 80' lang='lat' dir='ltr'><strong><em>Unde</em></strong></span> <span class='ocrx_word' id='word_1_988' title='bbox 3857 5412 3865 5422; x_wconf 65' lang='grc' dir='ltr'><strong>ν</strong></span> 
     </span>
    </p>
   </div>
   <div class='ocr_carea' id='block_1_116' title="bbox 2150 5459 3866 5547">
    <p class='ocr_par' dir='ltr' id='par_1_116' title="bbox 2150 5459 3866 5547">
     <span class='ocr_line' id='line_1_116' title="bbox 2150 5459 3866 5547; baseline 0.002 -16"><span class='ocrx_word' id='word_1_989' title='bbox 2150 5489 2210 5532; x_wconf 90' lang='lat' dir='ltr'><strong><em>se</em></strong></span> <span class='ocrx_word' id='word_1_990' title='bbox 2233 5475 2335 5532; x_wconf 87' lang='lat' dir='ltr'><strong><em>ista</em></strong></span> <span class='ocrx_word' id='word_1_991' title='bbox 2357 5474 2554 5532; x_wconf 86' lang='lat' dir='ltr'><strong><em>sanitas</em></strong></span> <span class='ocrx_word' id='word_1_992' title='bbox 2583 5473 2802 5544; x_wconf 87' lang='lat' dir='ltr'><strong><em>avertit,</em></strong></span> <span class='ocrx_word' id='word_1_993' title='bbox 2824 5475 2926 5532; x_wconf 81' lang='lat' dir='ltr'><strong><em>nisi</em></strong></span> <span class='ocrx_word' id='word_1_994' title='bbox 2952 5475 3076 5547; x_wconf 89' lang='lat' dir='ltr'><strong><em>quia</em></strong></span> <span class='ocrx_word' id='word_1_995' title='bbox 3103 5483 3252 5546; x_wconf 87' lang='lat' dir='ltr'><strong><em>putet</em></strong></span> <span class='ocrx_word' id='word_1_996' title='bbox 3277 5475 3450 5532; x_wconf 89' lang='lat' dir='ltr'><strong><em>anima</em></strong></span> <span class='ocrx_word' id='word_1_997' title='bbox 3476 5475 3783 5534; x_wconf 65' lang='lat' dir='ltr'><strong><em>mortua?</em></strong></span> <span class='ocrx_word' id='word_1_998' title='bbox 3849 5459 3866 5472; x_wconf 74' lang='grc'><em>’</em></span> 
     </span>
    </p>
   </div>
   <div class='ocr_carea' id='block_1_117' title="bbox 2213 5672 3728 5767">
    <p class='ocr_par' dir='ltr' id='par_1_117' title="bbox 2213 5672 3728 5767">
     <span class='ocr_line' id='line_1_117' title="bbox 2214 5672 3709 5767; baseline 0.005 -45"><span class='ocrx_word' id='word_1_999' title='bbox 2214 5674 2232 5706; x_wconf 72' lang='grc' dir='ltr'>ί</span> <span class='ocrx_word' id='word_1_1000' title='bbox 2256 5673 2330 5724; x_wconf 89' lang='lat' dir='ltr'><strong><em>sic</em></strong></span> <span class='ocrx_word' id='word_1_1001' title='bbox 2350 5674 2673 5738; x_wconf 83' lang='lat' dir='ltr'><strong><em>manuscripti.</em></strong></span> <span class='ocrx_word' id='word_1_1002' title='bbox 2697 5673 2816 5726; x_wconf 80' lang='lat' dir='ltr'><strong><em>Editi</em></strong></span> <span class='ocrx_word' id='word_1_1003' title='bbox 2831 5686 2968 5767; x_wconf 67' lang='grc' dir='ltr'><strong><em>γει·ρῖ</em></strong></span> <span class='ocrx_word' id='word_1_1004' title='bbox 2991 5672 3260 5746; x_wconf 67' lang='grc' dir='ltr'><strong><em>εᾴιιρωτηιτ</em></strong></span> <span class='ocrx_word' id='word_1_1005' title='bbox 3280 5672 3348 5747; x_wconf 61' lang='lat' dir='ltr'><strong><em>at!</em></strong></span> <span class='ocrx_word' id='word_1_1006' title='bbox 3363 5673 3709 5744; x_wconf 63' lang='grc' dir='ltr'><strong><em>επεῃιριωη.</em></strong></span> 
     </span>
     <span class='ocr_line' id='line_1_118' title="bbox 2213 5735 3728 5767; baseline 0 0"><span class='ocrx_word' id='word_1_1007' title='bbox 2213 5736 2235 5767; x_wconf 69' lang='grc' dir='ltr'><strong><em>ι</em></strong></span> <span class='ocrx_word' id='word_1_1008' title='bbox 2257 5735 2330 5767; x_wconf 71' lang='lat' dir='ltr'><strong><em>ein</em></strong></span> <span class='ocrx_word' id='word_1_1009' title='bbox 2351 5743 2408 5767; x_wconf 71' lang='lat' dir='ltr'><strong><em>mo</em></strong></span> <span class='ocrx_word' id='word_1_1010' title='bbox 2450 5743 2468 5767; x_wconf 81' lang='lat' dir='ltr'><strong><em>v</em></strong></span> <span class='ocrx_word' id='word_1_1011' title='bbox 2482 5735 2580 5767; x_wconf 65' lang='lat' dir='ltr'><strong><em>nm!</em></strong></span> <span class='ocrx_word' id='word_1_1012' title='bbox 2614 5743 2714 5767; x_wconf 61' lang='lat' dir='ltr'><strong><em>vim</em></strong></span> <span class='ocrx_word' id='word_1_1013' title='bbox 2756 5743 2848 5767; x_wconf 75' lang='lat' dir='ltr'><strong><em>nm</em></strong></span> <span class='ocrx_word' id='word_1_1014' title='bbox 2912 5735 2950 5767; x_wconf 77' lang='grc' dir='ltr'><strong><em>οΙ</em></strong></span> <span class='ocrx_word' id='word_1_1015' title='bbox 2969 5749 2995 5767; x_wconf 67' lang='grc' dir='ltr'><strong><em>ρ</em></strong></span> <span class='ocrx_word' id='word_1_1016' title='bbox 3014 5736 3095 5767; x_wconf 62' lang='lat' dir='ltr'><strong><em>“In</em></strong></span> <span class='ocrx_word' id='word_1_1017' title='bbox 3119 5735 3289 5767; x_wconf 68' lang='lat' dir='ltr'><strong><em>(ah-mm</em></strong></span> <span class='ocrx_word' id='word_1_1018' title='bbox 3311 5739 3490 5767; x_wconf 58' lang='lat' dir='ltr'><strong><em>ous-nul</em></strong></span> <span class='ocrx_word' id='word_1_1019' title='bbox 3518 5743 3580 5767; x_wconf 70' lang='grc' dir='ltr'><strong><em>οι</em></strong></span> <span class='ocrx_word' id='word_1_1020' title='bbox 3608 5738 3728 5767; x_wconf 55' lang='lat' dir='ltr'><strong><em>“an:</em></strong></span> 
     </span>
    </p>
   </div>
   <div class='ocr_carea' id='block_1_118' title="bbox 2257 5709 3799 5810">
    <p class='ocr_par' dir='ltr' id='par_1_118' title="bbox 2257 5709 3799 5810">
     <span class='ocr_line' id='line_1_119' title="bbox 2257 5709 3799 5810; baseline 0.002 -2"><span class='ocrx_word' id='word_1_1021' title='bbox 2257 5709 2330 5785; x_wconf 65' lang='grc' dir='ltr'><strong><em>ξξε</em></strong></span> 
     </span>
    </p>
   </div>
   <div class='ocr_carea' id='block_1_119' title="bbox 2149 5796 3797 5911">
    <p class='ocr_par' dir='ltr' id='par_1_119' title="bbox 2149 5796 3797 5911">
     <span class='ocr_line' id='line_1_120' title="bbox 2149 5796 3797 5911; baseline 0.004 -63"><span class='ocrx_word' id='word_1_1022' title='bbox 2149 5796 2545 5911; x_wconf 51' lang='grc' dir='ltr'><strong><em>ξίὲδιδυηιωῄιγαυιῖ</em></strong></span> <span class='ocrx_word' id='word_1_1023' title='bbox 2581 5803 2630 5852; x_wconf 82' lang='lat' dir='ltr'><strong><em>et</em></strong></span> <span class='ocrx_word' id='word_1_1024' title='bbox 2671 5797 2780 5852; x_wconf 80' lang='lat' dir='ltr'><strong><em>vivit</em></strong></span> <span class='ocrx_word' id='word_1_1025' title='bbox 2818 5812 2837 5857; x_wconf 81' lang='lat'><strong><em>;</em></strong></span> <span class='ocrx_word' id='word_1_1026' title='bbox 2873 5796 2958 5852; x_wconf 76' lang='lat' dir='ltr'><strong><em>ille</em></strong></span> <span class='ocrx_word' id='word_1_1027' title='bbox 3006 5796 3183 5862; x_wconf 71' lang='lat' dir='ltr'><strong><em>[alarm</em></strong></span> <span class='ocrx_word' id='word_1_1028' title='bbox 3221 5796 3440 5863; x_wconf 69' lang='lat' dir='ltr'><strong><em>juravit.</em></strong></span> <span class='ocrx_word' id='word_1_1029' title='bbox 3489 5803 3562 5852; x_wconf 66' lang='lat' dir='ltr'><strong><em>tu</em></strong></span> <span class='ocrx_word' id='word_1_1030' title='bbox 3632 5800 3797 5866; x_wconf 72' lang='lat' dir='ltr'><strong><em>fallo-</em></strong></span> 
     </span>
    </p>
   </div>
  </div>
