4108 6336
399 360 503 419 977

468 471 692 531 CAPUT
728 470 864 528 Vill.
910 499 980 510 -—
1023 470 1076 526 9.
1117 470 1218 525 Cur
1263 464 1447 522 dicitur
1494 480 1523 519 a
1558 463 1813 537 juratione
1856 468 1970 513 ante

356 606 361 609 »
397 568 565 623 omnia
591 564 957 619 abstinendum.
983 562 1222 617 Breviter
1250 574 1375 630 ergo
1406 559 1601 623 audite,
1621 556 1811 610 fratres
1837 555 1965 621 mei,

396 658 710 716 concludam
737 670 1034 713 sermonem
1057 697 1070 722 ,
1103 655 1267 725 ﬁgens
1298 653 1351 707 in
1385 652 1629 707 cordibus
1657 648 1847 703 vestris
1877 662 1970 701 cu-

396 766 509 807 ram
540 750 801 805 salubrem
836 766 850 804 :
882 748 1009 801 Ante
1033 746 1200 800 omnia
1226 744 1381 798 nolite
1400 744 1596 814 jurarc.
1627 740 1822 807 Quare,
1845 737 1971 789 Ante

397 842 607 897 omnia?
633 841 688 895 Si
719 854 965 909 magnum
998 845 1079 892 est
1105 835 1306 891 facinus
1338 834 1596 905 pejerare,
1623 831 1764 886 nulla
1792 837 1970 884 autem

390 932 547 1001 culpa
576 938 659 985 est
682 944 867 983 verum
892 926 1093 996 jurare,
1120 940 1307 995 quare,
1340 916 1471 977 Ante
1497 924 1675 976 omnia
1704 921 1861 976 nolite
1876 924 1971 992 ju-

394 1022 551 1077 rare?
572 1018 922 1074 Debuitenim
938 1017 1135 1081 dicere,
1161 1016 1301 1070 Ante
1316 1015 1496 1069 omnia
1519 1013 1689 1067 nolite
1709 1010 1973 1081 pejerare.

395 1116 529 1170 Ante
551 1114 743 1177 omnia,
782 1113 975 1181 inquit,
1008 1110 1165 1164 nolite
1184 1110 1388 1179 jurare.
1426 1107 1620 1162 Jurare
1658 1107 1800 1161 enim
1828 1104 1980 1175 pejus

397 1213 501 1271 est,
530 1219 689 1275 quam
714 1202 917 1257 furari?
946 1200 1139 1255 Jurare
1166 1200 1318 1269 pejus
1343 1207 1443 1262 est,
1462 1214 1623 1268 quam
1640 1196 1979 1252 adulterare?

398 1278 516 1350 Non
546 1294 666 1350 dico
717 1292 912 1347 falsum
934 1291 1150 1361 jurare;
1175 1289 1362 1358 jurare
1401 1290 1520 1344 dico
1552 1307 1564 1342 :
1590 1288 1777 1357 jurare
1825 1285 1981 1357 pejus

395 1394 499 1451 est,
530 1401 687 1455 quam
714 1386 981 1440 hominem
1007 1383 1292 1440 occidere?
1318 1382 1489 1437 Absit.
1522 1382 1803 1436 Hominem
1828 1381 1971 1435 occi-

395 1478 543 1544 dere,
584 1478 901 1545 adulterare,
952 1476 1134 1541 furari,
1183 1482 1457 1545 peccatum
1500 1482 1583 1530 est
1614 1491 1628 1528 :
1656 1473 1835 1543 jurare
1864 1486 1970 1527 non

395 1580 479 1626 est
537 1578 848 1640 peccatum;
899 1568 993 1624 sed
1042 1567 1231 1623 falsum
1277 1567 1498 1637 jurare,
1544 1571 1815 1635 peccatum
1865 1571 1969 1619 est.

395 1662 570 1729 Quare
607 1676 752 1731 ergo,
800 1660 929 1713 Ante
955 1659 1161 1713 omnia?
1186 1657 1293 1713 Isto
1336 1658 1502 1713 verbo
1529 1656 1669 1727 quod
1710 1655 1803 1723 ait,
1846 1655 1972 1708 Ante

396 1754 584 1819 omnia,
629 1761 813 1809 cautos
854 1766 953 1807 nos
980 1751 1106 1808 fecit
1133 1750 1386 1805 adversus
1433 1750 1665 1820 linguam
1711 1755 1967 1803 nostram.

396 1845 525 1900 Ante
544 1845 731 1909 omnia,
761 1844 855 1908 ait,
884 1854 941 1898 ut
963 1842 1245 1898 attendatis
1270 1856 1379 1911 prae
1400 1840 1626 1906 caneris,
1657 1847 1715 1893 ut
1740 1839 1969 1908 vigiletis

395 1951 463 1993 ne
501 1937 753 2005 subrepat
787 1934 939 1991 vobis
976 1933 1301 1989 consuetudo
1335 1932 1563 2003 jurandi.
1615 1932 1884 2001 Tanquam
1916 1931 1969 1985 in

396 2028 604 2099 specula
631 2028 702 2083 ita
728 2036 780 2082 te
806 2028 980 2097 posuit
998 2034 1181 2081 contra
1204 2033 1253 2079 te
1283 2042 1298 2079 :
1325 2024 1452 2078 Ante
1476 2022 1661 2087 omnia,
1696 2022 1892 2076 levavit
1919 2029 1971 2076 te

396 2135 555 2189 Super
581 2128 793 2185 cretera,
835 2118 975 2174 unde
1015 2126 1065 2173 te
1107 2116 1366 2171 attendas.
1406 2115 1722 2170 Considerat
1750 2114 1892 2168 enim
1920 2121 1971 2169 te

394 2211 591 2282 jurare,
619 2211 720 2265 Per
750 2198 939 2273 Deum,
968 2224 1063 2280 per
1082 2207 1349 2264 Christum
1369 2206 1553 2262 occido
1574 2207 1721 2261 illum
1744 2224 1758 2260 :
1782 2214 1836 2260 et
1855 2204 1969 2260 haec

394 2302 600 2373 quoties
620 2317 715 2371 per
733 2300 870 2357 diem
894 2342 909 2366 ,
936 2300 1141 2370 quoties
1164 2315 1261 2371 per
1278 2298 1505 2353 horam?
1529 2297 1643 2353 Non
1669 2298 1843 2367 aperis
1869 2311 1930 2352 os
1951 2339 1967 2365 ,

394 2392 493 2447 nisi
523 2392 587 2446 ad
618 2391 775 2446 talem
804 2390 1141 2461 jurationem.
1178 2389 1355 2445 Nolles
1383 2396 1442 2444 ut
1470 2389 1667 2443 diceret
1698 2389 1809 2455 tibi,
1843 2388 1971 2442 Ante

395 2486 584 2552 omnia,
624 2494 681 2540 ut
707 2494 759 2541 te
787 2485 1040 2540 adversus
1076 2482 1512 2539 consuetudinem
1556 2483 1968 2537 intentissimum

394 2574 659 2641 redderet,
688 2583 747 2630 ut
770 2576 946 2630 omnia
990 2583 1079 2630 tua
1106 2574 1418 2643 inspiceres,
1448 2588 1635 2629 omnes
1662 2582 1836 2629 motus
1867 2574 1969 2628 lin-

394 2682 508 2739 guae
536 2675 638 2721 tute
666 2666 1068 2737 diligentissime
1094 2665 1409 2732 custodires,
1441 2679 1587 2720 esses
1611 2674 1790 2720 custos
1815 2665 1968 2720 malae

394 2757 793 2813 consuetudinis
834 2766 956 2819 tum,
997 2756 1063 2811 ad
1105 2771 1225 2812 eam
1265 2755 1767 2825 constringendam?
1793 2755 1966 2824 Audi,

396 2850 519 2905 Ante
559 2852 747 2905 omnia.
788 2849 1117 2913 Dormiebas,
1167 2862 1363 2918 pungo,
1394 2847 1523 2901 Ante
1560 2848 1748 2912 omnia,
1790 2848 1969 2917 spinas

395 2940 670 2996 admoveo.
697 2939 831 3008 Quid
869 2948 971 3006 est,
1007 2940 1134 2993 Ante
1153 2939 1365 2993 omnia?
1388 2940 1526 2994 Ante
1556 2938 1733 2993 omnia
1770 2938 1925 3007 vigila
1950 2978 1965 3005 ,

395 3040 517 3087 ante
545 3031 722 3086 omnia
763 3032 996 3086 intentus
1020 3038 1155 3086 esto.

465 3122 687 3178 CAPUT
726 3120 818 3177 1X.
842 3152 914 3162 —
951 3121 1040 3176 10.
1071 3120 1292 3176 Jurandi
1327 3120 1670 3176 consuetudini
1698 3120 1970 3189 aliquando

397 3214 639 3270 obnoxius
666 3215 995 3286 Augustinus.
1025 3215 1227 3269 Juratio
1244 3231 1343 3285 qua
1361 3215 1644 3269 conditione
1660 3215 1967 3269 adhibenda.

396 3305 695 3362 Juravimus
736 3314 791 3362 et
836 3320 934 3363 nos
974 3306 1195 3376 passim,
1238 3306 1516 3363 habuimus
1561 3308 1715 3362 istam
1755 3309 1970 3363 teterri-

398 3413 537 3453 mam
564 3398 1000 3455 consuetudinem
1029 3407 1086 3454 et
1136 3398 1485 3453 mortiferam.
1519 3399 1669 3455 .Dico
1715 3398 1972 3455 Charitati

397 3495 589 3545 vestra:
618 3506 632 3544 :
663 3504 729 3544 ex
763 3503 869 3559 quo
910 3489 1018 3544 Deo
1066 3489 1265 3543 servire
1305 3490 1583 3559 coepimus,
1624 3500 1678 3545 et
1718 3500 1970 3561 quantum

400 3582 598 3638 malum
623 3581 694 3636 sit
719 3581 771 3635 in
797 3580 1030 3650 perjurio
1047 3580 1297 3647 vidimus,
1320 3582 1588 3636 timuimus
1602 3582 1968 3650 vehementer,

401 3681 456 3728 et
498 3672 978 3727 veternosissimam
1025 3671 1461 3728 consuetudinem
1506 3674 1694 3728 timore
1739 3676 1972 3731 frenavi-

401 3778 541 3817 mus.
584 3762 809 3818 Frenata
852 3762 1203 3833 restringitur,
1243 3763 1481 3818 restricta
1513 3764 1821 3835 languescit,
1855 3767 1975 3821 lau-

400 3870 659 3928 guescens
686 3856 960 3921 emoritur,
991 3864 1046 3910 et
1086 3855 1239 3909 mala:
1280 3856 1646 3911 consuetudini
1690 3858 1828 3912 bona
1857 3874 1977 3913 suc-

403 3947 561 4002 cedit.
613 3946 851 4016 Denique
880 3960 987 4000 non
1016 3944 1165 4001 vobis
1204 3945 1445 4013 dicimus,
1494 3962 1601 4003 non
1642 3963 1741 4003 nos
1772 3950 1973 4018 jurare.

406 4038 462 4095 Si
532 4038 674 4093 enim
739 4036 840 4091 hoc
912 4037 1497 4103 dicimus,mentimur.
1578 4038 1844 4107 Quantum
1910 4040 1978 4096 ad

408 4144 493 4183 me
547 4128 812 4199 pertinet,
863 4128 1021 4197 juro;
1088 4128 1182 4182 sed
1230 4136 1481 4196 quantum
1545 4130 1677 4183 mihi
1725 4130 1975 4200 videtur,

406 4236 592 4291 magna
623 4220 937 4277 necessitate
962 4220 1284 4287 compulsus.
1317 4220 1447 4274 Cum
1491 4220 1676 4275 videro
1706 4237 1809 4276 non
1848 4224 1979 4278 mihi

406 4312 547 4367 credi
576 4312 678 4366 nisi
720 4309 929 4377 faciam,
960 4319 1015 4365 et
1053 4310 1100 4364 ei
1140 4310 1231 4380 qui
1260 4310 1387 4377 mihi
1416 4325 1521 4364 non
1547 4312 1715 4367 credit
1746 4328 1851 4367 non
1887 4328 1981 4367 ex-

406 4403 587 4472 pedire
609 4400 747 4471 quod
772 4416 877 4456 non
910 4400 1097 4468 credit,
1130 4401 1231 4456 hac
1253 4416 1515 4472 perpensa
1539 4404 1743 4457 ratione
1770 4412 1823 4458 et
1850 4418 1980 4459 con-

406 4492 724 4547 sideratione
765 4492 973 4557 librata,
1012 4507 1131 4547 cum
1159 4508 1350 4562 magno
1377 4493 1563 4548 timore
1605 4494 1746 4562 dico,
1787 4494 1979 4551 Coram

408 4582 557 4648 Deo;
581 4592 693 4648 aut,
724 4581 898 4637 Testis
921 4590 1001 4637 est
1024 4583 1196 4648 Deus;
1229 4590 1340 4650 aut,
1371 4583 1481 4638 Scit
1506 4583 1747 4639 Christus
1767 4587 1843 4641 sic
1862 4601 1984 4642 esse

408 4673 461 4728 in
491 4674 669 4729 animo
704 4689 825 4729 meo
856 4693 869 4729 :
900 4682 952 4729 et
988 4674 1145 4729 video
1189 4674 1311 4745 quia
1341 4675 1460 4745 plus
1486 4683 1589 4741 est,
1631 4676 1686 4731 id
1727 4686 1827 4743 est,
1860 4680 1982 4747 quia

406 4765 634 4834 amplius
660 4773 742 4820 est
759 4780 916 4835 quam
948 4765 1058 4829 Est,
1089 4772 1196 4829 est;
1230 4764 1368 4833 Non,
1398 4782 1499 4820 non
1529 4782 1548 4820 :
1578 4767 1672 4822 sed
1697 4769 1832 4839 quod
1873 4786 1984 4823 am-

408 4855 541 4925 plius
564 4862 654 4919 est,
683 4872 714 4907 a
740 4856 875 4909 malo
900 4863 1005 4919 est;
1033 4855 1147 4909 etsi
1171 4870 1278 4909 non
1304 4871 1333 4909 a
1356 4856 1495 4911 malo
1515 4857 1763 4926 jurantis,
1792 4873 1819 4911 a
1842 4859 1983 4914 malo

406 4955 491 5001 est
518 4962 623 5002 non
651 4948 934 5003 credentis.
966 4948 1206 5017 Denique
1234 4937 1337 5003 non
1369 4948 1462 5015 ait,
1504 4948 1560 5003 Si
1581 4952 1811 5020 amplius
1838 4954 1979 5019 facit,

408 5037 578 5091 malus
600 5046 683 5093 est
710 5056 723 5091 :
753 5046 825 5104 et,
857 5036 936 5092 Sit
960 5038 1013 5091 in
1039 5053 1131 5093 ore
1158 5049 1355 5105 vestro,
1383 5039 1497 5105 Est,
1525 5050 1639 5105 est;
1669 5042 1804 5107 Non,
1837 5058 1941 5097 non
1965 5061 1981 5108 ;

408 5127 454 5181 si
482 5130 598 5198 quis
620 5130 845 5199 amplius
865 5128 1006 5193 facit,
1026 5132 1196 5185 malus
1224 5141 1303 5184 est
1336 5149 1351 5185 :
1382 5132 1495 5195 sed,
1529 5132 1609 5187 Sit
1628 5134 1679 5186 in
1702 5150 1788 5188 ore
1804 5146 1981 5203 vestro,

409 5216 522 5284 Est,
561 5230 668 5286 est;
698 5219 838 5287 Non,
879 5238 979 5275 non
1000 5236 1019 5275 :
1041 5222 1175 5291 quod
1212 5231 1378 5275 autem
1407 5225 1625 5292 amplius
1663 5235 1754 5292 est,
1797 5243 1828 5279 α
1853 5228 1986 5281 malo

409 5318 484 5363 est
509 5310 721 5379 (Matth.
752 5326 806 5377 v,
836 5312 946 5382 37).
968 5311 1074 5368 Sed
1098 5329 1275 5383 quaere
1304 5314 1472 5384 cujus.
1502 5315 1608 5371 Sed
1641 5324 1816 5371 tamen
1844 5318 1986 5373 aliud

412 5397 573 5455 habet
611 5402 839 5455 humana
866 5404 1093 5473 pessima
1136 5406 1479 5461 consuetudo.
1513 5408 1578 5482 Et
1603 5422 1721 5461 eum
1753 5408 1847 5462 tibi
1874 5424 1988 5463 ere.

412 5489 573 5559 ditur,
598 5492 781 5561 juras;
813 5504 866 5549 et
891 5510 1011 5548 eum
1042 5510 1197 5550 nemo
1221 5497 1400 5566 exigit,
1430 5497 1613 5566 juras;
1646 5510 1701 5552 et
1727 5499 1989 5554 horrenti-

419 5580 520 5636 bus
540 5582 840 5639 bominibus
861 5586 1047 5655 juras;
1080 5602 1184 5642 non
1213 5596 1354 5643 taces
1373 5589 1617 5659 jurando,
1642 5591 1727 5644 vix
1752 5605 1811 5645 es
1830 5605 1989 5646 sanus

409 5686 519 5727 non
566 5675 905 5744 perjurando.
958 5677 1069 5731 Nisi
1118 5678 1254 5736 forte
1295 5682 1509 5749 putatis,
1540 5682 1745 5751 fratres,
1792 5683 1911 5755 quia
1941 5687 1988 5740 si

412 5764 574 5823 sciret
614 5769 883 5837 apostolus
911 5768 1105 5829 Paulus
1133 5771 1352 5828 credere
1380 5772 1482 5829 sibi
1506 5772 1737 5844 Galatas,
1768 5776 1987 5834 adderet

1762 344 1993 402 SERMO
2029 338 2284 401 CLXXX.

3557 359 3665 419 978

2071 457 2390 527 jurationem
2419 468 2472 516 et
2511 461 2729 531 diceret,
2783 458 2910 533 Qua:
2938 471 3115 535 autem
3161 467 3325 523 scribo
3349 470 3507 539 vobis,
3549 489 3665 530 ecce

2076 568 2245 606 coram
2288 553 2413 621 Deo,
2443 557 2559 625 quia
2588 573 2687 611 non
2713 558 2925 611 mentior
2966 556 3163 630 (Galat.
3194 575 3233 628 ῐ,
3272 559 3388 631 20).
3430 562 3660 621 Videbat

2076 645 2146 700 ibi
2175 661 2267 700 eos
2293 648 2377 715 qui
2401 648 2722 715 credebant;
2749 650 2963 704 videbat
2986 659 3040 705 et
3065 650 3199 706 alios
3224 654 3311 722 qui
3337 669 3445 709 non
3469 658 3661 713 crede-

2074 736 2220 791 bant.
2254 736 2395 807 Ergo
2426 738 2531 792 noli
2559 738 2887 805 dieere,Non
2918 740 3059 810 juro.
3081 743 3124 795 si
3165 742 3299 797 forte
3328 744 3576 815 exigitur.
3608 750 3659 803 Α

2074 830 2217 884 malo
2251 837 2332 885 est
2358 831 2498 884 enim
2529 831 2668 899 quod
2696 831 2859 898 facis;
2892 832 2984 887 sed
3014 832 3156 887 iliius
3194 834 3283 903 qui
3311 836 3492 905 exigit.
3520 837 3655 895 Nam

2076 928 2133 974 tu
2160 919 2426 991 quomodo
2448 930 2497 976 te
2520 938 2709 991 purges
2734 938 2839 977 non
2862 923 3046 989 habes,
3070 926 3336 993 quomodo
3355 927 3655 984 satisfacias

2076 1012 2288 1081 negotio
2317 1012 2457 1081 quod
2484 1013 2665 1078 instat,
2695 1028 2799 1067 non
2832 1014 3056 1069 invenis.
3090 1014 3195 1069 Sed
3226 1015 3369 1070 aliud
3398 1028 3500 1083 est,
3531 1034 3652 1074 cum

2076 1105 2304 1175 exigitur
2343 1106 2576 1175 juratio;
2612 1105 2776 1169 aliud,
2824 1121 2943 1159 cum
2980 1106 3239 1162 oll‘ertur:
3271 1117 3325 1163 et
3354 1109 3454 1164 hoc
3480 1111 3654 1180 ipsum

2076 1194 2217 1264 quod
2242 1194 2483 1263 offertur,
2512 1196 2654 1250 aliud
2684 1211 2804 1250 cum
2832 1196 3052 1251 otfertur
3078 1212 3183 1253 non
3203 1199 3439 1254 credenti
3464 1217 3479 1267 ;
3509 1202 3655 1257 aliud

2076 1300 2197 1341 cum
2228 1287 2511 1341 ventilatur
2535 1296 2587 1343 et
2614 1288 2875 1343 credenti.

2147 1378 2370 1434 CAPUT
2407 1378 2476 1435 Χ.
2498 1410 2570 1420 —
2590 1381 2673 1434 11.
2704 1378 3057 1433 Juramentum
3078 1380 3139 1433 ab
3160 1380 3261 1435 alio
3287 1381 3504 1453 exigens,
3523 1398 3653 1454 quo-

2076 1472 2226 1525 modo
2252 1479 2435 1542 peccet.
2476 1471 2620 1526 Tene
2664 1485 2790 1542 ergo
2823 1472 3054 1541 linguam
3084 1480 3139 1527 et
3174 1475 3610 1529 consuetudinem
3633 1517 3653 1544 ,

2076 1572 2329 1632 quantum
2367 1572 2517 1632 potes
2547 1582 2561 1618 :
2588 1578 2691 1618 non
2733 1563 3000 1633 quomodo
3028 1564 3263 1635 quidam,
3305 1567 3518 1634 quando
3546 1567 3657 1622 illis

2076 1652 2286 1719 dicitur,
2320 1654 2517 1709 Verum
2562 1654 2738 1709 dicis?
2770 1669 2875 1709 non
2918 1655 3099 1710 credo.
3146 1654 3267 1709 Non
3310 1656 3521 1711 fecisti?
3546 1672 3654 1713 non

2077 1746 2277 1801 credo:
2309 1748 2447 1802 Deus
2484 1748 2703 1816 judieet,
2748 1748 2866 1817 jura
2910 1748 3060 1802 mihi.
3093 1748 3160 1803 Et
3204 1748 3317 1818 ipse
3358 1750 3446 1819 qui
3494 1750 3659 1820 exigit

2072 1838 2411 1908 jurationem,
2458 1840 2682 1893 multum
2730 1840 2949 1895 interest
2995 1842 3037 1895 si
3077 1842 3246 1898 nescit
3276 1840 3422 1895 illum
3465 1840 3655 1897 falsum

2070 1931 2387 2002 juraturum,
2419 1949 2484 1987 an
2514 1934 2630 1987 scit.
2665 1932 2720 1987 Si
2750 1935 2893 1988 enim
2920 1936 3110 2001 nescit,
3134 1943 3189 1990 et
3216 1934 3336 1989 ideo
3356 1934 3501 1998 dicit,
3529 1934 3658 1989 Jura

2074 2024 2227 2089 mihi,
2257 2033 2313 2078 ut
2339 2024 2469 2079 ﬁdes
2496 2025 2541 2079 ei
2572 2024 2661 2078 liat
2685 2042 2699 2089 ;
2730 2040 2833 2079 non
2860 2025 3033 2079 audeo
3054 2025 3232 2080 dicere
3253 2041 3358 2081 non
3386 2041 3506 2082 esse
3530 2041 3655 2097 pec-

2076 2125 2271 2182 catum,
2300 2127 2473 2172 tamen
2507 2118 2732 2171 humana
2756 2118 2977 2172 tentatio
2994 2125 3093 2172 est.
3126 2118 3178 2172 Si
3208 2126 3384 2173 autem
3413 2118 3514 2172 scit
3531 2133 3653 2173 eum

2076 2209 2283 2275 fecisse,
2329 2211 2475 2263 novit
2520 2210 2728 2275 fecisse,
2759 2210 2891 2265 vidit
2932 2210 3142 2274 fecisse,
3188 2219 3242 2265 et
3270 2213 3410 2280 cogit
3430 2211 3650 2279 jurare,

2076 2301 2335 2358 homicida
2367 2312 2465 2359 est.
2511 2304 2600 2358 llle
2629 2304 2769 2359 enim
2800 2318 2896 2358 suo
2922 2303 3154 2374 perjurio
3191 2318 3251 2358 se
3274 2305 3485 2372 perimit
3515 2321 3529 2356 :
3561 2303 3656 2357 sed

2076 2395 2176 2450 iste
2207 2410 2415 2449 manum
2448 2394 2811 2450 interficientis
2832 2402 2887 2449 et
2914 2394 3175 2465 expressit
3200 2402 3253 2448 et
3281 2394 3491 2462 pressit.
3522 2392 3657 2447 Cum

2074 2499 2202 2540 vero
2226 2486 2412 2555 aliquis
2440 2485 2726 2541 sceleratus
2753 2485 2834 2539 fur
2860 2485 3025 2550 audit,
3057 2485 3182 2540 Jura
3227 2485 3272 2538 si
3299 2500 3405 2539 non
3446 2482 3613 2537 tulisti
3638 2522 3655 2547 ,

2072 2574 2188 2645 jura
2214 2576 2259 2630 si
2284 2590 2389 2630 non
2412 2576 2603 2643 fecisti,
2628 2577 2695 2631 ab
2720 2591 2785 2630 eo
2809 2576 2898 2646 qui
2924 2576 3091 2631 nescit
3114 2591 3181 2630 an
3211 2574 3337 2631 fecit
3359 2592 3372 2629 :
3397 2574 3485 2629 ille
3506 2582 3654 2641 tunc,

2076 2668 2378 2723 Christiano
2422 2684 2527 2722 non
2556 2669 2679 2724 licet
2702 2668 2919 2738 jurare;
2952 2667 3163 2738 quando
3192 2668 3259 2721 ab
3306 2668 3398 2721 illo
3427 2666 3657 2736 exigitur

2073 2759 2463 2830 jusjurandum,
2494 2774 2601 2813 non
2626 2760 2751 2814 licet
2764 2759 2981 2829 jurare;
3012 2757 3344 2812 Christianus
3370 2768 3511 2819 sum,
3543 2769 3655 2810 non

2078 2852 2206 2906 mihi
2238 2852 2377 2905 licet.
2410 2852 2573 2921 Capta
2597 2852 2776 2915 talem,
2807 2858 2988 2905 averte
3014 2857 3065 2903 te
3092 2849 3161 2903 ab
3183 2848 3290 2912 illo,
3325 2847 3598 2901 dissimula
3625 2860 3657 2899 a

2078 2946 2292 3014 negotio
2331 2945 2399 2998 de
2440 2959 2547 3014 quo
2590 2943 2921 3014 loquebaris;
2952 2943 3117 2997 misce
3164 2941 3295 2994 alias
3333 2938 3555 3001 fabulas,
3603 2945 3659 2991 et

2078 3034 2318 3090 invenies
2343 3050 2464 3089 cum
2494 3034 2685 3088 millies
2705 3034 2994 3103 jurantem,
3035 3030 3125 3100 qui
3155 3030 3319 3084 semel
3344 3028 3527 3097 jurare
3556 3040 3653 3080 no-

2078 3125 2192 3182 luit.
2217 3125 2372 3181 lstam
2393 3140 2519 3196 ergo
2533 3124 2967 3181 consuetudinem
2987 3119 3366 3191 quotidianam,
3386 3116 3652 3183 crebram,

2079 3217 2194 3273 sine
2243 3232 2423 3283 causa,
2456 3217 2598 3272 nullo
2636 3221 3000 3284 extorquente,
3046 3210 3191 3265 nullo
3234 3208 3299 3263 de
3342 3207 3443 3261 tuis
3482 3204 3658 3260 verbis

2080 3308 2355 3363 dubitante
2396 3308 2628 3378 jurandi,
2673 3307 2894 3361 avertite
2923 3320 2953 3359 a
2984 3304 3152 3371 vobis,
3196 3307 3463 3371 amputato
3498 3314 3528 3352 a
3557 3298 3659 3352 lin-

2078 3401 2197 3469 guis
2228 3400 2439 3462 vestris,
2479 3398 2841 3454 circumcidito
2868 3397 2935 3449 ab
2963 3411 3058 3451 ore
3087 3402 3284 3450 vestro.
3670 3406 3673 3409 ‘

2084 3533 2118 3554 ι,
2152 3489 2379 3546 CAPUT
2417 3489 2508 3545 XI.
2530 3519 2601 3530 —
2627 3490 2713 3542 12.
2751 3486 2974 3541 Jurandi
3013 3483 3361 3540 consuetudini
3400 3481 3659 3553 operosius

2080 3584 2427 3639 resistendum.
2469 3582 2574 3637 Sed
2602 3580 2929 3636 consuetudo
2977 3587 3094 3642 est,
3151 3578 3287 3633 solet
3331 3575 3456 3631 dici.
3505 3574 3658 3629 Solet

2081 3676 2206 3744 dici,
2256 3676 2468 3746 quando
2496 3689 2601 3729 non
2649 3675 2787 3729 dico.
2832 3673 2943 3728 lloc
2989 3678 3090 3739 est,
3120 3670 3250 3725 Ante
3290 3668 3480 3723 omnia.
3521 3664 3657 3750 Quid

2083 3775 2184 3832 est,
2226 3767 2354 3819 Ante
2390 3766 2602 3819 omnia?
2644 3764 2761 3819 Prte
2799 3763 3007 3817 caeteris
3049 3768 3232 3815 cautus
3260 3768 3395 3825 esto,
3428 3757 3546 3825 plus
3591 3754 3660 3807 ad

2083 3859 2186 3914 hoc
2214 3859 2445 3913 intentus
2473 3866 2608 3923 esto,
2652 3872 2810 3927 quam
2844 3856 2908 3909 ad
2954 3855 3075 3909 alia.
3122 3853 3287 3921 Major
3329 3846 3659 3907 consuetudo

2082 3953 2339 4023 majorem
2368 3951 2711 4006 intentionem
2756 3949 2971 4019 ﬂagitat,
3013 3962 3119 4000 non
3148 3946 3222 4000 rei
3263 3943 3393 3998 levis
3432 3954 3659 3995 consue-

2084 4045 2230 4099 tudo.
2272 4044 2328 4099 Si
2355 4043 2421 4098 de
2445 4058 2605 4096 manu
2648 4041 2844 4111 aliquid
2873 4041 3090 4101 laceres,
3122 4035 3325 4091 facilius
3352 4033 3528 4090 manui
3558 4041 3660 4087 tua:

2085 4134 2375 4204 imperares
2396 4149 2463 4188 ne
2481 4134 2706 4197 faceret;
2738 4133 2781 4186 si
2810 4130 3027 4199 pedibus
3046 4130 3221 4198 aliquo
3241 4126 3473 4183 eundum
3495 4130 3659 4190 esset,

2085 4228 2293 4297 pigritia
2336 4226 2640 4282 retardante
2678 4226 2937 4280 excitares
2968 4232 3018 4276 te
3056 4230 3112 4275 ut
3140 4235 3405 4289 surgeres,
3450 4226 3504 4273 et
3532 4217 3659 4271 ires.

2085 4319 2286 4387 Lingua
2311 4317 2617 4372 facilitatem
2646 4316 2805 4370 habet
2829 4322 3022 4375 motus,
3054 4314 3103 4366 in
3130 4312 3235 4365 udo
3264 4311 3430 4379 posita
3456 4316 3557 4372 est,
3586 4306 3663 4359 fa-

2087 4409 2187 4462 cile
2231 4408 2282 4461 in
2314 4406 2517 4461 lubrico
2546 4406 2757 4460 labitur.
2804 4404 3011 4470 Quanto
3041 4402 3128 4456 illa
3160 4402 3318 4455 citius
3359 4409 3413 4454 et
3456 4396 3663 4452 facilius

2086 4508 2350 4565 movetur,
2378 4506 2526 4553 tanto
2552 4507 2603 4551 tu
2627 4497 2880 4552 adversus
2904 4497 3045 4550 illam
3068 4495 3201 4549 fixus
3220 4501 3357 4549 esto.
3388 4490 3660 4551 Domabis.

2087 4592 2134 4646 si
2162 4590 2439 4661 vigilabis;
2474 4590 2733 4659 vigilabis,
2763 4588 2807 4642 si
2835 4588 3074 4652 timebis;
3103 4584 3331 4648 timebis,
3352 4582 3396 4635 si
3415 4580 3663 4637 christia-

2088 4700 2213 4740 num
2245 4693 2298 4738 te
2322 4698 2441 4739 esse
2471 4683 2799 4753 cogitaveris.
2842 4680 2974 4737 Nam
3004 4686 3205 4734 tantum
3237 4678 3361 4731 mali
3391 4677 3551 4731 habet
3578 4674 3663 4743 ju-

2088 4775 2244 4841 ratio,
2286 4784 2345 4829 ut
2383 4775 2471 4844 qui
2515 4774 2716 4843 lapides
2754 4774 2953 4837 colunt,
2986 4773 3205 4826 timeant
3250 4769 3439 4823 falsum
3479 4768 3664 4837 jurare

2089 4880 2185 4935 per
2220 4865 2423 4934 lapides
2455 4882 2468 4917 :
2503 4873 2559 4919 tu
2599 4879 2705 4918 non
2740 4864 2894 4918 times
2920 4863 3082 4915 Deum
3124 4866 3462 4931 praesentem,
3495 4857 3665 4910 Deum

2089 4956 2376 5021 viventem,
2408 4956 2576 5009 Deum
2619 4955 2896 5019 scientem,
2928 4953 3094 5007 Deum
3133 4957 3456 5014 manentem,
3498 4947 3665 5000 Deum

2090 5046 2144 5101 in
2174 5054 2588 5115 contemptorem
2630 5042 3026 5100 vindicantem?
3053 5039 3261 5097 Claudit
3294 5040 3381 5093 ille
3408 5038 3662 5107 templum

2091 5153 2248 5207 super
2288 5137 2533 5206 lapidem,
2582 5145 2635 5191 et
2676 5137 2717 5190 it
2763 5136 2827 5188 ad
2868 5134 3082 5188 domum
3126 5146 3274 5186 suam
3304 5147 3317 5182 :
3343 5129 3459 5198 ipse
3504 5141 3669 5196 super

2092 5229 2247 5284 deum
2271 5244 2422 5283 suum
2452 5229 2660 5293 clausit,
2684 5236 2738 5282 et
2768 5236 2941 5281 tamen
2968 5223 3179 5294 quando
3199 5222 3272 5276 illi
3298 5220 3506 5286 dicitur,
3536 5219 3665 5275 Jura
3729 5294 3733 5299 .

2095 5337 2186 5391 per
2213 5322 2417 5385 Jovem,
2451 5320 2727 5389 prmsentis
2755 5318 2935 5372 oculos
2974 5317 3141 5371 timet.

2161 5410 2382 5467 CAPUT
2425 5410 2537 5465 χιι.
2560 5439 2630 5450 ——
2654 5411 2737 5464 15.
2770 5408 2981 5461 Falsum
3014 5408 3195 5478 jurare
3231 5420 3320 5476 per
3342 5402 3480 5458 idola
3502 5442 3518 5469 ,
3562 5418 3661 5473 per-

2084 5506 2278 5575 jurium
2323 5514 2413 5560 est.
2456 5506 2521 5558 Et
2548 5518 2670 5558 ecce
2708 5502 2827 5557 dico
2854 5500 3109 5555 Charitati
3136 5507 3345 5563 vestrm,
3376 5506 3431 5553 et
3456 5498 3545 5566 qui
3576 5511 3669 5565 per

2094 5597 2317 5666 lapidem
2348 5597 2537 5650 falsum
2564 5596 2725 5665 jurat,
2771 5592 3014 5664 perjurus
3040 5601 3140 5647 est.
3187 5588 3340 5646 Unde
3369 5589 3471 5643 hoc
3507 5586 3667 5642 dico?
3718 5658 3721 5659 ν

2095 5688 2224 5754 Quia
2255 5687 2402 5741 multi
2433 5696 2486 5740 et
2515 5687 2567 5741 in
2591 5686 2690 5739 hoc
2737 5684 3007 5749 falluntur,
3040 5691 3095 5738 et
3119 5688 3326 5752 putant,
3365 5678 3486 5749 quia
3532 5676 3665 5731 nihil

2097 5786 2181 5835 est
2212 5792 2309 5847 per
2338 5776 2477 5847 quod
2499 5777 2696 5846 jurant,
2739 5790 2845 5833 non
2873 5788 2933 5829 se
2957 5773 3178 5830 crimine
3216 5771 3383 5827 teneri
3430 5766 3666 5838 perjurii.
