3996 6438
416 434 526 500 979

418 560 654 618 Prorsus
678 557 924 631 periurus
947 569 1030 624 es,
1053 555 1176 628 quia
1201 569 1298 627 per
1317 552 1372 611 id
1395 551 1539 626 quod
1563 562 1805 610 sanctum
1833 560 2014 625 putas,

416 652 784 724 Ialsumjuras.
805 650 910 708 Sed
922 666 1019 722 ego
1035 649 1165 706 illud
1179 650 1196 682 ¹
1211 658 1454 706 sanctum
1471 665 1579 705 non
1591 658 1738 720 puto.
1760 649 2014 706 Sanctum

416 755 570 818 putat
607 745 690 801 cui
716 745 886 816 juras.
926 744 1040 800 Non
1083 744 1226 800 enim
1270 742 1482 814 quando
1501 743 1672 814 juras,
1704 743 1798 798 tibi
1824 743 1971 812 juras
1994 783 2012 811 ,

413 849 510 897 aut
557 838 718 910 lapidi
762 840 945 910 juras;
991 836 1085 895 sed
1114 838 1359 910 proximo
1393 837 1563 908 juras.
1608 837 1822 893 Homini
1864 837 2013 907 juras

418 942 544 991 ante
585 933 812 1004 lapidem
844 950 858 987 :
889 933 985 989 sed
1012 933 1267 1004 numquid
1293 947 1400 989 non
1427 943 1551 988 ante
1576 933 1790 988 Deum?
1819 931 1932 988 Non
1963 941 2014 988 te

417 1026 570 1083 audit
616 1026 751 1098 lapis
796 1026 1102 1098 loquentem
1143 1043 1156 1080 :
1194 1025 1290 1082 sed
1337 1025 1492 1098 punit
1539 1035 1589 1081 te
1633 1026 1772 1082 Deus
1819 1025 2012 1082 fallen-

420 1127 555 1178 tem.
683 1138 686 1147 ’
850 1105 855 1126 ³

492 1215 582 1272 ﬂ.
627 1212 850 1269 Jurandi
875 1213 1183 1269 consuetudo
1220 1213 1472 1285 quomodo
1509 1213 1826 1268 convellitur.
1873 1212 2015 1272 Ante

419 1306 599 1362 omnia
627 1321 776 1377 ergo,
807 1304 999 1362 fratres
1037 1305 1163 1372 mei,
1208 1305 1434 1361 obsecro
1458 1319 1574 1370 vos,
1605 1319 1673 1360 ne
1695 1304 1814 1361 sine
1850 1318 2011 1360 causa

418 1417 507 1456 me
534 1402 675 1458 Deus
700 1401 816 1456 haec
843 1401 983 1471 loqui
1005 1400 1342 1472 compulerit.
1375 1400 1506 1455 Dico
1528 1400 1671 1455 enim
1686 1407 1812 1456 ante
1836 1399 2011 1470 ipsum

422 1493 565 1564 quod
594 1493 727 1562 dixi,
758 1509 902 1564 saepe
922 1508 1008 1548 me
1038 1493 1193 1548 istam
1221 1493 1571 1564 quaestionem
1598 1492 1862 1548 devitasse
1895 1510 1908 1545 :
1943 1492 2011 1547 ti-

416 1585 530 1640 mui
559 1601 628 1641 ne
665 1584 934 1644 monendo
961 1593 1017 1640 et
1053 1584 1411 1656 praecipiendo
1453 1584 1571 1654 plus
1615 1599 1739 1641 reos
1781 1585 2012 1641 facerem

419 1693 527 1734 non
549 1677 822 1734 audituros
854 1694 869 1733 :
896 1677 1054 1733 hodie
1080 1685 1256 1733 autem
1288 1678 1404 1748 plus
1426 1677 1573 1732 timui
1599 1692 1667 1734 ne
1690 1677 1835 1748 loqui
1857 1691 2014 1733 recu-

418 1783 619 1837 sarem,
666 1769 809 1840 quod
855 1768 998 1840 loqui
1039 1767 1279 1839 iuberer.
1327 1768 1491 1837 Quasi
1533 1784 1661 1825 vero
1708 1785 1902 1840 parvus
1943 1769 2016 1824 sit

417 1860 628 1918 fructus
657 1862 868 1918 sudoris
905 1861 1064 1932 hujus
1089 1863 1218 1931 mei,
1248 1863 1296 1918 si
1320 1877 1508 1919 omnes
1531 1863 1622 1933 qui
1662 1863 1792 1918 mihi
1835 1863 2013 1919 accla-

419 1964 727 2023 maverunt,
776 1955 1010 2012 clament
1050 1965 1106 2012 et
1131 1964 1319 2011 contra
1359 1970 1441 2024 se,
1486 1970 1555 2012 ne
1595 1954 1786 2011 falsum
1833 1957 2015 2024 jurent

419 2045 706 2104 adversum
731 2061 792 2104 se
817 2065 832 2102 :
857 2047 906 2104 si
935 2055 1016 2104 tot
1040 2047 1285 2103 homines
1312 2048 1401 2118 qui
1431 2063 1519 2104 me
1547 2047 1901 2103 attentissime
1919 2061 2014 2103 au-

421 2140 656 2208 dierunt,
701 2141 890 2196 attenti
920 2141 1026 2195 sint
1053 2139 1308 2196 adversus
1345 2140 1782 2196 consuetudinem
1824 2153 2010 2207 suam,

421 2243 479 2292 et
499 2235 820 2291 admoneant
844 2249 904 2290 se
933 2233 1113 2301 hodie,
1146 2246 1265 2288 cum
1293 2232 1359 2288 ad
1386 2232 1575 2288 domos
1595 2246 1719 2287 suas
1748 2232 2008 2299 venerint,

420 2342 547 2385 cum
578 2327 1018 2384 consuetudinem
1047 2339 1198 2381 suam
1227 2325 1377 2395 lapsu
1410 2325 1602 2395 linguae
1629 2324 2011 2395 repetiverint;

419 2421 706 2478 admoneat
731 2421 1004 2492 proximus
1035 2420 1338 2491 proximum
1371 2437 1384 2474 :
1419 2419 1531 2476 lioc
1557 2429 1641 2476 est
1681 2419 1822 2492 quod
1855 2419 2014 2476 hodie

419 2513 743 2580 audivimus,
775 2513 879 2570 hoc
923 2521 1008 2569 est
1051 2513 1197 2584 quod
1241 2513 1482 2568 obstricti
1524 2527 1726 2568 sumus.
1776 2511 1891 2568 Non
1922 2512 2016 2568 ﬁat

420 2608 602 2677 hodie,
633 2616 780 2664 certe
804 2622 926 2664 cum
951 2621 1140 2662 recens
1167 2620 1350 2662 sermo
1373 2613 1473 2667 est.
1502 2605 1768 2676 Expertus
1788 2606 2009 2676 loquor:

419 2717 529 2758 non
559 2700 652 2756 ﬁat
673 2699 852 2765 hodie,
879 2699 1079 2770 pigrius
1108 2699 1167 2754 ﬁt
1190 2714 1328 2754 cras.
1359 2698 1415 2754 Si
1439 2707 1494 2754 et
1522 2712 1641 2754 cras
1670 2697 1866 2754 factum
1907 2713 2014 2754 non

419 2792 603 2858 fuerit,
648 2791 825 2847 minus
865 2790 1070 2846 laborat
1098 2791 1187 2861 qui
1233 2790 1501 2856 custodit;
1547 2791 1830 2861 adjuvatur
1867 2791 2013 2847 enim

420 2884 805 2940 consuetudine
837 2885 1126 2953 superioris
1151 2883 1277 2938 diei.
1323 2885 1522 2940 Triduo
1575 2886 1799 2940 moritur
1845 2884 2014 2955 pestis

420 2973 489 3030 de
513 2989 616 3045 qua
646 2975 950 3032 laboramus
979 2991 992 3028 :
1023 2983 1079 3030 et
1115 2975 1466 3044 gaudebimus
1493 2975 1560 3030 de
1591 2975 1763 3031 fructu
1793 2985 2010 3042 vestro;

421 3067 546 3139 quia
587 3083 781 3138 magno
822 3068 964 3124 bono
1004 3068 1362 3134 abundabitis,
1411 3070 1456 3123 si
1487 3077 1592 3124 tam
1642 3083 1834 3140 magno
1872 3071 2014 3126 malo

419 3160 693 3217 carebitis.
731 3159 987 3216 Conversi
1017 3160 1085 3216 ad
1115 3161 1417 3227 Dominum,
1445 3170 1551 3217 etc.

871 3249 1103 3307 δεηΜο
1141 3251 1400 3306 CLXXXI
1429 3250 1562 3322 '(a).

427 3343 513 3400 De
559 3343 720 3400 verbis
745 3342 992 3414 Epistulae
1021 3358 1036 3398 ι
1064 3342 1302 3408 Joannis,
1334 3359 1450 3413 cap.
1483 3359 1523 3411 ι,
1553 3342 1607 3408 8,
1639 3342 1693 3408 9,
1724 3343 1779 3399 Si
1817 3344 2016 3399 dixeri-

491 3451 616 3492 mus
657 3437 781 3508 quia
807 3444 1080 3507 peccatum
1110 3451 1218 3491 non
1247 3436 1523 3503 habemus,
1552 3451 1651 3492 nos
1680 3435 1825 3507 ipsos
1849 3435 2012 3492 sedu-

491 3529 687 3597 cimus,
732 3535 788 3584 et
835 3526 1031 3583 veritas
1060 3527 1114 3582 in
1157 3527 1312 3583 nobis
1338 3541 1446 3582 non
1487 3535 1591 3584 est.
1620 3527 1809 3582 Contra
1851 3523 2013 3582 Pela-

491 3621 691 3694 gianos.

491 3707 721 3771 CAPUT
758 3708 1042 3769 PRIMUM.
1062 3739 1137 3752 --
1156 3709 1208 3766 Ι.
1243 3708 1409 3765 Nemo
1430 3708 1512 3764 hic
1530 3710 1646 3765 uicit
1659 3709 1770 3766 sine
1783 3719 2010 3783 peccato.

423 3795 772 3854 Beatissimus
797 3795 1032 3852 Joannes
1056 3795 1330 3866 apostolus
1355 3795 1637 3850 salubriter
1661 3804 1716 3852 et
1753 3797 2015 3852 veraciter

421 3891 685 3956 scribens,
728 3888 868 3945 inter
907 3895 1101 3943 caetera
1129 3886 1204 3942 ait
1231 3904 1246 3942 :
1275 3885 1339 3942 Si
1375 3887 1650 3942 dixerimus
1677 3889 1797 3959 quia
1835 3905 2016 3960 pecca-

422 3994 530 4039 tum
565 3999 669 4038 non
697 3983 955 4048 habemus,
1003 3999 1096 4037 nos
1140 3982 1279 4052 ipsos
1317 3981 1626 4048 seducimus,
1668 3992 1714 4036 et
1741 3983 1923 4038 veritas
1958 3983 2016 4038 in

420 4076 566 4131 nobis
593 4091 693 4131 non
714 4085 804 4131 est.
836 4074 898 4132 Si
913 4083 1079 4130 autem
1093 4075 1310 4146 confessi
1326 4074 1570 4144 fuerimus
1591 4085 1798 4146 peccata
1816 4086 2010 4144 nostra,

423 4170 590 4241 ﬁdelis
618 4179 762 4225 estet
777 4171 967 4240 justus,
995 4170 1082 4240 qui
1109 4169 1327 4222 dimittat
1364 4168 1507 4223 nobis
1532 4179 1754 4237 peccata,
1787 4177 1833 4223 et
1861 4187 2013 4225 mun-

423 4264 507 4317 det
535 4275 628 4316 nos
669 4261 731 4315 ab
761 4261 898 4316 omni
932 4261 1211 4331 iniquitate.
1262 4260 1357 4316 liis
1404 4260 1581 4316 verbis
1609 4261 1790 4316 docuit
1827 4262 2015 4319 beatus

422 4354 678 4420 Joannes,
714 4354 823 4409 imo
866 4353 981 4422 ipse
1010 4353 1265 4408 Dominus
1290 4352 1445 4410 Jesus
1475 4367 1581 4409 non
1620 4368 1680 4410 se
1710 4363 1890 4412 tacens
1917 4372 2015 4428 per

424 4449 708 4517 Joannem,
740 4451 1009 4504 neminem
1050 4447 1107 4503 in
1135 4448 1234 4505 ista
1259 4463 1438 4513 carne,
1473 4449 1528 4504 in
1554 4449 1656 4505 isto
1682 4452 2014 4521 corruptibili

422 4556 681 4613 corpore,
709 4541 762 4596 in
790 4541 888 4596 ista
914 4548 1074 4608 terra,
1105 4539 1159 4596 in
1187 4540 1292 4596 isto
1317 4541 1548 4612 maligno
1576 4543 1791 4611 saeculo,
1822 4545 1874 4599 in
1915 4545 2013 4600 ista

422 4633 536 4689 vita
580 4633 962 4690 tentationibus
1011 4633 1189 4703 plena,
1237 4635 1503 4690 neminem
1537 4625 1626 4692 hic
1670 4638 1849 4693 vivere
1896 4638 2013 4695 sine

423 4735 664 4797 peccato.
695 4725 948 4782 Absoluta
983 4726 1243 4781 sententia
1281 4733 1378 4791 est,
1413 4741 1512 4782 nec
1539 4729 1844 4797 expositore
1879 4730 2016 4784 indi-

424 4827 557 4892 get:
590 4818 651 4876 Si
686 4819 960 4874 dixerimus
996 4819 1114 4890 quia
1155 4827 1413 4889 peccatum
1449 4836 1550 4874 non
1594 4820 1850 4875 habemus.
1881 4821 2014 4890 Quis

425 4918 512 4968 est
537 4910 678 4967 enim
725 4911 814 4981 qui
854 4925 962 4966 non
1004 4910 1165 4967 habet
1207 4912 1519 4980 peccatum?
1555 4911 1703 4967 Sicut
1740 4913 2013 4984 Scriptura

425 5002 575 5072 dicit,
619 5001 731 5056 Nec
755 5003 928 5073 infans
957 5003 1104 5074 cujus
1128 5010 1199 5056 est
1224 5003 1326 5056 vita
1351 5001 1452 5056 diei
1477 5005 1629 5058 unius
1647 5019 1800 5074 super
1829 5016 2014 5061 terram

428 5093 550 5167 (Job
574 5109 684 5160 xxv,
715 5094 769 5160 4,
797 5110 896 5149 sec.
928 5091 1116 5166 LXX).
1149 5092 1292 5148 Talis
1322 5095 1573 5164 parvulus
1602 5104 1876 5166 peccatum
1904 5113 2012 5154 non

425 5186 574 5255 fecit,
599 5187 694 5243 sed
719 5185 788 5242 de
817 5187 1122 5256 parentibus
1145 5186 1322 5240 traxit.
1354 5187 1493 5258 Ergo
1517 5188 1664 5244 nullo
1684 5188 1845 5244 modo
1865 5191 2009 5261 quis-

428 5293 589 5350 quam
618 5287 793 5350 potest
835 5278 1033 5346 dicere,
1064 5293 1171 5333 non
1197 5293 1258 5335 se
1282 5277 1532 5336 habuisse
1577 5293 1874 5352 peccatum.
1907 5283 2015 5339 Sed

428 5371 654 5426 accessit
696 5386 793 5442 per
817 5370 976 5426 ﬁdem
1019 5368 1088 5426 ad
1112 5369 1380 5427 lavacrum
1408 5374 1824 5443 regenerationis
1852 5372 2018 5431 homo

430 5461 622 5527 ﬁdelis,
647 5470 700 5516 et
727 5461 901 5516 omnia
919 5461 1135 5518 dimissa
1163 5473 1285 5517 sunt
1305 5463 1353 5518 ei
1374 5481 1393 5529 ;
1411 5464 1521 5534 jam
1549 5466 1647 5522 sub
1673 5467 1842 5538 gratia
1863 5467 2009 5537 vivit,

430 5552 484 5608 in
515 5552 619 5608 ﬁde
653 5553 803 5619 vivit,
847 5555 1142 5609 membrum
1179 5554 1379 5610 Christi
1410 5557 1578 5614 factus
1616 5568 1718 5626 est,
1757 5561 2013 5631 templum

431 5644 529 5700 Dei
578 5642 748 5700 factus
801 5653 882 5700 est
914 5659 927 5698 :
959 5656 1012 5701 et
1056 5655 1232 5701 tamen
1274 5649 1354 5704 sic
1390 5649 1658 5720 quomodo
1715 5651 2013 5711 membrum

495 5756 509 5786 ι
532 5754 604 5805 sic
620 5762 731 5818 Mss.
755 5753 1027 5818 Editivero,
1048 5753 1205 5808 illum.

491 5817 741 5895 f‘Csillatus
761 5819 821 5895 ad
837 5817 1017 5895 omnes
1027 5825 1135 5870 Mss.
1159 5828 1213 5872 et
1231 5822 1344 5872 md.
1371 5823 1420 5874 in
1452 5835 1681 5879 sermone
1716 5829 2015 5895 praeacuti

427 5881 568 5945 modo
583 5881 879 5945 demgnatos.

491 5943 565 6007 (a)
588 5943 730 6010 Alias,
750 5944 816 5999 de
838 5946 1009 6000 verbis
1029 5945 1238 6012 Apostoli
1260 5945 1338 6000 29.

1655 433 1715 493 s.
1753 386 2467 494 Aucusrmt'sriscom

2139 550 2338 610 Christi
2393 563 2450 612 et
2495 558 2752 629 templum
2807 560 2905 620 Dei
2939 561 3117 622 factus
3162 572 3264 636 est,
3314 567 3361 625 si
3403 567 3602 628 dixerit
3645 586 3708 632 se

2123 662 2232 702 non
2259 648 2457 708 habere
2481 662 2779 723 peccatum,
2827 657 3062 728 seipsum
3087 660 3312 730 seducit,
3343 670 3399 718 et
3427 664 3626 719 veritas
3653 665 3708 724 in

2121 755 2188 797 eo
2237 758 2343 797 non
2370 753 2489 811 est;
2544 761 2764 818 prorsus
2790 751 3066 821 mentitur,
3090 754 3136 808 si
3164 753 3326 822 dicat,
3355 754 3540 812 Justus
3567 773 3708 814 sum.

2193 832 2418 892 CAPUT
2472 836 2537 892 ll.
2579 869 2653 880 —
2688 841 2745 898 2.
2773 841 3168 915 Pelagianorum
3206 863 3382 915 error,
3416 849 3589 919 justos
3631 851 3714 906 hic

2120 925 2230 980 sine
2255 938 2455 996 peccato
2478 932 2709 1000 reperiri.
2735 933 3097 1005 Argumentum
3124 935 3542 1009 Pelagianorum.
3577 941 3716 998 Sunt

2120 1025 2298 1073 autem
2325 1021 2541 1090 quidam
2579 1022 2749 1078 inﬂati
2775 1034 2961 1094 utres,
3012 1029 3202 1098 spiritu
3248 1030 3499 1087 elationis
3545 1033 3708 1101 pleni,

2122 1126 2228 1167 non
2273 1115 2636 1186 magnitudine
2665 1118 2939 1190 ingentes,
2979 1120 3075 1176 sed
3103 1123 3367 1194 superbiae
3404 1124 3598 1180 morbo
3627 1133 3713 1180 tu-

2121 1213 2328 1262 mentes
2351 1248 2367 1276 ,
2399 1215 2456 1262 ut
2478 1207 2658 1266 dicere
2689 1210 2945 1278 audeant,
2980 1212 3206 1269 inveniri
3239 1214 3484 1272 homines
3509 1218 3717 1288 absque

2120 1306 2358 1366 peccato.
2388 1299 2585 1356 Dicunt
2610 1316 2738 1373 ergo
2759 1343 2775 1368 ,
2800 1303 2976 1373 iustos
3002 1319 3224 1375 prorsus
3251 1307 3305 1362 in
3335 1307 3435 1363 hac
3459 1308 3568 1363 vita
3597 1309 3717 1365 nul-

2119 1389 2228 1444 lum
2255 1389 2452 1448 habere
2477 1403 2774 1475 peccatum.
2800 1395 3047 1452 Haeretiei
3073 1404 3251 1454 autem
3277 1399 3717 1472 suntPelagiani,

2121 1481 2389 1555 iidemque
2411 1484 2743 1555 Coelestiani,
2775 1490 2864 1560 qui
2891 1489 3226 1548 hoc-dicunt.
3255 1493 3461 1550 Etcum
3489 1510 3721 1566 respon-

2120 1590 2242 1632 sum
2270 1577 2374 1635 illis
2397 1577 2578 1647 l'uerit,
2609 1579 2749 1647 Quid
2777 1590 2860 1637 est
2883 1581 3026 1652 quod
3051 1583 3269 1640 dicitis?
3297 1585 3440 1657 Ergo
3468 1586 3600 1641 vivit
3628 1586 3722 1643 hic

2121 1667 2284 1724 homo
2311 1669 2430 1725 sine
2454 1679 2700 1740 peccato,
2731 1680 2788 1727 et
2814 1687 2921 1729 non
2947 1673 3110 1730 habet
3135 1676 3354 1731 omnino
3382 1677 3552 1732 ullum
3585 1692 3720 1748 pec-

2117 1769 2296 1817 catum
2321 1802 2339 1828 ,
2371 1777 2472 1818 nec
2495 1761 2672 1831 facto,
2710 1779 2809 1821 nec
2836 1765 3039 1834 verbo,
3080 1781 3183 1823 nec
3205 1769 3565 1840 cogitatione?
3603 1771 3720 1826 Re-

2121 1854 2385 1924 spondent
2405 1854 2473 1911 de
2493 1855 2587 1912 illo
2605 1857 2870 1927 superbia:
2884 1867 3066 1926 vento,
3088 1874 3196 1929 quo
3212 1860 3353 1930 pleni
3371 1869 3494 1916 sunt
3515 1879 3532 1917 :
3550 1876 3720 1932 quem

2119 1955 2338 2002 ventum
2367 1948 2566 2002 utinam
2609 1948 2862 2018 ﬁnirent,
2910 1949 3229 2008 reﬁarentur
3251 1961 3304 2007 et
3340 1962 3581 2010 tacerent
3602 1993 3618 2019 ,
3663 1953 3720 2010 id

2120 2050 2223 2108 est,
2255 2041 2482 2098 humiles
2511 2044 2719 2111 ﬁerent,
2754 2060 2863 2099 non
2891 2045 3015 2101 elati
3048 2063 3062 2100 :
3093 2047 3435 2118 respondent,
3467 2047 3720 2119 inquam,

2120 2133 2352 2190 Prorsus
2378 2134 2466 2190 isti
2508 2132 2754 2190 homines
2781 2137 2988 2204 sancti,
3031 2136 3218 2193 ﬁdeles
3245 2139 3380 2206 Dei,
3421 2154 3524 2195 nec
3551 2139 3717 2206 facto,

2120 2242 2222 2283 nec
2244 2228 2430 2294 verbo,
2459 2242 2560 2284 nec
2582 2229 2905 2300 cogitatione
2929 2240 3153 2302 possunt
3175 2231 3336 2286 ullum
3359 2232 3559 2289 habere
3583 2249 3720 2304 pec-

2119 2329 2319 2375 catum.
2367 2320 2582 2376 Etcum
2609 2322 2690 2378 eis
2711 2323 2944 2391 dicitur,
2993 2323 3093 2391 Qui
3124 2334 3250 2380 sunt
3295 2326 3382 2381 isti
3415 2327 3569 2397 justi,
3618 2328 3720 2399 qui

2121 2415 2238 2471 sine
2262 2424 2484 2486 peccato
2515 2417 2681 2472 sunt?
2705 2417 3034 2488 respondent
3060 2428 3114 2475 et
3139 2418 3340 2486 dicunt,
3367 2421 3500 2476 Tota
3526 2420 3724 2478 Eccle-

2121 2509 2220 2564 sia.
2247 2509 2427 2563 Mirari
2448 2511 2764 2581 potuissem,
2795 2513 2839 2567 si
2861 2513 3155 2569 invenirem
3184 2529 3370 2583 unum,
3397 2515 3554 2584 duos,
3579 2524 3720 2585 tres,

2119 2600 2340 2681 decem,
2381 2611 2512 2671 quot
2547 2603 2823 2673 quaerebat
2855 2604 3146 2660 Abraham.
3189 2605 3460 2662 Abraham
3499 2609 3648 2664 enim
3689 2623 3722 2664 a

2120 2693 2504 2766 quinquaginta
2548 2708 2720 2767 usque
2746 2696 2814 2752 ad
2841 2698 3027 2753 decem
3067 2697 3342 2754 descendit
3377 2697 3526 2772 (Gen.
3557 2717 3719 2770 xvm,

2120 2786 2310 2858 Ωιι-52)
2345 2805 2358 2842 :
2389 2797 2475 2854 tu,
2508 2788 2780 2858 haeretica,
2806 2791 3131 2862 respondes,
3158 2799 3213 2848 et
3231 2791 3364 2847 dicis
3392 2793 3522 2849 mihi
3546 2802 3721 2851 totam

2121 2879 2439 2936 Ecclesiam.
2470 2881 2623 2938 Unde
2662 2883 2765 2939 hoc
2791 2885 3032 2954 probas?
3057 2885 3254 2952 Probo,
3285 2886 3478 2958 inquis.
3510 2886 3718 2954 Proba,

2120 2989 2252 3046 rogo
2276 2983 2349 3030 te.
2380 2973 2624 3047 Magnum
2649 2972 2948 3031 enim'mihi
2968 2977 3219 3048 gaudium
3239 2975 3417 3045 affers,
3441 2979 3488 3034 si
3514 2978 3722 3035 docere

2121 3066 2382 3136 potueris,
2411 3074 2574 3121 totam
2604 3082 2823 3138 prorsus
2849 3068 3141 3123 Ecclesiam
3169 3069 3221 3124 in
3249 3068 3468 3140 singulis
3491 3071 3723 3140 quibus-

2119 3169 2224 3227 que
2250 3155 2493 3212 ﬁdelibus
2529 3158 2641 3214 suis
2678 3159 2880 3214 nullum
2927 3160 3124 3216 habere
3161 3171 3457 3233 peccatum.
3506 3161 3716 3229 Probo,

2119 3247 2315 3316 inquis.
2346 3246 2442 3303 Dic
2467 3246 2654 3304 unde?
2695 3250 2984 3320 Apostolus
3013 3251 3262 3322 loquitur.
3307 3252 3444 3322 Quid
3479 3253 3722 3324 loquitur

2119 3340 2410 3412 Apostolus
2429 3341 2456 3396 ἲ
2481 3341 2730 3408 Christus,
2761 3344 2949 3414 inquit,
2982 3344 3162 3400 dilexit
3187 3345 3486 3401 Ecclesium.
3511 3345 3717 3415 Audio,

2121 3441 2178 3489 et
2203 3435 2447 3504 Apostoli
2484 3435 2647 3491 verba
2690 3449 2812 3492 esse
2849 3451 3133 3508 cognosco.
3181 3437 3440 3494 Mundam
3481 3455 3595 3494 eam
3635 3440 3720 3494 la-

2119 3543 2268 3583 vacro
2296 3545 2443 3599 aqua:
2466 3530 2520 3584 in
2546 3531 2693 3585 verbo
2710 3571 2724 3595 ,
2750 3538 2810 3584 ut
2835 3530 3084 3586 exhiberet
3112 3531 3207 3587 sibi
3228 3533 3500 3603 gloriosam
3529 3531 3722 3588 Eccle-

2118 3622 2248 3677 siam
2265 3660 2282 3688 ,
2323 3636 2428 3676 non
2475 3622 2736 3678 habentem
2761 3624 3012 3679 maculam
3037 3631 3124 3678 aut
3152 3639 3331 3696 rugam
3353 3665 3371 3692 ,
3402 3633 3489 3679 aut
3515 3625 3722 3695 aliquid

2120 3715 2414 3785 hujusmodi
2461 3715 2782 3786 (Ephes.v,
2827 3715 3056 3790 25-27).
3105 3716 3417 3774 Audivimus
3462 3717 3530 3773 de
3569 3719 3721 3774 nube

2119 3822 2310 3878 magna
2354 3808 2606 3864 tonitrua.
2647 3809 2826 3866 Nubes
2867 3809 3009 3865 enim
3038 3809 3130 3866 Dei
3172 3809 3478 3881 Apostolus.
3531 3809 3720 3867 Verba

2120 3898 2220 3955 ista
2247 3909 2563 3968 sonuerunt,
2591 3907 2647 3956 et
2670 3908 2902 3958 tremere
2923 3917 3020 3957 nos
3053 3901 3307 3957 fecerunt.

2189 3989 2417 4048 CAPUT
2445 3991 2532 4047 ill.
2565 4019 2634 4032 -α
2657 3992 2709 4046 5.
2743 3992 3050 4062 Refutantur
3079 3994 3143 4048 ab
3168 3992 3391 4064 ipsorum
3417 3992 3480 4047 de
3505 4009 3561 4049 se
3583 3994 3722 4064 ipsis

2120 4083 2453 4155 professione.
2499 4081 2741 4138 Ila’retici
2764 4095 2906 4139 extra
2932 4083 3210 4139 Ecclesium
3236 4093 3372 4139 sunt.
3414 4083 3521 4140 Sed
3549 4085 3721 4141 dicite

2120 4177 2295 4243 nobis,
2323 4185 2604 4248 antequam
2629 4192 2933 4248 qumramns
2954 4177 3221 4249 quomodo
3248 4179 3350 4234 ista
3377 4179 3537 4235 verba
3563 4180 3723 4250 Apo-

2119 4270 2289 4324 stolus
2317 4269 2539 4336 dixerit;
2565 4268 2746 4335 dicite,
2779 4270 3017 4340 inquam,
3045 4269 3220 4338 nobis,
3251 4278 3428 4326 utrum
3459 4285 3552 4327 vos
3577 4270 3721 4340 justi

2120 4365 2270 4429 estis,
2303 4379 2369 4418 an
2411 4379 2538 4419 non.
2588 4362 2950 4435 Respondent,
2981 4363 3119 4419 Justi
3161 4378 3365 4418 sumus.
3414 4362 3557 4434 Ergo
3599 4376 3718 4418 non

2119 4456 2327 4513 habetis
2353 4455 2673 4528 peccatum?
2717 4456 2816 4511 Per
2842 4470 3027 4510 omnes
3055 4455 3198 4521 dies,
3245 4469 3342 4526 per
3379 4449 3566 4511 omnes
3613 4471 3704 4510 no

2119 4558 2233 4606 otes
2260 4550 2390 4604 nihil
2421 4549 2544 4603 mali
2586 4548 2788 4613 facitis,
2832 4547 2964 4602 nihil
3003 4547 3131 4603 mali
3158 4545 3368 4612 dicitis,
3419 4546 3550 4603 nihil
3581 4546 3719 4604 mali

2119 4641 2404 4713 cogitatis?
2426 4641 2542 4698 Non
2571 4643 2766 4698 audent
2790 4641 2988 4710 dicere,
3016 4641 3180 4699 Nihil.
3207 4640 3311 4698 Sed
3333 4641 3458 4713 quid
3480 4656 3709 4714 respona

2120 4736 2290 4792 dent?
2327 4734 2434 4792 Nos
2461 4735 2674 4807 quidem
2706 4744 3011 4807 peccatores
3039 4750 3257 4801 sumus;
3295 4733 3387 4790 sed
3413 4735 3479 4790 de
3508 4735 3721 4791 sanctis

2119 4829 2386 4900 quuimur
2408 4871 2424 4896 ,
2468 4843 2571 4885 non
2611 4827 2679 4884 de
2720 4827 2892 4883 nobis.
2940 4825 3052 4882 Hoc
3084 4839 3180 4882 vos
3216 4826 3483 4898 interrogo
3514 4844 3528 4880 :
3559 4825 3710 4880 Chri

2121 4924 2277 4980 stiani
2310 4923 2477 4979 estis?
2521 4923 2639 4978 Non
2669 4921 2978 4989 dico,.Justi
3009 4919 3176 4976 estis?
3227 4917 3511 4975 Christiani
3545 4917 3731 4974 estis?

2119 5016 2239 5072 Non
2281 5015 2480 5072 audent
2525 5031 2766 5087 negare:
2801 5012 3123 5081 Christiani,
3175 5013 3454 5083 inquiunt,
3500 5026 3722 5066 sumus.

2121 5107 2335 5164 Fideles
2379 5121 2507 5179 ergo
2554 5107 2728 5163 estis?
2774 5106 3034 5178 Baptizati
3079 5105 3250 5161 estis?
3295 5104 3587 5174 Baptizati,
3635 5104 3725 5158 in-

2121 5199 2342 5269 quiunt,
2392 5214 2596 5253 sumus.
2641 5197 2870 5253 Dimissa
2913 5204 3036 5252 sunt
3062 5195 3214 5252 vobis
3242 5204 3430 5250 cuncta
3460 5195 3726 5266 peccata?

2122 5291 2349 5348 Dimissa
2375 5333 2389 5357 ,
2419 5292 2679 5363 inquiunt.
2729 5288 3008 5360 Quomodo
3035 5306 3162 5361 ergo
3200 5289 3330 5347 estis
3356 5298 3674 5361 peccatores
3701 5288 3728 5342 ?

2123 5381 2329 5438 Sufﬁcit
2355 5382 2481 5436 mihi
2509 5381 2652 5438 unde
2678 5396 2774 5437 vos
2800 5381 3078 5452 repellam.
3109 5379 3220 5436 Vos
3253 5378 3528 5435 christiani
3556 5378 3721 5440 estis.

2122 5477 2370 5550 baptizali
2408 5477 2570 5543 estis,
2599 5475 2783 5531 ﬁdeles
2813 5474 2970 5540 estis,
3003 5473 3245 5528 membra
3271 5470 3522 5527 Ecclesiae
3557 5470 3723 5535 estis,

2120 5581 2175 5629 et
2216 5571 2422 5626 habetis
2451 5569 2684 5626 maculas
2725 5577 2778 5624 et
2805 5567 3008 5640 rugas?
3047 5561 3322 5634 Quomodo
3348 5579 3475 5635 ergo
3499 5574 3580 5618 est
3603 5561 3726 5618 Ec-

2121 5665 2281 5722 clesia
2312 5665 2413 5719 isto
2445 5673 2684 5733 tempore
2708 5662 2823 5717 sine
2853 5657 3062 5716 macula
3082 5660 3142 5714 et
3169 5673 3296 5729 ruga
3317 5699 3333 5726 ,
3362 5672 3480 5712 cum
3510 5671 3604 5710 vos
3639 5654 3729 5710 si-

2121 5757 2189 5813 tis
2215 5772 2344 5828 ruga
2369 5757 2486 5826 ejus
2515 5765 2567 5811 et
2597 5753 2845 5810 macula?
2869 5753 2976 5807 Aut
3001 5752 3044 5808 si
3070 5767 3178 5806 non
3207 5749 3362 5804 vultis
3383 5762 3499 5805 esse
3523 5746 3728 5802 Ecde-

2120 5851 2254 5908 siam
2281 5892 2297 5915 ,
2348 5849 2447 5904 nisi
2474 5865 2593 5905 eam
2617 5864 2736 5920 qua:
2764 5847 2879 5903 sine
2922 5846 3127 5902 macula
3157 5854 3213 5902 et
3247 5859 3374 5914 ruga
3415 5851 3495 5898 est
3516 5884 3532 5910 ,
3580 5856 3726 5898 cum

2121 5944 2267 6016 rugis
2293 5944 2486 6005 vestris
2509 5951 2565 6002 et
2579 5943 2800 6005 maculis
2820 5941 3090 6015 praecidite
3115 5955 3210 6003 vos
3231 5953 3263 5998 a
3287 5936 3541 5998 membris
3559 5935 3717 6008 ejus,
