4108 6336
399 310 497 373 981

403 420 678 499 praecidite
702 431 801 475 vos
823 430 855 473 a
873 429 1098 486 corpore
1123 413 1262 486 ejus.
1307 412 1416 471 Sed
1441 412 1568 484 quid
1592 412 1765 470 adhuc
1803 412 1980 470 dicam

403 525 467 575 ut
487 529 547 571 se
570 514 637 568 ab
670 509 907 567 Ecclesia
946 514 1243 579 segregent,
1269 521 1392 561 cum
1430 505 1536 562 hoc
1571 506 1680 577 jam
1718 506 1983 561 fecerint?

405 607 653 669 Haeretici
682 605 825 661 enim
859 612 1018 670 sunt,
1054 602 1163 671 jam
1191 600 1321 655 foris
1346 607 1470 654 sunt
1501 618 1515 655 :
1544 613 1665 655 cum
1693 606 1800 653 tota
1822 613 1982 653 mun-

404 704 531 761 ditia
552 716 648 757 sua
668 698 796 755 toris
814 701 1206 752 remanserunt.
1240 692 1450 761 Redite,
1472 700 1525 748 et
1547 691 1755 756 audite;
1783 690 1979 755 audite,

404 807 461 854 et
495 793 719 851 credite.

523 888 580 944 4.
632 885 859 941 Mendax
906 880 1158 937 humilitas
1203 878 1619 949 Pelagianorum.
1686 876 1849 933 Forte
1902 874 1984 931 di-

405 980 544 1039 cturi
571 979 701 1037 estis
726 1018 742 1046 ,
772 977 825 1031 in
854 974 1015 1031 corde
1038 980 1218 1027 vestro
1251 969 1455 1026 tumido
1483 978 1537 1025 et
1560 968 1742 1023 inﬂato
1774 984 1787 1021 :
1817 965 1986 1021 Num-

406 1073 534 1146 quid
594 1069 862 1141 potuimus
910 1066 1089 1121 dicere
1137 1063 1260 1133 quia
1306 1061 1437 1133 justi
1487 1058 1712 1115 sumus?
1760 1057 1990 1113 Necesse

405 1168 590 1236 utique
629 1171 743 1219 erat
782 1168 999 1231 propter
1037 1155 1387 1212 humilitatem
1412 1194 1426 1219 ,
1467 1162 1526 1208 ut
1554 1150 1852 1207 diceremus
1890 1162 1991 1202 nos

411 1265 720 1329 peccatores
742 1266 882 1309 esse.
922 1249 1151 1319 Propter
1177 1246 1527 1302 humilitatem
1557 1257 1685 1313 ergo
1710 1239 1989 1296 mentiris?

406 1349 589 1407 Justus
608 1362 667 1402 es
690 1388 705 1413 ,
736 1345 852 1400 sine
877 1349 1095 1414 peccato
1124 1355 1183 1397 es
1216 1357 1229 1392 :
1262 1337 1358 1393 sed
1389 1346 1605 1407 propter
1637 1333 1989 1389 humilitatem

409 1440 542 1496 dicis
579 1445 631 1493 te
668 1442 1035 1506 peccatorem.-
1070 1428 1346 1498 Quomodo
1375 1438 1425 1483 te
1450 1426 1706 1497 accipiam
1738 1434 1992 1493 tanquam

410 1535 757 1592 christianum
787 1532 840 1586 in
862 1529 1086 1584 alterum
1113 1535 1326 1591 testem,
1352 1538 1511 1594 quem
1534 1530 1716 1576 contra
1746 1528 1798 1575 te
1817 1519 1993 1589 ipsum

412 1638 570 1685 teneo
594 1625 784 1680 falsum
820 1621 1058 1679 testem?
1102 1618 1294 1675 Justus
1316 1632 1404 1683 es,
1434 1616 1551 1671 sine
1576 1623 1793 1685 peccato
1817 1627 1875 1668 es
1898 1652 1914 1679 ,
1940 1616 1996 1666 et

412 1720 544 1776 dicis
565 1726 616 1772 te
637 1715 836 1771 habere
861 1720 1157 1783 peccatum.
1187 1708 1359 1764 Testis
1377 1721 1507 1778 ergo
1535 1705 1695 1759 falsus
1720 1718 1778 1759 es
1810 1710 1995 1758 contra

416 1822 487 1869 te.
532 1810 649 1866 Non
684 1807 875 1876 accipit
914 1806 1054 1859 Deus
1081 1801 1391 1857 mendacem
1436 1796 1786 1853 humilitatem
1829 1801 1994 1847 tuam.

420 1904 621 1974 Inspice
663 1902 822 1957 vitam
859 1906 1039 1964 tuam,
1077 1894 1199 1950 vide
1236 1890 1613 1949 conscientiam
1653 1896 1817 1944 tuam.
1857 1885 1998 1954 Ergo

418 1997 584 2067 justus
614 2008 672 2048 es
697 2033 711 2059 ,
752 1990 847 2047 sed
870 2005 975 2046 non
1007 1995 1157 2058 potes
1194 1984 1297 2040 nisi
1326 1984 1503 2038 dicere
1533 1990 1585 2036 te
1624 1976 1999 2049 peccatorem?

419 2085 552 2142 Audi
575 2083 875 2147 Joannem;
906 2080 1018 2149 ipse
1054 2076 1151 2131 tibi
1180 2074 1377 2145 repetit
1405 2070 1547 2142 quod
1575 2070 1735 2124 etiam
1756 2067 2001 2137 superius

421 2176 680 2233 veraciter
718 2172 852 2227 dixit
880 2187 894 2223 :
927 2168 988 2225 Si
1014 2166 1291 2222 dixerimus
1315 2206 1329 2231 ,
1375 2162 1573 2233 inquit,
1602 2161 1719 2230 quia
1748 2166 2003 2230 peccatum

420 2282 520 2320 non
546 2263 783 2319 habemus
804 2301 820 2329 ,
866 2275 955 2314 nos
992 2260 1129 2328 ipsos
1152 2255 1464 2319 seducimus,
1506 2262 1551 2307 et
1579 2254 1757 2305 veritas
1786 2251 1837 2303 in
1863 2248 2004 2303 nobis

407 2330 523 2410 non
549 2363 641 2409 est.
684 2352 765 2411 Tu
793 2366 898 2405 non
925 2348 1090 2404 habes
1120 2354 1395 2418 peccatum
1426 2384 1439 2409 ,
1480 2352 1534 2397 et
1565 2342 1697 2396 dicis
1732 2349 1783 2395 te
1808 2340 2005 2395 habere

426 2459 732 2521 peccatum;
760 2446 956 2501 veritas
975 2444 1029 2498 in
1058 2450 1110 2497 te
1132 2455 1241 2495 non
1269 2446 1369 2493 est.
1401 2436 1533 2504 Quia
1560 2451 1664 2490 non
1694 2433 1830 2488 dixit
1853 2432 2007 2488 Joan-

424 2555 519 2596 nes
543 2583 558 2608 ,
589 2539 649 2595 Si
687 2538 961 2592 dixerimus
984 2534 1101 2607 quia
1128 2540 1385 2604 peccatum
1414 2545 1513 2582 non
1538 2527 1804 2591 habemus,
1835 2525 2009 2580 humi-

426 2632 546 2686 litas
572 2631 625 2684 in
650 2629 805 2684 nobis
835 2642 939 2681 non
969 2631 1053 2681 est
1080 2640 1094 2678 :
1117 2622 1209 2678 sed
1237 2621 1402 2684 dixit,
1431 2635 1522 2673 nos
1542 2619 1678 2688 ipsos
1701 2617 2005 2683 seducimus,

427 2732 473 2777 et
509 2722 689 2776 ueritas
724 2721 779 2774 in
803 2718 943 2774 nobis
973 2733 1075 2771 non
1098 2725 1191 2771 est.
1223 2714 1366 2783 Ergo
1393 2712 1682 2767 mentimur
1704 2750 1719 2777 ,
1748 2712 1792 2763 si
1814 2709 2009 2763 dixeri-

429 2829 550 2869 mus
577 2826 674 2868 nos
702 2825 811 2867 non
840 2810 1041 2866 habere
1070 2812 1366 2879 peccatum.
1394 2804 1452 2861 Si
1479 2803 1811 2860 mendacium
1837 2800 2012 2857 tinuiit

430 2905 682 2973 Joannes,
708 2911 765 2959 tu
784 2901 1119 2957 mendacium
1140 2913 1246 2953 non
1272 2898 1449 2963 times,
1483 2904 1539 2950 ut
1566 2910 1687 2950 cum
1717 2894 1790 2949 sis
1814 2893 2008 2964 justus,

430 2995 576 3052 dicas
622 3004 674 3050 te
712 3008 833 3050 esse
876 2988 1256 3063 peccatorem?
1303 2987 1580 3055 Quomodo
1617 3002 1745 3057 ergo
1780 2993 1835 3041 te
1873 2984 2012 3039 acci-

433 3091 573 3163 piam
615 3088 682 3145 ad
719 3088 947 3143 alienam
986 3101 1201 3142 causam
1234 3091 1425 3139 testem
1449 3124 1463 3149 ,
1512 3081 1599 3151 qui
1643 3081 1696 3135 in
1739 3093 1896 3135 causa
1922 3086 2013 3133 tua

434 3182 707 3238 mentiris?
747 3180 972 3237 Sanctos
1001 3194 1124 3235 reos
1147 3176 1443 3241 constituis,
1475 3173 1599 3228 dum
1626 3180 1807 3228 contra
1837 3179 1890 3226 te
1917 3169 2014 3225 fal-

433 3289 548 3329 sum
585 3273 947 3328 testimonium
983 3271 1134 3326 dicis.
1178 3268 1314 3338 Quid
1348 3267 1581 3322 facturus
1609 3281 1667 3321 es
1703 3264 1893 3329 alteri,
1922 3262 2014 3332 qui

434 3374 485 3420 te
523 3364 787 3420 infamas?
823 3362 1103 3433 Quomodo
1127 3362 1263 3416 alter
1286 3369 1431 3415 tuam
1463 3358 1782 3414 calumniam
1809 3356 2013 3412 devita-

432 3456 531 3524 bit,
564 3456 775 3526 quando
807 3463 860 3511 te
888 3462 992 3510 tute
1014 3454 1206 3523 linguae
1232 3451 1512 3508 mendacio
1542 3466 1692 3505 reum
1722 3449 1887 3504 facis?

504 3546 730 3603 CAPUT
780 3545 869 3601 Ν.
922 3573 993 3585 -
1039 3545 1092 3600 5.
1134 3543 1463 3598 Mendacium
1490 3543 1653 3612 specie
1694 3541 2013 3607 humilitatis,

436 3646 695 3707 peccatum
723 3645 814 3692 est.
860 3635 1057 3691 lterum
1082 3643 1136 3690 te
1165 3634 1434 3704 interrogo
1465 3634 1571 3687 alio
1596 3633 1757 3687 modo
1789 3650 1801 3686 :
1833 3632 2016 3687 Justus

435 3745 532 3795 es,
574 3737 665 3785 aut
705 3727 996 3800 peccator?
1041 3726 1388 3798 Respondes,
1434 3725 1710 3781 Peccator.
1754 3724 2013 3793 Mentiris,

434 3821 555 3890 quia
588 3835 693 3875 non
730 3818 871 3891 quod
914 3828 963 3875 te
992 3834 1113 3875 esse
1141 3819 1301 3873 corde
1332 3815 1507 3874 credis
1528 3857 1544 3881 ,
1588 3816 1691 3872 hoc
1727 3831 1821 3871 ore
1862 3815 2014 3870 dicis.

436 3911 577 3982 Ergo
602 3920 655 3967 et
679 3911 722 3965 si
750 3927 858 3966 non
885 3925 1005 3966 eras
1033 3917 1302 3982 peccator,
1329 3924 1450 3965 esse
1476 3908 1697 3979 incipies
1722 3908 1847 3963 dum
1864 3922 2017 3962 men-

436 4001 573 4056 tiris.
635 4001 777 4056 Dicis
831 4001 972 4057 enim
1017 4020 1029 4056 :
1074 4001 1396 4056 Humilitatis
1446 4013 1606 4055 causa
1654 4014 1752 4054 nos
1793 3998 2019 4054 dicimus

438 4100 745 4163 peccatores
789 4107 943 4157 esse;
990 4107 1112 4147 nam
1153 4092 1295 4147 Deus
1331 4090 1475 4145 videt
1498 4089 1620 4161 quia
1657 4090 1785 4160 justi
1813 4104 2016 4145 sumus.

436 4182 569 4237 Cum
609 4198 736 4254 ergo
778 4181 1092 4238 humilitatis
1135 4197 1293 4238 causa
1339 4182 1615 4251 mentiris,
1662 4182 1705 4236 si
1750 4197 1854 4237 non
1898 4196 2020 4237 eras

441 4282 688 4343 peccator
733 4283 1015 4346 antequam
1060 4275 1402 4341 inentireris,
1447 4274 1750 4330 mentiendo
1788 4272 2019 4331 cfﬁceris

437 4365 576 4437 quod
624 4367 939 4423 evitaveras.
980 4367 1189 4423 Veritas
1232 4368 1286 4423 in
1329 4376 1382 4424 te
1412 4383 1517 4423 non
1544 4373 1659 4437 est,
1706 4369 1810 4424 nisi
1854 4377 1906 4424 te
1946 4370 2018 4425 ita

437 4455 647 4513 dixeris
677 4470 1039 4528 peccatorcm,
1073 4467 1131 4514 ut
1155 4460 1313 4516 etiam
1336 4475 1455 4517 esse
1474 4474 1784 4531 cognoscas.
1814 4461 2020 4518 Veritas

439 4558 615 4604 autem
643 4548 757 4619 ipsa
785 4558 867 4606 est
891 4593 903 4615 ,
936 4560 994 4605 ut
1023 4552 1161 4621 quod
1189 4566 1247 4607 es
1276 4552 1441 4608 dicas.
1482 4552 1614 4607 Nam
1645 4554 1911 4625 quomodo
1938 4565 2022 4612 cst

442 4640 739 4711 humilitas,
780 4644 868 4699 ubi
899 4654 1085 4716 regnat
1113 4644 1349 4701 falsitas?

530 4733 583 4788 6.
636 4733 916 4789 Ecclesium
972 4736 1052 4789 hic
1108 4753 1209 4790 non
1262 4754 1369 4792 esse
1425 4738 1533 4793 sine
1576 4748 1815 4811 peccato,
1866 4741 2020 4812 liquet

438 4843 499 4880 ea;
545 4826 799 4881 dominica
854 4831 1096 4883 oratione.
1166 4829 1443 4887 Postremo
1499 4834 1806 4890 omittamus
1854 4834 2018 4891 Joan-

436 4917 517 4972 nis
562 4919 766 4975 verba:
800 4936 924 4976 ecce
975 4922 1027 4976 in
1078 4937 1301 4994 corpore
1342 4925 1627 4993 Ecclesize,
1682 4943 1841 4997 quam
1886 4928 2019 4984 dicis

440 5025 544 5064 non
587 5010 787 5068 habere
828 5010 1089 5068 maculam
1131 5024 1221 5070 aut
1265 5032 1449 5086 rugam
1496 5026 1587 5072 aut
1635 5019 1832 5089 aliquid
1881 5022 2020 5091 ejus-

441 5104 581 5158 modi
614 5145 630 5171 ,
659 5112 712 5159 et
738 5120 856 5160 esse
884 5106 998 5162 sine
1028 5116 1268 5178 peccato,
1301 5124 1427 5165 ecce
1454 5110 1634 5165 veniet
1665 5112 1793 5167 hora
1823 5115 2020 5171 oratio-

441 5193 524 5248 nis
553 5236 570 5263 ,
615 5204 830 5252 oratura
858 5206 939 5252 est
984 5207 1089 5254 tota
1130 5200 1365 5256 Ecclesia
1398 5219 1410 5256 :
1443 5212 1497 5257 et
1540 5210 1597 5257 tu
1630 5204 1844 5275 quidem
1887 5206 2019 5265 foris

437 5301 523 5351 es;
556 5290 675 5342 veni
704 5286 771 5344 ad
796 5291 1090 5346 orationem
1119 5292 1435 5348 dominicam
1458 5335 1472 5358 ,
1503 5295 1625 5351 veni
1646 5296 1711 5351 ad
1744 5299 2014 5369 trutinam,

434 5376 574 5442 veni,
607 5377 712 5445 die,
740 5376 897 5433 Pater
922 5390 1107 5448 noster,
1139 5384 1223 5452 qui
1243 5400 1293 5438 es
1318 5384 1370 5438 in
1396 5386 1554 5440 catis.
1580 5384 1814 5456 Sequere
1838 5408 1853 5444 :
1880 5392 2019 5446 San-

432 5468 677 5539 ctiﬁcetur
705 5488 886 5527 nomen
926 5482 1081 5528 tuum.
1123 5473 1301 5530 Veniat
1338 5495 1548 5549 regnum
1586 5488 1746 5535 tuum.
1778 5481 1900 5538 Fiat
1924 5502 2015 5541 vo-

434 5561 600 5615 luntas
629 5570 715 5616 tua
737 5602 754 5630 ,
799 5564 927 5619 sicut
950 5566 1003 5619 in
1030 5567 1153 5621 creto
1176 5609 1190 5633 ,
1233 5577 1280 5622 et
1304 5569 1357 5623 in
1385 5579 1538 5625 terra.
1570 5571 1766 5628 Panem
1791 5586 2015 5632 nostrum

431 5654 782 5721 quotidianum
808 5655 870 5709 da
892 5657 1040 5712 nobis
1062 5660 1228 5715 hodie.
1263 5661 1497 5733 Sequere
1526 5706 1540 5731 ,
1565 5672 1619 5719 et
1647 5664 1733 5721 dic
1766 5686 1779 5721 :
1807 5666 2016 5725 Dimitte

431 5748 573 5800 nobis
614 5748 781 5803 debita
815 5761 1007 5808 nostra.
1060 5752 1375 5825 Responde,
1427 5757 1673 5820 haeretice
1696 5802 1712 5831 ,
1741 5777 1861 5832 qum
1887 5773 2011 5824 sunt

1763 298 1994 358 SERMO
2029 299 2311 359 CLXXXI.

3564 295 3668 355 989.

2092 415 2267 471 debita
2299 412 2427 469 tua?
2474 413 2551 469 An
2580 412 2713 470 forte
2736 413 3016 484 pecuniam
3043 421 3277 471 mutuam
3307 426 3338 466 a
3373 412 3484 468 Deo
3513 428 3666 468 acce-

2092 506 2253 576 pisti?
2295 505 2443 571 Non,
2489 504 2677 575 inquit.
2720 504 2836 560 Non
2869 512 2921 559 te
2946 519 3044 574 ego
3079 505 3304 576 amplius
3334 504 3664 574 interrogabo

2090 597 2158 653 de
2203 598 2349 652 hoc:
2390 596 2504 665 ipse
2534 595 2674 651 enim
2723 596 2978 651 Dominus
3024 595 3362 667 expositurus
3390 604 3504 661 est,
3551 611 3670 666 qua:

2092 687 2201 743 sint
2228 687 2403 743 debita
2424 703 2541 763 quae
2564 689 2715 745 nobis
2744 689 2972 758 petimus
2997 687 3242 742 relaxari.
3274 688 3521 742 Dicamus
3540 702 3668 758 ergo

2092 779 2369 848 sequmtia
2410 796 2423 831 :
2462 778 2605 834 Sicut
2629 787 2675 833 et
2702 797 2791 834 nos
2826 780 3117 833 dimittimus
3142 778 3439 833 debitoribus
3465 780 3669 833 nostris.

2094 872 2342 942 Exponat
2383 872 2486 927 hoc
2531 872 2785 930 Dominus
2820 890 2833 928 :
2863 873 2923 929 Si
2958 873 3089 927 enim
3131 872 3415 926 dimisen‘tis
3451 871 3672 925 homini-

2096 964 2187 1021 bus
2213 974 2412 1037 peccata
2443 964 2592 1037 (ergo
2618 964 2793 1022 debita
2820 974 2995 1021 vestra
3024 975 3233 1035 peccata
3262 964 3432 1035 sunt),
3461 965 3675 1019 dimittet

2096 1056 2232 1112 vobis
2258 1066 2305 1111 et
2332 1056 2489 1113 Pater
2518 1065 2672 1111 vester
2698 1067 2899 1127 peccata
2927 1067 3109 1113 uestra.
3154 1057 3288 1113 Redi
3308 1072 3432 1127 ergo
3450 1098 3464 1122 ,
3495 1056 3666 1112 haere-

2098 1150 2224 1218 tice,
2255 1151 2321 1206 ad
2346 1151 2671 1217 orationem,
2704 1150 2750 1205 si
2777 1150 3098 1206 obsurduisti
3128 1159 3310 1205 contra
3343 1166 3521 1206 veram
3552 1149 3676 1205 ﬁdei

2098 1242 2379 1298 rationem.
2426 1241 2635 1296 Dimitte
2662 1239 2803 1294 nobis
2829 1240 2994 1294 debita
3026 1251 3197 1296 nostra
3218 1284 3231 1308 ,
3260 1240 3394 1296 dicis
3413 1281 3429 1307 ,
3470 1257 3538 1295 an
3570 1256 3678 1295 non

2099 1333 2269 1389 dicis?
2295 1335 2351 1391 Si
2381 1352 2485 1391 non
2507 1336 2661 1403 dicis,
2699 1335 2797 1390 etsi
2826 1348 3061 1403 praesens
3088 1333 3250 1390 fueris
3274 1350 3514 1405 corpore,
3548 1333 3680 1389 loris

2101 1433 2280 1482 tamen
2305 1442 2364 1481 es
2389 1428 2457 1481 ab
2477 1428 2737 1482 Ecclesia.
2762 1427 3014 1483 Ecclesia:
3047 1426 3186 1480 enim
3215 1427 3383 1481 oratio
3411 1435 3492 1481 est
3511 1468 3525 1494 ,
3569 1441 3678 1480 vox

2102 1522 2296 1577 estvde
2336 1523 2640 1593 magisterio
2680 1522 2889 1578 Domini
2926 1522 3166 1578 veniens.
3214 1520 3334 1589 Ipse
3376 1520 3542 1586 dixit,
3589 1518 3680 1573 Sic

2102 1624 2240 1670 orate
2260 1615 2472 1684 (Matth.
2502 1632 2587 1683 v1,
2618 1616 2776 1684 9-H)
2812 1634 2829 1671 :
2856 1614 3128 1683 discipulis
3157 1612 3307 1677 dixit,
3340 1612 3431 1666 Sic
3454 1620 3591 1665 orate
3622 1611 3637 1642 ¹
3662 1628 3677 1665 :

2102 1706 2382 1777 discipulis
2406 1708 2537 1763 dixit
2561 1749 2576 1773 ,
2607 1708 2876 1777 Apostolis
2902 1706 3058 1773 dixit,
3088 1715 3142 1761 et
3168 1704 3322 1759 nobis
3342 1705 3677 1774 qualescum-

2102 1819 2209 1870 que
2236 1803 2463 1873 agniculi
2490 1816 2671 1857 sumus
2697 1802 2868 1866 dixit;
2912 1798 3165 1860 arietibus
3191 1797 3367 1867 gregis
3392 1796 3561 1863 dixit,
3592 1795 3682 1849 Sic

2104 1902 2261 1949 orate.
2292 1892 2477 1948 Videte
2502 1893 2619 1962 quis
2653 1892 2883 1957 dixerit,
2910 1900 2962 1946 et
2989 1890 3181 1961 quibus
3217 1889 3427 1943 dixerit.
3476 1887 3683 1942 Veritas

2105 1984 2425 2054 discipulis,
2476 1984 2666 2039 Pastor
2721 1991 2990 2052 pastorum
3047 1981 3299 2037 arietibus
3331 1999 3346 2036 :
3377 1980 3467 2036 Sic
3521 1990 3679 2047 orate,

2106 2074 2320 2129 Dimitte
2334 2076 2475 2130 nobis
2498 2074 2663 2129 debita
2681 2082 2851 2129 nostra
2865 2116 2881 2140 ,
2912 2076 3038 2129 sicut
3058 2083 3104 2128 et
3128 2090 3219 2128 nos
3242 2073 3535 2128 dimittimus
3550 2073 3688 2128 debi-

2110 2168 2299 2222 toribus
2325 2168 2529 2222 nostris.
2558 2167 2673 2222 Rex
2700 2169 2982 2233 militibus,
3016 2168 3272 2223 Dominus
3300 2168 3501 2231 servis,
3531 2167 3688 2223 Chri-

2109 2265 2225 2312 stus
2253 2258 2525 2329 Apostolis
2544 2300 2559 2325 ,
2590 2260 2785 2314 veritas
2817 2259 3119 2314 hominibus
3146 2260 3458 2329 loquebatur
3479 2302 3493 2327 ,
3526 2262 3692 2317 subli-

2110 2349 2269 2403 mitas
2295 2350 2583 2404 humilibus
2610 2350 2941 2420 loquebatur.
2984 2350 3108 2405 Scio
3141 2351 3267 2420 quid
3310 2352 3364 2406 in
3397 2352 3549 2406 vobis
3574 2367 3691 2421 aga-

2111 2447 2199 2493 tur
2226 2457 2239 2492 :
2265 2454 2364 2509 ego
2388 2454 2484 2494 vos
2511 2442 2757 2511 appendo
2775 2483 2790 2507 ,
2828 2456 2929 2511 ego
2957 2441 3022 2496 de
3053 2442 3246 2496 trutina
3274 2457 3392 2497 mea
3420 2424 3688 2508 renuntio,

2113 2546 2333 2602 prorsus
2357 2532 2478 2587 dico
2506 2534 2630 2602 quid
2652 2534 2702 2587 in
2726 2534 2879 2588 vobis
2907 2535 3101 2604 agitur.
3144 2535 3256 2589 Hoc
3285 2537 3426 2590 enim
3454 2550 3555 2605 ego
3577 2536 3693 2605 plus

2112 2637 2272 2693 quam
2297 2636 2392 2677 vos
2418 2625 2547 2678 scio.
2579 2623 2764 2689 Dicite,
2794 2623 3003 2681 Dimitte
3020 2624 3163 2679 nobis
3182 2624 3346 2679 debita
3368 2634 3560 2694 nostra,
3588 2629 3693 2680 sic-

2113 2725 2170 2770 ut
2199 2724 2243 2769 ει
2268 2732 2358 2769 nos
2378 2715 2673 2771 dimittimus
2703 2717 3003 2771 debitoribus
3028 2720 3229 2773 nostris.

2185 2806 2413 2863 CAPUT
2439 2807 2504 2862 ν.
2535 2838 2607 2849 —-
2632 2809 2684 2862 7.
2720 2808 2845 2863 Tota
2882 2809 3111 2864 Ecclesia
3146 2811 3227 2864 hic
3246 2811 3368 2882 petit
3392 2810 3489 2867 sibi
3513 2811 3697 2866 dimitti

2118 2908 2339 2971 peccata.
2373 2897 2473 2953 Hic
2492 2900 2659 2969 agitur
2683 2909 2738 2953 ut
2764 2899 2992 2954 Ecclesia
3014 2902 3068 2955 in
3096 2917 3169 2956 cae
3183 2900 3247 2955 lis
3274 2902 3339 2956 sit
3364 2902 3471 2956 sine
3496 2904 3698 2957 macula

2117 2999 2165 3045 et
2194 3008 2342 3061 ruga.
2375 2989 2648 3062 Interrogo
2678 3001 2763 3057 te,
2786 2992 2946 3047 homo
2966 2994 3131 3063 juste,
3162 3002 3366 3060 sancte,
3396 2994 3558 3050 homo
3582 2996 3699 3051 siue

2115 3082 2323 3137 macula
2362 3092 2417 3137 et
2454 3098 2623 3152 ruga;
2666 3084 2936 3155 interrogo
2960 3092 3015 3140 te
3042 3124 3057 3151 ,
3094 3086 3311 3156 inquam
3341 3103 3355 3139 :
3383 3086 3565 3141 Oratio
3600 3087 3700 3142 ista

2118 3171 2371 3227 Ecclesiae
2398 3180 2480 3227 est
2507 3174 2564 3237 ',
2606 3172 2840 3229 ﬁdelium
2879 3182 2962 3229 est
2985 3217 3000 3243 ,
3051 3190 3121 3230 an
3161 3176 3700 3232 catechumenorum!

2118 3264 2274 3321 Certe
2298 3266 2481 3336 utique
2495 3277 2931 3337 regeneratorum
2956 3277 3059 3335 est,
3081 3269 3133 3323 id
3156 3278 3258 3337 est,
3283 3268 3697 3341 baptizatorum:

2122 3367 2393 3428 postremo
2414 3402 2427 3423 ,
2466 3359 2608 3429 quod
2637 3368 2803 3414 totum
2834 3369 3071 3430 superat,
3107 3361 3333 3416 filiorum
3362 3370 3461 3416 est.
3492 3361 3623 3416 Nam
3655 3361 3704 3417 si

2122 3468 2225 3507 non
2254 3461 2336 3507 est
2360 3452 2611 3519 filiorum,
2642 3469 2743 3523 qua
2774 3455 2947 3509 fronte
2972 3454 3165 3509 dicitur
3184 3497 3198 3521 ,
3229 3455 3386 3510 Pater
3411 3466 3594 3521 noster,
3617 3457 3703 3527 qui

2121 3560 2171 3597 es
2192 3544 2245 3597 in
2274 3544 2452 3597 caelis?
2483 3544 2579 3600 Ubi
2606 3559 2732 3615 ergo
2756 3546 2905 3612 estis,
2934 3562 2968 3601 o
2993 3546 3120 3616 justi
3145 3556 3199 3602 et
3217 3549 3383 3603 sancti
3405 3549 3429 3601 i
3453 3549 3509 3604 ln
3534 3564 3704 3605 mem-

2122 3635 2231 3690 bris
2260 3635 2514 3692 Ecclesia:
2558 3636 2714 3706 hujus
2742 3638 2871 3693 estis
2895 3679 2909 3703 ,
2960 3653 3027 3692 an
3055 3653 3161 3693 non
3200 3640 3370 3695 estis?
3408 3640 3485 3695 lbi
3516 3636 3728 3709 eratis,'

2122 3728 2216 3783 sed
2246 3730 2351 3797 jam
2380 3744 2487 3783 non
2516 3729 2644 3784 estis
2671 3729 2762 3784 ibi.
2805 3730 2870 3784 Et
2896 3730 3095 3785 utinam
3122 3732 3231 3800 jam
3262 3732 3467 3801 praecisi
3488 3742 3704 3803 accepta

2121 3819 2326 3873 ratione
2351 3819 2571 3873 audiant
2606 3828 2659 3874 et
2696 3820 2937 3875 credant.
2988 3822 3129 3892 Ergo
3152 3821 3195 3875 si
3226 3830 3331 3876 tota
3359 3821 3594 3878 Ecclesia
3624 3823 3707 3878 di-

2123 3909 2228 3974 cit,
2260 3907 2468 3965 Dimitte
2490 3911 2630 3965 nobis
2656 3911 2819 3965 debita
2847 3920 3048 3980 nostra,
3095 3914 3355 3983 reprobus
3375 3920 3457 3969 est
3482 3916 3573 3985 qui
3599 3914 3702 3971 hoc

2124 4016 2229 4056 non
2262 4001 2411 4056 dicit.
2443 4002 2509 4056 Et
2532 4018 2629 4057 nos
2654 4004 2865 4073 quidem
2895 4019 3017 4059 cum
3044 4004 3291 4071 dicimus,
3319 4005 3486 4060 debita
3509 4016 3703 4075 nostra,

2125 4106 2402 4163 quousque
2424 4093 2475 4148 id
2498 4095 2641 4164 quod
2659 4095 2887 4165 petimus
2910 4095 3252 4166 accipiamus,
3272 4096 3485 4168 reprobi
3499 4112 3704 4167 sumus,

2125 4186 2246 4257 quia
2288 4198 2593 4256 peccatores
2636 4203 2819 4242 sumus
2850 4205 2866 4242 :
2894 4188 2989 4244 sed
3035 4187 3179 4258 quod
3224 4203 3319 4243 vos
3363 4204 3470 4243 non
3512 4188 3731 4257 facitis,

2124 4295 2224 4335 nos
2255 4279 2495 4335 faciendo
2520 4321 2534 4345 ,
2565 4280 2617 4335 id
2643 4289 2726 4335 est
2756 4289 2970 4350 peccata
2996 4291 3177 4336 nostra
3196 4280 3518 4349 conﬁtendo,
3548 4298 3707 4339 mun-

2126 4372 2346 4439 damur;
2375 4374 2420 4427 si
2451 4382 2629 4428 tamen
2655 4372 2910 4429 faciamus
2938 4374 3080 4445 quod
3110 4374 3356 4443 dicimus,
3386 4374 3530 4432 Sicut
3549 4386 3597 4430 et
3615 4394 3707 4432 nos

2128 4464 2426 4519 dimittimus
2457 4465 2762 4520 debitoribus
2792 4468 2993 4520 nostris.
3040 4465 3140 4523 Ubi
3170 4482 3227 4523 es
3252 4481 3378 4538 ergo
3401 4510 3416 4535 ,
3458 4468 3707 4523 haeretica

2125 4555 2405 4627 Pelagiane
2442 4557 2525 4611 vel
2553 4557 2910 4613 leestiane?
2962 4558 3100 4613 Ecce
3130 4567 3236 4614 tota
3267 4558 3507 4614 Ecclesia
3545 4558 3696 4627 dicit,

2124 4646 2332 4708 Dimitte
2379 4649 2519 4704 nobis
2564 4648 2730 4702 debita
2767 4657 2958 4704 nostra.
3003 4650 3172 4704 Habet
3211 4664 3338 4719 ergo
3380 4649 3614 4705 maculas
3651 4656 3708 4705 et

2124 4756 2305 4812 rugas.
2342 4741 2447 4797 Sed
2478 4742 2813 4797 confessione
2841 4758 2971 4813 ruga
3002 4742 3307 4798 extenditur
3327 4784 3341 4808 ,
3369 4741 3708 4798 confessione

2124 4834 2329 4887 macula
2360 4833 2611 4887 abluitur.
2642 4834 2759 4889 Stat
2791 4834 3031 4889 Ecclesia
3062 4835 3115 4888 in
3156 4825 3395 4889 oratione
3416 4876 3430 4900 ,
3461 4844 3521 4888 ut
3546 4848 3707 4889 mun-

2125 4924 2280 4980 detur
2305 4925 2642 4981 confessione
2674 4945 2687 4980 :
2717 4935 2769 4981 et
2805 4926 3055 4997 quamdiu
3096 4925 3182 4980 hic
3221 4926 3441 4991 vivitur,
3472 4928 3548 4981 sic
3578 4935 3704 4983 stat.

2127 5014 2195 5068 Et
2223 5030 2342 5069 cum
2370 5016 2437 5070 de
2476 5031 2703 5087 corpore
2725 5017 2914 5071 exierit
2951 5015 3330 5086 unusquisque,
3362 5016 3705 5073 dimittuntur

2125 5107 2175 5162 ei
2205 5108 2402 5175 omnia,
2430 5124 2547 5179 quae
2575 5109 2695 5163 talia
2717 5107 2985 5164 habebat‘
3006 5116 3063 5163 ut
3078 5106 3473 5163 dimitterentur
3488 5108 3663 5165 debita
3688 5129 3703 5177 ;

2126 5199 2246 5270 quia
2290 5209 2345 5256 et
2390 5200 2710 5271 quotidianis
2759 5200 3006 5273 precibus
3056 5199 3440 5256 dimittuntur:
3475 5210 3529 5256 et
3578 5209 3706 5257 tunc
3780 5234 3793 5249 ι

2186 5400 2303 5449 ‘Er.
2348 5400 2495 5465 Lugd.
2550 5406 2604 5451 et
2656 5407 2775 5450 Ven.
2823 5400 3077 5462 auditum,
3121 5397 3372 5466 discipulis
3424 5400 3585 5463 dixit,
3627 5401 3706 5455 Sic

2120 5466 2657 5595 mefibvfbrqtio-isla
2676 5531 2865 5595 eatiﬂeo
2905 5529 2994 5595 est,
3013 5523 3242 5595 Ecclesiw
3279 5531 3372 5595 est.
3403 5532 3505 5576 Am.
3530 5532 3584 5577 et
3624 5517 3730 5576 ὦκ’

2119 5588 2347 5697 ggﬁttunt
2368 5585 2595 5639 Ecclesia:
2613 5594 2700 5638 est.
2725 5588 3025 5651 manuscripti
3048 5602 3167 5640 vero
3182 5602 3277 5639 non
3300 5588 3500 5650 habent,
3523 5601 3587 5639 ea:
3603 5595 3706 5640 Deo

2117 5712 2292 5822 Μϋίο
2316 5720 2418 5762 uss.
2446 5718 2501 5763 At
2524 5720 2653 5775 l.ov.,
2690 5712 2988 5766 dimittqu
3010 5726 3057 5765 ct
3093 5718 3306 5776 peccata,
3332 5711 3446 5774 quia
3467 5709 3583 5764 talia
3618 5710 3707 5758 Ιυιο
