3996 6456
427 351 536 411 983

426 473 537 530 exit
564 467 849 526 mundatus
873 507 888 534 ,
935 472 989 521 et
1018 463 1403 520 thesaurizatur
1436 460 1675 517 Ecclesia
1709 463 1762 516 in
1792 461 2010 518 thesau-

425 581 519 621 ros
547 563 757 619 Domini
800 575 988 614 aurum
1032 573 1251 628 purum;
1306 571 1370 611 ac
1399 571 1496 626 per
1520 555 1622 610 hoc
1649 556 1703 610 in
1729 555 2010 611 thesauros

426 655 642 712 Domini
683 652 918 707 Ecclesia
958 657 1041 706 est
1080 648 1197 704 sine
1238 647 1440 703 macula
1467 656 1518 703 et
1545 663 1692 718 ruga.
1739 647 1806 702 Et
1848 648 1892 702 si
1936 647 2008 702 ibi

425 747 543 800 sine
573 743 776 798 macula
816 753 870 797 et
895 755 1024 812 ruga
1045 750 1127 796 est
1150 781 1164 806 ,
1196 740 1283 795 hic
1319 738 1444 807 quid
1484 737 1744 794 orandum
1782 738 1896 792 est?
1937 737 2012 794 Ut

425 837 581 892 venia
608 835 948 904 percipiatur.
972 830 1072 902 Qui
1093 831 1184 886 dat
1208 831 1440 897 veniam,
1463 830 1722 885 maculam
1747 829 2004 899 extergit:

425 926 514 996 qui
547 924 810 995 ignoscit,
843 938 1025 994 rugam
1053 921 1308 977 extendit.
1350 920 1418 975 Et
1443 920 1530 975 ubi
1552 921 1854 975 extenditur
1877 934 2007 990 ruga

421 1016 642 1072 nostra?
664 1015 936 1085 Tanquam
965 1015 1016 1068 in
1037 1014 1298 1068 tcndicula
1320 1014 1494 1083 magni
1513 1012 1744 1079 fullonis,
1772 1013 1824 1066 in
1849 1028 2008 1068 cruce

420 1100 642 1155 Christi.
675 1099 731 1154 in
760 1101 871 1169 ipsa
899 1099 1040 1154 enim
1071 1112 1228 1152 cruce
1253 1139 1267 1162 ,
1297 1097 1351 1152 id
1380 1107 1492 1162 est,
1517 1097 1572 1151 in
1600 1098 1714 1167 ipsa
1739 1096 2004 1152 tcndicula

420 1203 522 1260 pro
548 1190 702 1244 nobis
743 1189 1057 1260 sanguinem
1095 1187 1247 1242 fudit.
1303 1187 1372 1242 Et
1416 1187 1586 1241 nostis
1631 1187 1812 1242 fideles
1850 1187 2005 1256 quale

421 1281 784 1336 testimonium
838 1279 1161 1350 perbibeatis
1205 1278 1447 1347 sanguini
1497 1293 1654 1348 quem
1699 1277 2000 1347 accepistis.

418 1372 579 1429 Certe
611 1375 753 1428 enim
780 1373 954 1428 dicitis
975 1414 990 1439 ,
1022 1373 1210 1427 Amen.
1258 1370 1436 1426 Nostis
1456 1371 1544 1441 qui
1573 1371 1643 1425 sit
1677 1370 1890 1440 sanguis
1913 1371 2002 1440 qui

417 1478 519 1536 pro
563 1466 744 1519 multis
784 1464 982 1518 effusus
1008 1471 1090 1518 est
1132 1465 1185 1518 in
1229 1461 1600 1517 remissionem
1641 1471 2000 1530 peccatorum.

417 1547 560 1605 Ecce
585 1549 852 1619 quomodo
880 1548 938 1600 fit
968 1547 1206 1601 Ecclesia
1235 1546 1350 1601 sine
1377 1545 1580 1600 macula
1614 1553 1669 1600 et
1697 1560 1825 1614 ruga
1843 1586 1857 1611 ,
1887 1554 2003 1598 tan-

419 1657 579 1712 quam
612 1643 748 1696 bene
779 1640 1032 1695 mundata
1063 1640 1114 1692 in
1160 1637 1421 1693 tcndicula
1459 1638 1632 1692 crucis
1657 1637 1998 1692 extenditur:

418 1736 516 1790 sed
550 1735 638 1789 hie
679 1735 898 1789 omnino
937 1740 1111 1802 potest
1141 1730 1191 1785 id
1219 1731 1300 1800 agi
1330 1731 1370 1784 ¹.
1428 1729 1657 1784 Exhibet
1683 1729 1786 1784 sibi
1812 1729 2000 1784 Eccle-

417 1825 554 1880 siam
595 1825 878 1893 gloriosam
925 1820 1214 1886 Dominus,
1260 1835 1368 1875 non
1415 1819 1700 1874 habentem
1742 1819 2001 1874 maculam

417 1924 511 1970 aut
540 1929 746 1984 rugam.
794 1914 915 1982 Agit
941 1912 1042 1967 hoc
1071 1921 1124 1966 et
1163 1910 1287 1978 hic,
1320 1909 1534 1966 exhibet
1561 1909 1652 1964 ibi.
1704 1909 1816 1964 Hoc
1859 1909 2000 1962 enim

416 2007 564 2076 agit,
607 2013 664 2059 ut
690 2019 794 2059 non
826 2003 1115 2058 habeamus
1140 2002 1401 2056 maculam
1432 2009 1522 2056 aut
1551 2017 1755 2072 rugam.
1785 2001 2003 2070 Magnus

417 2108 502 2152 est
537 2096 628 2167 qui
659 2095 767 2167 agit
792 2097 813 2127 ²
839 2137 854 2162 ,
899 2095 1034 2150 bene
1074 2100 1262 2160 curat,
1307 2092 1646 2148 doctissimus
1683 2091 1871 2148 artifex
1896 2099 1998 2146 est.

415 2185 672 2242 Extendit
715 2187 766 2240 in
798 2185 974 2256 ligno,
1021 2194 1075 2240 et
1103 2185 1228 2239 facit
1254 2199 1354 2239 nos
1381 2183 1497 2240 sine
1541 2198 1697 2254 ruga,
1750 2197 1882 2252 quos
1908 2181 1999 2235 ιιι)-

416 2277 615 2333 lucndo
640 2277 835 2332 fecerat
851 2277 967 2332 sine
988 2277 1215 2331 macula.
1241 2275 1360 2346 Ipse
1375 2275 1466 2346 qui
1493 2276 1639 2331 venit
1665 2275 1781 2329 sine
1797 2274 2002 2328 macula

417 2377 475 2422 et
499 2367 616 2422 sine
646 2382 804 2438 ruga,
835 2375 1090 2422 extensus
1115 2375 1198 2422 est
1226 2368 1279 2422 in
1308 2366 1613 2429 tcndicula;
1661 2365 1756 2420 scd
1786 2373 2004 2434 prepter

415 2473 539 2527 nos,
586 2474 691 2513 non
732 2467 950 2529 propter
973 2474 1050 2524 se,
1094 2465 1153 2513 ut
1177 2472 1275 2513 nos
1310 2457 1510 2513 faceret
1548 2456 1663 2512 sine
1701 2457 1908 2511 macula
1949 2464 2004 2511 et

415 2567 569 2623 ruga.
619 2552 888 2622 Rogemus
915 2565 1044 2622 ergo
1067 2566 1190 2606 eum
1219 2558 1278 2605 ut
1305 2549 1496 2617 faciat,
1545 2558 1598 2604 et
1623 2558 1900 2619 postquam
1927 2548 2004 2604 fe-

417 2644 551 2699 cerit
574 2685 590 2708 ,
630 2643 697 2697 ad
725 2642 915 2697 horrea
943 2656 1041 2696 nos
1063 2641 1252 2708 ducat,
1285 2641 1464 2711 ibique
1495 2655 1596 2696 nos
1622 2649 1879 2710 reponat,
1913 2639 2002 2694 ubi

415 2734 748 2804 pressorium
775 2748 879 2788 non
905 2733 1029 2788 erit.

488 2824 715 2880 CAPUT
756 2823 843 2879 Vl.
881 2853 954 2864 ——
978 2824 1034 2878 8.
1070 2822 1314 2877 Remedia
1342 2829 1661 2894 peccatorum
1689 2823 1798 2876 sine
1821 2821 2002 2891 quibus

416 2915 516 2969 vivi
542 2930 644 2968 non
660 2922 836 2984 potest.
853 2943 926 2955 —-
947 2912 1212 2983 Mortifera
1232 2928 1331 2966 non
1350 2912 1472 2980 facit
1487 2913 1630 2966 bonw
1649 2911 1769 2980 ﬁdei
1795 2921 1840 2965 et
1859 2910 2004 2964 bona:

418 3004 528 3075 spei
551 3002 888 3058 Christianus.
921 3002 1153 3057 Conditio
1189 3019 1290 3073 qua
1317 3002 1460 3055 nobis
1500 3001 1798 3054 relaxantur
1837 3001 2004 3070 quoti-

419 3095 576 3147 diana
605 3101 824 3162 peecata.
845 3093 923 3146 Tu
947 3108 1075 3162 ergo
1101 3093 1191 3162 qui
1212 3092 1512 3162 loquebaris
1532 3133 1547 3158 ,
1577 3093 1691 3146 sine
1717 3092 1919 3146 macula
1949 3099 2005 3146 et

417 3199 548 3253 ruga
576 3182 678 3237 es?
701 3182 835 3250 Quid
859 3183 944 3237 hic
973 3182 1098 3236 facis
1120 3183 1170 3236 in
1200 3182 1460 3246 Ecclesia,
1484 3197 1601 3251 qua:
1623 3182 1770 3248 dicit,
1794 3181 2003 3236 Dimitte

418 3275 564 3330 nobis
589 3274 754 3328 debita
783 3275 994 3328 nostra?
1019 3272 1205 3328 Debita
1232 3289 1292 3328 se
1320 3273 1514 3328 habere
1540 3274 1822 3328 confitetur
1839 3316 1853 3339 ,
1885 3291 2003 3345 quae

419 3367 746 3420 relaxentur.
769 3365 869 3430 Qui
891 3379 995 3419 non
1009 3364 1346 3429 confitentur,
1371 3379 1475 3420 non
1499 3365 1619 3420 ideo
1639 3382 1746 3419 non
1767 3360 1963 3422 habent
1985 3385 2000 3422 :

419 3457 517 3511 sed
558 3457 678 3512 ideo
707 3457 785 3511 eis
811 3471 918 3511 non
949 3455 1344 3512 relaxabuntur.
1385 3456 1662 3512 Confessio
1692 3472 1790 3512 nos
1819 3467 2000 3529 sanat,

421 3558 478 3602 et
501 3549 606 3603 vita
638 3557 812 3615 cauta,
843 3548 950 3602 vita
976 3547 1222 3613 humilis,
1253 3548 1424 3603 oratio
1448 3561 1568 3602 cum
1601 3549 1723 3616 fide,
1755 3552 2004 3607 contritio

421 3641 621 3706 cordis,
649 3642 898 3713 lacrymze
924 3654 1031 3694 non
1059 3641 1194 3694 tictm
1213 3637 1279 3694 de
1305 3654 1439 3694 vena
1459 3642 1634 3696 cordis
1655 3643 1999 3711 profluentes,

421 3741 482 3786 ut
509 3731 844 3786 dimittantur
887 3731 1040 3786 nobis
1081 3739 1296 3801 peccata
1319 3772 1334 3797 ,
1381 3731 1497 3786 sine
1536 3732 1726 3802 quibus
1752 3749 2002 3789 essenon

422 3837 728 3892 possumus.
771 3821 1050 3877 Confessio
1076 3862 1090 3886 ,
1134 3823 1346 3892 inquam
1371 3863 1385 3885 ,
1433 3838 1530 3877 nos
1568 3832 1756 3889 sanat,
1793 3825 2004 3880 dicente

422 3915 667 3982 apostolo
691 3913 924 3979 Joanne,
955 3913 1016 3968 Si
1041 3915 1370 3982 conﬁteantur
1396 3922 1599 3983 peccata
1620 3925 1813 3984 nostra,
1837 3917 2003 3985 ﬁdelis

426 4014 502 4058 est
531 4014 575 4058 et
600 4007 781 4073 iustus,
808 4014 862 4058 ut
884 4005 1101 4059 dimittat
1125 4004 1265 4060 nobis
1285 4014 1508 4074 peccata,
1533 4016 1577 4060 et
1603 4007 1806 4062 mundet
1827 4025 1918 4062 nos
1941 4009 2003 4062 ab

427 4096 567 4148 omni
591 4096 870 4164 iniquitate.
901 4095 1016 4150 Non
1047 4104 1223 4150 autem
1244 4135 1258 4161 ,
1289 4099 1410 4166 quia
1435 4096 1555 4151 dico
1581 4097 1720 4167 quod
1747 4113 1851 4154 non
1876 4114 2004 4170 pos-

426 4203 613 4243 sumus
644 4188 731 4242 hic
759 4203 878 4242 esse
905 4190 1019 4244 sine
1046 4197 1286 4257 peccato,
1320 4189 1600 4244 homicidia
1642 4190 1815 4248 facere
1844 4191 2005 4249 debe-

425 4295 566 4345 mus,
589 4289 679 4334 aut
703 4279 983 4347 adulteria,
1006 4281 1090 4336 vel
1111 4290 1301 4337 cmtera
1328 4283 1599 4338 mortifera
1622 4296 1861 4356 peccata,
1885 4302 2004 4357 qum

425 4386 534 4425 uno
561 4372 666 4426 ictu
695 4371 977 4441 perimunt.
1001 4372 1147 4426 Talia
1175 4387 1278 4426 non
1306 4371 1430 4428 facit
1456 4373 1610 4430 bonae
1632 4376 1754 4431 fidei
1775 4387 1829 4432 et
1852 4377 2006 4434 bonae

425 4464 540 4533 spei
567 4463 888 4518 Christianus
920 4482 934 4518 :
967 4464 1058 4518 sed
1091 4465 1178 4518 illa
1207 4467 1318 4519 sola
1338 4505 1354 4532 ,
1385 4481 1504 4535 quae
1535 4467 1842 4536 quotidiano
1881 4486 2004 4524 ora-

427 4556 588 4609 tionis
614 4555 857 4624 penicillo
884 4562 1173 4623 tcrgantur.
1205 4554 1448 4610 llumiles
1474 4563 1527 4610 et
1555 4556 1733 4612 devoti
1761 4558 2004 4616 dicamus

407 4646 694 4718 'quotidie,
724 4646 935 4700 Dimitte
961 4645 1100 4700 nobis
1126 4647 1292 4701 debita
1317 4657 1488 4702 nostra
1515 4665 1534 4703 :
1559 4650 1653 4704 sed
1680 4650 1724 4704 si
1750 4650 2006 4709 faciamus

425 4741 567 4812 quod
597 4741 856 4810 sequitur,
889 4738 1035 4795 Sicut
1058 4748 1104 4793 et
1140 4755 1232 4793 nos
1261 4740 1557 4796 dimittimus
1593 4743 1893 4798 debitoribus
1917 4762 2008 4800 no-

428 4835 566 4889 stris.
595 4833 823 4903 Sponsio
845 4832 959 4887 haec
986 4847 1105 4887 cum
1138 4832 1269 4900 Deo,
1292 4847 1418 4888 vera
1442 4834 1658 4905 Sponsio
1678 4844 1733 4890 et
1758 4836 1860 4890 lixa
1889 4849 2010 4892 con-
2067 4901 2074 4906 ,

427 4927 560 4983 ditio
585 4935 686 4983 est.
714 4927 790 4980 'l‘u
818 4927 978 4980 homo
1003 4941 1084 4992 es,
1112 4935 1167 4982 et
1193 4925 1356 4982 habes
1380 4926 1695 4994 debitorem,
1721 4937 1775 4984 et
1799 4929 2010 4986 debitor

427 5023 589 5077 etiam
615 5030 668 5076 tu
695 5037 772 5078 es.
805 5021 1030 5076 Accedis
1051 5021 1116 5075 ad
1145 5020 1334 5086 Deum,
1358 5021 1448 5091 qui
1471 5021 1626 5076 habet
1641 5021 1936 5091 debitores,
1955 5031 2012 5079 et

427 5115 636 5169 debitor
653 5129 757 5168 non
785 5123 887 5181 est,
911 5123 969 5168 ut
986 5113 1218 5183 postules
1234 5113 1323 5167 tibi
1337 5113 1510 5168 debita
1528 5114 1772 5170 relaxari.
1791 5113 1896 5172 Sed
1911 5116 2011 5172 hoc

427 5205 523 5259 tibi
550 5205 675 5262 dicit
703 5223 716 5258 :
749 5205 860 5274 Ego
882 5203 1058 5259 debita
1080 5219 1184 5258 non
1209 5203 1398 5270 habeo,
1422 5211 1474 5258 tu
1495 5202 1660 5260 habes
1684 5205 1887 5271 debita;
1918 5205 2012 5262 de-

426 5294 522 5350 bes
539 5296 679 5350 enim
709 5295 838 5349 mihi
874 5312 888 5348 :
916 5293 1011 5350 sed
1028 5295 1186 5349 etiam
1213 5293 1376 5350 frater
1401 5304 1519 5350 tuus
1543 5294 1701 5352 debet
1717 5297 1828 5352 tibi.
1855 5297 2012 5354 Debi-

493 5434 510 5464 ί
537 5431 857 5495 nenignianus
888 5413 997 5495 ius,
1021 5427 1209 5495 mnino
1230 5442 1322 5480 non
1356 5435 1504 5495 potest
1525 5428 1578 5480 id
1601 5429 1684 5495 agi
1709 5443 1727 5481 :
1750 5432 1843 5495 sed
1861 5432 2014 5484 refra-

465 5491 1113 5564 antibus‘qcterislibrisllu
1135 5491 1881 5564 subsequentiseptentiafacilc
1901 5508 2011 5564 cre-

467 5567 664 5603 eremus
699 5552 978 5623 legendum,
1006 5551 1219 5623 exhibet
1256 5551 1658 5623 ibiﬁcclesiant;
1696 5557 1875 5623 sinon,
1899 5556 2010 5623 sibi,

429 5628 528 5726 ἓξ
553 5614 759 5726 stioqsitoli
785 5623 917 5664 esset
937 5617 986 5663 in
1004 5614 1107 5676 ipso
1120 5614 1184 5664 de
1207 5630 1304 5680 quo
1325 5617 1590 5681 diSputatur
1614 5614 1736 5677 luco,
1760 5619 1816 5666 ad
1840 5614 2011 5681 Ephes.

430 5689 736 5862 liii.
762 5745 835 5790 Er.
855 5749 906 5793 et
927 5740 1263 5805 manuscripti.
1303 5747 1358 5794 At
1379 5749 1509 5806 Im.
1533 5748 1754 5808 Metam
1775 5746 1865 5806 εδιν
1901 5743 2015 5806 qui“

1652 350 1706 410 S.
1753 343 2120 407 AUGUSTINI
2156 343 2460 403 EPISCOPI

3594 343 3702 401 984

2115 468 2197 515 tor
2229 475 2381 514 meus
2407 474 2487 525 es,
2511 456 2674 514 habes
2695 465 2750 515 et
2765 465 2822 514 tu
2836 457 3151 515 debitorem.
3183 458 3401 515 Debitor
3422 471 3578 515 meus
3611 474 3696 526 cs,

2112 552 2235 621 quia
2259 549 2489 620 peccasti
2520 549 2572 603 in
2600 564 2688 604 me
2717 567 2731 604 :
2762 548 2926 606 habes
2957 549 3252 605 debitorem
3279 549 3529 617 fratrem,
3569 551 3700 620 quia

2112 641 2355 711 peccavit
2378 641 2430 694 in
2459 648 2529 695 te.
2559 639 2712 709 Quod
2736 641 2926 696 feceris
2953 655 3075 694 cum
3113 641 3351 696 debitore
3390 649 3483 695 tuo
3503 682 3518 706 ,
3549 641 3690 695 facio

2112 743 2169 790 et
2196 747 2294 804 ego
2321 748 2443 788 cum
2471 747 2592 788 meo
2619 749 2635 789 :
2665 733 2717 789 id
2756 743 2869 800 est,
2906 733 2953 787 si
2980 732 3238 799 dimittis,
3265 733 3509 799 dimitto;
3541 735 3586 788 si
3617 743 3696 788 te-

2113 839 2230 890 nes,
2259 832 2439 880 teneo.
2470 823 2551 878 Tu
2576 833 2758 878 contra
2787 834 2838 879 te
2867 832 3017 880 tenes
3036 866 3050 891 ,
3079 825 3167 895 qui
3193 825 3344 879 alteri
3372 840 3476 878 non
3505 825 3694 878 dimit-

2112 916 2199 971 tis.
2231 915 2399 971 Nemo
2427 930 2558 987 ergo
2584 915 2727 971 dicat
2767 931 2826 971 se
2869 930 2989 971 esse
3017 917 3133 972 sine
3167 927 3382 988 peccato
3415 936 3428 971 :
3461 917 3556 972 sed
3585 933 3693 972 non

2112 1017 2288 1065 tamen
2315 1011 2435 1067 ideo
2458 1011 2714 1068 debemus
2733 1027 2915 1068 amare
2936 1021 3230 1083 peccatum.
3256 1012 3540 1069 Oderimus
3564 1027 3627 1068 ea
3653 1013 3695 1079 ί,

2109 1100 2330 1168 fratres;
2353 1104 2452 1158 etsi
2481 1119 2586 1158 non
2607 1120 2788 1161 sumus
2813 1105 2928 1160 sine
2950 1105 3201 1175 peccatis,
3225 1104 3493 1160 oderimus
3516 1113 3696 1158 tamen

2109 1210 2173 1251 ea
2205 1214 2221 1252 :
2253 1206 2307 1252 et
2333 1199 2562 1256 maxime
2591 1214 2620 1254 a
2645 1201 2958 1256 criminibus
2978 1214 3079 1256 nos
3101 1200 3500 1263 abstineamus;
3529 1199 3696 1253 absti-

2109 1301 2348 1355 neamus,
2381 1299 2636 1360 quantum
2662 1306 2964 1362 possumus,
2992 1306 3022 1346 a
3045 1292 3248 1348 levibus
3273 1293 3526 1362 peccatis.
3560 1292 3698 1362 Ego,

2108 1376 2202 1444 ait,
2231 1381 2412 1434 nescio
2469 1382 2587 1451 quis
2605 1424 2620 1448 ,
2650 1397 2753 1438 non
2786 1382 2955 1438 habeo
2980 1390 3214 1453 peccata.
3245 1381 3315 1438 Se
3344 1383 3520 1453 ipsum
3546 1382 3698 1437 deci-

2108 1470 2204 1540 pit,
2242 1480 2296 1526 et
2341 1473 2534 1528 veritas
2573 1473 2624 1528 in
2677 1489 2742 1530 eo
2778 1489 2884 1528 non
2927 1482 3029 1530 est.
3078 1474 3304 1529 Prorsus
3336 1488 3594 1540 oremus,
3641 1482 3701 1527 ut

2106 1563 2248 1620 Deus
2289 1564 2519 1620 dimittat
2548 1585 2562 1620 :
2596 1566 2691 1622 sed
2737 1566 2994 1622 faciamus
3021 1565 3162 1637 quod
3198 1565 3410 1632 dicitur,
3455 1565 3697 1620 dimitta-

2107 1672 2226 1713 mus
2253 1665 2308 1712 et
2344 1673 2442 1713 nos
2468 1659 2802 1715 debitoribus
2826 1661 3045 1716 nostris.
3087 1661 3218 1715 Cum
3247 1659 3601 1727 dimittimus,
3643 1669 3698 1715 et

2107 1746 2393 1802 dimittitur
2431 1749 2602 1804 nobis.
2643 1749 2890 1818 Quotidie
2927 1751 3151 1806 dicimus
3192 1749 3329 1817 hoc,
3369 1759 3426 1806 et
3457 1750 3699 1820 quotidie

2107 1837 2360 1905 facimus,
2391 1848 2446 1895 et
2469 1842 2703 1911 quotidie
2728 1841 2786 1897 lit
2811 1842 2867 1896 in
2897 1843 3070 1898 nobis.
3103 1842 3217 1897 Non
3247 1842 3334 1897 hie
3357 1857 3543 1897 sumus
3579 1843 3699 1898 sine

2107 1941 2347 1999 peccato,
2377 1931 2471 1986 sed
2495 1932 2758 1987 exibimus
2779 1932 2903 1988 hinc
2932 1933 3050 1988 sine
3078 1942 3318 2003 peccato.

2526 2041 2754 2099 suane
2789 2043 3070 2100 CLXXXII
3101 2048 3118 2068 ·
3152 2045 3257 2115 (a).

2107 2153 2184 2208 De
2210 2154 2366 2209 verbis
2393 2154 2636 2226 Epistula:
2661 2154 2689 2208 1
2719 2156 2935 2210 Joannis
2955 2198 2968 2223 ,
3001 2173 3116 2227 cap.
3148 2172 3220 2222 tv,
3251 2156 3376 2222 1-5,
3419 2155 3695 2211 Charissi-

2179 2248 2272 2312 mi,
2306 2249 2471 2303 nolite
2498 2249 2643 2303 omni
2673 2249 2884 2320 spiritui
2918 2249 3169 2314 credere;
3201 2248 3296 2303 sed
3324 2251 3550 2320 probate
3582 2248 3700 2318 spi-

2179 2339 2332 2404 ritus,
2363 2339 2499 2418 si.ex
2531 2339 2639 2394 Deo
2667 2347 2811 2404 sunt,
2835 2347 2929 2396 etc.
2963 2339 3151 2393 Contra
3179 2337 3490 2393 Manichteos
3519 2337 3621 2411 (b).
3712 2382 3722 2391 .

2179 2452 2406 2509 CAPUT
2448 2451 2736 2509 PRIMUM.
2761 2484 2834 2497 -—
2862 2455 2914 2508 1.
2949 2452 3074 2508 Non
3113 2454 3312 2509 cuilibet
3338 2453 3540 2522 spiritui
3568 2469 3685 2507 cre-

2106 2544 2346 2600 dendum.
2396 2543 2617 2612 Quando
2665 2545 2898 2601 Joannes
2953 2546 3227 2615 apostolus
3270 2545 3564 2616 legebatur,
3593 2560 3698 2599 au-

2105 2635 2332 2693 divimus
2357 2637 2660 2706 loquentem
2687 2652 2782 2707 per
2806 2653 2927 2692 eum
2959 2637 3213 2707 Spiritum
3241 2647 3503 2703 sanctum,
3535 2647 3591 2691 et
3616 2637 3690 2691 di-

2106 2738 2313 2782 ceutem
2343 2746 2358 2783 :
2383 2727 2712 2794 Charissimi,
2753 2731 2908 2784 nolite
2933 2731 3069 2784 omni
3093 2729 3293 2800 spiritui
3329 2729 3566 2795 credere;
3605 2731 3700 2784 sed

2107 2821 2314 2892 probate
2338 2821 2564 2890 spiritus,
2592 2821 2635 2875 si
2663 2837 2724 2876 ea:
2754 2821 2861 2876 Deo
2885 2829 3019 2876 sunt.
3054 2822 3278 2892 Repeto,
3301 2821 3423 2892 quia
3445 2836 3700 2876 necessa-

2105 2912 2243 2968 rium
2273 2921 2439 2967 estut
2470 2921 2730 2982 repetam,
2762 2923 2816 2968 ct
2837 2914 2937 2968 hoc
2963 2914 3231 2969 mentibus
3260 2915 3455 2969 vestris
3478 2954 3493 2980 ,
3525 2907 3699 2984 quan-

2107 3011 2217 3057 tum
2250 3003 2506 3057 Dominus
2545 3003 2798 3073 adjuvat,
2839 3003 3184 3059 vehementer
3223 3004 3504 3059 inculcem.
3551 3003 3697 3059 Chao

2105 3094 2294 3148 rissimi
2314 3136 2329 3160 ,
2358 3095 2514 3148 nolite
2537 3095 2674 3148 omni
2697 3095 2895 3165 spiritui
2917 3095 3152 3157 credere;
3179 3095 3267 3149 sed
3291 3095 3497 3164 probate
3529 3096 3693 3164 spiri-

2109 3193 2188 3239 tus
2213 3226 2227 3251 ,
2259 3185 2302 3239 si
2334 3201 2396 3239 ea:
2423 3184 2533 3239 Deo
2578 3198 2712 3240 sunt.
2762 3185 3013 3250 Quoniam
3053 3187 3196 3240 multi
3239 3187 3696 3256 pseudopmpheta:

2108 3275 2402 3345 prodierunt
2439 3277 2491 3328 in
2533 3276 2665 3329 hunc
2703 3275 2966 3329 mundum.
3000 3276 3259 3347 Praecepit
3297 3277 3526 3347 Spiritus
3571 3292 3698 3332 san-

2107 3374 2243 3432 ctus,
2272 3381 2339 3421 ne
2373 3367 2519 3420 omni
2559 3366 2764 3437 spiritui
2796 3365 3077 3422 credamus
3107 3385 3120 3420 :
3151 3375 3205 3422 et
3229 3382 3442 3422 causam
3469 3383 3567 3423 cur
3591 3370 3698 3424 hoc

2107 3457 2440 3526 praeceperit,
2470 3457 2622 3512 dixit.
2645 3458 2772 3523 Quae
2798 3457 2886 3511 illa
2905 3472 3066 3512 causa
3087 3468 3168 3512 est
3189 3458 3212 3512 ?
3242 3457 3493 3524 Quoniam
3519 3460 3694 3527 multi,

2107 3547 2311 3616 inquit,
2360 3547 2808 3618 pseudOprOplteta:
2831 3549 3124 3619 prodierunt
3165 3549 3218 3603 in
3254 3549 3388 3604 hunc
3417 3551 3689 3605 mundum.

2109 3635 2358 3706 Quisquis
2400 3653 2527 3708 ergo
2562 3639 2660 3692 ista
2701 3647 2964 3708 praecepta
2993 3641 3410 3710 contempserit,
3452 3650 3504 3695 et
3541 3643 3694 3697 omni

2109 3728 2317 3798 spiritui
2347 3727 2669 3784 credendum
2707 3731 2993 3799 putaverit,
3023 3745 3241 3786 necesse
3267 3739 3350 3785 est
3373 3732 3611 3786 incurrat
3637 3734 3693 3788 in

2109 3818 2620 3889 pseudoprOphctas,
2643 3829 2696 3874 et
2720 3820 2859 3891 quod
2885 3820 3036 3891 pejus
3055 3829 3156 3888 est,
3180 3819 3511 3892 blasphemet
3533 3839 3697 3880 veros

2109 3909 2424 3980 PrOphetas.

2179 4001 2403 4057 CAPUT
2423 4000 2490 4056 Il.
2516 4033 2588 4043 —
2607 4003 2661 4057 2.
2684 4002 2766 4057 Ea:
2791 4003 2899 4058 Deo
2920 4021 3020 4060 non
3043 4015 3135 4071 est,
3163 4007 3248 4076 qui
3270 4015 3416 4079 negat
3437 4005 3702 4064 Christum

2108 4093 2161 4146 in
2191 4108 2341 4146 carne
2367 4093 2574 4147 venisse.
2605 4093 2704 4149 Hic
2727 4094 2835 4165 jam
2867 4111 2932 4150 ex
2966 4095 3069 4151 isto
3094 4105 3360 4168 praecepto
3385 4098 3547 4154 homo
3566 4117 3706 4157 cau-

2111 4189 2196 4237 tus
2224 4181 2444 4238 eﬂ'ectus
2469 4183 2706 4238 dicturus
2727 4194 2810 4240 est
2829 4185 2957 4240 mihi
2989 4205 3002 4241 :
3045 4187 3257 4258 Audivi,
3287 4197 3462 4257 teneo,
3485 4191 3709 4248 obtem-

2111 4286 2300 4342 perare
2324 4272 2592 4339 desidero,
2625 4275 2747 4344 quia
2773 4284 2826 4329 ct
2850 4291 2948 4348 ego
2971 4278 3022 4331 in
3050 4279 3537 4350 pseudoprophetas
3566 4286 3706 4341 nolo

2111 4363 2406 4419 incurrere.
2431 4364 2560 4432 Quis
2582 4366 2723 4420 enim
2750 4365 2852 4422 hoc
2876 4368 3021 4434 velit,
3053 4383 3082 4422 a
3110 4370 3452 4428 mendacibus
3476 4372 3705 4446 decipi?

2113 4453 2386 4526 Siquidem
2430 4453 2895 4527 pseudOpropheta
2939 4468 3021 4514 est
3056 4462 3282 4515 mendax
3307 4462 3582 4533 propheta.
3616 4466 3705 4522 Da

2111 4545 2242 4600 mihi
2272 4547 2537 4600 hominem
2564 4548 2870 4618 religiosum
2894 4589 2909 4616 ,
2943 4565 3048 4604 non
3071 4551 3185 4606 vult
3213 4551 3395 4609 fallere
3425 4572 3438 4607 :
3465 4554 3530 4609 da
3561 4557 3705 4612 mihi

2111 4637 2381 4694 hominem
2411 4640 2652 4709 impium,
2696 4642 3036 4711 sacrilegum,
3067 4643 3247 4700 fallere
3275 4646 3404 4715 vult,
3443 4645 3551 4702 falli
3583 4664 3708 4707 non

2115 4729 2246 4782 vult.
2291 4729 2422 4784 Cum
2455 4743 2582 4799 ergo
2610 4730 2782 4786 nolint
2823 4731 3005 4787 fallere
3033 4731 3196 4801 boni,
3243 4735 3349 4789 falli
3374 4743 3550 4790 autem
3590 4754 3710 4796 nec

2113 4818 2240 4874 boni
2266 4819 2434 4874 velint
2471 4835 2568 4875 nec
2595 4823 2716 4875 mali
2742 4863 2756 4887 ,
2799 4823 2920 4892 quis
2947 4833 3029 4880 est
3055 4825 3144 4895 qui
3175 4825 3226 4879 in
3257 4825 3708 4897 pseudoprophe-

2114 4920 2222 4966 tam
2242 4911 2369 4966 velit
2393 4911 2708 4967 incurrere?
2733 4912 2904 4968 Verba
2928 4913 3048 4969 dico
3075 4917 3400 4972 consulentis
3429 4933 3514 4973 me
3549 4937 3562 4972 :
3595 4920 3702 4976 sed

2115 5004 2296 5073 utique
2322 5003 2374 5057 in
2403 5003 2921 5074 pseudoprophetam
2951 5020 3108 5062 nemo
3137 5008 3238 5062 nisi
3281 5008 3473 5063 invitus
3513 5011 3699 5065 incur-

2114 5097 2205 5152 rit.
2255 5096 2445 5152 Audivi
2497 5107 2819 5167 prseceptum
2863 5097 3123 5166 Joannis,
3181 5099 3287 5155 imo
3338 5099 3547 5156 Domini
3597 5119 3710 5173 per

2116 5189 2396 5254 Joannem,
2428 5186 2605 5242 Nolite
2645 5177 2781 5243 omni
2808 5189 3009 5260 spiritui
3033 5191 3250 5245 credere.
3295 5191 3432 5247 Ecce
3454 5193 3704 5264 accipio,

2117 5279 2190 5334 ita
2217 5278 2358 5335 volo.
2390 5277 2584 5346 Addit,
2616 5289 2670 5333 et
2691 5279 2818 5335 dicit
2840 5318 2856 5346 ,
2898 5278 3004 5336 Sed
3037 5280 3242 5351 probate
3279 5282 3519 5352 spiritus,
3555 5284 3603 5338 si
3641 5303 3716 5342 ex

2180 5439 2196 5470 ί
2222 5443 2272 5487 tn
2293 5437 2516 5488 omnibus
2528 5441 2658 5497 Mss,
2679 5449 2806 5488 eum.

2179 5501 2197 5519 ⁹
2221 5498 2428 5552 Collatus
2468 5499 2529 5548 ad
2566 5501 2648 5548 bn.
2670 5500 2750 5550 cb.
2775 5500 2832 5549 fs.
2878 5511 2953 5562 pr.
2994 5511 3086 5550 rm.
3124 5497 3206 5549 vd.
3241 5503 3294 5550 et
3327 5505 3428 5548 Am.
3470 5502 3547 5550 Er.
3591 5508 3713 5553 Par.

2114 5568 2253 5748 “Eii;
2279 5622 2420 5682 Alias,
2443 5623 2507 5672 de
2528 5623 2698 5672 Verbis
2714 5621 2921 5686 Apostoli
2943 5622 3024 5673 50.

2203 5685 2230 5734 b
2275 5685 2516 5734 Sermonis
2557 5685 2702 5748 hujus
2741 5686 2922 5748 mentio
2965 5684 3018 5733 fit

2203 5684 2251 5748 b)
2275 5685 2516 5734 Sermonis
2557 5685 2702 5748 hujus
2741 5684 2922 5748 mentio
2965 5684 3018 5733 tit
3048 5685 3104 5748 in
3131 5684 3449 5748 subsequent!
3480 5697 3493 5733 :
3531 5685 3711 5748 subse

2117 5745 2314 5809 queritis
2334 5759 2451 5797 vero
2491 5745 2722 5809 excerpta
2744 5747 2824 5798 dat
2846 5745 3009 5798 Florus
3049 5745 3108 5796 ad
3141 5752 3269 5797 Rom.
3301 5745 3404 5806 ξω,
3429 5753 3480 5796 et
3502 5745 3565 5795 ad
3600 5749 3718 5799 Phi.

2117 5808 2238 5869 lipp.
2262 5823 2312 5857 ιι.
