4108 6336
371 453 484 510 Deo
527 449 666 504 sunt.
695 439 854 502 Unde
893 438 1106 512 probo?
1145 435 1381 496 Probare
1418 431 1636 500 Vellem,
1680 429 1726 486 si
1771 443 1950 485 errare

373 558 483 602 non
511 552 748 612 possem.
770 533 930 592 Certe
949 533 1051 590 nisi
1078 531 1373 604 probavero
1392 525 1611 598 spiritus
1629 524 1718 595 qui
1749 537 1814 577 ex
1836 522 1949 577 Deo

375 640 521 698 sunt,
550 631 817 685 incurram
841 638 1060 681 necesse
1081 621 1242 677 estin
1271 619 1487 690 spiritus
1515 616 1604 687 qui
1625 631 1690 670 ex
1713 613 1820 669 Deo
1841 625 1949 666 non

373 731 520 790 sunt,
571 728 626 776 et
669 734 736 775 ex
782 718 884 772 hoc
925 714 1148 771 seduear
1191 727 1222 768 a
1268 706 1766 781 pseudoprophetis.
1815 703 1952 772 Quid

372 811 573 886 agam?
613 807 893 879 Quomodo
921 802 1245 860 observem?
1287 800 1330 856 Ο
1369 801 1414 855 si
1439 807 1652 855 sanctus
1677 796 1911 852 Joannes
1935 835 1950 860 ,

374 904 645 980 quomodo
684 902 839 957 nobis
879 900 1047 967 dixit,
1096 896 1269 950 Nolite
1302 894 1438 948 omni
1471 892 1671 964 spiritui
1711 889 1950 956 credere,

373 999 462 1055 sed
489 998 696 1069 probate
715 993 942 1065 spiritus,
965 993 1009 1044 si
1035 1006 1096 1045 ex
1117 989 1225 1044 Deo
1246 995 1396 1052 sunt;
1424 985 1602 1039 dicere
1624 983 1951 1052 dignaretur,

373 1087 641 1161 quomodo
657 1084 948 1155 probentur
958 1081 1176 1152 spiritus
1193 1079 1283 1149 qui
1304 1093 1369 1133 ex
1386 1077 1498 1131 Deo
1517 1082 1641 1129 sunt
1661 1076 1674 1128 !
1697 1072 1814 1128 Noli
1835 1086 1956 1127 esse

373 1180 653 1244 sollicitus,
687 1185 741 1232 et
767 1177 870 1230 hoc
912 1174 1055 1229 audi.
1078 1173 1213 1226 Hinc
1240 1170 1556 1242 cognoscitur
1574 1167 1782 1237 spiritus
1809 1164 1906 1219 Dei
1938 1179 1957 1218 :

375 1273 480 1330 hoc
521 1278 670 1328 certe
714 1268 1060 1339 exspectabas
1086 1265 1308 1329 audire,
1337 1273 1396 1318 ut
1441 1261 1698 1332 probares
1740 1257 1956 1328 spiritus

375 1366 468 1438 qui
481 1380 545 1420 ex
573 1364 682 1418 Deo
705 1370 842 1416 sunt.
874 1360 1010 1413 Hinc
1030 1357 1342 1428 cognoscitur
1355 1354 1558 1425 spiritus
1580 1352 1674 1406 Dei
1693 1367 1711 1405 :
1727 1351 1958 1407 Joannes

377 1457 532 1524 dixit,
565 1470 670 1511 non
697 1468 795 1523 ego
828 1469 840 1505 :
873 1451 976 1506 hoc
1002 1451 1240 1520 sequitur
1261 1448 1314 1502 in
1335 1446 1565 1502 lectione
1584 1459 1742 1515 quam
1765 1451 1954 1498 tracto.

379 1548 512 1604 Cum
542 1547 810 1601 enimnos
837 1551 1116 1613 propterea
1144 1540 1342 1594 faceret
1364 1537 1620 1593 sollicitos
1657 1544 1710 1590 et
1737 1543 1922 1589 cautos
1941 1573 1955 1598 ,

378 1655 448 1694 ne
473 1638 616 1693 omni
643 1635 846 1705 spiritui
875 1633 1172 1696 credamus,
1202 1629 1294 1685 sed
1321 1628 1609 1699 probemus
1635 1625 1851 1698 spiritus
1871 1624 1960 1694 qui

378 1745 445 1786 ex
473 1730 582 1783 Deo
620 1736 761 1792 sunt,
792 1725 913 1795 quia
943 1724 1096 1778 mulli
1143 1719 1619 1792 pseudoprophette
1651 1715 1962 1787 prodierunt

380 1821 435 1877 in
459 1821 601 1874 hunc
620 1817 906 1882 mundum;
937 1815 1187 1870 continuo
1207 1811 1334 1866 vidit
1355 1809 1480 1880 quid
1509 1806 1958 1873 desideraremus,

379 1913 612 1968 occurrit
648 1907 1030 1979 eXSpectationi
1056 1947 1072 1974 ,
1102 1905 1283 1974 injecit
1319 1901 1532 1957 oculum
1559 1899 1731 1954 tacitae
1756 1897 1962 1963 cogita-

354 2005 532 2061 ’ιὶοηὶ.
561 2004 768 2060 Gratias
792 2002 924 2065 Deo,
953 2000 1077 2072 quia
1105 2007 1159 2054 et
1184 1997 1283 2052 hoc
1309 2011 1406 2065 per
1432 1995 1578 2048 illum
1604 1992 1747 2063 loqui
1779 1990 1963 2060 digna-

381 2105 467 2152 tus
497 2103 594 2151 est.
621 2093 755 2147 Hinc
783 2092 1098 2164 cognoscitur
1124 2089 1330 2156 spiritus
1349 2085 1466 2140 Dei.

453 2188 549 2242 Eia
576 2185 780 2248 audite;
812 2183 1011 2248 audite,
1035 2180 1332 2250 intelligite,
1361 2175 1680 2240 discernite;
1710 2173 1965 2228 inluerete

381 2279 612 2342 veritati,
632 2277 863 2332 resistite
881 2275 1114 2329 falsitati.
1141 2271 1271 2326 Hinc
1291 2270 1606 2342 cognoscitur
1624 2268 1830 2338 spiritus
1848 2266 1962 2320 Dei.

384 2370 560 2435 Unde,
588 2382 715 2438 rogo
745 2367 828 2421 te?
852 2365 962 2419 lloc
984 2361 1218 2433 estquod
1246 2361 1430 2415 audire
1465 2360 1762 2430 cupiebam.
1789 2357 1967 2412 Omnis

385 2463 593 2532 spiritus
612 2459 698 2530 qui
713 2458 974 2526 conﬁtetur
988 2455 1164 2509 Jesum
1179 2453 1431 2510 Christum
1446 2453 1497 2504 in
1515 2467 1665 2504 carne
1679 2449 1886 2514 venisse,
1907 2465 1969 2504 ea:

388 2555 496 2609 Deo
517 2562 678 2607 est:et
706 2550 865 2605 omnis
885 2550 1090 2620 spiritus
1114 2548 1199 2618 qui
1225 2563 1324 2600 non
1351 2545 1614 2614 conﬁtetur
1629 2541 1663 2596 J
1667 2559 1804 2597 esum
1823 2541 1973 2598 Chri-

388 2657 520 2702 stum
543 2646 597 2699 in
619 2660 768 2698 carne
795 2642 1006 2704 venisse,
1034 2657 1094 2694 ea:
1120 2638 1228 2692 Deo
1257 2654 1356 2691 non
1381 2647 1450 2690 est
1480 2637 1523 2706 (Ι
1543 2635 1697 2689 Joan.
1728 2651 1798 2700 tv,
1828 2632 1967 2703 1-5).

390 2737 605 2794 Interim
632 2749 789 2806 ergo,
821 2731 1118 2787 ebarissimi
1138 2773 1151 2797 ,
1182 2728 1424 2799 repellite
1449 2729 1515 2782 ab
1541 2727 1756 2782 auribus
1781 2725 1971 2780 vestris

391 2843 606 2885 omnem
657 2827 1070 2896 disputatorem,
1129 2821 1563 2892 praedicatorem,
1619 2819 1968 2886 scriptorem,

392 2929 782 2978 susurratorem
809 2960 824 2985 ,
871 2917 960 2987 qui
1004 2925 1159 2986 negat
1199 2914 1378 2970 Jesum
1417 2911 1684 2966 Christum
1730 2911 1783 2966 in
1810 2925 1970 2966 carne

395 3012 626 3068 venisse.
659 3011 796 3080 Ergo
823 3008 1062 3078 repellite
1087 3005 1408 3061 Manichacus
1433 3019 1463 3057 a
1489 3003 1754 3064 domibus,
1783 3003 1850 3057 ab
1878 3017 1975 3057 au-

393 3103 540 3159 ribus
561 3143 578 3167 ,
620 3116 649 3155 a
679 3099 928 3156 cordibus
955 3097 1166 3153 vestris.
1219 3094 1492 3150 Manichmi
1532 3093 1672 3148 enim
1701 3090 1971 3147 Christum

397 3194 450 3252 in
479 3210 638 3251 carne
661 3194 870 3248 venisse
895 3190 1228 3262 apertissime
1256 3195 1470 3260 negant.
1501 3187 1728 3258 Spiritus
1753 3200 1881 3255 ergo
1911 3185 1976 3239 ii-

396 3287 568 3344 lorum
596 3302 699 3341 non
731 3294 856 3340 sunt
884 3301 948 3341 ex
977 3285 1108 3339 Deo.

469 3379 521 3432 '5.
549 3375 952 3429 Manichaeorum
978 3375 1030 3426 in
1059 3373 1170 3443 ipso
1197 3372 1305 3426 loco
1333 3371 1549 3426 Joannis
1575 3370 1792 3425 insidias
1817 3369 1978 3423 Error

397 3470 461 3524 de
483 3469 675 3523 duabus
714 3467 928 3522 naturis.
958 3465 1056 3520 Hic
1092 3465 1247 3519 video
1278 3465 1414 3519 unde
1457 3464 1584 3518 velit
1628 3464 1782 3532 lupus
1817 3463 1977 3518 obre-

398 3577 564 3634 pere;
592 3575 819 3630 agnosco
839 3600 854 3624 ,
882 3567 936 3613 et
973 3566 1226 3627 quantum
1257 3557 1410 3610 valeo
1435 3597 1449 3622 ,
1477 3555 1817 3612 devitandum
1861 3570 1980 3610 esse

401 3653 730 3708 demonstro.
766 3651 914 3715 lline,
942 3649 992 3702 in
1019 3663 1084 3703 eo
1113 3649 1253 3717 quod
1276 3648 1406 3712 dixi,
1437 3647 1522 3702 vel
1549 3648 1722 3716 potius
1747 3648 1813 3700 ab
1834 3647 1981 3715 Apo-

401 3744 542 3798 stolo
570 3742 768 3797 dictum
795 3740 1237 3804 commemoravi;
1285 3739 1407 3807 quia
1451 3736 1626 3790 Omnis
1656 3737 1863 3808 spiritus
1897 3735 1983 3806 qui

402 3846 552 3906 negat
570 3833 742 3888 Jesum
759 3832 1008 3888 Christum
1034 3833 1086 3886 in
1111 3834 1260 3884 carne
1283 3831 1489 3896 venisse,
1520 3847 1582 3884 ex
1606 3829 1714 3884 Deo
1740 3847 1839 3883 non
1869 3839 1940 3882 est
1964 3845 1982 3892 ;

401 3927 684 3984 insidiatur
709 3924 1027 3980 lilanichatus
1057 3924 1109 3977 in
1141 3922 1241 3976 hoc
1285 3922 1444 3977 verbo
1470 3963 1485 3989 ,
1531 3930 1585 3975 et
1628 3920 1756 3976 dicit
1801 3920 1930 3974 mihi
1967 3939 1978 3974 :

407 4018 547 4072 Ecce
577 4016 794 4086 Spiritus
818 4015 905 4085 qui
935 4023 1094 4084 negat
1121 4013 1302 4068 Jesum
1330 4012 1600 4069 Christum
1628 4012 1681 4065 in
1712 4027 1874 4066 carne
1895 4027 1985 4066 ve-

403 4111 566 4173 nisse,
590 4124 652 4164 ex
683 4109 794 4162 Deo
820 4123 926 4162 non
957 4116 1065 4171 est;
1100 4107 1238 4161 unde
1262 4106 1537 4175 estergo?
1565 4106 1618 4161 Si
1646 4122 1709 4160 ex
1743 4106 1851 4160 Deo
1878 4121 1982 4160 non
2006 4138 2018 4149 -

405 4209 507 4264 est,
531 4200 720 4269 inquit,
750 4198 888 4253 unde
911 4198 1035 4253 est?
1060 4197 1323 4268 Numquid
1345 4198 1485 4252 enim
1511 4204 1689 4266 potest
1716 4212 1855 4261 esse,
1883 4197 1985 4251 nisi

406 4291 661 4346 aliunde?
691 4289 747 4345 Si
775 4305 933 4361 ergo,
971 4289 1156 4359 inquit,
1186 4304 1251 4343 ex
1282 4289 1392 4344 Deo
1421 4304 1526 4343 non
1558 4297 1660 4355 est,
1693 4297 1746 4343 et
1771 4287 1984 4342 aliunde

407 4393 508 4448 est,
539 4384 686 4438 vides
707 4397 824 4437 esse
843 4382 973 4436 duas
1005 4390 1236 4435 natttras.
1265 4379 1569 4436 Invenimus
1596 4382 1772 4452 lupum
1807 4398 1819 4434 :
1851 4381 1984 4435 retia

408 4473 637 4530 salubria
668 4473 966 4539 tendamus,
992 4488 1270 4540 venemur,
1302 4472 1593 4542 capiamus,
1625 4481 1836 4543 captum
1870 4480 1984 4526 tru-

406 4565 664 4621 cidemus.
698 4565 1046 4620 Trucidemus
1092 4565 1283 4634 plane;
1329 4565 1583 4618 moriatur
1612 4580 1798 4632 error,
1846 4565 1988 4619 vivat

408 4656 590 4713 homo.
620 4657 758 4712 Ecce
785 4658 837 4711 in
866 4672 931 4711 eo
958 4656 1097 4727 quod
1124 4656 1253 4723 dixi,
1285 4655 1585 4724 Capiamus,
1621 4655 1944 4711 trucidemus
1968 4672 1983 4721 ;

408 4750 669 4804 moriatur
691 4765 863 4816 error,
893 4749 1036 4803 vivat
1056 4748 1245 4813 homo;
1274 4747 1344 4801 ibi
1370 4747 1590 4801 solvitur
1611 4747 1854 4818 quaestio.
1879 4747 1987 4802 Sed

408 4841 630 4898 recolite
658 4840 798 4911 quod
843 4839 1090 4910 proposui
1119 4880 1133 4904 ,
1175 4853 1243 4893 ne
1284 4838 1432 4892 obliti
1461 4839 1808 4907 quaestionem
1833 4878 1846 4903 ,
1880 4853 1984 4893 non

409 4932 715 5003 intelligatis
736 4931 1070 4985 solutionem.
1107 4928 1283 4981 Omnis
1311 4929 1516 4996 spiritus
1541 4928 1626 4998 qui
1652 4946 1751 4982 non
1780 4929 1990 4996 con/itc-

411 5031 493 5077 tur
523 5022 704 5078 Jesum
730 5021 985 5077 Christum
1006 5020 1058 5073 in
1088 5035 1238 5072 carne
1258 5019 1476 5083 venisse,
1509 5034 1571 5072 ea:
1600 5017 1706 5071 Deo
1728 5035 1830 5072 non
1859 5028 1949 5071 est.

483 5111 712 5168 CAPUT
751 5109 838 5165 Ill.
874 5138 947 5151 ——-
976 5109 1044 5163 Et
1076 5108 1394 5163 Mauicltmus
1431 5108 1682 5162 continuo
1713 5125 1725 5161 :
1757 5109 1822 5162 Et
1850 5107 1990 5163 unde

409 5205 538 5261 est?
563 5203 620 5260 Si
649 5219 714 5258 ex
746 5203 856 5258 Deo
882 5217 987 5256 non
1015 5209 1099 5257 est
1117 5242 1132 5268 ,
1164 5201 1375 5255 aliunde
1401 5209 1504 5254 est.
1550 5199 1604 5255 Si
1629 5199 1843 5254 aliunde
1867 5208 1988 5267 est,

413 5299 570 5354 docui
602 5301 620 5331 ί
650 5298 782 5354 duas
809 5312 928 5353 esse
961 5306 1193 5353 naturas.
1225 5295 1371 5350 lianc
1399 5294 1742 5364 quaestionem
1777 5302 1952 5348 tenete
1973 5335 1987 5360 ,

413 5399 469 5446 et
493 5398 702 5445 mentes
727 5389 793 5444 ad
823 5390 912 5444 illa
941 5403 1059 5444 mea
1089 5388 1251 5443 verba
1278 5393 1544 5452 revocate,
1575 5386 1665 5440 ubi
1694 5385 1800 5440 dixi
1827 5427 1840 5450 ,
1887 5385 1990 5439 Ca—

411 5484 622 5554 piamus
643 5524 658 5549 ,
689 5483 1050 5548 trucidemus;
1097 5483 1354 5538 moriatur
1396 5495 1547 5536 error
1570 5478 1596 5544 ,'
1629 5479 1770 5533 vivat
1809 5479 1988 5533 homo.

412 5573 582 5632 Error
607 5590 713 5630 non
742 5583 826 5630 est
853 5590 921 5631 ex
964 5575 1106 5644 Deo,
1145 5574 1306 5635 homo
1339 5587 1404 5630 ex
1434 5573 1542 5630 Deo
1570 5579 1669 5631 est.
1700 5571 1888 5627 Redite
1925 5570 1991 5624 ad

478 5751 498 5784 ⁸
523 5755 684 5812 Forte,
708 5750 884 5802 docuit.

1720 311 1952 372 SERMO
1986 308 2291 370 CLXXXII.

2060 425 2403 497 qutestionem
2434 439 2450 481 :
2481 421 2660 480 Omnis
2682 421 2890 495 spiritus
2917 419 3006 494 qui
3027 435 3132 477 non
3168 418 3433 490 conﬁtetur
3457 417 3636 476 Jesum

2055 517 2109 570 in
2133 531 2284 570 carne
2309 516 2497 571 uenisse
2514 557 2528 582 ,
2565 529 2629 570 ea:
2652 512 2762 568 Deo
2792 530 2893 568 non
2915 521 3006 568 est.
3055 512 3183 568 Dico
3207 520 3262 568 et
3287 526 3386 582 ego
3408 552 3424 579 ,
3453 510 3638 566 Omnia

2057 623 2146 678 per
2171 607 2339 677 ipsum
2363 607 2500 675 facta
2527 613 2643 660 sunt
2670 603 2846 676 (loan.
2873 619 2912 667 ι,
2937 602 3011 675 5).
3047 602 3222 657 Omnis
3241 602 3446 674 spiritus
3469 603 3640 657 laudet

2057 697 2334 752 Dominum
2360 697 2530 770 (Psat.
2560 711 2645 763 CL,
2678 695 2757 765 6).
2787 695 2891 752 Sed
2919 695 2963 750 si
2994 709 3098 750 non
3123 693 3297 750 omnis
3326 693 3544 764 spiritus
3570 707 3640 749 ex

2059 787 2170 844 Deo
2195 797 2293 854 est,
2323 787 2590 858 quomodo
2620 786 2838 856 spiritus
2868 786 2956 856 qui
2985 802 3050 841 ex
3077 786 3187 840 Deo
3217 800 3322 840 non
3351 793 3434 840 est
3457 783 3640 841 laudat

2059 877 2386 934 Dominum?
2411 877 2640 932 Prorsus
2665 877 2839 930 omnis
2869 876 3088 946 spiritus
3117 874 3298 930 laudet
3331 873 3635 930 Dominum.

2059 970 2356 1040 Utrumque
2376 969 2552 1033 video,
2576 967 2883 1038 languidum
2905 967 3169 1038 intelligo;
3191 966 3373 1020 vitium
3398 973 3634 1032 sanetur,

2061 1072 2248 1117 natura
2277 1061 2548 1116 liberetur.
2578 1059 2774 1114 Vitium
2816 1066 3004 1114 natura
3033 1073 3142 1114 non
3170 1065 3286 1123 est,
3315 1056 3408 1112 sed
3437 1066 3641 1112 natura:

2061 1153 2334 1209 inimicum
2359 1161 2459 1208 est.
2489 1153 2628 1208 Sana
2656 1149 2795 1206 unde
2821 1149 3060 1220 langues,
3091 1155 3332 1204 remanet
3359 1147 3498 1202 unde
3527 1146 3642 1200 lau-

2062 1243 2177 1300 des.
2208 1243 2466 1298 Medicina
2493 1243 2617 1297 vitia
2647 1239 3000 1311 persequitur,
3029 1253 3134 1293 non
3161 1247 3427 1294 naturam.
3463 1236 3643 1292 Omnis

2061 1336 2273 1406 spiritus
2301 1336 2387 1405 qui
2413 1351 2515 1389 non
2540 1334 2805 1404 conﬁtetur
2823 1331 2999 1386 Jesum
3028 1328 3286 1385 Christum
3311 1331 3366 1384 in
3391 1346 3541 1384 carne
3561 1345 3644 1384 ve-

2063 1427 2216 1494 nisse,
2247 1443 2308 1481 ea:
2331 1425 2440 1480 Deo
2463 1442 2562 1479 non
2592 1434 2682 1479 est.
2709 1423 2764 1477 In
2790 1430 3041 1493 quantum
3063 1436 3169 1477 non
3191 1421 3470 1477 conﬁtetur
3488 1421 3642 1478 Chri-

2064 1525 2205 1572 stum
2239 1518 2291 1571 in
2318 1532 2480 1572 carne
2504 1516 2718 1571 venisse
2741 1555 2754 1580 ,
2797 1516 2850 1568 in
2877 1522 3081 1567 tantum
3107 1527 3174 1567 ex
3219 1513 3330 1568 Deo
3370 1528 3476 1568 non
3525 1520 3642 1580 est;

2065 1609 2186 1677 quia
2218 1608 2316 1662 iste
2341 1622 2493 1663 error
2516 1607 2605 1677 qui
2631 1621 2736 1659 non
2765 1603 3049 1660 confitetur
3081 1601 3349 1657 Christum
3393 1603 3448 1659 in
3484 1618 3646 1658 carne

2064 1702 2292 1766 venisse,
2322 1715 2386 1755 ex
2417 1700 2526 1754 Deo
2553 1714 2658 1753 non
2684 1706 2785 1753 est.
2813 1697 3046 1762 Fratres,
3073 1694 3199 1764 quid
3221 1701 3304 1750 est
3323 1693 3466 1764 quod
3488 1709 3644 1749 rena-

2065 1790 2307 1846 scimur?
2335 1791 2388 1846 Si
2430 1791 2564 1845 bene
2593 1790 2701 1844 nati
2730 1803 2912 1844 sumus
2931 1829 2948 1854 ,
2987 1786 3113 1858 quid
3139 1796 3222 1842 est
3250 1785 3390 1857 quod
3417 1787 3650 1841 renasci-

2066 1882 2231 1937 mur?
2256 1881 2452 1936 Natura
2485 1897 2603 1951 quae
2631 1887 2880 1950 corrupta
2909 1878 3100 1943 fuerat,
3126 1885 3432 1948 reparatur;
3462 1885 3650 1932 natura

2067 1987 2184 2043 quae
2209 1974 2357 2044 lapsa
2384 1973 2575 2040 fuerat,
2597 1972 2849 2043 erigitur;
2878 1979 3065 2026 natura
3091 1985 3209 2040 quae
3232 1968 3488 2025 deformis
3507 1970 3652 2040 jace-

2067 2065 2158 2120 bat
2177 2107 2191 2131 ,
2220 2065 2388 2136 gratia
2417 2065 2758 2120 reformatur.
2791 2062 2950 2118 Solus
2993 2061 3133 2117 enim
3174 2059 3427 2126 Creator,
3455 2060 3650 2127 Pater,

2069 2157 2234 2212 Filius
2258 2165 2313 2211 et
2341 2156 2572 2225 Spiritus
2591 2164 2840 2220 sanctus;
2866 2153 3002 2208 trina
3034 2152 3208 2207 unitas
3227 2193 3243 2216 ,
3270 2166 3374 2205 una
3407 2151 3650 2214 trinitas;

2070 2250 2184 2306 sola
2207 2250 2292 2304 illa
2323 2257 2512 2304 natura
2534 2247 2897 2313 immutabilis,
2925 2245 3394 2310 incommutabilis,
3423 2257 3522 2298 nec
3551 2243 3652 2297 de-

2070 2339 2251 2406 fectui,
2277 2353 2376 2393 nec
2402 2336 2659 2407 profectui
2687 2336 2936 2398 obnoxia,
2968 2348 3068 2389 nec
3087 2332 3245 2400 cadit,
3269 2341 3328 2387 ut
3351 2331 3528 2386 minus
3549 2330 3652 2396 sit;

2072 2445 2174 2486 nec
2203 2428 2560 2494 transcendit,
2602 2437 2660 2482 ut
2699 2427 2817 2498 plus
2865 2427 2968 2491 sit;
3015 2424 3263 2496 perfecta,
3309 2423 3654 2493 sempiterna,

2074 2521 2221 2576 omni
2235 2520 2392 2574 modo
2414 2518 2781 2582 immutabilis,
2801 2518 2911 2572 sola
2928 2517 3016 2571 illa
3039 2525 3244 2571 natura.
3260 2514 3513 2572 Creatura
3528 2527 3659 2569 vero

2075 2611 2234 2680 bona,
2261 2611 2354 2666 sed
2381 2610 2623 2666 Creatori
2654 2610 2824 2680 impar
2854 2609 3026 2663 valde.
3045 2607 3138 2662 Vis
3155 2607 3427 2662 adltzerere
3447 2606 3660 2662 diabolo

2077 2703 2369 2768 desertori,
2406 2704 2450 2758 si
2490 2717 2705 2772 aequare
2743 2699 3020 2756 contendis
3049 2699 3258 2755 condita
3283 2697 3559 2767 Conditori
3591 2699 3632 2753 ³.

2147 2793 2372 2850 CAPUT
2410 2793 2498 2848 IV.
2526 2823 2599 2834 —-
2626 2794 2680 2848 4.
2717 2792 3120 2847 Manichworum
3136 2807 3294 2858 error,
3313 2791 3534 2844 animam
3557 2806 3664 2845 esse

2078 2894 2268 2957 partem
2297 2883 2423 2950 Dei,
2457 2887 2770 2955 confutatur.
2803 2885 3070 2953 Agnoscat
3099 2883 3274 2936 anima
3303 2881 3660 2936 conditionem

2079 2991 2264 3032 suam:
2293 2991 2400 3030 non
2427 2983 2509 3031 est
2538 2975 2701 3033 Deus.
2726 2975 2857 3029 Cum
2885 2989 2942 3030 se
2968 2974 3140 3028 anima
3173 2981 3324 3043 putat
3350 2973 3515 3028 Deum
3535 3013 3550 3040 ,
3579 2972 3662 3027 of-

2079 3067 2247 3124 fendit
2292 3067 2460 3121 Deum
2493 3085 2506 3120 :
2541 3080 2647 3120 non
2688 3065 2888 3120 invenit
2929 3065 3278 3130 salvatorem,
3326 3063 3420 3118 sed
3463 3062 3667 3119 invenit

2079 3159 2469 3215 damnatorem.
2518 3157 2778 3224 Quoniam
2816 3157 2958 3212 Deus
3003 3155 3216 3227 quando
3255 3156 3460 3210 animas
3497 3155 3666 3210 malas

2082 3249 2319 3315 damnat,
2347 3262 2452 3303 non
2475 3263 2533 3304 se
2554 3247 2770 3302 damnat
2793 3265 2807 3300 :
2840 3248 2881 3301 si
2904 3254 3082 3301 autem
3102 3247 3277 3300 anima
3303 3245 3406 3300 hoc
3423 3253 3504 3301 est
3522 3245 3668 3316 quod

2082 3343 2260 3410 Deus,
2293 3357 2351 3397 se
2391 3341 2625 3396 damnat.
2659 3340 2857 3394 Demus
2888 3338 3146 3394 honorem
3187 3338 3298 3394 Deo
3324 3346 3528 3404 nostro,
3558 3336 3668 3392 tra-

2085 3443 2216 3502 tres,
2244 3435 2328 3489 cui
2354 3433 2662 3497 clamamus,
2689 3431 2867 3484 Libera
2888 3445 2980 3483 nos
3001 3445 3032 3482 a
3053 3429 3188 3482 malo
3218 3426 3427 3500 (Matth.
3449 3443 3522 3493 vi,
3553 3425 3665 3499 t5).

2087 3525 2152 3580 Et
2177 3526 2222 3580 si
2251 3531 2493 3579 susurret
2516 3525 2536 3554 ²
2565 3521 2687 3587 tibi,
2716 3521 2847 3574 utin
2878 3521 3115 3575 oratione
3142 3519 3386 3573 invenias
3422 3518 3670 3572 tentatio-

2085 3633 2231 3682 nem,
2264 3624 2317 3671 et
2340 3615 2480 3670 dicat
2507 3613 2622 3678 tibi,
2650 3611 2785 3678 Quid
2813 3618 2895 3665 est
2919 3610 3059 3680 quod
3081 3609 3340 3673 elamasti,
3370 3607 3550 3662 Libera
3578 3625 3670 3663 nos

2087 3727 2119 3765 α
2145 3710 2314 3764 malo?
2354 3708 2512 3764 Certe
2555 3721 2662 3760 non
2703 3713 2786 3760 est
2829 3701 3059 3758 malum?
3093 3700 3376 3770 Responde
3404 3699 3480 3754 illi
3512 3718 3526 3754 :
3558 3700 3670 3770 Ego

2088 3816 2204 3858 sum
2233 3800 2438 3864 malus;
2467 3805 2521 3853 et
2546 3797 2591 3852 si
2619 3793 2924 3849 liberaverit
2951 3807 3037 3848 me
3064 3807 3095 3846 a
3123 3792 3284 3855 malo,
3317 3805 3410 3845 ero
3436 3790 3503 3845 de
3529 3790 3670 3844 malo

2087 3893 2260 3948 bonus
2286 3909 2298 3946 :
2324 3889 2515 3947 liberet
2545 3903 2631 3943 me
2658 3903 2689 3942 a
2714 3901 2799 3940 me
2822 3924 2837 3950 ,
2867 3900 2936 3939 ne
2977 3884 3242 3938 incurram
3264 3884 3318 3936 in
3345 3893 3417 3936 te.
3448 3881 3561 3936 Hoc
3587 3881 3674 3936 die

2089 3982 2379 4039 Manichteo
2405 3998 2416 4033 :
2445 3980 2501 4035 Si
2531 3980 2668 4034 Deus
2699 3975 3001 4032 liberaverit
3026 3989 3112 4029 me
3145 3988 3175 4028 a
3201 3988 3318 4038 me,
3350 3987 3455 4028 non
3495 3972 3674 4026 incur-

2089 4089 2203 4130 ram
2225 4074 2278 4127 in
2301 4080 2353 4126 te
2377 4088 2390 4124 :
2418 4070 2541 4141 quia
2566 4070 2610 4124 si
2633 4068 2774 4123 Deus
2795 4065 3099 4122 liberaverit
3117 4078 3204 4118 me
3227 4078 3258 4116 a
3280 4077 3368 4118 me
3392 4062 3555 4130 malo,
3579 4077 3674 4117 ero

2091 4165 2295 4229 bonus;
2325 4163 2369 4217 si
2393 4161 2562 4216 bonus
2583 4174 2696 4226 ero,
2729 4158 2940 4228 sapiens
2959 4171 3086 4220 ero;
3119 4155 3162 4209 si
3184 4153 3398 4224 sapiens
3422 4168 3534 4218 ero,
3567 4167 3675 4208 non

2089 4255 2314 4319 errabo;
2343 4252 2388 4307 si
2415 4266 2520 4306 non
2539 4249 2752 4316 errabo,
2774 4263 2804 4303 a
2836 4257 2888 4302 te
2910 4245 3083 4316 decipi
3104 4260 3207 4313 non
3232 4253 3436 4316 potero.
3460 4243 3677 4299 Liberet

2091 4359 2220 4416 ergo
2255 4345 2398 4400 Deus
2423 4358 2510 4398 me
2537 4357 2567 4395 a
2593 4356 2680 4396 me
2699 4380 2714 4407 ,
2742 4349 2797 4394 et
2831 4353 2937 4393 non
2964 4337 3177 4392 incurro
3207 4336 3260 4390 in
3293 4344 3363 4390 te.
3391 4334 3565 4389 Meum
3592 4344 3678 4390 est

2091 4437 2233 4491 enim
2257 4434 2463 4498 vitium,
2487 4440 2546 4486 ut
2563 4446 2736 4486 errem
2763 4438 2817 4485 et
2837 4427 3051 4484 credam
3073 4426 3167 4482 tibi
3190 4444 3204 4480 :
3232 4425 3480 4497 quoniam
3500 4425 3677 4478 anima

2093 4541 2211 4582 mea
2229 4525 2442 4595 impleta
2464 4531 2545 4578 est
2563 4520 2894 4576 illusionibus
2913 4517 3081 4591 (Psat.
3105 4532 3308 4584 xxxvn,
3328 4515 3405 4586 8).
3423 4515 3539 4571 Non
3556 4529 3676 4570 sum

2091 4618 2224 4675 mihi
2251 4619 2363 4688 ipse
2392 4616 2572 4671 lumen
2597 4631 2613 4689 :p
2639 4628 2762 4668 nam
2789 4613 2831 4667 si
2861 4625 3058 4676 essem,
3088 4622 3356 4678 nunquam
3386 4619 3674 4661 errassem.

2094 4711 2219 4767 Ideo
2245 4725 2368 4780 pars
2398 4707 2490 4762 Dei
2515 4721 2620 4761 non
2646 4719 2794 4771 sum,
2841 4702 2961 4773 quia
3001 4699 3292 4756 substantia
3320 4698 3444 4765 Dei,
3489 4706 3680 4754 natura

2095 4803 2223 4870 Dei,
2263 4816 2444 4857 errare
2470 4815 2576 4854 non
2615 4805 2792 4870 potest
2821 4815 2833 4850 :
2863 4809 2961 4866 ego
3000 4802 3177 4848 autem
3205 4804 3359 4857 erro;
3389 4805 3511 4845 nam
3541 4799 3596 4846 et
3625 4799 3680 4846 tu

2095 4895 2209 4966 ipse
2238 4893 2536 4959 confiteris,
2571 4890 2865 4960 sapientem
2888 4895 2940 4942 te
2963 4886 3116 4952 dicis,
3141 4884 3208 4940 ab
3235 4897 3416 4939 errore
3441 4897 3529 4938 me
3549 4882 3682 4938 libe-

2093 5001 2215 5043 rare
2244 4985 2472 5040 conaris.
2513 4982 2666 5038 Unde
2704 4994 2832 5050 ergo
2872 4992 3023 5042 erro,
3071 4976 3116 5029 si
3160 4981 3346 5029 natura
3389 4973 3482 5028 Dei
3525 4972 3680 5028 sum?

2097 5079 2366 5135 Erubesce
2387 5117 2401 5143 ,
2443 5075 2509 5130 da
2539 5073 2796 5129 honorem
2839 5071 2968 5126 Deo.
3000 5068 3112 5138 Ego
3139 5066 3260 5122 dico
3297 5066 3419 5136 quia
3458 5065 3682 5119 multum

2098 5170 2270 5225 adhuc
2297 5182 2479 5222 erras:
2508 5165 2602 5220 sed
2631 5165 2767 5219 sicut
2795 5170 2848 5215 tu
2899 5161 3012 5232 ipse
3047 5156 3345 5224 confiteris,
3386 5169 3681 5212 erraveras.

2099 5262 2382 5317 Erraverat
2399 5271 2527 5327 ergo
2553 5263 2742 5310 natura
2765 5251 2894 5308 Dei?
2923 5251 3062 5306 lerat
3087 5249 3140 5304 in
3167 5246 3553 5303 immunditiam
3587 5260 3684 5299 na-

2102 5362 2216 5408 tura
2250 5350 2378 5406 Dei?
2409 5347 2682 5404 Adulteria
2711 5341 3077 5400 committebat
3112 5349 3296 5395 natura
3327 5337 3463 5393 Dei?
3490 5336 3686 5406 Stupra

2100 5443 2281 5501 illicita
2312 5439 2539 5496 faciebat
2577 5447 2765 5492 natura
2797 5434 2926 5490 Dei?
2970 5431 3124 5488 Caeca
3153 5429 3424 5486 nesciebat
3449 5442 3551 5499 qua
3586 5427 3688 5482 iret

2165 5619 2183 5651 ι
2207 5616 2504 5667 Fossatensis
2516 5613 2669 5664 codex
2700 5647 2713 5671 ,
2738 5611 2782 5661 si
2798 5608 2986 5674 tequari
3008 5609 3078 5660 vis
3097 5605 3356 5674 conditam.

2109 5681 2188 5795 M8
2210 5664 2635 5737 ὲᾶἷίὶίδαοσαννει.
2663 5664 2830 5727 Melius
2849 5664 3402 5736 inanuscripti,susurret
3423 5677 3441 5720 :
3463 5664 3686 5728 subaudi.

2157 5739 2415 5794 mea.
