4108 6336
448 464 642 517 natura
666 454 801 514 Dei?
826 450 1171 511 Facinoribus
1192 457 1246 507 et
1265 444 1473 521 ﬂagitiis
1496 440 1818 503 obruebatur
1838 449 2026 498 natura

452 554 584 611 Dei?
607 549 894 615 Erubesce,
928 545 993 603 da
1022 546 1277 602 honorem
1308 542 1436 598 Deo.

522 639 748 701 CAPUT
784 640 849 696 γ.
871 669 942 681 -
969 639 1022 696 5.
1044 637 1239 693 Lumen
1270 634 1362 690 sibi
1386 649 1493 688 esse
1530 633 1679 687 homo
1706 646 1807 685 non
1847 634 2025 700 potest.

455 733 602 791 Haut
629 746 729 788 non
758 748 821 788 ea:
857 740 1038 785 natura
1056 771 1069 796 ,
1102 729 1190 784 sed
1217 744 1280 784 ea:
1306 727 1422 782 uitio
1461 735 1671 779 naturae.
1706 721 1907 778 Lumen
1937 718 2030 773 tibi

453 841 572 884 esse
599 840 707 883 non
732 832 917 895 potes;
946 838 1051 878 non
1087 829 1236 892 potes
1256 862 1271 889 ,
1317 834 1423 874 non
1455 826 1608 888 potes
1636 817 1676 869 ⁸.
1707 811 1834 869 Erat
1863 812 2032 867 lumen

448 935 642 974 verum.
678 915 735 974 In
762 916 1155 986 comparatione
1179 912 1398 969 Joannis
1426 910 1621 966 dictum
1651 915 1762 976 est,
1798 905 1920 961 Erat
1950 905 2032 959 tu-

448 1026 561 1067 men
591 1027 782 1067 verum.
824 1007 1090 1082 Numquid
1135 1022 1241 1063 non
1270 1014 1324 1061 et
1364 1004 1596 1060 Joannes
1636 997 1892 1056 lucerna?
1932 996 2034 1052 Ille

454 1114 561 1161 erat
593 1106 796 1161 lucerna
820 1103 1002 1158 ardens
1025 1110 1073 1156 et
1097 1101 1269 1156 lucens
1287 1141 1301 1166 ,
1328 1098 1584 1154 Dominus
1610 1092 1741 1150 dixit
1768 1091 1942 1164 (Joan.
1972 1103 2030 1158 v,

452 1197 566 1271 35).
592 1195 857 1268 Numquid
889 1196 1104 1251 lucerna
1126 1194 1306 1248 lumen
1333 1205 1439 1246 non
1464 1187 1579 1245 est?
1604 1185 1708 1243 Sed
1731 1192 1841 1241 erat
1864 1183 2033 1237 lumen

454 1307 645 1345 verum.
673 1289 911 1344 Lucerna
936 1296 989 1343 et
1010 1285 1227 1342 accendi
1249 1290 1440 1355 potest,
1464 1289 1520 1338 et
1538 1278 1798 1350 exstingui
1820 1283 2031 1349 potest:

454 1378 629 1437 lumen
660 1395 845 1436 verum
873 1378 1165 1434 accendere
1188 1385 1383 1448 potest,
1410 1370 1676 1443 exstingui
1701 1384 1805 1425 non
1836 1372 2030 1437 potest.

458 1473 586 1529 Erat
622 1488 750 1544 ergo
776 1473 943 1527 lumen
969 1487 1139 1527 verum
1157 1510 1173 1537 ,
1202 1468 1334 1539 quod
1357 1466 1609 1522 illuminat
1639 1478 1834 1517 omnem
1868 1459 2034 1513 homi-

454 1582 568 1621 nem
588 1565 858 1620 venientem
879 1563 932 1617 in
961 1562 1093 1616 hunc
1118 1560 1363 1615 mundum
1392 1556 1498 1630 (Id.
1522 1572 1561 1624 ι,
1588 1555 1667 1626 9).
1694 1550 2034 1609 Illuminandi

456 1671 638 1712 smnus
656 1695 670 1721 ,
700 1672 804 1710 non
846 1654 1027 1709 lumen
1053 1668 1257 1709 sumus.
1290 1648 1694 1721 Expergiscere,
1722 1646 1889 1701 clama
1918 1656 2035 1699 me-

456 1762 612 1807 cum:
646 1746 892 1801 Dominus
919 1743 1223 1799 illuminatio
1258 1758 1389 1797 mea.
1435 1739 1571 1810 Quid
1613 1746 1695 1793 est
1722 1751 1850 1807 ergo
1894 1733 2038 1807 quod

456 1837 626 1894 dicis?
655 1838 794 1910 Ergo
816 1851 924 1891 non
959 1842 1083 1891 sunt
1119 1832 1289 1888 mala?
1332 1828 1467 1887 Sunt
1496 1829 1634 1884 mala
1652 1869 1669 1897 ,
1696 1827 1790 1883 sed
1819 1835 2031 1881 mutan-

456 1937 573 1995 tur;
606 1937 660 2009 et
686 1930 797 1999 ipsa
835 1935 992 1983 erunt
1025 1926 1204 1983 bona:
1233 1922 1356 1995 quia
1397 1922 1509 1992 ipsa
1550 1919 1687 1974 mala
1707 1961 1721 1986 ,
1754 1917 1883 1971 vitio
1911 1920 2036 1970 sunt

458 2022 615 2089 mala,
643 2037 747 2078 non
772 2028 975 2077 natura.
1002 2018 1137 2087 Quid
1159 2025 1259 2081 est,
1286 2014 1469 2069 Libera
1490 2030 1579 2068 nos
1600 2029 1631 2066 a
1656 2010 1827 2065 malo?
1849 2009 2040 2066 Nonne

456 2129 736 2187 possemus
760 2121 814 2168 et
842 2126 1124 2183 possumus
1149 2109 1265 2165 haec
1291 2106 1452 2163 verba
1480 2105 1659 2161 dicere
1677 2146 1691 2169 ,
1720 2101 1910 2159 Libera
1940 2115 2040 2157 nos

459 2219 492 2259 a
520 2202 791 2260 tenebris?
820 2202 865 2257 A
891 2201 1081 2272 quibus
1105 2197 1378 2255 tenebris?
1404 2196 1447 2251 A
1479 2195 1630 2251 nobis
1654 2194 1781 2265 ipsis
1802 2234 1817 2261 ,
1853 2193 1897 2248 si
1923 2206 2043 2263 quae

461 2292 515 2353 in
545 2294 697 2350 nobis
723 2301 847 2351 sunt
888 2291 1125 2362 reliquis:
1155 2288 1489 2345 tenebrarum
1511 2328 1526 2354 ,
1569 2284 1741 2342 donec
1783 2285 1839 2340 in
1871 2291 2042 2340 totum

461 2386 551 2444 lux
588 2385 898 2449 efﬁciamur,
932 2382 1064 2439 nihil
1091 2380 1347 2436 habentes
1383 2378 1436 2433 in
1466 2377 1620 2433 nobis
1659 2373 1800 2448 quod
1829 2374 2046 2432 resistat

460 2478 702 2535 charitati
723 2519 738 2546 ,
769 2475 909 2549 quod
939 2480 1197 2546 repugnet
1220 2470 1461 2534 veritati,
1490 2467 1630 2539 quod
1662 2467 1934 2538 subiaceat
1956 2465 2043 2520 in;

463 2567 729 2637 ﬁrmitati,
755 2565 895 2639 quod
924 2565 1226 2623 conditione
1267 2560 1602 2618 mortalitatis
1629 2557 1861 2615 deﬁciat.
1887 2556 2044 2614 Tunc

465 2672 632 2719 totum
661 2660 834 2719 videte
859 2659 985 2733 quid
1027 2659 1149 2727 erit,
1181 2653 1392 2728 quando
1419 2653 1521 2709 erit
1540 2695 1555 2721 ,
1587 2648 1923 2723 Corruptibite
1951 2649 2048 2707 hoc

465 2757 712 2813 induetur
734 2754 1124 2824 incorruptione,
1150 2760 1199 2805 et
1223 2748 1434 2804 mortale
1457 2747 1550 2801 hoc
1575 2744 1822 2801 induetur
1843 2743 2049 2798 immor-

466 2849 677 2905 talitate.
711 2844 853 2901 Tunc
887 2846 971 2916 [iet
994 2859 1156 2899 sermo
1194 2841 1278 2912 qui
1303 2840 1520 2911 scriptus
1550 2846 1657 2906 est,
1695 2835 1946 2908 Absorpta
1973 2841 2048 2892 est

469 2958 602 2997 mors
622 2941 674 2995 in
693 2938 970 2994 victoriam.
1006 2934 1103 2993 Ubi
1128 2943 1219 3001 est,
1246 2949 1401 2999 mors,
1430 2930 1678 2985 contentio
1700 2928 1823 2985 tua?
1842 2926 1925 2983 ubi
1950 2932 2045 2995 est,

468 3044 620 3099 mars,
648 3032 851 3087 aculeus
873 3029 1029 3085 tuus?
1054 3028 1272 3083 Aculeus
1300 3034 1467 3081 autem
1494 3023 1669 3079 mortis
1693 3031 1766 3078 est
1794 3032 2053 3093 peccatum

471 3124 517 3197 (1
544 3124 661 3181 Cor.
691 3140 783 3192 xv,
807 3123 1015 3194 53-56).
1044 3120 1144 3177 Ubi
1166 3117 1398 3175 malum?

540 3214 768 3272 CAPUT
807 3214 895 3269 Vl.
922 3244 993 3255 -—
1021 3211 1075 3268 6.
1108 3210 1254 3266 Mala
1283 3210 1498 3265 hominis
1524 3208 1625 3263 duo
1645 3250 1661 3276 ,
1699 3223 1841 3263 error
1886 3213 1932 3261 et
1967 3206 2051 3260 in-

472 3306 706 3377 ﬁrmitas.
734 3303 887 3360 Modo
915 3302 1053 3359 mala
1079 3302 1356 3357 hominum
1385 3301 1536 3372 qum?
1562 3301 1727 3357 Error
1749 3307 1803 3354 et
1828 3295 2052 3352 inﬁrmi-

469 3408 571 3459 tas.
598 3398 706 3455 Aut
729 3398 904 3454 nescis
924 3397 1050 3469 quid
1073 3411 1220 3467 agas,
1252 3403 1307 3451 et
1330 3393 1558 3451 errando
1578 3393 1807 3458 laberis;
1837 3398 1927 3446 aut
1948 3389 2055 3446 scis

469 3490 597 3563 quid
630 3491 712 3561 agi
748 3489 965 3556 debeat,
993 3498 1049 3546 et
1077 3486 1382 3544 inﬁrmitate
1409 3486 1695 3556 superaris.
1725 3485 1865 3555 Ergo
1891 3497 2052 3539 omne

469 3582 669 3640 malum
712 3582 940 3637 hominis
979 3595 1132 3637 error
1166 3588 1221 3635 et
1248 3577 1547 3634 inﬁrmitas.
1578 3577 1779 3632 Contra
1812 3591 2051 3632 errorem

468 3674 661 3742 clama,
692 3673 943 3729 Dominus
970 3673 1273 3728 illuminatio
1302 3687 1433 3727 mea.
1463 3669 1662 3727 Contra
1688 3668 2052 3724 inﬁrmitatem

466 3765 637 3833 adde,
671 3763 743 3821 Et
781 3766 921 3823 salus
959 3752 1070 3820 mea
1116 3764 1296 3837 (Psat.
1336 3779 1493 3831 XXVI,
1527 3761 1602 3833 1).
1640 3760 1844 3827 Crede,
1877 3761 2055 3818 bonus

468 3865 622 3913 esto:
654 3864 711 3912 tu
740 3871 799 3913 es
834 3857 1039 3923 malus,
1073 3865 1130 3910 tu
1156 3854 1262 3911 eris
1286 3853 1478 3910 bonus.
1510 3852 1630 3908 Noli
1659 3852 1916 3909 dividere.
1945 3852 2054 3909 Na—

472 3959 588 4005 tura
613 3950 665 4004 in
697 3957 749 4006 te
771 3949 1005 4006 sananda
1031 3957 1134 4016 est,
1156 3962 1262 4004 non
1283 3947 1598 4019 separanda.
1624 3945 1717 4002 Vis
1743 3961 1902 4003 nosse
1926 3945 2054 4017 quid

469 4038 565 4097 es?
592 4040 869 4097 Tenebrae.
898 4040 1074 4107 Quare
1100 4038 1372 4096 tenebrae?
1403 4038 1574 4094 llomo
1594 4036 1688 4109 qui
1717 4036 1850 4093 dicis
1867 4079 1884 4106 ,
1920 4037 2053 4093 Cor-

472 4132 740 4201 rumpitur
763 4131 905 4187 Deus
924 4170 939 4199 ,
966 4130 1165 4201 aliquid
1193 4129 1278 4185 his
1306 4129 1537 4185 tenebris
1565 4136 1737 4200 potest
1762 4143 1883 4184 esse
1926 4144 2054 4199 pro—
2104 4130 2111 4137 '

473 4220 723 4277 fundius?
746 4219 935 4287 Crede,
967 4235 1195 4292 agnosce
1233 4218 1505 4276 Christum
1535 4218 1589 4274 in
1617 4234 1779 4275 carne
1808 4219 2016 4277 venisse
2035 4259 2052 4287 ,

470 4314 743 4384 accepisse
761 4310 903 4385 quod
923 4328 1030 4369 non
1054 4322 1190 4381 erat,
1219 4327 1325 4369 non
1351 4312 1595 4368 amisisse
1615 4311 1756 4382 quod
1782 4319 1927 4380 erat;
1958 4312 2057 4368 ho-

464 4405 669 4464 minem
700 4407 754 4461 in
789 4420 848 4461 sc
877 4414 1111 4463 mutasse
1128 4447 1146 4473 ,
1171 4421 1277 4462 non
1305 4405 1357 4460 in
1385 4404 1652 4461 hominem
1692 4404 1857 4462 fuisse
1882 4412 2056 4460 muta-

469 4504 606 4553 tum.
637 4496 914 4569 Agnosce,
939 4505 994 4552 et
1016 4504 1073 4550 tu
1101 4496 1214 4566 ipse
1237 4512 1305 4553 ex
1332 4496 1472 4553 malo
1494 4496 1604 4552 eris
1630 4495 1837 4565 bonus,
1878 4510 1947 4552 ex
1971 4505 2053 4553 te-

470 4588 652 4646 nebris
680 4589 788 4646 eris
813 4587 922 4643 lux.
948 4587 1032 4644 An
1059 4588 1308 4656 mentior,
1335 4597 1387 4644 et
1422 4603 1530 4645 non
1557 4596 1641 4645 est
1662 4587 1806 4644 unde
1832 4588 2056 4645 convin-

467 4680 632 4737 cam?
676 4680 993 4752 Apostolum
1022 4679 1223 4751 accipis
1242 4720 1257 4746 ,
1287 4680 1333 4735 si
1372 4688 1426 4737 te
1465 4696 1574 4736 non
1603 4681 1757 4752 ﬁngis
1780 4680 2053 4751 accipere;

468 4771 785 4842 Apostolum
810 4772 962 4843 legis,
991 4781 1046 4829 et
1069 4772 1329 4842 deciperis
1347 4813 1362 4840 ,
1392 4782 1447 4831 et
1473 4772 1695 4845 decipis.
1731 4772 1883 4829 Unde
1906 4773 2054 4829 deci-

468 4865 653 4935 peris?
678 4864 925 4921 Errando
946 4866 1086 4921 malo
1107 4874 1197 4921 tuo
1220 4873 1270 4921 te
1290 4866 1425 4936 ipso.
1453 4864 1511 4922 Si
1539 4873 1717 4921 autem
1742 4864 2052 4933 credideris,

468 4970 817 5027 erroremque
843 4957 1158 5013 discusseris
1173 4999 1189 5026 ,
1232 4957 1419 5014 audies
1445 4957 1514 5014 ab
1537 4958 1830 5028 Apostolo,
1862 4956 2057 5015 Fuistis

468 5050 603 5106 enim
630 5048 905 5121 aliquando
933 5049 1182 5116 tenebras;
1208 5065 1340 5105 nunc
1366 5057 1533 5104 autem
1558 5049 1669 5105 tum.
1700 5048 1807 5106 Sed
1830 5049 2055 5119 addidit,

469 5140 579 5209 luat,
608 5140 703 5199 sed
723 5141 848 5197 ubi?
872 5139 945 5196 In
970 5141 1192 5198 Domino
1218 5140 1437 5214 (Ephes.
1460 5156 1514 5207 v,
1544 5139 1624 5214 8).
1652 5140 1794 5214 Ergo
1819 5141 2055 5198 tenebras

468 5230 524 5286 in
552 5242 626 5303 te,
652 5234 742 5288 lux
770 5234 825 5290 in
854 5233 1098 5289 Domino.
1125 5230 1259 5303 Quia
1283 5247 1388 5289 non
1420 5232 1512 5289 tibi
1536 5241 1689 5304 potes
1715 5233 1927 5300 lucere,
1960 5247 2054 5290 ac-

469 5323 710 5381 cedendo
738 5325 1078 5395 illuminaris,
1104 5324 1406 5382 recedendo
1436 5325 1765 5382 tenebraris:
1798 5325 1919 5397 quia
1945 5339 2055 5381 non

470 5414 565 5471 tibi
590 5416 768 5474 lumen
796 5429 851 5474 tu
878 5420 993 5491 ipse
1017 5435 1094 5486 es,
1125 5419 1339 5475 aliunde
1360 5419 1697 5476 illuminaris.
1725 5418 1962 5476 Accedite
1988 5420 2057 5476 att

471 5521 605 5575 eum,
631 5518 677 5563 et
699 5509 1056 5566 illuminamini
1084 5510 1257 5581 (Psal.
1284 5527 1471 5581 xxxm,
1500 5511 1578 5585 6).

542 5599 771 5657 CAPUT
809 5600 919 5658 vn.
947 5632 1018 5644 —
1056 5604 1108 5659 7.
1146 5601 1223 5658 De
1263 5604 1438 5659 eodem
1465 5603 1682 5660 ιοαυιεο
1711 5601 1823 5659 loco
1844 5603 2057 5675 qmtio

534 5710 653 5786 fit.
676 5714 821 5786 Lugd.
859 5720 981 5786 Ven.
996 5730 1018 5786 :_
1033 5715 1284 5777 Erubesce,
1308 5713 1375 5768 da
1406 5715 1632 5773 honorem
1651 5725 1769 5786 Deo.
1793 5714 1954 5774 item
1973 5719 2059 5775 tibi

464 5783 845 5839 summa».
868 5778 1361 5844 Erathmtenoemn,
1390 5788 1486 5833 etc.
1509 5788 1565 5843 st.

1682 329 1738 387 S.
1777 324 2143 386 AUGUSTI!“
2183 320 2484 384 EPISCOPI

2134 436 2241 496 alia
2264 439 2499 508 diﬁ'ertur
2518 442 2572 497 in
2598 440 2965 517 subsequentem
2991 461 3287 505 sermonem.
3314 444 3441 507 Scio
3458 493 3475 519 ,
3505 450 3718 513 charis-

2134 537 2276 602 simi,
2309 536 2376 594 de
2402 538 2502 594 ista
2526 536 2752 596 lectione
2775 541 2946 598 sancti
2965 536 3185 599 Joannis
3210 543 3264 599 in
3285 558 3345 601 re
3366 560 3468 602 una
3490 549 3718 607 multum

2134 646 2222 686 me
2248 630 2413 687 fuisse
2442 632 2778 690 immoratum
2795 678 2810 703 ,
2855 649 2954 692 nec
2983 649 3077 693 vos
3102 651 3221 693 esse
3248 637 3545 712 fatigandos
3579 642 3722 699 ultra

2135 722 2312 789 video,
2347 722 2430 779 vel
2458 722 2593 779 ultra
2618 726 2964 795 capacitatem
2994 727 3312 798 replendos;
3344 737 3399 786 et
3426 740 3608 787 nostra
3636 732 3724 787 in-

2132 815 2358 872 ﬁrmitas
2382 818 2659 890 cogitanda
2683 825 2784 875 est.
2812 819 2945 879 Nam
2973 820 3089 877 Ι]ωο
3110 821 3272 877 verba
3296 823 3466 879 sancti
3493 823 3720 881 Joannis

2136 908 2333 965 habent
2359 910 2533 967 adhuc
2568 926 2785 982 magnas
2819 912 3050 969 latebras
3076 929 3219 971 suas.
3248 913 3465 971 interim
3504 931 3600 972 eos
3629 914 3724 987 qui

2135 1013 2329 1075 negant
2354 1003 2623 1068 Christum
2661 1005 2714 1061 in
2743 1021 2903 1062 carne
2926 1006 3166 1073 venisse,
3197 1007 3461 1081 repellite.
3493 1007 3724 1065 Constat

2138 1099 2280 1155 enim
2308 1112 2401 1155 eos
2438 1114 2545 1154 non
2590 1114 2708 1156 esse
2749 1115 2815 1156 ex
2858 1098 2990 1156 Deo.
3021 1099 3081 1157 ln
3124 1108 3381 1172 quantum
3424 1112 3638 1169 errant,
3667 1103 3724 1157 in

2137 1200 2394 1264 quantum
2419 1202 2658 1265 peccant,
2688 1194 2741 1248 in
2768 1201 3022 1264 quantum
3045 1191 3433 1265 blasphemant,
3466 1210 3572 1249 non
3596 1200 3728 1251 sunt

2137 1299 2203 1340 ex
2229 1284 2378 1340 Deo:
2408 1293 2680 1352 sanentur,
2718 1291 2772 1340 et
2808 1299 2875 1341 ex
2916 1282 3030 1339 Deo
3070 1292 3259 1351 erunt;
3291 1285 3414 1355 quia
3450 1294 3504 1342 et
3532 1288 3727 1341 natura

2140 1393 2205 1434 ex
2237 1377 2350 1433 Deo
2377 1386 2548 1434 erant.
2589 1377 2724 1433 Hinc
2767 1386 3253 1450 quantumcumque
3295 1377 3593 1449 disputavi,
3637 1386 3727 1433 at-

2141 1468 2341 1525 tendite
2392 1468 2715 1540 Scripturas.
2768 1469 2943 1525 Nolite
2991 1470 3211 1526 credere
3257 1468 3337 1525 eis
3387 1471 3477 1542 qui
3529 1479 3729 1541 negant

2140 1560 2407 1621 Christum
2455 1563 2510 1620 in
2553 1578 2711 1620 carne
2759 1562 2992 1619 venisse.
3036 1561 3144 1619 Sed
3192 1568 3338 1618 certe
3380 1561 3620 1618 dicturus
3664 1576 3728 1618 es

2142 1654 2272 1711 mihi
2302 1674 2315 1710 :
2346 1654 2484 1727 Ergo
2525 1655 2615 1726 qui
2640 1652 2770 1709 dicit
2804 1653 3077 1710 Christum
3112 1653 3167 1708 in
3195 1667 3356 1709 carne
3380 1652 3625 1720 venisse,
3657 1668 3728 1708 ex

2143 1746 2254 1803 Deo
2275 1747 2393 1803 est?
2418 1746 2710 1802 Audiamus
2735 1746 3057 1813 Donatistas,
3084 1732 3207 1817 quia
3226 1743 3550 1802 conﬁtentur
3572 1744 3731 1799 Chrip

2147 1850 2291 1898 stum
2320 1840 2372 1896 in
2397 1855 2558 1896 carne
2588 1840 2831 1907 venisse;
2863 1839 3143 1895 audiamus
3170 1838 3417 1907 Arianos,
3443 1837 3568 1908 quia
3593 1852 3729 1892 con-

2145 1931 2361 1989 ﬁtentur
2383 1930 2653 1987 Christum
2680 1931 2733 1986 in
2766 1945 2925 1986 carne
2954 1930 3197 1996 venisse;
3238 1929 3515 1985 audiamus
3541 1928 3732 1983 Euno-

2146 2025 2371 2093 mianos,
2404 2022 2527 2095 quia
2566 2022 2886 2079 conﬁtentur
2911 2022 3179 2078 Christum
3215 2021 3269 2076 in
3295 2037 3457 2077 carne
3481 2021 3730 2088 venisse;

2146 2116 2423 2172 audiamus
2459 2114 2839 2181 Photinianos,
2870 2113 2993 2185 quia
3018 2112 3336 2168 conﬁtentur
3361 2111 3635 2168 Christum
3675 2111 3733 2167 in

2146 2222 2305 2264 carne
2329 2206 2558 2263 venisse.
2583 2205 2641 2262 Si
2666 2206 2806 2261 enim
2838 2218 3025 2260 omnes
3053 2204 3272 2275 spiritus
3293 2203 3382 2274 qui
3407 2204 3735 2260 conﬁtentur

2146 2296 2415 2355 Christum
2440 2298 2494 2353 in
2519 2313 2679 2354 carne
2702 2297 2932 2366 venisse,
2961 2312 3025 2355 ex
3053 2295 3163 2352 Deo
3193 2304 3334 2362 sunt,
3366 2311 3525 2369 quam
3550 2296 3735 2351 multas

2148 2398 2274 2446 sunt
2300 2388 2536 2445 haereses
2565 2388 2848 2445 mendaces
2866 2431 2883 2457 ,
2909 2386 3270 2458 deceptrices,
3298 2386 3529 2453 insanae,
3566 2385 3736 2442 conﬁ-

2149 2489 2330 2538 tentur
2357 2490 2531 2537 tamen
2559 2479 2830 2537 Christum
2875 2481 2928 2536 in
2966 2494 3127 2536 carne
3163 2479 3396 2535 venisse.
3441 2478 3578 2548 Quid
3607 2497 3737 2555 ergo

2150 2571 2342 2629 dicturi
2369 2574 2589 2629 sumus?
2617 2572 2895 2640 Quomodo
2922 2573 3076 2630 istam
3099 2573 3449 2644 quaestionem
3471 2574 3735 2639 soluturi?

2150 2664 2659 2736 Quomodocumque
2683 2664 2938 2721 solvenda
2957 2665 3043 2733 sit,
3069 2665 3224 2721 hodie
3241 2665 3376 2722 solvi
3403 2681 3510 2723 non
3536 2647 3735 2738 potest.

2152 2755 2354 2812 Tenete
2374 2772 2460 2813 me
2480 2755 2776 2813 debitorem
2800 2775 2814 2810 :
2846 2757 2939 2813 sed
2962 2758 3128 2815 Deum
3151 2773 3250 2830 pro
3274 2774 3361 2815 me
3383 2767 3439 2817 et
3462 2775 3561 2831 pro
3584 2756 3740 2818 vobis

2153 2854 2307 2906 orate
2329 2849 2649 2921 adjutorem.
2675 2846 2932 2905 Conversi
2956 2849 3024 2906 ad
3052 2849 3356 2920 Dominum,
3389 2858 3497 2908 etc.

2574 2985 2807 3043 suum
2841 2985 3149 3043 CLXXXIII
3172 2990 3193 3013 ·
3210 2988 3312 3061 (α).

2160 3101 2383 3160 Rursum
2403 3101 2466 3158 de
2488 3101 2647 3158 verbis
2667 3098 2916 3173 Episton
2934 3099 2955 3157 l
2974 3101 3210 3167 Joannis,
3234 3119 3349 3174 cap.
3375 3116 3451 3169 tv,
3472 3103 3527 3171 2,
3549 3103 3741 3161 Omnis

2229 3194 2447 3267 spiritus
2474 3195 2564 3266 qui
2592 3195 2878 3252 conﬁtetur
2897 3195 3080 3252 Jesum
3105 3195 3376 3254 Christum
3396 3198 3450 3254 in
3470 3214 3627 3256 carne
3648 3214 3745 3258 ve-

2230 3287 2395 3353 nisse,
2422 3302 2490 3342 ex
2514 3287 2626 3342 Deo
2648 3295 2731 3342 est
2754 3284 2851 3360 (b).

2231 3390 2456 3458 CAPUT
2494 3398 2780 3457 PRIMUM.
2807 3430 2879 3443 —
2903 3399 2950 3456 ι.
2978 3400 3202 3469 ραωειὶο
3227 3403 3509 3458 tractanda.
3538 3402 3745 3461 Vestra

2161 3492 2449 3552 Charitatis
2486 3491 2835 3562 exspectatio,
2883 3490 2989 3547 mei
3036 3490 3198 3547 debiti
3236 3492 3442 3548 exactio
3484 3502 3584 3550 est.
3625 3494 3746 3553 Non

2159 3590 2345 3648 dubito
2378 3588 2685 3645 meminisse
2721 3602 2846 3657 vos,
2876 3587 3003 3660 quid
3043 3589 3097 3643 in
3134 3587 3397 3658 adjutorio
3422 3589 3628 3645 Domini
3672 3588 3746 3647 de

2162 3682 2333 3740 sancti
2359 3682 2581 3741 Joannis
2600 3680 2824 3738 lectione
2844 3681 3199 3752 promiserim.
3221 3680 3355 3737 Cum
3375 3697 3501 3754 ergo
3518 3682 3748 3739 audistis

2160 3775 2439 3833 Lcctorem
2464 3814 2481 3843 ,
2504 3772 2668 3855 credo
2691 3788 2788 3830 vos
2810 3773 3071 3845 cogitasse
3096 3788 3182 3828 me
3204 3772 3401 3830 debere
3429 3790 3548 3831 esse
3575 3775 3748 3832 debiti

2161 3869 2507 3925 redditorem.
2540 3867 2781 3938 Magnam
2820 3866 3017 3937 quippe
3040 3867 3389 3937 quaestionem
3415 3881 3660 3924 sermone
3688 3868 3747 3924 in

2162 3961 2378 4033 longum
2410 3959 2730 4032 procedente
2754 3955 3059 4014 distulimus
3074 3998 3091 4025 ,
3114 3958 3383 4028 quomodo
3406 3968 3554 4015 recte
3574 3959 3747 4030 possit

2163 4048 2387 4124 intelligi
2412 4050 2551 4123 quod
2579 4050 2653 4106 ait
2678 4050 2731 4105 in
2758 4047 2996 4120 Epistola
3024 4061 3120 4103 sua
3147 4047 3336 4105 beatus
3353 4048 3606 4117 Joannes,
3632 4063 3747 4105 non

2161 4143 2418 4215 Baptista,
2446 4140 2541 4198 sed
2569 4138 2904 4212 Evangelista
2930 4158 2944 4196 :
2975 4136 3156 4195 Omnis
3182 4139 3390 4210 spiritus
3416 4141 3499 4211 qui
3528 4140 3746 4209 conlita.

2163 4247 2245 4293 tur
2268 4236 2448 4291 Iesum
2471 4233 2727 4291 Christum
2746 4233 2798 4288 in
2821 4248 2973 4289 carne
3000 4233 3210 4301 uenisse,
3241 4249 3305 4288 ea:
3329 4230 3436 4288 Deo
3461 4241 3551 4288 est.
3583 4231 3750 4290 Vide-

2162 4343 2283 4385 mus
2305 4327 2446 4384 enim
2477 4326 2666 4382 multas
2691 4325 2926 4382 hmreses
2949 4324 3192 4380 conﬁteri
3216 4323 3485 4380 Christum
3508 4324 3563 4379 in
3583 4338 3749 4381 carne

2161 4418 2374 4483 venisse
2395 4461 2411 4487 ,
2457 4426 2511 4473 et
2540 4425 2716 4473 tamen
2759 4431 2866 4472 non
2906 4430 2997 4472 eas
3023 4429 3306 4486 possumus
3333 4415 3512 4473 dicere
3539 4430 3604 4472 ex
3634 4416 3750 4472 Deo

2161 4527 2301 4569 esse.
2346 4511 2514 4581 Negat
2539 4508 2809 4565 Christum
2848 4507 2902 4564 in
2947 4523 3108 4565 carne
3148 4507 3358 4563 venisse
3401 4507 3746 4569 Manichaeus.

2160 4605 2278 4662 Non
2305 4612 2389 4660 est
2408 4601 2776 4670 laborandum,
2802 4617 2977 4673 neque
2995 4601 3145 4657 vobis
3168 4601 3368 4657 diutius
3392 4600 3746 4668 suadendum,

2162 4696 2304 4771 quod
2334 4697 2433 4753 iste
2473 4711 2623 4754 error
2650 4710 2754 4751 non
2786 4695 2854 4750 sit
2882 4710 2949 4751 ex
2976 4697 3107 4750 Deo.
3134 4692 3241 4751 Sed
3267 4694 3492 4750 Arianns
3518 4695 3747 4771 cgnﬁte-

2164 4800 2253 4846 tur
2280 4789 2550 4846 Christum
2589 4787 2643 4843 in
2670 4801 2830 4842 carne
2864 4787 3108 4851 venisse,
3138 4786 3534 4853 Eunomianus,
3552 4762 3750 4843 ἒπει-

2166 4883 2359 4950 lianus,
2381 4880 2749 4937 Photinianus.
2771 4877 2907 4955 Quid
2930 4877 3044 4932 istis
3063 4876 3440 4932 convincendis
3458 4878 3747 4947 quaerimus

2165 4971 2362 5031 testes?
2403 4971 2532 5043 Quis
2576 4978 2653 5026 tot
2697 4976 2943 5024 numerat
2986 4966 3202 5039 pestes?
3229 4966 3333 5022 Sed
3374 4967 3585 5022 interim
3630 4983 3746 5037 qua:
3788 4988 3791 4989 ν

2160 5075 2289 5124 sunt
2325 5066 2532 5121 notiora
2562 5071 2869 5119 tractemus.
2911 5061 3088 5117 Multis
3122 5062 3318 5134 quippe
3345 5060 3576 5116 haereses
3606 5060 3740 5127 illm,

2173 5172 2305 5229 quas
2328 5155 2630 5221 nominavi,
2672 5154 2864 5225 ignotae
2907 5160 3062 5220 sunt,
3105 5161 3159 5208 et
3198 5160 3281 5208 est
3320 5151 3420 5207 ista
3452 5150 3739 5222 ignorantia

2164 5249 2346 5305 tutior.
2401 5248 2557 5303 Certe
2604 5244 2748 5317 quod
2798 5244 3084 5312 novimus,
3142 5244 3420 5300 Donatista
3463 5240 3745 5298 conﬁtetur

2163 5337 2433 5398 Christum
2462 5338 2518 5393 in
2544 5352 2703 5395 carne
2732 5336 2943 5393 venisse
2972 5353 2985 5393 :
3026 5343 3081 5393 et
3106 5344 3284 5391 tamen
3310 5335 3450 5391 absit
3475 5342 3533 5389 ἰι
3557 5333 3628 5390 sit
3664 5332 3755 5388 hic

2164 5448 2317 5492 error
2348 5448 2412 5490 ex
2453 5433 2585 5489 Deo.
2625 5430 2696 5490 Ut
2731 5430 2801 5488 de
2824 5429 3212 5488 recentioribus
3239 5428 3507 5486 haereticis
3530 5428 3753 5498 loquar,

2223 5591 2468 5642 'COIIatus
2502 5589 2562 5640 ad
2605 5599 2777 5639 omnes
2804 5584 3127 5638 MsS.F11d.in
3172 5594 3404 5635 sermone
3447 5578 3747 5648 precedent:

2162 5656 2307 5710 modo
2327 5655 2624 5716 designatos.

2226 5718 2299 5843 Ea;
2323 5710 2464 5789 Alias:
2484 5715 2549 5763 de
2565 5713 2736 5763 verbis
2754 5710 2963 5774 Apostoli
2983 5711 3062 5760 3t.

2250 5779 2278 5830 b
2312 5786 2432 5832 cum
2452 5775 2691 5831 vlorusad
2714 5783 2841 5828 nom.
2865 5788 2965 5837 νιιι.
2985 5780 3037 5826 οι
3056 5771 3119 5827 ad
3136 5767 3335 5834 Prlllpp.
3350 5783 3402 5821 ιι.
