4108 6336
395 422 498 482 98b

398 536 750 611 Pelagianista
772 530 1054 591 conﬁtetur
1075 530 1340 589 Christum
1364 530 1420 587 in
1441 543 1602 587 carne
1626 527 1835 585 venisse
1859 543 1871 581 :
1900 532 1979 580 ta-

397 646 519 687 men
548 628 765 683 omnino
794 642 902 681 non
934 633 1017 681 est
1044 623 1128 678 hic
1150 639 1301 680 error
1322 638 1387 679 ex
1418 622 1548 678 Deo.

467 719 691 778 CAPUT
731 718 796 775 Il.
818 748 890 759 —-
912 719 967 772 2.
1001 716 1241 772 [heretici
1274 716 1326 771 in
1351 715 1443 770 hoc
1471 716 1787 781 conveniunt,
1824 722 1877 767 ut
1900 729 1980 767 ne-

395 824 512 890 gent
535 814 790 869 Christum
829 812 883 865 in
918 826 1068 864 carne
1110 810 1316 864 venisse.
1357 807 1607 875 Proinde,
1652 805 1977 875 charissimi,

394 908 678 979 diligenter
704 903 1122 970 consideremus,
1153 902 1402 972 quoniam
1426 915 1529 956 non
1558 900 1861 956 dubitamus
1888 915 1980 955 ve-

393 1016 507 1056 ram
545 1012 663 1053 esse
687 996 1025 1062 sententiam,
1057 994 1232 1050 Omnis
1268 995 1474 1065 spiritus
1495 995 1581 1065 qui
1596 995 1860 1063 conﬁtetur
1899 992 1982 1049 Je-

394 1110 508 1147 sum
529 1092 781 1148 Christum
800 1092 853 1146 in
876 1107 1027 1145 carne
1048 1090 1257 1166 venisse,
1282 1106 1343 1144 ea:
1368 1088 1475 1143 Deo
1496 1096 1567 1144 est
1590 1104 1609 1143 :
1634 1087 1981 1144 convincendi

393 1192 520 1239 sunt
562 1183 648 1237 isti
687 1179 831 1252 quod
874 1196 980 1236 non
1026 1181 1376 1236 conﬁteantur
1426 1180 1695 1235 Christum
1736 1181 1788 1234 in
1822 1194 1983 1236 carne

320 1343 330 1351 _
395 1276 625 1333 venisse.
668 1274 801 1329 Nam
842 1274 990 1330 sicis
1030 1273 1186 1329 istam
1231 1272 1653 1328 concesserimus
1694 1273 1984 1329 confessio-

394 1382 537 1433 nem,
585 1381 655 1423 ex
682 1367 793 1421 Deo
831 1364 951 1421 illos
979 1380 1097 1420 esse
1126 1362 1427 1419 fatebimur.
1457 1363 1737 1433 Quomodo
1780 1378 1875 1419 vos
1916 1364 1983 1419 ab

393 1474 580 1514 eorum
632 1457 901 1514 erroribus
953 1458 1036 1513 vel
1083 1456 1448 1527 prohibemus,
1502 1456 1582 1511 vel
1622 1455 1977 1524 deterremus,

396 1552 480 1606 vel
508 1550 763 1606 adversus
802 1564 897 1605 eos
936 1557 1086 1605 scuto
1116 1548 1351 1604 veritatis
1400 1547 1732 1603 defendimus
1759 1547 1782 1601 ?
1810 1547 1982 1618 Adju-

396 1653 485 1698 vet
530 1658 629 1697 nos
681 1642 955 1708 Dominus,
1008 1642 1130 1712 quia
1179 1650 1233 1697 et
1280 1650 1456 1697 vestra
1506 1643 1833 1711 exspectatio
1886 1656 1984 1711 pro

396 1737 552 1791 nobis
597 1736 767 1791 oratio
809 1744 909 1800 est,
939 1742 997 1790 ut
1034 1734 1416 1791 convincuntur
1442 1735 1529 1790 isti
1558 1739 1679 1807 quia
1706 1750 1813 1790 non
1856 1750 1984 1792 eon-

396 1828 615 1884 ﬁtentur
638 1826 908 1884 Christum
936 1827 992 1882 in
1016 1842 1176 1884 carne
1201 1828 1432 1884 venisse.

468 1921 522 1976 3.
554 1921 796 1988 Arianus,
837 1920 1088 1990 quomodo
1128 1930 1277 1992 negat
1320 1920 1577 1974 Christum
1617 1918 1669 1973 in
1705 1936 1858 1975 carne
1900 1937 1986 1976 ue-

395 2013 549 2067 nisse.
602 2012 830 2067 Arianus
882 2011 1047 2076 audit,
1097 2019 1149 2066 et
1203 2010 1455 2081 praedicat
1506 2019 1713 2081 partum
1764 2011 1985 2082 virginis

396 2103 597 2159 Mariae.
630 2103 921 2160 Conﬁtetur
970 2117 1097 2173 ergo
1120 2101 1389 2158 Christum
1421 2103 1475 2157 in
1517 2117 1679 2158 carne
1718 2103 1931 2159 venisse
1958 2104 1982 2156 ?

396 2192 534 2252 Non.
567 2193 846 2263 Quomodo
893 2195 1180 2265 probamus
1209 2194 1233 2246 ?
1265 2194 1318 2250 Si
1363 2194 1576 2265 adjuvet
1619 2195 1874 2251 Dominus
1905 2197 1988 2250 in-

399 2286 719 2358 telligentias
765 2294 990 2353 vestras,
1041 2285 1312 2341 facillime.
1358 2287 1493 2353 Quid
1524 2296 1607 2342 est
1652 2288 1793 2358 quod
1819 2289 1987 2358 exigi-

397 2378 565 2435 mus?
592 2378 782 2436 Utrum
823 2380 1138 2434 conﬁteatur
1179 2378 1361 2434 Jesum
1406 2378 1677 2434 Christum
1724 2380 1777 2434 in
1821 2395 1986 2437 carne

396 2472 627 2528 venisse.
659 2471 937 2541 Quomodo
966 2472 1205 2527 conﬁteri
1250 2480 1444 2541 potest,
1490 2472 1545 2527 in
1581 2487 1743 2528 carne
1771 2474 1983 2529 venisse

396 2564 578 2622 Jesum
606 2562 891 2629 Christum,
940 2564 1030 2634 qui
1070 2573 1226 2633 negat
1273 2564 1447 2634 ipsum
1489 2563 1809 2620 Christum?
1854 2566 1983 2634 Quis

394 2655 538 2711 enim
584 2664 665 2710 est
708 2654 1003 2711 Christus?
1043 2656 1260 2710 Beatum
1309 2656 1523 2711 Petrum
1573 2657 1982 2728 interrogemus.

395 2745 551 2801 Modo
576 2761 695 2802 cum
736 2744 1079 2817 Evangelium
1104 2747 1387 2818 legeretur,
1415 2747 1660 2815 audistis,
1692 2764 1812 2805 cum
1834 2766 1984 2820 qua:-

393 2839 555 2895 sisset
582 2839 836 2894 Dominus
864 2839 978 2910 ipse
1005 2838 1161 2895 Jesus
1186 2839 1448 2906 Christus,
1477 2855 1638 2910 quem
1669 2841 1816 2896 illum
1836 2841 1986 2897 dice-

396 2939 519 2986 rent
565 2928 808 2986 homines
848 2930 1038 2986 Filium
1069 2930 1300 2986 hominis
1333 2948 1347 2996 ;
1379 2931 1770 3001 responderunt
1815 2932 1979 2987 disci-

396 3022 506 3092 puli
543 3022 821 3091 opiniones
871 3023 1095 3090 alienas,
1149 3031 1204 3078 et
1248 3022 1538 3078 dixerunt:
1581 3024 1685 3077 Alii
1734 3023 1986 3079 Joannem

394 3112 678 3186 Baptistam
702 3156 716 3182 ,
759 3115 850 3169 alii
898 3115 1104 3184 Eliam,
1155 3115 1246 3169 alii
1285 3114 1583 3183 Jeremiam,
1621 3124 1709 3170 aut
1738 3133 1896 3171 unum
1924 3134 1987 3175 ex

396 3206 689 3278 Prophetis.
735 3207 835 3277 Qui
885 3206 999 3263 haec
1043 3207 1430 3265 conﬁtebantur
1475 3208 1558 3264 vel
1618 3208 1983 3279 conﬁtentur,

394 3299 578 3358 Jesum
605 3300 870 3357 Christum
913 3302 1035 3372 plus
1060 3316 1219 3371 quam
1248 3301 1519 3358 hominem
1561 3317 1669 3357 non
1694 3312 1982 3359 noverunt.

395 3390 452 3448 Si
471 3401 647 3448 autem
682 3392 863 3448 Jesum
908 3392 1179 3448 Christum
1210 3393 1328 3463 plus
1351 3408 1510 3464 quam
1559 3392 1831 3450 hominem
1876 3411 1984 3451 non

394 3496 679 3553 noverunt,
719 3484 902 3542 Jesum
942 3484 1211 3541 Christum
1250 3487 1429 3554 utique
1472 3500 1580 3540 non
1615 3494 1898 3543 noverunt.
1925 3486 1985 3543 Si

395 3582 540 3637 enim
571 3578 936 3634 tantummodo
966 3578 1125 3633 homo
1164 3587 1263 3643 est,
1297 3588 1350 3634 et
1400 3578 1531 3632 nihil
1578 3580 1828 3649 amplius,
1876 3596 1985 3637 non

398 3680 487 3729 est
515 3673 630 3741 ipse
670 3671 828 3727 Jesus
852 3670 1113 3726 Christus.
1168 3669 1268 3724 Vos
1310 3686 1447 3741 ergo,
1489 3670 1678 3741 inquit,
1722 3688 1867 3741 quem
1911 3688 1991 3727 me

393 3777 505 3817 esse
553 3762 720 3816 dicitis
754 3763 779 3816 2
815 3761 1112 3830 Respondit
1150 3760 1369 3825 Petrus,
1408 3775 1543 3815 unus
1594 3776 1691 3831 pro
1716 3762 1987 3833 omnibus,

396 3853 521 3925 quia
571 3854 746 3909 unitas
788 3853 842 3908 in
884 3852 1130 3908 omnibus
1162 3870 1175 3907 :
1205 3851 1285 3907 Tu
1322 3868 1374 3907 es
1420 3851 1650 3908 Christus
1690 3854 1860 3909 Filius
1895 3853 1992 3910 Dei

399 3949 495 4003 viui
524 3947 747 4020 (Matth.
786 3963 894 4014 xvn,
931 3945 1154 4017 15-16).

471 4036 696 4095 CAPUT
730 4037 816 4093 Ill.
849 4068 916 4078 ——
938 4038 990 4092 4.
1022 4034 1169 4092 Idem
1187 4045 1429 4091 tractatur
1452 4048 1823 4109 argumentum.
1845 4039 1986 4096 Ecce

403 4130 569 4186 habes
611 4129 999 4185 confessionem
1042 4144 1242 4193 veram,
1304 4128 1694 4185 confessionem
1749 4131 1981 4201 plenam.

400 4221 633 4292 Iungere
655 4222 796 4276 enim
824 4220 987 4278 debes
1009 4229 1308 4291 utrumque,
1329 4221 1468 4291 quod
1489 4221 1556 4276 de
1575 4237 1634 4277 se
1657 4222 1922 4291 Christus,
1939 4232 1995 4280 et

402 4314 546 4387 quod
576 4315 642 4370 de
666 4314 882 4370 Christo
911 4315 1121 4369 Petrus.
1152 4314 1286 4381 Quid
1314 4314 1381 4369 de
1406 4330 1463 4369 se
1501 4313 1787 4371 Christus?
1829 4317 1992 4384 Quem

402 4423 482 4461 me
502 4405 674 4461 dicunt
690 4408 915 4462 homines
933 4423 1037 4461 esse
1054 4406 1247 4461 Filium
1268 4406 1520 4461 hominis?
1538 4407 1673 4475 Quid
1694 4407 1760 4463 de
1775 4408 1989 4465 Christo

402 4493 645 4553 Petrus?
696 4496 772 4549 Tu
804 4513 855 4550 es
900 4494 1126 4551 Christus
1185 4495 1349 4552 Filius
1400 4494 1497 4551 Dei
1546 4497 1660 4551 vivi.
1698 4497 1994 4570 Utrumque

401 4586 684 4658 conjunge,
705 4598 757 4642 et
771 4588 914 4641 venit
933 4586 1176 4643 Christus
1200 4588 1252 4642 in
1269 4604 1447 4643 carne.
1467 4589 1580 4644 Hoc
1593 4589 1658 4644 de
1680 4605 1737 4645 se
1753 4590 1993 4647 Christus
2012 4586 2021 4597 ³

402 4680 544 4749 quod
572 4680 748 4735 minus
787 4688 890 4746 est,
932 4678 1116 4736 hocde
1143 4681 1355 4737 Christo
1399 4682 1587 4738 Petrus
1622 4684 1765 4754 quod
1821 4686 1994 4755 majus

402 4780 502 4827 est.
534 4772 828 4842 Respondit
868 4772 936 4828 de
962 4775 1179 4830 veritate
1207 4775 1493 4842 humilitas,
1520 4786 1573 4832 et
1594 4777 1661 4833 de
1694 4778 1993 4836 humilitate

401 4863 600 4919 veritas
629 4863 759 4919 :hoc
776 4872 857 4919 est
873 4864 939 4919 de
970 4866 1191 4920 veritate
1212 4865 1309 4921 Dei
1328 4867 1620 4935 humilitas,
1640 4878 1692 4925 et
1708 4869 1774 4925 de
1788 4871 1995 4926 humili-

404 4960 513 5009 tate
530 4955 760 5010 hominis
787 4957 1001 5010 veritas.
1022 4956 1182 5023 Quem
1208 4974 1286 5011 me
1305 4958 1476 5012 dicunt
1504 4960 1728 5015 homines
1758 4978 1882 5028 esse,
1908 4963 1989 5017 in-

403 5045 538 5116 quit,
564 5045 755 5101 Filium
772 5047 988 5102 hominis
1010 5049 1034 5102 7
1053 5049 1177 5103 Dico
1194 5065 1290 5119 ego
1305 5050 1445 5120 quod
1460 5050 1629 5107 factus
1643 5068 1757 5107 sum
1782 5065 1997 5125 propter

342 5117 355 5148 ³
402 5152 500 5193 vos
516 5156 529 5192 :
544 5138 628 5193 die
639 5146 696 5193 tu
711 5181 725 5205 ,
750 5138 927 5206 Petre,
951 5140 1068 5209 quis
1085 5148 1167 5196 est
1182 5117 1270 5211 qui
1291 5117 1545 5199 fecitvos.
1566 5144 1667 5211 Qui
1682 5117 1808 5217 ergo
1827 5117 1993 5203 centi-

402 5235 548 5285 tetur
562 5227 745 5284 Jesum
772 5228 1043 5285 Christum
1064 5231 1119 5286 in
1136 5246 1297 5288 carne
1316 5234 1548 5304 venisse,
1570 5235 1807 5307 profecto
1824 5239 1994 5294 eonﬁ-

402 5325 545 5375 tetur
563 5318 752 5375 Filium
776 5316 869 5376 Dei
891 5320 943 5375 in
965 5336 1126 5378 carne
1148 5324 1379 5380 venisse.
1408 5326 1558 5382 Dicat
1586 5343 1725 5383 nunc
1742 5329 1993 5399 Arianus,

404 5420 583 5467 utrum
624 5414 943 5469 conﬁteatur
967 5415 1239 5472 Christum
1284 5418 1338 5473 in
1378 5434 1540 5477 carne
1564 5423 1793 5479 venisse.
1819 5424 1876 5481 Si
1904 5424 1991 5481 Fi-

402 5498 537 5559 lium
581 5502 677 5559 Dei
706 5505 986 5561 conﬁtetur
1024 5506 1077 5562 in
1114 5523 1275 5565 carne
1304 5511 1531 5579 venisse,
1574 5512 1841 5571 Christum
1864 5533 1995 5573 con-

402 5593 583 5651 ﬁtetur
601 5598 656 5651 in
675 5611 836 5653 carne
862 5598 1091 5656 venisse.
1119 5600 1173 5657 Si
1200 5600 1392 5658 Filium
1419 5604 1510 5659 Dei
1530 5606 1993 5680 negatChristum,

404 5689 579 5745 nescit
627 5689 894 5748 Christum
946 5712 961 5748 :
1008 5694 1171 5750 alium
1219 5711 1315 5767 pro
1358 5698 1463 5754 alio
1490 5697 1633 5766 dicit,
1672 5717 1778 5757 non
1819 5704 1995 5774 ipsum

405 5779 553 5836 dicit.
579 5782 718 5850 Quid
749 5791 833 5839 est
867 5784 1009 5842 enim
1039 5785 1206 5843 Filius
1238 5789 1330 5844 Dei
1358 5790 1383 5844 ?
1425 5791 1704 5860 Quomodo
1724 5795 1997 5866 qumreba-

408 5886 549 5943 mus,
590 5876 717 5950 quid
758 5887 841 5936 est
876 5878 1118 5938 Christus
1166 5899 1180 5950 ;
1223 5889 1277 5939 et
1317 5883 1682 5959 audiebamus,
1726 5888 1869 5960 quod
1922 5890 1992 5951 sit

1734 399 1962 462 SERMO
1996 397 2322 460 CLXXXIII.

3558 408 3665 472 990

2084 523 2247 579 Filius
2291 524 2383 581 Dei
2433 543 2447 580 :
2496 541 2829 597 qureramus,
2875 527 3000 600 quid
3027 534 3109 586 est
3147 528 3315 586 Filius
3357 529 3473 587 Dei.
3526 531 3667 590 Ecce

2084 619 2249 675 Filius
2279 620 2369 676 Dei
2403 638 2417 676 :
2444 618 2511 675 In
2541 622 2787 694 principio
2815 633 2922 678 erat
2970 621 3205 688 Verbum,
3233 634 3278 679 et
3321 624 3539 679 Verbum
3560 635 3668 682 erat

2085 712 2222 781 apud
2250 711 2445 780 Deum,
2488 723 2535 767 et
2562 714 2690 768 Deus
2725 724 2829 769 erat
2875 714 3089 770 Verbum
3120 734 3138 782 ;
3174 717 3266 771 hoc
3309 726 3414 771 erat
3440 719 3493 772 in
3525 720 3669 789 prin-

2084 804 2215 875 cipio
2232 806 2368 875 apud
2390 804 2575 859 Deum.
2610 806 2676 860 In
2698 809 2944 879 principio
2962 818 3068 863 erat
3088 807 3321 864 Verbum.
3350 810 3487 879 Quid
3515 810 3667 877 dicis,

2086 897 2326 953 Ariane?
2356 896 2419 951 In
2451 899 2718 969 principio,
2763 900 2901 954 sicut
2939 900 3068 956 dicit
3096 899 3339 968 Genesis,
3371 902 3488 970 fecit
3531 901 3671 958 Deus

2085 992 2265 1047 cwlum
2315 1001 2360 1047 et
2420 1002 2603 1046 terram
2639 990 2802 1061 (Gen.
2848 1010 2887 1060 1,
2938 992 2989 1066 I)
3027 1009 3042 1059 ;
3088 1001 3143 1048 tu
3179 1002 3361 1050 autem
3405 994 3558 1063 dicis,
3609 993 3669 1050 In

2086 1084 2344 1156 principio
2376 1085 2497 1140 fecit
2518 1086 2657 1140 Deus
2684 1085 2937 1141 Verbum.
2968 1086 3186 1143 Factum
3212 1088 3353 1143 enim
3379 1088 3514 1144 dicis
3537 1088 3672 1145 Ver-

2087 1175 2252 1245 bum,
2284 1186 2579 1233 creaturam
2627 1177 2757 1232 dicis
2802 1176 3054 1233 Verbum.
3102 1178 3183 1233 Tu
3219 1194 3344 1249 ergo
3392 1178 3559 1246 dicis,
3614 1179 3671 1234 In

2087 1271 2348 1344 principio
2383 1268 2506 1325 fecit
2532 1272 2674 1327 Deus
2700 1269 2932 1326 Verbum
2972 1288 2984 1324 :
3027 1271 3120 1326 sed
3151 1271 3485 1343 Evangelism
3519 1271 3670 1341 dicit,

2090 1363 2157 1419 In
2206 1365 2453 1436 principio
2483 1375 2590 1419 erat
2623 1363 2859 1419 Verbum.
2892 1364 2955 1418 Et
2986 1364 3106 1419 ideo
3148 1365 3200 1419 in
3241 1365 3500 1436 principio
3548 1365 3676 1422 fecit

2091 1456 2234 1512 Deus
2289 1456 2481 1512 caelum
2520 1467 2573 1511 et
2616 1466 2844 1520 terram,
2890 1455 3010 1525 quia
3045 1463 3161 1509 erat
3189 1454 3442 1510 Verbum.
3488 1455 3677 1510 Omnia

2091 1567 2180 1621 per
2208 1551 2374 1621 ipsum
2404 1554 2540 1622 facta
2577 1559 2691 1604 sum
2741 1549 2916 1621 (Joan.
2946 1565 2992 1616 1,
3024 1545 3160 1618 1-5).
3193 1546 3412 1613 Factum
3439 1548 3592 1606 dicis.
3613 1548 3673 1607 Si

2090 1642 2286 1699 factum
2314 1643 2446 1698 dicis
2469 1684 2485 1710 ,
2506 1643 2696 1697 Filimn
2726 1658 2909 1713 negas.

2162 1733 2386 1789 CAPUT
2426 1733 2673 1789 IV.-—5.
2717 1733 2862 1788 Idem
2904 1741 3146 1787 tractatur
3187 1742 3555 1805 argumentum.
3583 1732 3677 1790 Fi-

2093 1829 2226 1885 lium
2277 1828 2420 1884 enim
2464 1827 2751 1898 quaerimus
2798 1834 3021 1893 natura,
3068 1840 3173 1881 non
3219 1826 3431 1895 gratia;
3484 1824 3680 1881 Filium

2093 1924 2344 1990 unicum,
2376 1921 2703 1991 unigenitum
2729 1961 2744 1987 ,
2775 1934 2879 1974 non
2922 1918 3248 1988 adoptatum.
3278 1917 3461 1973 Talem
3485 1917 3680 1975 Filium

2093 2013 2401 2087 quaerimus,
2430 2020 2536 2066 tam
2566 2025 2753 2067 verum
2792 2010 2983 2065 Filium
3013 2010 3320 2081 quaerimus,
3360 2010 3445 2080 qui
3481 2026 3595 2064 cum
3626 2010 3682 2066 in

2089 2108 2259 2179 [arma
2286 2105 2383 2161 Dei
2412 2113 2566 2172 esset,
2595 2102 2835 2173 Apostoli
2865 2101 3024 2157 verba
3069 2109 3223 2165 sunt,
3266 2109 3483 2171 propter
3521 2101 3682 2159 rudes

2093 2211 2477 2263 commemoro,
2529 2210 2596 2251 ne
2643 2210 2763 2251 mea
2792 2194 2953 2249 verba
2986 2200 3275 2264 putentur:
3304 2192 3451 2248 illum
3486 2192 3682 2251 Filium

2093 2292 2401 2363 quaerimus,
2446 2290 2530 2360 qui
2574 2304 2689 2342 cum
2732 2288 2786 2341 in
2825 2289 2990 2360 forma
3038 2284 3133 2339 Dei
3178 2293 3322 2354 esset,
3368 2285 3508 2341 sicut
3552 2284 3684 2342 dicit

2092 2383 2402 2454 Apostolus,
2456 2396 2557 2435 non
2606 2380 2841 2449 rapinam
2885 2378 3156 2432 arbitratus
3201 2385 3274 2432 est
3320 2393 3425 2432 esse
3469 2377 3682 2448 aequalis

2092 2475 2223 2529 Deo.
2270 2474 2387 2529 Non
2428 2470 2635 2543 rapina,
2667 2470 2786 2540 quia
2828 2476 3034 2531 natura.
3075 2467 3273 2523 Natura
3302 2476 3437 2536 erat,
3494 2467 3682 2540 rapina

2092 2582 2201 2622 non
2240 2573 2374 2621 erat.
2421 2563 2543 2618 Non
2584 2563 2817 2632 rapinam
2867 2561 3137 2615 arbitratus
3179 2568 3250 2615 est
3310 2576 3415 2615 esse
3470 2560 3683 2632 (equalis

2093 2657 2222 2711 Deo.
2270 2655 2388 2710 Non
2437 2662 2551 2710 erat
2596 2654 2645 2708 ei
2672 2652 2877 2723 rapina,
2910 2659 3097 2706 natura
3140 2658 3300 2706 erat:
3333 2650 3410 2706 sic
3453 2660 3567 2706 erat
3611 2667 3681 2710 ex

2092 2748 2425 2813 azternitate,
2476 2747 2553 2802 sic
2606 2752 2725 2802 erat
2768 2752 3065 2801 coaeternus
3118 2740 3522 2813 gignenti,sic
3568 2751 3686 2801 erat

2092 2839 2311 2909 aequalis
2355 2837 2520 2905 Patri,
2569 2835 2646 2891 sic
2688 2844 2821 2891 erat.
2866 2834 3205 2903 Semetipsum
3233 2833 3509 2887 exinanivit
3555 2849 3576 2889 .'
3620 2842 3685 2892 ut

2094 2932 2444 2997 conﬁteamur
2464 2930 2643 2987 Jesum
2662 2928 2929 2984 Christum
2966 2928 3018 2981 in
3047 2942 3208 2982 carne
3232 2926 3462 2983 venisse.
3484 2925 3686 2983 Semet-

2093 3024 2258 3094 ipsum
2297 3022 2590 3077 exinanivit.
2622 3018 2950 3089 Quomodo?
3004 3016 3309 3073 Amittendo
3352 3017 3494 3089 quod
3545 3027 3685 3089 erat,

2092 3135 2162 3176 an
2203 3119 2526 3175 assumenda
2566 3117 2706 3190 quod
2728 3134 2833 3174 non
2863 3119 3023 3173 erat?
3064 3116 3327 3187 Sequatur
3352 3115 3685 3186 Apostolus;

2093 3214 2371 3270 audiamus
2405 3232 2418 3270 :
2448 3208 2786 3285 Semetipsum
2814 3211 3109 3277 exinanivit,
3142 3210 3361 3279 formam
3389 3208 3517 3263 servi
3545 3207 3684 3262 acci-

2094 3296 2235 3376 piens
2258 3303 2530 3377 (Philipp.
2560 3320 2629 3371 ιι,
2664 3303 2717 3369 6,
2752 3302 2846 3375 7).
2879 3301 2967 3358 Sic
2997 3317 3056 3358 se
3086 3300 3379 3357 exinanivit
3401 3341 3416 3368 ,
3458 3298 3689 3357 formam

2095 3398 2240 3453 servi
2273 3396 2577 3467 accipiens,
2621 3410 2728 3450 non
2766 3396 2989 3449 formam
3042 3394 3138 3449 Dei
3178 3393 3449 3448 amittens.
3494 3391 3692 3447 Forma

2096 3490 2238 3545 servi
2268 3489 2511 3555 accessit,
2544 3503 2653 3543 non
2680 3488 2849 3543 forma
2879 3487 2973 3542 Dei
3012 3485 3277 3543 discessit.
3312 3484 3424 3539 Hoc
3453 3492 3537 3539 est
3560 3498 3690 3539 con-

2095 3564 2237 3637 ﬁteri
2284 3579 2555 3635 Christum
2588 3580 2640 3633 in
2667 3594 2828 3633 carne
2865 3578 3096 3634 venisse.
3125 3576 3355 3632 Arianus
3385 3582 3565 3631 autem
3597 3572 3692 3645 qui

2097 3690 2205 3731 non
2239 3674 2524 3731 conﬁtetur
2562 3673 2854 3744 aequalem,
2900 3686 3006 3727 non
3038 3672 3327 3726 conﬁtetur
3368 3668 3583 3724 Filium.
3632 3666 3692 3722 Si

2097 3782 2203 3822 non
2230 3766 2514 3823 conﬁtetur
2542 3764 2758 3830 Filium,
2790 3779 2898 3819 non
2926 3762 3212 3818 conﬁtetur
3246 3761 3535 3817 Christum.
3580 3757 3687 3827 Qui

2098 3875 2207 3916 non
2246 3860 2528 3916 conﬁtetur
2574 3858 2867 3925 Christum,
2910 3856 3177 3926 quomodo
3219 3854 3503 3912 conﬁtetur
3527 3851 3682 3911 Chri-

2098 3962 2241 4010 stum
2270 3954 2325 4009 in
2354 3968 2515 4009 carne
2540 3951 2752 4008 venisse
2777 3952 2800 4005 ?

2168 4046 2393 4102 CAPUT
2436 4044 2655 4100 V.—6.
2697 4041 3072 4097 Eunomianus.
3104 4039 3193 4097 Sic
3223 4048 3277 4095 et
3324 4039 3691 4095 Eunomianus

2098 4152 2196 4208 par
2220 4138 2359 4208 ejus,
2385 4136 2565 4192 socius
2592 4135 2739 4205 ejus,
2771 4148 2878 4188 non
2919 4133 3143 4188 multum
3182 4130 3445 4187 diversus.
3478 4130 3694 4186 Etenim

2100 4229 2351 4285 dicuntur
2391 4228 2573 4284 Ariani
2613 4226 2847 4283 confessi
2891 4224 3057 4289 fuisse
3096 4224 3219 4295 quia
3256 4223 3342 4279 vel
3383 4222 3572 4279 similis
3611 4228 3695 4278 est

2100 4322 2245 4378 Patri
2273 4321 2485 4387 Filius;
2527 4328 2581 4376 et
2608 4321 2655 4375 si
2682 4335 2789 4376 non
2815 4318 3034 4389 aequalis
3064 4317 3334 4384 dixerunt,
3356 4317 3454 4389 sed
3476 4316 3691 4382 similis,

2100 4416 2211 4481 llle,
2259 4430 2358 4471 nec
2395 4415 2605 4470 similis.
2658 4414 2723 4469 Et
2765 4414 2863 4468 iste
2915 4428 3042 4483 ergo
3091 4419 3249 4483 negat
3297 4410 3589 4467 Christum.
3636 4407 3695 4465 Si

2101 4507 2243 4562 enim
2288 4504 2533 4562 Christus
2574 4519 2736 4561 verus
2789 4504 2933 4561 Patri
2979 4504 3198 4575 aequalis
3248 4511 3331 4558 est
3371 4509 3428 4558 et
3469 4500 3689 4567 similis,

2100 4598 2341 4670 profecto
2384 4600 2474 4669 qui
2514 4606 2670 4668 negat
2717 4599 3002 4668 aequalem,
3052 4604 3211 4667 negat
3256 4595 3568 4658 Christum;
3600 4593 3693 4663 qui

2101 4698 2259 4760 negat
2284 4690 2530 4755 similem,
2556 4698 2713 4759 negat
2740 4686 3030 4744 Christum.
3059 4687 3161 4756 Qui
3183 4700 3312 4756 ergo
3334 4693 3489 4756 negat
3513 4698 3695 4753 aequa-

2100 4782 2205 4838 lem
2253 4792 2308 4837 et
2352 4782 2603 4847 similem,
2649 4791 2806 4852 negat
2846 4782 2899 4837 in
2944 4796 3106 4836 carne
3148 4778 3358 4835 venisse
3396 4776 3688 4831 Christum.

2100 4876 2295 4943 Quaero
2323 4875 2466 4931 enim
2496 4895 2509 4930 :
2540 4876 2699 4931 Venit
2745 4875 2797 4929 in
2837 4889 2998 4929 carne
3024 4872 3265 4927 Christus
3290 4870 3314 4923 ?
3343 4866 3690 4937 Respondet:

2102 4969 2281 5026 Venit.
2313 4969 2379 5024 Et
2418 4979 2665 5039 putamus
2690 4969 2815 5040 quia
2863 4967 3165 5022 conﬁtetur.
3217 4963 3491 5033 Interrogo
3521 4979 3535 5015 :
3564 4959 3695 5026 Quis

2101 5060 2343 5117 Christus
2370 5061 2514 5115 venit
2546 5060 2600 5115 in
2640 5075 2800 5116 carne
2823 5059 2847 5113 ?
2874 5057 3089 5129 {aqualis
3140 5054 3316 5121 Patri,
3359 5068 3431 5107 an
3460 5053 3695 5120 inaequa-

2103 5152 2168 5207 lis
2202 5153 2224 5206 ?
2262 5151 2573 5221 Respondet
2616 5169 2631 5207 :
2666 5150 2964 5221 lnmqualis.
3010 5148 3333 5218 Inaequalem
3375 5157 3503 5215 ergo
3549 5139 3695 5196 Patri

2102 5244 2236 5299 dicis
2262 5245 2471 5301 venisse
2492 5245 2548 5300 in
2573 5259 2733 5300 carne
2761 5261 2775 5298 :
2814 5256 2979 5313 negas
3001 5238 3272 5296 Christum
3307 5239 3363 5294 in
3390 5250 3555 5294 carne
3598 5248 3695 5291 ve-

2104 5337 2269 5403 nisse,
2303 5338 2425 5408 quia
2452 5336 2695 5393 Christus
2722 5334 2941 5405 aequalis
2971 5341 3053 5389 est
3081 5332 3246 5388 Patri.

2177 5429 2228 5482 7.
2270 5428 2611 5484 Sabellianus.
2640 5426 2999 5485 Sabellianum
3038 5425 3184 5481 audi.
3225 5423 3345 5495 Ipse
3382 5430 3467 5480 est
3500 5420 3693 5489 Filius,

2103 5519 2191 5590 qui
2220 5526 2304 5574 est
2326 5526 2383 5575 et
2405 5518 2584 5574 Pater.
2612 5518 2726 5574 Hoc
2744 5516 2889 5584 dicit,
2919 5515 3045 5571 hinc
3072 5515 3276 5586 pungit,
3312 5512 3438 5569 hinc
3478 5526 3691 5568 venena

2103 5611 2366 5667 diffundit.
2411 5610 2528 5682 Ipse
2566 5619 2669 5678 est,
2717 5610 2904 5681 inquit,
2935 5609 3111 5665 Pater.
3160 5607 3385 5675 Quando
3428 5605 3564 5674 vult,
3595 5602 3690 5659 Fi-
3746 5650 3771 5683 ετ

2105 5704 2207 5760 lius
2235 5713 2319 5761 est
2346 5721 2361 5759 :
2390 5703 2605 5775 quando
2631 5704 2763 5770 vult,
2807 5703 2962 5758 Pater
2986 5711 3087 5758 est.
3116 5700 3231 5756 Non
3264 5708 3349 5757 est
3394 5699 3508 5770 ipse
3529 5693 3688 5752 Chri-

2107 5806 2239 5854 stus.
2274 5798 2342 5853 Et
2381 5808 2438 5852 tu
2473 5811 2642 5866 erras,
2687 5797 2733 5853 si
2772 5797 2914 5853 hunc
2941 5796 3210 5853 Christum
3236 5795 3369 5851 dicis
3420 5794 3474 5849 in
3517 5805 3687 5857 eam

2106 5893 2315 5952 venisse
2342 5910 2353 5922 ο
2388 5892 2511 5966 quia
2536 5892 2637 5954 iste
2662 5891 2903 5956 Christus
2939 5907 3048 5955 non
3070 5900 3191 5962 est,
3222 5902 3383 5961 negas
3413 5883 3693 5946 Christum

3730 5966 3782 6015 Χ
