3996 6444
438 365 540 427 991

439 477 496 536 in
520 490 684 535 carne
704 476 936 534 venisse.
1887 558 1901 565 μ

510 572 565 629 8.
601 571 874 628 Photinus.
903 569 1040 640 Quid
1082 570 1216 629 dicis
1239 613 1255 644 ,
1300 570 1575 630 Photine?
1603 571 1691 630 Ait
1725 571 2026 630 Photinus:

437 665 682 724 Christus
723 665 898 722 solum
937 665 1099 723 homo
1149 677 1251 735 est,
1303 667 1442 724 Deus
1489 681 1596 724 non
1632 675 1736 724 est.
1777 666 2027 722 Formam

439 759 583 816 servi
625 761 916 829 conﬁteris,
959 760 1185 817 formam
1229 760 1326 816 Dei
1355 775 1537 832 negas.
1584 761 1651 816 Et
1681 757 1925 817 Christus
1969 758 2027 814 in

439 852 609 908 forma
640 853 734 909 Dei
763 853 982 925 aqualis
1009 863 1092 910 est
1129 854 1292 921 Patri,
1325 854 1378 908 in
1417 853 1585 910 forma
1615 852 1754 908 servi
1802 865 2026 908 consors

439 951 523 1000 est
551 945 723 1000 nobis.
751 946 820 1001 Et
849 955 905 1001 tu
932 961 1094 1018 negas
1120 946 1386 1002 Christum
1417 946 1470 1000 in
1497 961 1658 1002 carne
1693 946 1930 1001 venisse.

511 1034 565 1090 9.
618 1035 905 1092 Donatista.
951 1037 1222 1092 Donatista
1266 1037 1436 1108 quid?
1471 1037 1763 1092 Donatista
1808 1036 2023 1107 plurimi

441 1126 545 1185 hoc
571 1129 892 1186 conﬁtentur
917 1130 986 1186 de
1019 1130 1156 1186 Filio
1198 1131 1338 1201 quod
1379 1146 1497 1196 nos,
1526 1131 1668 1202 quod
1706 1130 1927 1201 aequalis
1955 1131 2026 1185 sit

439 1217 584 1274 Patri
635 1218 844 1291 Filius,
906 1221 1252 1294 ejusdemque
1306 1222 1614 1278 substantia
1665 1240 1681 1278 :
1742 1223 1833 1277 alii
1897 1238 2026 1280 vero

439 1325 648 1378 eorum,
691 1311 929 1383 ejusdem
958 1315 1172 1385 quidem
1198 1313 1507 1370 substantia
1531 1313 1850 1370 conﬁtentur
1868 1356 1882 1380 ,
1913 1315 2024 1386 {sed

439 1405 698 1475 aqualem
723 1416 935 1478 negant.
969 1407 1102 1475 Quid
1127 1422 1261 1477 opus
1285 1416 1367 1464 εει
1403 1406 1678 1479 disputare
1714 1409 1782 1464 de
1810 1409 1894 1464 his
1929 1411 2022 1482 qui

438 1507 636 1568 negant
677 1501 934 1571 aqualem
963 1500 986 1555 ?
1015 1499 1072 1555 Si
1102 1500 1244 1555 enim
1279 1509 1476 1572 negant
1507 1501 1785 1571 aqualem,
1829 1510 2026 1572 negant

442 1586 657 1642 Filium.
703 1589 758 1646 Si
796 1598 992 1661 negant
1018 1590 1232 1659 Filium,
1282 1599 1476 1660 negant
1516 1590 1804 1646 Christum.
1837 1592 1892 1648 Si
1933 1609 2027 1648 ne-

442 1688 568 1748 gant
592 1679 880 1748 Christum,
913 1681 1180 1752 quomodo
1206 1682 1524 1739 conﬁtentur
1548 1683 1601 1738 in
1625 1698 1786 1740 carne
1810 1685 2024 1740 venisse

439 1769 749 1828 Christum?

511 1860 736 1922 CAPUT
762 1863 848 1918 Vl.
868 1863 1041 1920 —i0.
1075 1865 1224 1920 Idem
1250 1875 1499 1922 tractatur
1535 1877 1903 1940 argumentum.
1945 1871 2022 1927 De

437 1951 547 2008 illis
588 1953 832 2011 subtilior
883 1957 1170 2026 disputatio
1219 1967 1336 2026 est,
1392 1961 1482 2030 qui
1535 1961 1637 2016 hoc
1697 1962 2021 2018 conﬁtentur

438 2043 582 2114 quod
603 2058 722 2112 nos,
748 2045 1076 2117 unigenitum
1096 2048 1287 2104 Filium
1309 2051 1565 2121 aqualem
1593 2053 1757 2121 Patri,
1781 2054 2025 2125 ejusdem

436 2135 769 2207 substantia,
812 2148 1014 2196 aterno
1047 2148 1371 2198 coaternum
1405 2159 1418 2210 ;
1449 2152 1502 2199 et
1532 2153 1707 2202 tamen
1736 2147 2026 2204 Donatista

435 2239 580 2286 sum.
612 2233 856 2290 Dicamus
893 2235 971 2290 eis
1007 2253 1022 2290 :
1066 2233 1258 2292 Verbis
1304 2237 1649 2307 conﬁtemini,
1676 2239 1832 2296 factis
1859 2256 2023 2311 nega-

438 2319 531 2376 tis.
559 2321 766 2393 Aliquis
793 2325 935 2380 enim
972 2335 1128 2398 negat
1153 2326 1330 2385 factis.
1370 2329 1487 2385 Non
1515 2332 1688 2387 omnis
1714 2333 1802 2402 qui
1833 2340 2024 2403 negat,

436 2413 604 2470 verbo
631 2423 809 2487 negat.
837 2416 1000 2474 Plane
1038 2427 1161 2474 sunt
1185 2419 1436 2477 homines
1480 2423 1569 2492 qui
1606 2423 1760 2479 factis
1804 2433 2022 2495 negant.

435 2499 831 2576 lnterrogemus
875 2508 1190 2578 Apostolum
1251 2529 1266 2566 :
1327 2510 1511 2567 Omnia
1563 2514 1766 2584 inquit,
1835 2517 2027 2570 nmnda

433 2595 640 2657 mundis
667 2611 688 2661 ,'
724 2597 999 2653 immundis
1037 2607 1204 2655 autem
1233 2609 1281 2655 et
1302 2603 1592 2671 inﬁdelibus
1625 2604 1754 2658 nihil
1774 2614 1848 2660 est
1872 2622 2026 2660 mun-

435 2695 579 2764 dum,
603 2698 694 2752 sed
731 2690 942 2768 pollttta:
975 2701 1090 2746 sunt
1135 2708 1308 2746 eorum
1347 2703 1393 2748 et
1428 2710 1567 2749 mens
1616 2703 1664 2749 et
1700 2696 2023 2754 conscientia.

433 2785 747 2856 Conﬁtentur
783 2790 916 2842 enim
942 2787 1107 2842 Deum
1144 2799 1198 2844 se
1225 2798 1404 2857 nosse,
1437 2784 1587 2860 factis
1627 2794 1801 2841 autem
1839 2797 2023 2858 negant

437 2877 584 2951 (Tit.
622 2893 658 2945 ι,
691 2878 778 2946 15,
805 2880 870 2933 16
897 2881 936 2949 ).
958 2879 1097 2948 Quid
1125 2889 1226 2947 est,
1255 2895 1450 2950 negare
1475 2880 1630 2936 factis
1660 2876 1685 2935 ἲ
1709 2875 2022 2953 Superbit‘e,

433 2980 489 3025 et
509 2972 794 3028 schismata
834 2972 1011 3030 facere
1039 2991 1054 3035 ;
1084 2989 1190 3030 non
1218 2976 1271 3029 in
1299 2974 1431 3038 Deo,
1461 2975 1554 3030 sed
1585 2975 1639 3030 in
1667 2977 1882 3031 homine
1905 2975 2014 3047 glo'

430 3063 579 3119 riari.
633 3063 709 3118 lta
762 3065 912 3120 factis
938 3060 1173 3136 negatur
1214 3065 1458 3122 Christus
1489 3083 1504 3122 :
1535 3067 1794 3124 unitatem
1823 3068 2015 3139 quippe

431 3160 577 3208 amat
601 3145 866 3209 Christus.
893 3156 1175 3211 Postremo
1200 3171 1326 3212 ecce
1351 3157 1618 3226 quomodo
1646 3167 1701 3214 et
1728 3159 1826 3229 ipsi
1865 3158 2024 3214 Chri-

431 3253 572 3301 stum
595 3254 810 3316 negant,
838 3255 896 3302 ut
925 3249 1162 3317 apertius
1185 3249 1482 3318 loquamur.
1511 3248 1618 3304 Nos
1641 3264 1764 3305 eum
1799 3251 2026 3316 dicimus

429 3333 726 3403 Christum,
773 3336 842 3393 de
869 3352 976 3408 quo
1018 3339 1092 3393 ait
1118 3339 1348 3394 Joannes
1397 3339 1628 3410 Baptista
1671 3359 1684 3395 :
1729 3341 1829 3406 Qui
1881 3343 2028 3398 habet

431 3445 694 3500 sponsam,
715 3445 930 3500 sponsus
941 3441 1012 3485 est
1031 3430 1208 3501 (Joan.
1237 3447 1314 3500 ιιι,
1341 3431 1454 3506 29).
1476 3433 1680 3489 Bonum
1697 3436 2023 3506 conjugium,

431 3529 635 3578 sancta
682 3522 901 3593 nuptia.
947 3522 1186 3594 Sponsus
1209 3523 1475 3593 Christus,
1523 3541 1717 3596 sponsa
1761 3527 2022 3582 Ecclesia.

429 3612 515 3669 Ab
556 3627 754 3685 sponso
782 3616 1152 3686 cognoscimus
1195 3630 1466 3686 Sponsam.
1510 3617 1664 3673 Dicat
1713 3618 1867 3673 nobis
1911 3619 2025 3689 ipse

429 3719 659 3775 sponsus
698 3748 714 3774 ,
746 3723 904 3778 quam
935 3708 1095 3765 habet
1122 3723 1371 3778 sponsam
1418 3727 1431 3762 :
1472 3709 1633 3777 dicat,
1677 3726 1746 3765 ne
1775 3711 2018 3766 fortassis

428 3812 704 3866 erremus,
747 3808 802 3855 et
838 3799 1044 3856 invitati
1093 3801 1158 3856 ad
1198 3802 1409 3872 nuptias
1459 3810 1639 3858 sancta
1666 3811 1787 3857 vota
1835 3803 2022 3858 turbe-

427 3907 549 3950 mus
597 3911 612 3949 :
651 3893 814 3961 dicat,
858 3895 1106 3950 ostendat
1139 3895 1315 3965 primo
1355 3908 1414 3950 se
1457 3895 1627 3967 ipsum
1671 3909 1948 3966 sponsum.

499 3984 728 4040 CAPUT
777 3985 1082 4042 VII.—H.
1136 3986 1286 4042 Idem
1344 3997 1590 4042 tractatur
1640 3998 2014 4059 argumentum.

429 4075 558 4132 Post
600 4078 1047 4134 resurrectionem
1091 4077 1166 4134 ait
1208 4079 1482 4149 discipulis
1524 4079 1637 4134 suis
1675 4097 1689 4133 :
1735 4079 1855 4135 Non
1895 4081 2024 4135 scie-

428 4169 558 4225 batis
595 4170 715 4240 quia
752 4171 1010 4240 oportebat
1035 4172 1235 4242 impleri
1260 4172 1430 4226 omnia
1462 4187 1575 4242 qua:
1607 4173 1797 4242 scripta
1824 4181 1942 4226 sunt
1965 4173 2020 4226 in

428 4262 538 4333 lege
580 4261 751 4333 Moysi
792 4272 839 4318 et
879 4263 1176 4335 PrOphetis,
1219 4274 1270 4322 et
1303 4264 1524 4319 Psalmis
1570 4264 1634 4319 de
1665 4281 1744 4319 me
1787 4266 1812 4320 ?
1852 4263 2016 4332 Tunc,

427 4353 764 4425 Evangelista
801 4355 1040 4426 sequitur
1077 4364 1132 4412 et
1174 4355 1322 4424 dicit,
1355 4355 1498 4411 Tunc
1541 4358 1737 4428 aperuit
1767 4357 1870 4412 illis
1904 4375 2019 4414 sen-

426 4459 560 4510 sum,
583 4454 637 4499 ut
665 4446 997 4516 intelligerent
1022 4447 1345 4519 Scripturas,
1382 4457 1429 4503 et
1455 4449 1586 4504 dixit
1607 4450 1677 4504 eis
1707 4463 1725 4502 :
1764 4451 1897 4517 Quia
1945 4451 2018 4505 sic

426 4537 687 4607 oportebat
725 4537 979 4593 Christum
1014 4540 1154 4608 pati,
1199 4549 1246 4593 et
1279 4555 1537 4611 resurgere
1559 4556 1592 4592 a
1625 4541 1834 4595 mortuis
1873 4543 2018 4598 tertio

425 4631 526 4685 die.
564 4630 702 4686 Ecce
747 4645 993 4700 sponsus,
1029 4645 1186 4700 quem
1225 4628 1504 4687 confessus
1541 4639 1624 4688 est
1658 4630 1868 4697 Petrus,
1912 4632 2015 4690 hoc

425 4733 508 4780 est
532 4723 725 4780 Filium
756 4723 850 4779 Dei
880 4723 1005 4784 vivi.
1035 4724 1315 4793 oportebat
1348 4732 1408 4779 ut
1432 4732 1702 4793 pateretur
1722 4769 1737 4794 ,
1774 4733 1828 4782 et
1854 4726 2014 4781 tertio

425 4813 512 4870 die
554 4822 876 4885 resurgeret.
905 4813 975 4869 Et
999 4812 1194 4868 factum
1234 4821 1352 4868 erat
1383 4829 1397 4865 :
1428 4814 1700 4882 impletum
1729 4815 2012 4881 videbant,

423 4914 584 4977 caput
607 4906 878 4971 tenebant,
913 4919 1110 4975 corpus
1161 4905 1488 4975 quarebant.
1521 4905 1674 4972 Quod
1696 4917 1777 4964 est
1802 4916 1962 4979 caput
1989 4907 2014 4963 ἲ

426 4995 550 5069 ipse
593 4997 841 5054 Christus
873 5015 886 5052 :
917 5013 1105 5068 passus
1153 5005 1277 5065 est,
1336 4999 1494 5054 tertio
1540 4999 1628 5056 die
1671 5003 1960 5059 resurrexit
1995 5020 2009 5057 :

425 5095 585 5160 caput
609 5097 692 5144 est
717 5088 988 5144 Ecclesia.
1018 5088 1225 5160 Corpus
1250 5090 1391 5161 quod
1429 5092 1560 5147 est?
1598 5091 1714 5164 Ipsa
1754 5095 2008 5152 Ecclesia.

425 5180 692 5238 Videbam
733 5197 862 5254 ergo
900 5182 1146 5253 discipuli
1185 5191 1364 5254 caput,
1389 5199 1585 5256 corpus
1611 5202 1716 5243 non
1743 5189 2008 5246 videbant.

424 5271 567 5343 Ergo
607 5287 700 5330 eos
729 5289 924 5345 corpus
965 5289 1074 5330 non
1099 5275 1374 5343 videntes,
1430 5278 1619 5335 doceat
1663 5289 1838 5352 caput.
1882 5283 2010 5349 Dic,

425 5361 648 5419 Domine
691 5363 820 5420 Jesu
863 5364 1017 5432 ;dic,
1059 5375 1243 5422 sancte
1279 5382 1494 5438 sponse,
1552 5371 1754 5427 instrue
1792 5387 1890 5429 nos
1937 5372 2007 5430 de

425 5465 650 5522 corpore
669 5461 780 5523 tuo,
828 5455 896 5512 de
923 5470 1121 5526 sponsa
1152 5467 1261 5527 tua,
1305 5459 1373 5515 de
1422 5461 1611 5518 dilecta
1651 5474 1759 5532 tua,
1811 5466 1879 5521 de
1917 5481 2008 5521 co-

425 5539 602 5598 lumba
633 5553 741 5610 tua,
779 5561 939 5615 quam
980 5547 1175 5604 dotasti
1205 5552 1460 5621 sanguine
1490 5561 1600 5620 tuo,
1641 5554 1763 5610 die:
1797 5556 2012 5627 Oporte-

425 5633 510 5689 bat
551 5631 806 5690 Christum
848 5639 972 5707 pati,
1022 5648 1068 5693 et
1113 5656 1374 5713 resurgere
1409 5660 1439 5696 a
1469 5645 1678 5700 mortuis
1721 5648 1863 5700 tertio
1905 5649 2006 5703 die.

426 5723 570 5781 Ecce
595 5741 821 5798 sponsus
859 5747 872 5784 :
903 5729 988 5786 die
1015 5731 1082 5785 de
1123 5747 1338 5802 sponsa,
1390 5737 1552 5808 imple
1583 5738 1788 5795 tabulas
1822 5743 2009 5796 matri-

427 5819 708 5880 moniales.
736 5821 930 5880 Audite
953 5837 1204 5895 sponsam
1239 5846 1252 5884 :
1281 5828 1348 5886 Et
1369 5832 1653 5906 pradicari,
1680 5834 1866 5907 inquit.
1899 5835 2009 5891 lloc

1676 366 1759 429 δι’
1776 359 2144 426 AUGUSTINI
2178 360 2478 422 EPISCOPI

2135 480 2279 536 enim
2307 479 2570 551 sequitur.
2599 477 2873 551 Oportebat
2908 479 3164 539 Christum
3204 483 3329 555 pati,
3369 491 3421 542 et
3455 502 3725 562 resurgere

2134 588 2168 627 a
2200 573 2412 628 mortuis
2449 573 2594 627 tertio
2622 572 2736 642 die,
2777 582 2826 629 et
2869 575 3140 645 praedicari
3168 575 3222 631 in
3240 577 3442 633 nomine
3469 580 3580 650 ejus
3611 597 3724 652 pas-

2134 667 2394 720 nitentiam
2420 675 2467 721 et
2485 667 2824 722 remissionem
2862 676 3181 739 peccatorum
3201 687 3290 740 per
3313 685 3485 728 omnes
3523 682 3720 742 gentes.

2133 755 2236 814 Ubi
2258 765 2310 812 te
2347 758 2626 814 abscondis
2655 759 2678 814 ?
2703 759 2808 814 Per
2841 777 3011 815 omnes
3037 769 3207 833 gentes
3225 802 3240 829 ,
3269 761 3624 834 incipientibus
3655 766 3724 820 ab

2133 851 2420 907 Jerusalem
2449 851 2610 924 (Luc.
2645 869 2789 918 sxw,
2833 855 2997 910 44-47
3020 856 3059 925 ).
3091 853 3181 911 Sic
3209 864 3293 911 est
3318 856 3534 912 factum.
3561 857 3725 931 Legi—

2133 957 2252 997 mus
2278 944 2617 1013 promissum,
2660 944 2902 1000 videmus
2930 945 3227 1015 impletum.
3255 945 3395 1002 Ecce
3434 947 3527 1002 lux
3551 963 3672 1004 mea
3702 966 3728 1014 ,-

2132 1032 2222 1088 ubi
2275 1042 2356 1089 est
2397 1035 2691 1091 obscuritas
2719 1038 2856 1092 tua?
2895 1037 3035 1108 Ergo
3073 1037 3316 1094 Christus
3359 1054 3585 1110 sponsus
3638 1050 3729 1097 est

2133 1123 2292 1198 hujus
2334 1127 2584 1183 Ecclesia:
2607 1169 2622 1193 ,
2654 1143 2775 1199 qua
2819 1129 3139 1200 pradicatur
3174 1131 3228 1186 in
3271 1147 3459 1187 omnes
3493 1138 3720 1202 gentes,

2132 1226 2187 1274 et
2225 1219 2449 1288 pullulat
2489 1229 2543 1276 et
2567 1222 2759 1277 crescit
2786 1238 2955 1292 usque
2980 1223 3048 1278 ad
3074 1224 3205 1280 ﬁnes
3232 1233 3416 1290 terra,
3457 1226 3726 1297 incipien-

2134 1307 2276 1366 tibus
2320 1310 2386 1366 ab
2414 1310 2709 1367 Jerusalem
2741 1329 2756 1367 :
2785 1311 2941 1382 hujus
2968 1327 3196 1382 sponsus
3219 1324 3303 1372 est
3327 1316 3593 1373 Christus.
3635 1316 3727 1375 Τιι

2132 1401 2257 1472 quid
2278 1401 2410 1458 dicis
2425 1403 2448 1456 ‘?
2463 1401 2629 1472 Cujus
2649 1419 2874 1474 sponsus
2890 1413 2972 1460 est
2991 1404 3260 1462 Christus?
3296 1407 3470 1464 Partis
3489 1409 3726 1466 Donati?

2132 1493 2246 1548 Νοιι
2301 1502 2382 1549 εει
2423 1494 2556 1566 ipse,
2605 1511 2709 1551 non
2759 1505 2841 1552 est
2893 1497 3028 1567 ipse.
3079 1498 3252 1555 Homo
3279 1499 3439 1569 bone,
3489 1516 3597 1557 non
3633 1509 3726 1559 est

2131 1585 2247 1656 ipse
2287 1604 2301 1641 :
2344 1587 2452 1642 imo
2481 1587 2642 1642 homo
2667 1588 2828 1658 male,
2860 1605 2966 1645 non
2993 1599 3074 1646 est
3102 1591 3236 1662 ipse.
3264 1592 3347 1647 Ad
3377 1593 3585 1664 nuptias
3622 1609 3725 1651 ve—

2131 1677 2329 1745 nimus,
2353 1678 2556 1733 tabulas
2595 1680 2848 1751 legamus,
2883 1690 2938 1737 et
2962 1697 3066 1757 _non
3094 1683 3384 1754 litigemus.
3411 1685 3546 1757 Ergo
3570 1687 3618 1742 si
3655 1695 3722 1744 tu

2132 1768 2286 1836 dicis,
2325 1768 2569 1827 Christus
2615 1781 2697 1827 est
2743 1787 2971 1844 sponsus
3014 1777 3184 1844 partis
3223 1776 3410 1832 Donati
3448 1795 3464 1844 ;
3500 1795 3600 1848 ego
3627 1787 3724 1835 ta-

2131 1860 2283 1917 bulas
2323 1863 2460 1934 lego,
2491 1871 2544 1918 et
2563 1863 2775 1920 invenio
2803 1879 2923 1920 esse
2942 1865 3210 1922 Christum
3247 1881 3501 1938 sponsum
3530 1869 3727 1926 Eccle-

2131 1954 2226 2008 sia
2251 1954 2458 2010 dill'usa
2495 1962 2608 2011 toto
2650 1956 2779 2012 orbe
2827 1965 3108 2012 terrarum.
3162 1957 3219 2014 Si
3261 1959 3413 2027 dicis,
3464 1960 3582 2030 ipse
3609 1969 3721 2030 est,

2131 2057 2186 2103 et
2220 2063 2324 2102 non
2352 2057 2434 2103 est
2455 2050 2589 2119 ipse,
2634 2064 2796 2121 negas
2814 2050 3086 2106 Christum
3113 2052 3168 2107 in
3193 2066 3352 2108 carne
3375 2053 3610 2111 venisse.

2201 2138 2426 2197 CAPUT
2441 2141 2577 2203 Vill.
2591 2171 2660 2182 --
2678 2143 2764 2198 12.
2781 2141 3147 2213 Pelagianista.
3164 2144 3511 2216 Pelagianism
3527 2156 3721 2218 restat,

2136 2230 2211 2303 (a)
2243 2247 2348 2288 non
2374 2247 2440 2288 ex
2467 2232 2759 2292 haresibus
2786 2236 3033 2292 omnibus
3049 2279 3063 2305 ,
3084 2237 3178 2293 sed
3194 2238 3270 2294 eis
3287 2253 3418 2310 quas
3439 2256 3536 2311 pro
3553 2257 3726 2313 parvo

2131 2329 2373 2394 tempore
2403 2327 2834 2384 commemoravi.
2863 2327 2978 2384 Jam
3001 2328 3146 2384 enim
3173 2328 3302 2395 dixi,
3326 2330 3457 2399 Quis
3475 2341 3727 2389 numerat

2132 2422 2211 2470 tot
2240 2417 2452 2485 pestes?
2477 2417 2610 2483 Quid
2634 2417 2785 2483 dicis,
2810 2418 3189 2490 Pclagianista?
3205 2421 3397 2480 Audite
3419 2423 3546 2494 quid
3568 2423 3722 2480 dicit.

2131 2506 2352 2562 Videtur
2378 2508 2620 2563 confiteri
2644 2507 2915 2566 Christum
2937 2511 2990 2566 in
3007 2525 3169 2568 carne
3193 2511 3403 2568 venisse
3433 2531 3447 2568 :
3477 2513 3574 2568 sed
3603 2513 3722 2570 dis-

2131 2611 2317 2653 cussus
2345 2599 2608 2654 invenitur
2654 2616 2869 2672 negare.
2889 2600 3134 2657 Christus
3153 2602 3296 2658 enim
3333 2602 3387 2657 in
3430 2618 3592 2659 carne
3622 2620 3725 2660 ve-

2130 2688 2247 2753 nit,
2275 2705 2394 2760 qua
2421 2689 2712 2746 similitudo
2753 2700 2898 2747 esset
2929 2693 3106 2748 carnis
3141 2694 3376 2764 peccati,
3423 2710 3529 2750 non
3574 2703 3728 2752 esset

2130 2795 2258 2837 caro
2281 2782 2505 2852 peccati.
2537 2783 2779 2854 Apostoli
2805 2784 2966 2841 verba
2994 2793 3116 2841 sunt
3149 2803 3162 2840 :
3193 2785 3334 2840 Misit
3355 2785 3494 2841 Deus
3523 2785 3728 2841 Filium

2131 2887 2278 2928 suum
2296 2874 2348 2927 in
2368 2873 2744 2930 similitudinem
2764 2877 2933 2931 carnis
2949 2877 3139 2947 peccati
3159 2875 3333 2949 (Rom.
3357 2893 3447 2934 vul
3463 2918 3478 2947 ,
3497 2876 3578 2950 '5).
3601 2877 3728 2937 Non

2131 2967 2185 3025 in
2215 2967 2612 3026 similitudinem
2638 2970 2850 3038 carnis,
2879 2972 3029 3042 quasi
3057 2986 3185 3027 caro
3223 2987 3329 3026 non
3368 2980 3512 3028 esset
3553 2988 3722 3040 caro;

2131 3060 2228 3116 sed
2256 3063 2309 3114 in
2334 3061 2714 3116 similitudinem
2754 3063 2920 3117 carnis
2950 3063 3175 3132 peccati,
3223 3061 3345 3131 quia
3387 3077 3515 3119 caro
3562 3073 3721 3133 erat,

2131 3153 2224 3208 sed
2255 3154 2453 3222 peccati
2484 3168 2609 3209 caro
2635 3168 2743 3209 non
2776 3163 2909 3210 erat.
2933 3153 3038 3210 iste
3066 3163 3242 3211 autem
3267 3155 3514 3226 Pelagius
3539 3165 3593 3213 et
3616 3172 3724 3212 cre-

2131 3254 2299 3301 tcram
2336 3261 2549 3301 carnem
2593 3246 2768 3301 omnis
2807 3246 3020 3302 infantis
3067 3248 3214 3302 carni
3257 3247 3451 3304 Christi
3495 3258 3724 3305 conatur

2131 3352 2363 3408 requare.
2393 3337 2508 3392 Non
2537 3345 2618 3392 est
2642 3379 2657 3404 ,
2688 3337 3009 3393 charissimi.
3037 3338 3153 3394 Non
3198 3355 3292 3410 pro
3334 3355 3528 3411 magno
3569 3355 3723 3398 com-

2130 3429 2472 3484 mendaretur
2498 3429 2550 3484 in
2580 3427 2792 3485 Christo
2827 3429 3116 3486 similitudo
3143 3432 3319 3486 carnis
3349 3433 3588 3502 peccati,
3616 3435 3720 3490 nisi

2129 3518 2302 3573 omnis
2344 3527 2536 3574 caetera
2574 3535 2699 3575 caro
2723 3529 2864 3576 esset
2885 3535 3010 3577 caro
3033 3521 3256 3592 peccati.
3281 3522 3419 3590 Quid
3445 3538 3575 3594 ergo
3601 3539 3722 3593 pro-

2129 3609 2266 3678 dest,
2289 3611 2409 3681 quia
2431 3610 2566 3667 dicis
2590 3611 2856 3668 Christum
2883 3611 2937 3666 in
2965 3627 3126 3668 carne
3151 3613 3380 3680 venisse,
3396 3622 3452 3669 et
3477 3615 3719 3670 omnium

2127 3701 2408 3757 infantium
2447 3703 2592 3758 carni
2633 3718 2755 3758 eum
2785 3705 2996 3760 conaris
3047 3706 3302 3775 aequare?
3346 3705 3416 3761 Et
3466 3705 3565 3761 tibi
3618 3707 3722 3764 hoc

2127 3785 2247 3847 dico
2276 3792 2415 3863 quod
2435 3792 2726 3849 Donatista
2751 3794 2894 3849 :Non
2915 3803 2998 3850 est
3018 3795 3151 3865 ipse.
3184 3795 3322 3852 Ecce
3350 3795 3507 3852 video
3529 3797 3720 3854 Eccle-

2125 3885 2258 3940 siam
2299 3893 2522 3940 matrem
2561 3885 2920 3940 testimonium
2951 3885 3260 3942 reddentem
3299 3886 3428 3957 ipsis
3464 3887 3720 3945 uberibus

2125 3975 2254 4030 suis.
2285 3975 2585 4029 Accurrunt
2614 3982 2816 4030 matres
2839 3988 2961 4029 cum
3004 3977 3239 4046 parvulis
3278 3976 3399 4033 ﬁliis
3421 4018 3438 4047 ,
3467 3979 3718 4051 ingerunt

2125 4065 2387 4122 Salvatori
2426 4067 2708 4123 salvandos
2731 4109 2745 4134 ,
2774 4082 2881 4124 non
2924 4068 3138 4140 Pelagio
3165 4069 3515 4128 damnandos.
3548 4073 3720 4132 Mater

2124 4162 2372 4232 qualibet
2400 4162 2594 4219 mulier
2622 4162 2817 4233 pietate
2844 4177 3065 4219 currens
3090 4177 3212 4219 cum
3252 4166 3474 4236 parvulo
3498 4167 3612 4223 ﬁlio
3636 4168 3723 4224 di-

2122 4257 2197 4313 cit
2228 4272 2242 4308 :
2274 4255 2607 4326 Baptizetur,
2645 4265 2704 4310 ut
2743 4256 2997 4312 salvetur.
3039 4257 3284 4329 Pelagius
3306 4267 3492 4314 contra
3525 4279 3540 4316 :
3571 4260 3717 4330 Quid

2122 4350 2398 4407 salvetur?
2422 4353 2537 4411 Non
2558 4355 2803 4427 estquod
2832 4357 2884 4411 in
2914 4371 2980 4412 eo
3003 4356 3274 4423 salvetur;
3307 4355 3443 4411 nihil
3460 4356 3617 4414 habet
3635 4359 3719 4414 vi-

2122 4445 2180 4501 tii
2205 4488 2219 4514 ,
2262 4447 2394 4501 nihil
2423 4462 2489 4503 ex
2511 4448 2728 4505 traduce
2755 4449 3109 4505 damnationis
3135 4449 3371 4505 attraxit.
3403 4449 3463 4507 Si
3489 4451 3714 4521 aqualis

2121 4545 2202 4592 est
2228 4536 2440 4593 Christo
2457 4578 2474 4604 ,
2502 4553 2668 4609 quare
2693 4541 2884 4610 quaerit
2908 4540 3218 4596 Christum?
3242 4542 3381 4598 Ecce
3418 4542 3542 4599 dico
3568 4543 3663 4599 tibi
3694 4561 3710 4599 :

2121 4627 2359 4697 Sponsus
2387 4628 2554 4685 Filius
2579 4629 2676 4686 Dei
2702 4631 2790 4702 qui
2821 4633 2965 4687 venit
2990 4631 3042 4687 in
3069 4647 3230 4690 carne
3249 4676 3266 4703 ,
3295 4635 3530 4692 salvator
3558 4645 3640 4693 est
3657 4646 3713 4694 et

2119 4719 2381 4789 majorum
2401 4729 2454 4776 et
2481 4721 2768 4789 minorum,
2792 4723 3025 4779 salvator
3047 4733 3129 4780 est
3167 4735 3223 4781 et
3247 4726 3528 4798 grandium
3551 4737 3605 4784 et
3625 4729 3711 4784 in~

2119 4809 2342 4867 fantium
2362 4854 2376 4878 ,
2405 4820 2461 4868 et
2483 4813 2598 4883 ipse
2613 4822 2695 4869 est
2722 4814 2966 4872 Christus
2999 4833 3012 4871 :
3041 4825 3096 4872 tu
3120 4825 3300 4874 autem
3326 4818 3459 4876 dicis
3478 4820 3713 4877 salvato-

2119 4917 2230 4958 rem
2251 4901 2518 4958 Christum
2547 4904 2831 4975 majorum,
2854 4922 2959 4962 non
2987 4908 3254 4964 minorum
3284 4924 3428 4965 :non
3458 4919 3543 4966 est
3572 4911 3707 4981 ipse.

2117 4993 2174 5051 Si
2217 5009 2322 5050 non
2347 5003 2430 5050 est
2453 4995 2602 5066 ipse,
2649 5011 2811 5067 negas
2838 5007 2892 5054 et
2921 5006 2976 5055 tu
3013 4999 3280 5057 Christum
3323 5001 3378 5057 in
3420 5016 3586 5059 carne
3614 5017 3709 5060 ve-

2117 5085 2279 5142 uisse.

2188 5174 2412 5233 CAPUT
2434 5175 2525 5232 IX.
2541 5205 2614 5219 --
2629 5179 2652 5233 i
2665 5178 2717 5234 5.
2738 5178 3003 5237 Ηωνειίεἰε
3019 5198 3280 5238 commune
3295 5192 3365 5240 est
3379 5193 3428 5239 et
3454 5186 3603 5240 malis
3616 5183 3716 5242 Ca-

2119 5266 2319 5322 tholicis
2336 5309 2351 5336 ,
2373 5285 2558 5340 negare
2574 5271 2974 5328 incarnationem
2987 5271 3192 5329 Christi.
3207 5274 3275 5332 Et
3293 5275 3339 5332 si
3363 5276 3712 5334 discutiamus

2181 5412 2254 5476 (a)
2276 5420 2428 5484 nunc
2448 5415 2604 5484 ipsum
2624 5419 2830 5484 _Joannis
2861 5417 3019 5470 locum
3051 5422 3343 5484 Augustinus
3364 5424 3414 5484 in
3438 5424 3600 5473 varias
3615 5422 3713 5472 ha.

2116 5486 2260 5543 [eses
2283 5489 2394 5525 cum
2414 5478 2584 5543 itidem
2621 5480 2945 5543 intorqueret,
2971 5478 3193 5532 eamdem
3225 5483 3477 5543 epistolam
3501 5484 3713 5534 homiliis

2117 5535 2289 5587 decem
2307 5551 2434 5589 anno
2466 5539 2558 5588 416
2580 5535 2805 5602 tractans,
2844 5535 2962 5592 nihil
2985 5545 3054 5608 ibi
3086 5545 3210 5595 dixit
3247 5535 3310 5594 de
3342 5547 3710 5608 Pelagianorum

2119 5610 2306 5670 errore.
2347 5608 2479 5651 Hunc
2495 5616 2620 5670 ergo
2652 5616 2939 5670 sermonem
2971 5605 3214 5670 aliquanto
3237 5614 3342 5670 post
3373 5605 3601 5669 tempore
3625 5608 3710 5657 ha-

2117 5659 2223 5711 buit
2244 5659 2693 5728 _:‘prasertim'quia
2716 5665 2973 5718 hareticos
2994 5659 3105 5718 illos
3127 5683 3192 5719 ex
3210 5659 3386 5728 Pelagii
3407 5659 3610 5718 nonnae
3635 5670 3712 5720 hic

2117 5721 2362 5794 appellat;
2388 5727 2532 5794 cujus
2560 5721 2726 5794 tamen
2757 5731 2937 5778 nomini
2968 5730 3242 5792 aliquandiu
3265 5721 3562 5794 parcendum
3579 5731 3710 5794 judi-

2116 5785 2259 5856 cavit,
2274 5787 2353 5856 sic
2377 5785 2696 5856 eumAiacilius
2719 5785 3065 5856 posse_corrigi
3092 5785 3309 5856 Speran's,
3329 5794 3400 5844 uti
3419 5793 3492 5844 ait
3526 5785 3599 5844 in'
3619 5801 3710 5845 ne-

2117 5847 2454 5901 tractationtun
2477 5847 2600 5900 libro
2623 5851 2669 5911 2,
2693 5847 2800 5916 cap.
2824 5853 2901 5903 33.
