3996 6438
250 345 347 409 993
1573 339 1808 402 SERMO
1831 337 2158 405 CLXXXIII.

250 477 427 524 omnes
472 460 745 531 haereses,
791 458 1090 520 Invenimus
1112 470 1207 517 eas
1233 470 1431 532 negare
1463 455 1737 515 Christum
1777 460 1833 517 in

248 572 399 616 carne
449 552 686 615 venisse.
727 555 923 613 Omnes
970 554 1205 612 haeretici
1240 560 1437 626 negant
1469 552 1740 611 Christum
1777 554 1836 609 in

249 664 403 708 carne
428 649 664 706 venisse.
692 648 830 717 Quid
860 647 1146 715 miramini,
1170 647 1216 703 si
1235 646 1432 718 Pagani
1467 655 1664 719 negant
1675 645 1833 702 Chri-

251 754 385 799 stum
414 742 474 799 in
492 757 656 799 carne
670 739 908 797 venisse?
922 739 1059 809 Quid
1084 739 1373 807 miramini,
1393 738 1439 795 si
1454 736 1625 795 Judaei
1640 745 1835 809 negant

248 837 511 893 Christum
531 835 585 891 in
601 849 763 891 carne
777 831 1015 890 venisse?
1030 830 1168 901 Quid
1182 829 1469 898 miramini,
1492 829 1537 885 si
1558 828 1834 885 Manichtci

245 929 578 1001 apertissime
597 934 794 998 negant
808 924 1075 982 Christum
1102 923 1155 979 in
1172 937 1331 980 carne
1345 922 1577 979 venisse?
1594 920 1700 978 Sed
1715 921 1835 977 dico

247 1019 500 1077 Charitati
522 1026 718 1075 vestrae
739 1059 755 1085 ,
786 1016 947 1074 etiam
974 1028 1160 1071 omnes
1200 1014 1328 1071 mali
1370 1013 1626 1070 Catholici
1653 1011 1835 1067 verbis

245 1113 561 1169 conﬁtentur
588 1111 857 1168 Christum
891 1110 949 1165 in
988 1123 1149 1165 carne
1182 1108 1426 1175 venisse;
1456 1105 1611 1163 factis
1656 1113 1833 1161 autem

246 1213 455 1274 negant.
478 1202 654 1258 Nolite
674 1216 800 1273 ergo
826 1215 946 1257 esse
983 1209 1233 1271 tanquam
1258 1199 1324 1255 de
1353 1197 1458 1253 ﬁde
1482 1197 1677 1253 securi.
1718 1194 1831 1250 Ad-

241 1294 442 1364 jungite
482 1292 604 1348 ﬁdei
628 1302 787 1348 recta:
812 1293 975 1347 vitam
1004 1300 1204 1347 rectam
1228 1331 1244 1358 ,
1285 1299 1343 1346 ut
1366 1288 1636 1346 Christum
1666 1287 1835 1343 conﬁ-

244 1384 462 1440 teamini
497 1384 555 1439 in
578 1398 740 1440 carne
762 1384 1003 1452 venisse,
1034 1392 1087 1440 et
1111 1382 1288 1439 verbis
1323 1396 1451 1437 vera
1482 1379 1707 1436 dicendo
1730 1420 1745 1448 ,
1780 1386 1836 1435 et

244 1475 393 1531 iactis
434 1475 576 1532 bene
597 1474 843 1531 vivendo.
874 1473 1007 1530 Nam
1050 1474 1097 1530 si
1125 1473 1484 1529 conﬁteamini
1520 1471 1698 1527 verbis
1719 1511 1735 1537 ,
1779 1477 1835 1526 et

243 1567 393 1623 factis
416 1567 665 1637 negetis;
695 1566 829 1622 ﬁdes
855 1566 1040 1622 talium
1078 1564 1341 1621 malorum
1376 1577 1544 1634 prope
1573 1571 1656 1618 est
1698 1560 1833 1617 ﬁdes

244 1660 649 1716 dmmoniorum.
678 1658 873 1717 Audite
901 1673 1016 1726 me,
1056 1656 1355 1715 cbarissimi
1375 1696 1389 1722 ,
1419 1656 1598 1711 audite
1618 1669 1732 1720 me,
1764 1669 1835 1710 ne

240 1751 305 1806 sit
342 1750 499 1806 vobis
530 1749 683 1806 testis
706 1748 869 1805 sudor
896 1747 982 1805 hic
1010 1762 1199 1813 meus;
1232 1746 1412 1802 audite
1451 1760 1558 1800 me.
1600 1744 1831 1800 Jacobus

240 1841 512 1911 apostolus
541 1856 665 1897 cum
692 1840 759 1895 de
787 1839 893 1895 ﬁde
919 1847 973 1895 et
1008 1837 1261 1909 operibus
1301 1837 1608 1908 loqueretur
1635 1835 1832 1891 adver-

238 1947 325 1987 sus
352 1947 449 1988 eos
473 1974 489 1999 ,
517 1931 609 2002 qui
653 1930 752 1987 sibi
790 1929 1047 2002 putabant
1074 1928 1233 1984 ﬁdem
1262 1927 1509 1985 sufﬁcere
1530 1969 1547 1995 ,
1589 1936 1644 1984 et
1671 1940 1835 1997 opera

240 2021 375 2078 bona
423 2021 623 2077 habere
664 2020 952 2087 nolebant,
983 2021 1097 2075 ait:
1129 2018 1212 2074 Tu
1254 2019 1417 2075 credis
1440 2020 1559 2089 quia
1591 2034 1723 2073 unus
1759 2027 1836 2073 est

241 2113 420 2180 Deus;
460 2113 585 2168 bene
617 2114 745 2183 facis
776 2128 795 2167 :
818 2122 865 2167 et
908 2114 1159 2167 daemones
1184 2112 1425 2177 credunt,
1473 2121 1521 2167 et
1561 2112 1831 2166 contremi-

241 2217 381 2264 scunt
402 2207 606 2282 (Jacobi
630 2223 667 2263 ιι
688 2251 703 2274 ,
727 2207 842 2277 i9).
864 2206 1128 2279 Numquid
1147 2206 1268 2262 ideo
1288 2205 1558 2261 dtemones
1577 2205 1644 2260 ab
1672 2211 1832 2260 reter-

241 2317 305 2358 no
356 2303 485 2372 igne
536 2301 934 2366 liberabuntur,
980 2300 1102 2370 quia
1152 2298 1404 2366 credunt,
1454 2306 1508 2353 et
1548 2297 1834 2353 contremi-

243 2394 434 2449 scunt!
465 2392 607 2448 Ecce
643 2391 802 2447 modo
829 2390 971 2462 quod
1007 2390 1229 2446 audistis
1257 2389 1310 2445 in
1338 2388 1621 2459 Evangelia
1646 2429 1661 2457 ,
1690 2386 1834 2459 quod

241 2485 309 2539 ait
350 2485 577 2550 Petrus,
620 2482 699 2538 Tu
726 2500 776 2538 es
800 2480 1029 2538 Christus
1053 2479 1223 2536 Filius
1247 2480 1345 2535 Dei
1380 2481 1476 2535 uiui
1507 2495 1525 2533 :
1551 2480 1746 2551 legite,
1780 2485 1835 2533 et

240 2576 526 2632 invenietis
564 2574 764 2630 dixisse
804 2573 1104 2640 dmmones,
1138 2573 1340 2627 Scimus
1381 2570 1469 2642 qui
1510 2571 1579 2625 sis
1602 2612 1618 2637 ,
1663 2568 1833 2624 Filius

239 2665 353 2721 Dei.
405 2667 599 2723 Petrus
650 2674 828 2721 tamen
871 2664 1148 2728 laudatur,
1201 2663 1411 2720 dmmon
1455 2662 1829 2734 compescitur.

239 2757 350 2817 Una
398 2774 505 2816 vox
526 2801 543 2829 ,
594 2757 732 2817 facta
775 2757 1002 2816 diversa.
1036 2755 1188 2815 Unde
1229 2764 1542 2829 separantur
1568 2759 1684 2813 istae
1709 2757 1830 2813 dum

239 2855 631 2912 confessiones?
656 2854 927 2910 Laudatur
968 2868 1149 2921 amor,
1189 2852 1471 2908 damnatur
1507 2851 1682 2906 timor.
1712 2850 1831 2907 Non

238 2950 378 3005 enim
409 2963 597 3005 amore
619 2948 865 3004 dicebant
885 2947 986 3003 hoc
1009 2947 1299 3015 daemones,
1327 2945 1409 3001 Tu
1430 2962 1483 3000 es
1512 2944 1681 2999 Filius
1708 2942 1827 2998 Dei.

237 3043 454 3100 Timore
486 3042 591 3099 hoc
632 3042 911 3108 dicebant,
961 3056 1068 3097 non
1118 3054 1322 3095 amore.
1366 3039 1605 3111 Denique
1645 3038 1724 3095 illi
1774 3038 1831 3094 in

237 3135 576 3191 confessione
604 3133 853 3190 dicebant
883 3151 895 3187 :
928 3131 1063 3199 Quid
1087 3131 1228 3186 nobis
1249 3139 1295 3186 et
1325 3129 1412 3184 tibi
1436 3129 1629 3199 (Marc.
1658 3144 1698 3198 ι,
1727 3129 1823 3198 24,

238 3226 322 3298 25)
341 3227 367 3280 ?
392 3227 589 3282 Petrus
612 3232 791 3281 autem
811 3241 826 3279 :
847 3222 1033 3278 Tecum
1051 3238 1164 3277 sum
1182 3235 1337 3292 usque
1357 3222 1425 3275 ad
1451 3230 1658 3275 mortem
1677 3219 1825 3293 (Luc.

238 3333 345 3374 xxn
365 3360 384 3387 ,
414 3318 533 3389 33),
1766 3302 1781 3317 ’

299 3409 537 3467 CAPUT
564 3408 634 3465 Χ.
661 3438 732 3450 -
753 3408 840 3464 14.
872 3406 939 3463 Et
962 3415 1097 3462 recta
1114 3406 1240 3477 ﬁdes
1265 3413 1312 3461 et
1337 3406 1468 3460 bona
1493 3405 1594 3459 uita
1613 3420 1674 3459 ea:
1695 3402 1826 3458 Deo.

238 3500 335 3558 Sed
354 3510 415 3556 et
444 3500 564 3571 ipse
583 3499 773 3555 Petrus
793 3497 931 3554 unde
949 3538 966 3565 ,
996 3497 1192 3553 fratres
1218 3496 1358 3565 mei,
1384 3495 1526 3551 unde
1554 3495 1629 3549 illi
1651 3494 1831 3549 dicere

238 3608 297 3649 ex
322 3607 517 3649 amore
539 3633 556 3661 ,
589 3589 668 3645 Tu
694 3607 746 3647 es
776 3588 1006 3648 Christus
1032 3588 1201 3645 Filius
1238 3588 1335 3643 Dei
1371 3589 1508 3643 uiui?
1534 3587 1687 3644 Unde
1714 3586 1830 3642 illi?

238 3683 381 3742 Itane
408 3685 482 3741 de
505 3683 646 3739 suo?
667 3682 838 3739 Absit.
864 3681 1006 3738 Bene
1022 3722 1039 3749 ,
1070 3681 1212 3752 quod
1246 3681 1417 3751 ipsum
1443 3678 1715 3749 Evangelii
1743 3692 1832 3733 ca-

238 3778 462 3849 pitulum
492 3785 777 3845 utrumque
808 3774 1174 3842 demonstrat,
1215 3771 1345 3843 quid
1372 3772 1558 3827 Petrus
1595 3769 1663 3825 de
1690 3768 1826 3837 Dei,

239 3870 358 3941 quid
382 3869 457 3925 de
482 3883 603 3925 suo.
629 3868 926 3938 Utrumque
948 3865 1023 3922 ibi
1047 3865 1213 3922 habes
1243 3883 1256 3919 :
1285 3865 1420 3935 lege,
1442 3879 1551 3921 non
1576 3872 1659 3919 est
1685 3860 1829 3934 quod

237 3974 265 4015 a
287 3976 376 4017 me
402 3968 686 4030 exspectes
707 3959 907 4015 audire.
934 3956 1310 4015 Commemoro
1329 3955 1677 4027 Evangelium
1708 3971 1721 4008 :
1748 3952 1829 4009 Tu

238 4066 285 4105 es
304 4051 545 4106 Christus
572 4048 741 4105 Filius
768 4048 868 4105 Dei
891 4049 1007 4103 uiui.
1037 4048 1105 4103 Et
1122 4047 1377 4102 Dominus
1396 4045 1463 4101 ad
1491 4060 1613 4101 eum
1646 4062 1659 4098 :
1692 4043 1828 4098 Bea-

239 4149 312 4196 tus
331 4157 389 4197 es
409 4181 427 4209 ,
455 4139 640 4195 Simon
667 4137 953 4193 Bar-Jona.
981 4137 1195 4207 Quare?
1225 4137 1303 4193 De
1322 4144 1413 4192 tuo
1441 4135 1659 4191 beatus?
1683 4134 1825 4191 Non.

241 4230 371 4297 Quia
400 4248 522 4286 caro
544 4240 595 4286 et
621 4232 827 4302 sanguis
846 4247 948 4285 non
971 4230 1201 4284 reuelauit
1221 4228 1311 4283 tibi
1332 4244 1351 4283 :
1371 4227 1474 4283 hoc
1497 4226 1640 4283 enim
1669 4241 1727 4282 es
1749 4234 1824 4282 tu.

240 4322 356 4380 Non
409 4326 500 4380 tibi
523 4326 759 4381 reuelauit
781 4341 899 4380 caro
928 4332 974 4379 et
1010 4324 1248 4395 sanguis;
1286 4323 1374 4377 sed
1399 4321 1557 4377 Pater
1578 4337 1717 4376 meus
1741 4319 1829 4392 qui

237 4415 287 4471 in
302 4416 456 4474 caelis
477 4425 569 4474 est.
591 4416 662 4476 Et
687 4416 927 4490 sequitur
950 4455 967 4487 ,
989 4423 1045 4475 et
1076 4414 1206 4474 dicit
1230 4421 1423 4473 caetera
1446 4428 1566 4486 quae
1592 4426 1829 4471 commeo

3414 344 3527 407 996

1940 474 2152 517 morare
2175 459 2389 532 longum
2413 465 2515 518 est.
2536 458 2703 519 Paulo
2727 467 2850 533 post
2870 457 3126 519 Dominus
3145 460 3236 531 ibi,
3260 467 3383 534 post
3409 460 3528 521 haec

1939 553 2101 610 verba
2144 568 2240 609 sua
2262 594 2277 621 ,
2323 554 2510 626 quibus
2548 554 2861 628 approbavit
2887 555 3048 612 ﬁdem
3081 555 3262 625 Petri,
3302 569 3529 626 eamque

1938 654 2143 716 petram
2188 660 2307 701 esse
2347 648 2693 717 monstravit,
2735 648 2898 720 coepit
2925 648 3209 705 ostendere
3250 647 3528 719 discipulis

1938 737 2085 801 suis,
2134 737 2260 807 quia
2310 739 2586 807 oportebat
2625 754 2747 795 eum
2789 740 2972 797 venire
3015 740 3439 811 Jerosolymam,
3470 746 3528 795 et

1938 830 2103 885 multa
2128 829 2257 900 pati,
2287 837 2341 885 et
2365 830 2641 901 reprobari
2668 846 2698 887 a
2727 832 3026 889 senioribus
3049 842 3105 889 et
3141 831 3332 889 scribis
3357 839 3411 887 et
3436 846 3525 887 sa-

1939 920 2241 977 cerdotibus
2259 962 2276 989 ,
2306 929 2363 977 et
2384 922 2588 984 occidi,
2614 931 2668 978 ct
2691 924 2847 980 tertio
2875 923 2962 979 die
2987 937 3289 993 resurgere.
3316 922 3394 977 ibi
3420 921 3527 978 Pe-

1938 1021 2054 1068 trus
2079 1014 2145 1068 dc
2173 1028 2271 1069 suo
2294 1014 2528 1083 expavit,
2558 1023 2608 1070 et
2628 1008 2834 1070 horruit
2857 1024 3081 1071 mortem
3106 1014 3333 1082 Christi,
3365 1029 3529 1084 expa-

1940 1106 2015 1160 vit
2037 1120 2178 1175 mger
2196 1105 2514 1161 medicinam
2538 1121 2710 1161 suam.
2743 1107 2882 1160 Absit
2905 1123 2937 1161 a
2963 1116 3030 1175 te,
3055 1105 3290 1173 Domine,
3320 1106 3524 1177 inquit:

1940 1198 2187 1268 prapitius
2216 1198 2304 1251 tibi
2328 1206 2430 1252 esto
2451 1240 2465 1263 ,
2494 1215 2596 1253 non
2634 1199 2725 1267 ﬁat
2765 1199 2876 1253 hoc.
2906 1199 2973 1254 Et
3000 1200 3089 1254 ubi
3131 1207 3215 1255 est
3237 1240 3253 1267 ,
3291 1197 3522 1253 Potesta-

1939 1296 2039 1343 tem
2061 1289 2219 1343 habeo
2263 1290 2480 1358 ponendi
2506 1291 2728 1345 animam
2752 1307 2940 1358 meam,
2976 1300 3023 1346 et
3054 1300 3346 1359 potestatem
3367 1292 3524 1346 habeo

1938 1381 2118 1435 iterum
2144 1382 2376 1435 sumendi
2403 1398 2514 1435 eam
2536 1382 2713 1453 (Joan.
2737 1397 2770 1437 x
2790 1424 2806 1451 ,
2834 1382 2961 1453 i8)?
2982 1381 3187 1439 Oblitus
3210 1399 3298 1452 es,
3327 1383 3526 1438 Petrei

1938 1470 2147 1527 Oblitus
2175 1487 2235 1528 es
2256 1516 2272 1539 ,
2303 1472 2554 1544 Majorem
2578 1474 2873 1529 charitatem
2899 1491 3044 1529 nemo
3069 1475 3251 1545 habet,
3282 1492 3432 1546 quam
3472 1483 3528 1529 ut

1939 1564 2161 1617 animam
2184 1580 2327 1619 suam
2354 1573 2510 1634 ponat
2548 1566 2658 1636 quis
2686 1582 2777 1637 pro
2802 1566 2976 1621 amicis
3002 1565 3106 1621 suis
3140 1565 3247 1637 (Id.
3278 1583 3367 1632 xv,
3391 1564 3527 1639 i3)?

1939 1655 2144 1713 Oblitus
2171 1671 2249 1713 es.
2277 1656 2487 1713 Oblivio
2515 1657 2602 1714 illa
2645 1658 2711 1713 de
2752 1658 2916 1729 ipsius
2940 1676 2953 1726 ;
2986 1657 3265 1729 trepidatio
3289 1700 3304 1725 ,
3333 1658 3524 1714 horror

1939 1757 1993 1805 et
2014 1749 2174 1803 timor
2196 1750 2403 1815 mortis,
2430 1756 2597 1805 totum
2620 1748 2687 1805 de
2709 1749 2853 1805 Petri
2878 1767 2891 1805 :
2919 1750 3029 1805 imo
3047 1748 3115 1805 de
3141 1748 3392 1814 Simonis,
3417 1763 3524 1806 non

1938 1840 2005 1896 de
2027 1840 2191 1896 Petri.
2222 1841 2288 1896 Et
2314 1841 2566 1896 Dominus
2593 1859 2607 1895 :
2647 1839 2787 1895 Vade
2809 1850 2963 1906 retro,
2989 1850 3213 1895 satanas.
3240 1839 3431 1897 Beatus
3454 1857 3525 1907 es,

1940 1931 2120 1987 Simon
2150 1932 2415 1987 Bar-Jona
2442 1948 2461 1987 :
2493 1931 2633 1987 Vade
2655 1941 2808 1999 retro,
2841 1942 3045 1987 satanas
3072 1933 3111 1985 ί.
3132 1931 3318 1987 Beatus
3344 1949 3414 1999 es,
3438 1932 3529 1988 Si-

1938 2040 2056 2078 mon
2074 2022 2356 2091 Bar-Jona;
2383 2024 2479 2080 sed
2502 2023 2569 2079 de
2589 2024 2703 2079 Dei.
2744 2022 2883 2077 Vade
2900 2033 3033 2079 retro
3051 2065 3066 2091 ,
3096 2033 3335 2090 satanas;
3360 2023 3528 2080 unde?

1938 2116 2176 2173 Recoiite
2197 2117 2337 2173 unde
2362 2117 2568 2173 beatus.
2596 2116 2714 2189 iam
2743 2116 2851 2172 dixi
2884 2135 2897 2172 :
2930 2116 3062 2184 Quia
3087 2134 3189 2172 non
3216 2117 3305 2171 tibi
3330 2118 3525 2171 reuela-

1937 2212 2007 2265 uit
2042 2227 2159 2266 caro
2189 2222 2235 2265 et
2275 2212 2518 2282 sanguis;
2554 2211 2641 2266 sed
2686 2209 2845 2265 Pater
2870 2227 3009 2266 meus
3033 2211 3120 2283 qui
3159 2212 3213 2264 in
3255 2210 3393 2266 ctelis
3432 2219 3525 2265 est.

1937 2301 2089 2359 Unde
2116 2302 2371 2359 satanas?
2400 2303 2549 2357 Dicat
2568 2302 2823 2358 Dominus
2856 2320 2870 2355 :
2901 2301 3081 2371 Neque
3108 2302 3241 2356 enim
3258 2302 3397 2372 sapis
3414 2316 3530 2371 quas

1937 2394 2035 2450 Dei
2074 2404 2224 2462 sunt,
2253 2395 2341 2451 sed
2368 2410 2480 2466 qua:
2505 2404 2620 2451 sunt
2640 2395 2899 2450 hominum
2923 2393 3134 2464 (Matth.
3170 2408 3281 2461 xvr,
3314 2393 3523 2464 46—23).

2010 2524 2097 2579 15.
2127 2520 2194 2577 Et
2238 2523 2484 2578 credendo
2531 2532 2576 2577 et
2605 2524 2727 2577 bene
2762 2522 2969 2577 uiuendo
3014 2522 3244 2593 confiteri
3290 2521 3525 2578 debemus

1939 2615 2191 2680 Christum
2220 2616 2272 2670 in
2304 2631 2453 2671 carne
2499 2615 2706 2672 uenisse.
2753 2614 2975 2686 Sperate
3022 2613 3075 2668 in
3118 2614 3400 2669 Dominum
3425 2654 3440 2681 ,
3471 2621 3527 2669 et

1938 2725 2079 2765 verm
2103 2710 2223 2764 ﬁdei
2252 2710 2390 2765 bona
2438 2708 2574 2764 facta
2617 2708 2940 2779 conjungite.
2986 2706 3324 2763 Conﬁtemini
3367 2704 3522 2761 Chri«

1937 2810 2078 2858 stum
2108 2801 2161 2856 in
2187 2812 2348 2857 carne
2370 2802 2601 2866 venisse,
2634 2809 2689 2856 et
2714 2799 3005 2868 credendo,
3036 2810 3090 2854 ct
3114 2799 3252 2855 bene
3272 2798 3522 2866 vivendo,

1936 2901 1991 2949 et
2017 2900 2298 2963 utrumque
2323 2892 2390 2945 ab
2416 2891 2508 2946 illo
2533 2899 2808 2961 acceptum
2854 2898 3030 2946 tenete
3052 2930 3068 2957 ,
3100 2889 3167 2943 ab
3192 2888 3283 2944 illo
3318 2903 3521 2958 augen-

1935 2984 2063 3040 dum
2090 2994 2145 3039 et
2170 2982 2547 3053 perﬁciendum
2583 2991 2811 3052 sperate.
2841 2979 3148 3034 Maledictus
3173 2979 3316 3034 enim
3349 2978 3523 3033 omnis

1935 3078 2026 3150 qui
2052 3092 2199 3147 spem
2228 3092 2377 3132 suam
2421 3076 2568 3147 ponit
2609 3076 2664 3130 in
2688 3074 2903 3130 homine
2931 3072 3141 3145 (Ierem.
3176 3086 3289 3126 xvn
3308 3112 3323 3138 ,
3351 3071 3431 3139 5).
3462 3070 3527 3123 Et

1934 3170 2134 3226 bonum
2160 3179 2242 3225 est
2270 3167 2470 3223 homini
2496 3177 2553 3222 ut
2580 3168 2667 3237 qui
2693 3168 2969 3237 gloriatur,
2993 3166 3047 3219 in
3077 3165 3302 3220 Domino
3323 3164 3523 3234 glorie-

1936 3267 2023 3316 tur
2047 3259 2089 3331 (l
2115 3259 2233 3316 Cor.
2258 3275 2310 3326 ι,
2344 3259 2453 3329 3i).
2486 3258 2743 3317 Conversi
2786 3258 2853 3313 ad
2896 3257 3181 3313 Dominum
3212 3255 3381 3311 Deum
3421 3254 3522 3310 Pa-

1935 3360 2075 3407 trem
2103 3351 2522 3421 omnipotentcm
2546 3392 2561 3417 ,
2588 3364 2723 3421 puro
2752 3348 2912 3404 corde
2938 3349 2987 3404 ei
3010 3390 3026 3416 ,
3057 3356 3309 3419 quantum
3353 3352 3528 3416 potest

1935 3444 2169 3515 parvitas
2190 3451 2394 3511 nostra,
2418 3442 2675 3497 maximas
2700 3450 2858 3512 atque
2885 3455 3042 3496 veras
3066 3439 3262 3510 gratias
3284 3452 3524 3508 agamus;

1935 3547 2214 3610 precantes
2280 3544 2389 3592 toto
2443 3536 2623 3591 animo
2676 3535 2996 3606 singularem
3064 3531 3526 3587 mansuetudinem

1935 3630 2083 3700 ejus,
2115 3638 2173 3683 ut
2210 3641 2395 3699 preces
2441 3635 2652 3682 nostras
2690 3628 2742 3681 in
2788 3623 3121 3694 bencplacito
3150 3637 3247 3677 suo
3274 3620 3527 3677 exaudire

1935 3721 2212 3792 dignetur;
2240 3720 2511 3775 inimicum
2554 3734 2763 3790 quoque
2791 3733 2821 3772 a
2849 3716 3047 3773 nostris
3071 3715 3275 3770 actibus
3300 3723 3355 3768 et
3381 3712 3527 3782 cogi-

1935 3814 2223 3871 tationibus
2267 3828 2363 3869 sua
2400 3813 2596 3868 virtute
2636 3810 2904 3881 expellat,
2933 3807 3088 3863 nobis
3117 3804 3434 3875 multiplicet
3456 3802 3524 3857 ﬁ-

1935 3908 2077 3974 dem,
2104 3916 2337 3963 mentem
2361 3906 2652 3977 gubernet,
2682 3902 2982 3974 Spirituales
3008 3899 3356 3973 cogitationes
3382 3910 3519 3951 con-

1936 3986 2123 4067 cedat,
2152 4008 2206 4055 et
2232 3999 2299 4054 ad
2341 3996 2722 4054 beatitudinem
2768 4009 2917 4050 suam
2964 3990 3219 4065 perducat
3251 4008 3264 4045 :
3291 4002 3388 4060 per
3428 3986 3522 4043 Je-

1935 4111 2054 4153 sum
2074 4093 2343 4154 Christum
2368 4091 2560 4148 Filium
2585 4090 2719 4161 ejus.
2744 4090 2936 4144 Amen.

1999 4298 2013 4329 ¹
2042 4301 2114 4345 Er.
2139 4293 2287 4358 Lugd.
2312 4300 2365 4344 et
2383 4300 2537 4342 Ven.:
2565 4296 2618 4341 Et
2904 4300 2921 4338 :
2952 4284 3081 4357 Vade
3122 4286 3524 4358 r_etro,_sa_t_anas2

1936 4365 2111 4409 Beatus
2128 4349 2382 4417 es,'simon
2404 4362 2679 4417 Har-1mm;
2711 4352 2795 4402 sed
2821 4351 2882 4400 de
2914 4349 3036 4409 Dei;
3064 4349 3243 4399 omisso
3266 4349 3440 4398 Beatus
3473 4354 3527 4398 es

1931 4420 2089 4473 Simon
2112 4415 2352 4471 Bai-Jona
2380 4429 2398 4469 :
2430 4415 2558 4471 Vade
2580 4420 2730 4478 retro,
2748 4418 2957 4467 satanas.
3020 4418 3077 4461 tu.

1469 4943 1606 5020 Ν
