3996 6432
728 707 793 713 ’“
858 708 897 719 ”“
1474 731 2238 832 HIPPONENSIS
2293 739 2823 845 EPISCOPI

1059 1082 1066 1089 -
1259 928 3101 1198 SERMONES

1488 1299 1749 1414 an
1810 1242 2725 1439 Portium.

1889 1516 2390 1600 manu»

1145 1589 1754 1792 CLASSIS
1826 1679 1991 1787 ΙΙ.
2053 1682 2273 1794 DE
2330 1689 2775 1858 TEMP
2782 1708 3129 1833 ORE.

923 1909 1152 1967 ΘΒΚΜο
1186 1908 1495 1966 CLXXXIV
1515 1912 1534 1935 ⁶
1555 1907 1655 1981 (a).

741 2015 794 2061 in
812 2010 962 2062 Natali
984 2010 1167 2060 Domini
1187 2011 1340 2061 nostri
1360 2017 1475 2060 Jesu
1489 2008 1678 2072 cinisti,
1706 2007 1832 2073 ιω).

570 2112 798 2171 CAPUT
827 2110 1183 2170 PRIMUM.—-—
1201 2113 1254 2169 1.
1282 2111 1661 2168 lnaarnationis
1682 2111 1973 2183 mysterium
1992 2125 2080 2165 sa-

499 2207 746 2279 pientibus
774 2205 950 2262 mundi
984 2205 1349 2261 absconditum.
1394 2203 1596 2260 Natalis
1626 2202 1836 2259 Domini
1878 2210 1935 2259 et
1961 2201 2081 2257 Sal-

495 2299 695 2354 vatoris
722 2298 890 2354 nostri
919 2296 1045 2354 Jesu
1068 2295 1299 2363 Christi,
1330 2311 1438 2368 quo
1466 2295 1675 2352 Veritas
1704 2295 1773 2352 de
1800 2304 1939 2351 terra
1962 2303 2077 2351 orta

494 2398 598 2456 est,
625 2399 679 2444 et
701 2388 813 2445 dies
834 2405 899 2444 ex
922 2388 1008 2445 die
1044 2388 1097 2443 in
1118 2396 1357 2443 nostrum
1382 2395 1537 2443 natus
1562 2394 1647 2442 est
1664 2385 1806 2442 diem
1839 2387 1856 2419 ¹
1878 2427 1893 2452 ,
1921 2385 2077 2442 anni-

493 2481 732 2538 versario
758 2478 934 2537 reditu
975 2479 1130 2539 nobis
1164 2478 1324 2537 hodie
1350 2477 1702 2536 celebrandus
1736 2477 1906 2533 illuxit
1937 2494 1950 2532 :
1983 2491 2078 2534 ex-

488 2574 751 2633 aultemus
796 2582 852 2630 et
888 2572 1248 2644 jucundemur
1289 2572 1344 2628 in
1391 2586 1478 2628 eo.
1532 2570 1671 2641 Quid
1732 2571 1875 2629 enim
1918 2569 2076 2629 nobis

490 2664 798 2736 praestiterit
830 2672 989 2721 tantae
1033 2663 1373 2725 sublimitatis
1408 2661 1714 2729 humilitas,
1750 2661 1886 2717 ﬁdes
1914 2660 2074 2723 habet

490 2757 947 2825 Christianorum,
978 2765 1241 2819 remotum
1281 2763 1367 2813 est
1405 2770 1436 2810 a
1472 2754 1723 2811 cordibus
1750 2753 2072 2826 impiorum;

487 2852 740 2922 quoniam
767 2849 1045 2909 abscondit
1069 2850 1205 2907 Deus
1225 2849 1342 2906 hinc
1365 2864 1397 2904 a
1415 2846 1741 2920 sapientibus
1765 2854 1820 2904 et
1844 2845 2075 2921 pruden-

488 2941 631 2998 tibus
653 2983 670 3009 ,
698 2949 754 2997 et
787 2941 1048 2999 revelavit
1075 2956 1139 2998 ea
1169 2940 1402 3010 parvulis
1432 2938 1661 3011 (Matth.
1688 2954 1779 3009 at,
1804 2938 1931 3010 25).
1966 2937 2072 2999 Te-

485 3039 651 3089 neant
677 3047 805 3102 ergo
831 3032 1059 3091 humiles
1098 3031 1447 3089 humilitatem
1470 3030 1565 3091 Dei
1596 3047 1609 3084 :
1637 3038 1694 3087 nt
1718 3030 1774 3086 in
1802 3030 1904 3087 hoc
1925 3038 2073 3091 tanto

484 3120 828 3191 adiumento,
880 3130 1131 3192 tanquam
1179 3121 1251 3176 in
1278 3120 1598 3177 inﬁrmitatis
1645 3135 1757 3177 sum
1793 3119 2067 3191 jumento,

484 3212 804 3285 perveniant
853 3210 922 3267 ad
973 3211 1309 3271 altitudinem
1372 3210 1488 3266 Dei.
1542 3209 1820 3281 Sapientes
1892 3219 2070 3271 autem

482 3305 567 3364 illi
592 3315 649 3362 et
676 3304 1004 3375 prudentes,
1041 3303 1169 3361 dum
1193 3304 1300 3360 alta
1331 3304 1424 3361 Dei
1450 3312 1731 3374 quarunt,
1767 3312 1822 3360 et
1849 3303 2070 3363 humilia

483 3411 592 3457 non
622 3396 863 3462 credunt,
888 3395 988 3453 ista
1016 3395 1502 3465 prmtermittentes,
1533 3402 1587 3452 et
1609 3402 1826 3468 propter
1845 3394 1947 3453 hoc
1970 3410 2069 3457 nec

481 3487 549 3545 ad
580 3487 670 3543 illa
696 3485 1100 3557 pervenientes;
1125 3485 1310 3543 inanes
1338 3494 1393 3541 et
1416 3485 1565 3542 leves
1582 3527 1597 3553 ,
1626 3485 1795 3541 inﬂati
1823 3495 1877 3543 et
1905 3486 2030 3543 elati
2049 3528 2065 3556 ,

479 3588 539 3637 et
563 3578 812 3650 tanquam
838 3579 978 3635 inter
1006 3578 1204 3635 emlnm
1232 3587 1288 3634 et
1317 3585 1511 3634 terram
1539 3576 1592 3633 in
1612 3586 1830 3634 ventoso
1854 3578 2029 3635 medio
2045 3579 2066 3610 ³

480 3673 863 3747 pependerunt.
919 3673 1053 3730 Sunt
1083 3672 1224 3729 enim
1244 3672 1512 3745 sapientes
1538 3681 1594 3730 et
1620 3672 1928 3745 prudentes,
1972 3673 2065 3731 sed

479 3765 640 3837 hujus
684 3766 904 3835 mundi,
944 3780 1052 3823 non
1090 3765 1230 3821 illius
1259 3779 1289 3829 a
1316 3780 1421 3837 quo
1464 3763 1634 3820 factus
1687 3770 1774 3821 est
1811 3764 2061 3823 mundus.

477 3857 613 3915 Nam
650 3859 698 3916 si
724 3868 867 3917 esset
900 3859 952 3913 in
993 3857 1071 3915 eis
1102 3871 1233 3918 vera
1274 3854 1532 3928 sapientia
1554 3897 1569 3924 ,
1610 3870 1728 3927 quia
1775 3853 1875 3917 Dei
1901 3864 1983 3912 est
2009 3865 2064 3913 et

478 3950 621 4008 Deus
643 3959 746 4019 est,
775 3950 1131 4022 intelligerent
1150 3963 1182 4004 a
1211 3949 1322 4005 Deo
1341 3963 1555 4005 carnem
1584 3947 1819 4018 potuisse
1842 3947 2059 4019 suscipi,

477 4057 581 4098 nec
605 4058 725 4097 eum
756 4042 807 4097 in
832 4056 1047 4117 carnem
1066 4041 1299 4112 potuisse
1319 4040 1508 4097 mutari
1532 4057 1543 4093 :
1564 4040 1916 4113 intelligerent
1938 4054 2061 4095 eum

476 4135 832 4203 assumpsisse
856 4132 996 4203 quod
1021 4147 1128 4187 non
1148 4141 1282 4199 erat,
1303 4140 1359 4187 et
1382 4131 1739 4200 permansisse
1762 4130 1904 4202 quod
1922 4138 2058 4198 erat;

476 4226 607 4287 etin
629 4225 844 4283 homine
866 4226 934 4281 ad
952 4240 1052 4281 nos
1073 4225 1306 4291 venisse,
1329 4232 1383 4281 et
1400 4238 1429 4280 a
1451 4224 1607 4280 Patre
1626 4238 1731 4279 non
1750 4224 2056 4291 recessisse;

474 4326 535 4373 et
562 4318 612 4372 id
638 4332 759 4372 enm
790 4330 1163 4387 perseverasse
1190 4315 1334 4387 quod
1360 4324 1463 4383 est,
1495 4321 1550 4373 et
1572 4314 1726 4373 nobis
1751 4316 2060 4387 apparuisse

475 4408 621 4480 quod
649 4423 873 4473 sumus;
901 4414 953 4463 et
980 4398 1189 4479 corpori
1215 4408 1440 4463 infantili
1460 4408 1750 4478 potentiam
1779 4422 1898 4464 esse
1923 4409 2061 4465 indi-

475 4511 585 4560 tam
609 4546 625 4573 ,
652 4512 707 4560 et
730 4502 1010 4558 mundana:
1034 4503 1160 4557 moli
1192 4517 1295 4558 non
1327 4516 1448 4558 esse
1476 4503 1796 4557 subtractam
1825 4502 1866 4554 ³.
1898 4501 2057 4574 Cujus

475 4610 612 4668 Opus
641 4603 725 4652 est
765 4594 904 4666 apud
936 4594 1145 4649 Patrem
1181 4593 1443 4648 manentis
1486 4591 1712 4647 mundus
1742 4591 2053 4661 universus,

538 4729 555 4761 ί
578 4727 748 4797 lsthaee
767 4725 937 4797 verba,
950 4723 1003 4797 in
1023 4729 1238 4797 nostrum
1257 4728 1398 4796 natus
1411 4727 1481 4797 est
1494 4722 1659 4797 diem}.
1690 4729 1742 4773 et
1754 4722 1897 4797 paulo
1915 4725 2054 4797 inim,

472 4795 702 4860 (ququam
719 4787 771 4840 in
789 4784 1081 4860 ἱηΙὶεηὴίιαᾷςς
1109 4799 1213 4860 sua:
1240 4785 1458 4860 Iumenta
1472 4798 1496 4860 ,j
1510 4791 1582 4860 et~
1599 4784 1852 4860 aliquanto
1868 4795 2000 4850 post,
2025 4784 2057 4843 ἀ

472 4846 580 4902 w'ro'
596 4846 851 4927 meum
870 4849 1079 4927 θηρεπιαν
1104 4846 2057 4927 ειε-’ἐεςειξιιξιὲεέᾴἑςιῖιξίειὶίξ,ίὲιίρξξτέ.ει

472 4910 612 4977 cujus
633 4910 1008 4997 ιιῡιῖένςι-ειιθειηιι3
1030 4924 1139 4961 eam
1160 4910 1354 4982 veritate
1389 4910 1644 4972 pascebat;
1666 4910 1865 5022 aitait)?

470 4976 661 5088 strigile
684 4974 828 5026 editis
857 4974 1049 5037 omissa,
1084 4973 1391 5025 restitmmus
1418 4970 1479 5021 ad
1515 4978 1741 5025 veterum
1852 4986 1978 5025 tcum
2030 5004 2052 5017 .

508 5051 603 5088 em.

535 5102 711 5212 :11qu
744 5097 930 5150 invento
956 5096 1133 5150 mdia.
1167 5094 1261 5148 sed
1289 5102 1396 5148 Mss.
1429 5095 1733 5156 concinnius,
1775 5093 1829 5145 in
1869 5103 2053 5154 ventoso

535 5175 555 5212 ε
642 5198 655 5211 .

477 5173 655 5274 ’ἣξσῇ
671 5222 997 5285 manuscripti-
1024 5228 1078 5273 At
1100 5221 1244 5286 editi,
1275 5225 1324 5286 9!
1356 5218 1484 5286 apud
1518 5223 1709 5286 ιῖαττεηι
1728 5230 2053 5286 perseverasse

471 5285 599 5354 quod
621 5298 804 5346 sumus,
826 5289 875 5335 et
897 5279 1096 5354 eorpore
1113 5279 1323 5354 inferum
1340 5279 1440 5333 esse
1460 5279 1698 5354 indutum,
1725 5279 1773 5329 et
1794 5282 2053 5354 "enim

470 5342 584 5400 tholi
606 5359 700 5397 non
718 5342 821 5398 esse
842 5342 1151 5407 subtractum.
1165 5342 1365 5407 'Ctetera‘
1388 5356 1499 5407 quae
1519 5342 2049 5407 hiemanuseriptorum

469 5408 686 5459 subsidio
708 5409 1113 5471 redintegratur
1126 5405 1229 5457 loca
1251 5403 1371 5456 nihil
1388 5402 1522 5467 j'uvat
1543 5402 1750 5453 referre.

536 5472 553 5491 θ
577 5469 862 5519 Emendatus
885 5468 961 5520 est
992 5469 1051 5518 ad
1072 5468 1136 5518 cl.
1161 5483 1204 5517 r.
1228 5483 1277 5518 v.
1304 5474 1355 5519 et
1372 5475 1482 5518 Lov.

556 5529 1178 5599 q)Alias,deDi_versis§6.
1818 5588 1849 5599 η

559 5589 608 5651 b)
628 5589 884 5642 Sermones
901 5594 964 5642 de
984 5592 1133 5642 Natali
1158 5593 1341 5642 Domini
1364 5591 1554 5643 habitos
1568 5589 1641 5639 ab'
1653 5589 1917 5651 Augustino
1939 5601 2048 5647 pos.

635 5655 683 5703 in
704 5652 927 5724 tndiculp,
942 5666 1047 5724 mp.
1070 5654 1117 5713 9,
1137 5661 1368 5724 testatur;
1388 5660 1439 5704 et
1460 5663 1668 5724 rursum,
1684 5650 1787 5712 cap.
1816 5650 1897 5724 lO_,_
1916 5664 2049 5710 notat

468 5717 536 5780 de
557 5716 647 5766 hoc
670 5714 844 5764 eodem
855 5712 1217 5780 -festo'septem,
1234 5717 1320 5768 ubi
1352 5712 1629 5768 sermonem
1650 5721 1815 5767 tamen
1836 5712 2046 5779 aliquem

469 5779 696 5837 distincte
720 5789 815 5825 non
836 5775 1072 5840 designat;

2185 1912 2342 2028 1:an
2360 1934 2512 2028 .opus.
2634 1929 2702 2028 ad
2738 1949 2836 1992 nos
2864 1940 3127 2001 venientis
3152 1945 3384 2022 Virginis
3418 1967 3624 2028 partus.
3661 1963 3768 2024 De-

2182 2004 2261 2110 dit
2284 2012 2479 2125 quippe
2497 2016 2749 2080 indicium
2779 2028 3069 2099 majestatis
3089 2037 3205 2108 ejus
3400 2004 3767 2125 Qui;

2186 2113 2339 2171 virgo
2361 2114 2485 2164 ante
2501 2123 2823 2211 conceptum
2843 2162 2858 2189 ,
2884 2131 2992 2181 tam
3010 2127 3162 2201 virgo
3188 2113 3770 2211 post—parturnpaviro

2180 2203 2461 2303 prtegnans
2499 2199 2743 2303 inventa,
2774 2224 2880 2267 non
2907 2212 3045 2272 facta
3074 2199 3623 2303 {gravida-masculo,

2179 2287 2420 2397 innecti-lo
2449 2306 2463 2345 ε
2494 2290 2700 2352 felicior
2722 2307 2880 2372 atque
2906 2287 3198 2368 mirabilior
3215 2287 3764 2397 fecunditate

2178 2373 2483 2478 Integritate
2530 2402 2636 2478 non
2674 2392 2899 2461 perdita.
2932 2398 3044 2457 Hoc
3066 2411 3171 2461 tam
3201 2373 3763 2478 grandeﬂmi'raeu‘lu-t-n

2178 2469 2385 2574 malunt
2410 2474 2485 2530 illi
2515 2477 2693 2574 (letum
2718 2493 2924 2557 putare,
2944 2507 3104 2560 quam
3130 2469 3347 2556 fac-tum.
3372 2503 3447 2560 lta
3471 2469 3767 2570 in—

2177 2555 2395 2620 homine
2436 2575 2491 2622 et
2526 2569 2666 2641 Deo,
2708 2555 2928 2638 credere
2954 2555 3202 2654 ciconiam
3246 2555 3762 2667 non

2177 2665 2359 2755 mana,
2390 2668 2761 2734 contemnunt;
2777 2673 3027 2742 quoniam
3048 2693 3157 2736 non
3178 2665 3399 2753 possunt
3417 2700 3765 2755 contemnere

2176 2744 2353 2859 dl’vlna
2370 2792 2386 2817 ,
2418 2768 2523 2809 non
2551 2758 2800 2817 eredtmt.
2844 2763 3011 2824 Nobis
3036 2744 3216 2829 autem
3245 2782 3441 2847 quanto

2176 2841 2333 2911 otius,
2356 2852 2505 2903 tanto
2526 2850 2596 2906 sit
2621 2855 2823 2924 gratius
2849 2858 2901 2913 in
2932 2860 3231 2924 humilitate
3256 2841 3351 2927 Dei
3372 2871 3605 2933 hominis
3635 2841 3762 2936 c3}—

2174 2948 2313 3031 pus:
2340 2945 2395 2993 et
2419 2951 2621 3011 quanto
2648 2945 2755 3005 illis
2789 2959 2875 3007 est
2902 2952 3316 3031 impossibilior,
3348 2972 3497 3024 tanto
3518 2970 3591 3026 sit
3614 2971 3763 3030 divi-

2178 3028 2299 3125 nior
2326 3033 2379 3089 in
2406 3034 2636 3096 hominis
2663 3044 2936 3103 nativitate
2958 3049 3175 3122 virginis
3196 3028 3397 3125 partus.

2242 3123 2472 3185 CAPUT
2513 3129 2579 3186 ιι.
2627 3164 2700 3176 -
2738 3137 2795 3191 2.
2845 3138 3052 3199 Natalia
3098 3123 3285 3204 Christi
3333 3154 3526 3210 cunctis
3568 3157 3765 3216 ιωιίιεω

2173 3231 2344 3313 cerusa.
2375 3220 2605 3313 Proinde
2630 3226 2868 3287 Natalem
2910 3233 3121 3293 Domini
3152 3239 3447 3313 frequentia
3474 3257 3528 3304 et
3555 3249 3762 3310 festivi-

2172 3315 2283 3365 tate
2310 3310 2484 3369 debita
2513 3317 2869 3380 celebremus.
2902 3324 3180 3385 Exsultent
3206 3310 3340 3401 viri,
3371 3339 3651 3397 exsultent
3686 3345 3762 3401 fe-

2172 3400 2333 3456 minae
2364 3419 2378 3456 :
2409 3403 2656 3485 Christus
2674 3411 2756 3465 vir
2782 3422 2865 3469 est
2897 3425 3081 3487 natus,
3123 3436 3189 3477 ex
3218 3400 3416 3483 femina
3444 3439 3530 3485 est
3564 3410 3755 3505 natus;

2170 3497 2225 3593 et
2252 3500 2474 3564 uterque
2497 3511 2662 3556 sexus
2691 3509 2775 3557 est
2813 3504 3119 3566 honoratus.
3146 3512 3265 3571 Jam
3306 3531 3433 3593 ergo
3462 3522 3530 3578 ad
3560 3497 3760 3583 securi;

2168 3578 2296 3678 dum
2344 3583 2617 3645 hominem
2657 3602 2922 3667 transeat,
2960 3601 3052 3671 qui
3095 3605 3148 3658 in
3194 3578 3760 3678 primovfueraivant-e

2167 3671 2468 3765 damnatus.
2499 3679 2724 3740 Mortem
2755 3688 2909 3745 nobis
2958 3671 3295 3762 persuaserat
3320 3699 3515 3760 femina
3545 3671 3755 3769 wit—ain

2168 3764 2322 3873 nobis
2338 3769 2552 3873 peperit
2586 3772 2801 3873 femina.
2831 3777 2967 3837 Nata
2995 3794 3077 3840 est
3105 3786 3394 3849 similitudo
3418 3800 3599 3857 carnis

2166 3856 2269 3960 fati
2301 3856 2477 3960 (.Rom.
2519 3878 2641 3933 vni,
2671 3866 2758 3960 5),
2803 3885 2911 3941 qua
2957 3877 3303 3938 mandaretur
3346 3900 3473 3943 caro

2165 3946 2281 4004 Non
2307 3949 2484 4022 itaque
2511 3968 2639 4012 caro
2664 3959 2942 4033 culpetur,
2974 3966 3068 4023 sed
3098 3978 3155 4025 ut
3178 3981 3364 4031 natura
3388 3946 3537 4036 vivat
3549 3946 3757 4057 ,ν

2165 4041 2463 4101 moriatur:
2488 4048 2612 4118 quia
2638 4051 2754 4106 sine
2780 4053 2935 4125 culpa
2967 4065 3122 4116 natus
3146 4071 3258 4132 est,
3293 4067 3346 4122 in
3374 4084 3479 4140 quo
3500 4041 3670 4145 is'qui
3693 4041 3753 4133 in

2165 4131 2321 4239 inlpa
2346 4133 2537 4206 fuerat,
2572 4152 2899 4201 renascatur.
2928 4148 3227 4223 Exsultate,
3260 4131 3409 4228 puerl
3437 4131 3634 4233 sancti,
3662 4131 3759 4239 qui

2163 4221 2431 4282 Christum
2454 4233 2722 4303 praecipue
2746 4240 3076 4308 sequendum
3100 4221 3352 4318 elegistis,
3382 4254 3472 4323 qui
3496 4221 3756 4330 coniugia

2161 4329 2266 4373 non
2295 4321 2578 4423 quaesistis.
2609 4324 2723 4382 Non
2746 4328 2811 4384 ad
2830 4344 2928 4387 vos
2952 4349 3051 4406 per
3073 4339 3373 4410 coniugium
3394 4321 3562 4417 venit,
3586 4321 3757 4423 tinem

2126 4431 2138 4443 η-
2162 4409 2503 4480 δοιιιιθηὰιιω
2536 4414 2849 4487 invenistis;
2883 4433 2940 4478 nt
2966 4425 3191 4484 donaret
3216 4409 3368 4489 vobis
3395 4409 3757 4501 contemnere

2158 4512 2258 4569 per
2302 4503 2442 4571 quod
2493 4507 2734 4564 venistis.
2788 4510 2892 4569 Vos
2930 4516 3070 4570 enim
3115 4521 3335 4578 venistis
3367 4540 3463 4597 per
3495 4534 3756 4592 carnales

2130 4592 2131 4595 “
2158 4593 2390 4662 nuptias,
2422 4596 2539 4653 sine
2567 4600 2757 4670 quibus
2782 4601 2872 4660 ille
2896 4607 3198 4677 spirituales
3225 4592 3458 4674 venit—ad
3484 4624 3709 4693 nuptias
3736 4643 3751 4679 :

2159 4691 2213 4739 et
2240 4685 2390 4741 vobis
2419 4687 2565 4745 dedit
2595 4706 2847 4763 spernere
2871 4701 3104 4770 nuptias,
3133 4720 3268 4775 quos
3292 4685 3778 4782 praecipue—voca:

2158 4776 2234 4831 vit
2256 4777 2322 4833 ad
2348 4780 2580 4851 nuptias.
2627 4785 2768 4857 Ergo
2796 4789 2933 4845 unde
2961 4793 3072 4847 nati
3097 4796 3258 4866 estis,
3296 4776 3406 4856 non
3434 4776 3754 4873 (iussistis;

2159 4868 2281 4947 quia
2302 4886 2428 4935 eum
2447 4874 2538 4945 qui
2555 4890 2658 4930 non
2676 4876 2750 4934 ita
2777 4890 2932 4936 natus
2953 4892 3054 4953 est,
3075 4886 3198 4957 plus
3224 4904 3381 4961 quam
3409 4868 3593 4951 ueteri
3616 4899 3634 4930 ³
3664 4868 3758 4955 di;

2159 4958 2386 5021 lexistis.
2448 4964 2757 5036 Exsultate,
2800 4972 3032 5044 virgines
3084 4958 3285 5036 sanctae
3323 5000 3339 5036 :
3377 4982 3538 5057 Virgo
3585 4991 3756 5047 vobis

2156 5055 2383 5125 peperit,
2415 5057 2501 5111 cui
2526 5057 2642 5114 sine
2666 5063 3006 5133 corruptione
3025 5067 3271 5139 nubatis;
3293 5088 3411 5144 qua:
3432 5055 3532 5133 nec
3551 5080 3756 5138 conci-

2155 5144 2381 5214 piendo,
2411 5162 2511 5203 nec
2553 5149 2805 5219 pariendo
2846 5157 3072 5224 potestis
3096 5159 3320 5230 perdere
3354 5166 3494 5236 quod
3518 5171 3753 5227 amatis.

2155 5235 2453 5305 Exsultate,
2475 5238 2603 5309 justi
2632 5258 2646 5295 ε
2672 5241 2876 5300 Natalis
2894 5258 2977 5302 est
3001 5235 3393 5311 Justiﬁcatoris.
3421 5256 3753 5334 Exsultate,
3860 5246 3865 5251 ’

2155 5328 2357 5386 debiles
2382 5340 2435 5386 et
2472 5334 2658 5402 mgroti
2695 5352 2709 5390 :
2735 5335 2938 5394 Natalis
2962 5350 3044 5395 est
3072 5342 3383 5405 Salvatoris.
3411 5328 3750 5425 Exsultate,

2154 5421 2345 5491 captivi
2364 5438 2378 5475 :
2395 5421 2596 5480 Natalis
2612 5434 2693 5480 est
2709 5425 3100 5501 Redemptoris.
3126 5434 3401 5495 Exsultent
3423 5442 3569 5497 servi
3597 5462 3614 5499 :
3646 5421 3756 5503 Na-

2154 5513 2271 5568 talis
2306 5521 2386 5569 est
2408 5513 2752 5573 dominantis.
2775 5519 3056 5578 Exsultent
3072 5524 3221 5581 liberi
3245 5527 3571 5588 :Natalisest
3602 5534 3757 5595 libe-

2153 5606 2338 5683 rantis.
2360 5607 2640 5665 Exsultent
2653 5625 2839 5669 omnes
2858 5611 3173 5674 Christiani:
3199 5619 3399 5681 Natalis
3409 5634 3488 5683 est
3500 5625 3751 5689 Christi.

2218 5785 2233 5816 ⁸
2259 5789 2307 5835 in
2332 5786 2491 5849 editis,
2517 5793 2709 5840 auara.
2739 5792 2910 5844 verius
2930 5795 2978 5844 in
3001 5800 3350 5865 exemptis,
3374 5805 3555 5859 (κεναί,
