4108 6336
460 513 514 568 s.
548 509 800 565 Natieitas
835 504 1022 566 Christi
1053 502 1259 581 άαριεω.
1298 507 1613 564 Admiranda
1658 508 1713 563 in
1738 507 1848 563 Deo
1876 506 1963 563 in-

390 611 549 678 fante.
581 604 680 660 Hic
705 604 773 661 de
800 612 972 661 matre
1006 612 1160 659 natus
1206 603 1366 659 istum
1402 603 1543 658 diem
1578 602 1788 658 saeculis
1811 615 1961 656 com-

390 695 661 753 mendavit
678 735 691 761 ,
723 694 812 765 qui
841 694 909 751 de
927 694 1084 750 Patre
1112 701 1267 749 natus
1293 693 1488 749 saecula
1526 701 1716 749 cuneta
1741 690 1958 748 creavit.

388 788 497 845 Nec
541 787 627 842 illa
654 786 901 844 nativitas
928 786 1088 842 ullam
1122 784 1320 842 habere
1357 785 1528 857 potuit
1564 791 1827 852 matrem,
1866 795 1963 839 nec

386 881 490 937 ista
532 879 777 951 quaesivit
818 880 1086 936 hominem
1134 888 1359 951 patrem.
1413 878 1650 948 Denique
1690 886 1846 933 natus
1881 883 1965 931 est

384 971 629 1028 Christus
657 979 709 1027 et
737 971 804 1027 de
844 979 993 1043 patre
1015 1012 1031 1041 ,
1076 981 1131 1028 et
1154 971 1223 1029 de
1251 981 1455 1038 matre;
1483 980 1538 1026 et
1561 971 1677 1027 sine
1702 978 1881 1041 patre,
1909 977 1964 1025 et

385 1064 506 1121 sine
544 1072 714 1121 matre
742 1083 757 1120 :
796 1065 863 1121 de
914 1073 1066 1136 patre
1094 1066 1237 1121 Deus
1259 1107 1276 1135 ,
1306 1065 1373 1120 de
1401 1074 1571 1120 matre
1616 1063 1816 1129 homo;
1846 1062 1963 1119 sine

384 1166 555 1216 matre
583 1158 746 1225 Deus,
777 1158 892 1214 sine
917 1168 1066 1229 patre
1088 1158 1267 1214 homo.
1297 1156 1679 1214 Generationem
1704 1169 1833 1227 ergo
1854 1156 1963 1223 eius

382 1250 495 1321 quis
519 1249 771 1304 enarrabit
804 1248 955 1322 (Isai.
985 1265 1096 1316 ιιιι,
1124 1249 1184 1321 8)
1214 1266 1228 1305 :
1258 1249 1374 1305 sive
1399 1248 1542 1304 illam
1564 1248 1679 1303 sine
1701 1255 1959 1315 tempore,

381 1340 500 1396 sive
524 1340 681 1395 istam
708 1340 823 1395 sine
865 1340 1104 1406 semine;
1132 1339 1275 1394 illam
1301 1340 1417 1395 sine
1443 1338 1593 1394 initio
1617 1379 1632 1406 ,
1660 1336 1816 1393 istam
1844 1336 1960 1393 sine

382 1430 675 1500 exemplo;
703 1430 847 1487 illam
886 1446 1006 1502 qua:
1033 1444 1304 1500 nunquam
1341 1444 1447 1485 non
1476 1429 1607 1497 fuit,
1638 1428 1797 1483 istam
1842 1442 1962 1498 quae

380 1537 483 1578 nec
507 1530 662 1580 antea
687 1538 787 1579 nec
807 1532 990 1595 postea
1017 1523 1133 1587 fuit;
1157 1524 1301 1579 illam
1323 1538 1442 1595 quas
1466 1539 1571 1579 non
1594 1523 1753 1580 habet
1777 1522 1958 1589 finem,

380 1614 537 1673 istam
568 1631 685 1688 quae
714 1616 924 1673 initium
949 1617 1058 1673 illic
1084 1617 1275 1686 habet,
1309 1616 1398 1672 ubi
1423 1616 1582 1674 ﬁnem
1615 1617 1677 1672 ‘i

450 1710 677 1767 CAPUT
700 1710 786 1766 ΙΙΙ.
813 1741 886 1753 -
909 1711 1098 1767 Merito
1126 1727 1252 1783 ergo
1277 1711 1559 1783 Propheta:
1586 1710 1961 1766 nuntiaverunt

378 1802 703 1859 nasciturum
723 1844 740 1872 ,
771 1802 895 1859 caeli
922 1817 1049 1859 vero
1076 1812 1233 1874 atque
1262 1803 1450 1874 Angeli
1496 1810 1699 1858 natum.
1741 1799 1961 1857 Jacebat

375 1896 435 1954 in
480 1898 739 1970 praesepio
790 1899 1072 1955 continens
1113 1898 1370 1954 mundum
1400 1907 1491 1954 :et
1527 1895 1702 1951 infans
1746 1904 1861 1951 erat
1904 1904 1960 1950 et

376 1986 636 2046 Verbum.
667 1990 838 2058 Quem
868 1990 991 2045 coeli
1026 2005 1132 2046 non
1160 1990 1413 2060 capiunt,
1442 1990 1598 2044 unius
1627 1988 1838 2043 femina:
1881 1986 1958 2041 si-

379 2093 480 2135 nus
508 2079 729 2135 ferebat.
757 2080 849 2135 Illa
887 2096 1068 2152 regem
1095 2090 1340 2138 nostrum
1371 2081 1627 2151 regebat;
1654 2080 1706 2136 in
1732 2094 1838 2151 quo
1865 2091 1957 2134 su-

373 2186 529 2240 mus,
556 2170 645 2226 illa
670 2172 949 2243 portabat;
981 2188 1175 2244 panem
1225 2182 1464 2227 nostrum
1507 2173 1595 2228 illa
1637 2172 1885 2227 lactabat.
1912 2170 1959 2228 Ο

375 2260 658 2318 manifesta
682 2262 982 2331 infirmitas,
1013 2273 1066 2319 et
1086 2263 1220 2318 mira
1247 2262 1535 2328 humilitas,
1560 2262 1614 2317 in
1644 2278 1746 2333 qua
1772 2262 1849 2318 sic
1874 2262 1954 2317 la-

373 2354 474 2409 tuit
495 2362 601 2409 tota
630 2353 876 2409 divinitas
903 2356 959 2409 'l
989 2354 1207 2410 Matrem
1234 2355 1319 2411 cui
1348 2354 1655 2425 subjacebat
1684 2354 1899 2409 infantia
1927 2394 1943 2421 ,

371 2443 590 2514 regebat
618 2444 851 2514 potentia
875 2462 890 2511 ;
914 2454 970 2501 et
995 2445 1147 2516 cujus
1186 2444 1351 2500 ubera
1379 2444 1599 2515 sugebat
1622 2486 1637 2512 ,
1666 2460 1781 2501 eam
1813 2445 1955 2500 veri-

371 2541 480 2590 tate
510 2536 778 2606 pascebat.
805 2536 1052 2592 Perﬁciat
1090 2537 1145 2592 in
1168 2536 1321 2592 nobis
1341 2552 1435 2591 sua
1461 2551 1681 2591 munera
1704 2576 1719 2603 ,
1751 2536 1838 2606 qui
1866 2551 1954 2591 su-

371 2640 523 2683 mere
548 2642 652 2683 non
680 2627 955 2683 abhorruit
991 2628 1151 2683 etiam
1179 2637 1362 2683 nostra
1394 2628 1683 2699 primordia
1716 2646 1732 2683 :
1764 2637 1817 2683 et
1840 2629 1954 2699 ipse

370 2718 532 2776 faciat
555 2735 653 2776 nos
694 2720 790 2777 Dei
809 2719 982 2789 ﬁlios,
1014 2720 1103 2791 qui
1130 2728 1347 2791 propter
1385 2734 1485 2778 nos
1512 2719 1628 2777 ﬁeri
1656 2720 1823 2777 voluit
1851 2719 1951 2777 bo-

366 2811 529 2868 minis
555 2811 712 2867 ﬁlius.

799 2940 1029 3000 SERMO
1065 2938 1347 2998 CLXXXV
1374 2943 1394 2966 ·
1432 2941 1529 3013 (α).

840 3080 893 3129 In
914 3075 1062 3129 natali
1096 3078 1297 3140 Domini,
1330 3090 1366 3131 η
1386 3077 1475 3141 (b).

443 3206 667 3264 CAPUT
687 3205 978 3265 PRIMUM.
1007 3237 1079 3250 —-
1107 3209 1160 3265 1.
1204 3206 1353 3263 Verbi
1380 3207 1724 3262 incarnatione
1754 3204 1952 3261 Veritas

369 3308 479 3355 orta
498 3301 560 3356 de
587 3310 738 3356 terra.
760 3300 962 3357 Natalis
990 3301 1197 3357 Domini
1217 3300 1439 3367 dicitur,
1467 3299 1679 3371 quando
1718 3298 1814 3355 Dei
1849 3298 1950 3355 Sa-

364 3392 563 3464 pientia
582 3408 641 3448 se
666 3391 1049 3448 demonstravit
1069 3390 1344 3457 infantem,
1369 3399 1423 3446 et
1448 3391 1544 3446 Dei
1570 3389 1803 3447 Verbum
1833 3391 1950 3446 sine

367 3487 545 3542 verbis
581 3501 770 3543 vocem
815 3486 993 3542 carnis
1021 3486 1217 3541 emisit.
1264 3485 1355 3539 Illa
1383 3493 1563 3540 tamen
1587 3484 1794 3539 occulta
1818 3483 1950 3539 divi-

364 3576 538 3643 nitas,
573 3586 629 3633 et
663 3577 825 3647 Magis
864 3578 1001 3632 caelo
1027 3584 1160 3631 teste
1190 3575 1483 3647 signiﬁcata
1505 3618 1521 3645 ,
1567 3585 1620 3632 et
1649 3576 1949 3647 pastoribus

365 3669 605 3739 angelica
630 3683 759 3724 voce
793 3669 1034 3723 nuntiata
1064 3677 1166 3723 est.
1204 3668 1352 3722 llanc
1390 3667 1549 3737 igitur
1585 3668 1948 3723 anniversaria

364 3762 704 3817 solemnitate
752 3762 1083 3818 celebramus
1125 3761 1265 3816 diem
1286 3800 1301 3827 ,
1323 3776 1425 3831 qua
1455 3761 1669 3832 impleta
1704 3770 1785 3816 est
1825 3776 1950 3831 pro-

302 3890 303 3893 η
363 3854 544 3926 pltetia
574 3854 757 3910 dicens
792 3872 804 3907 :
838 3852 1036 3908 Veritas
1063 3853 1124 3907 de
1152 3862 1284 3907 terra
1321 3863 1431 3907 orta
1455 3864 1558 3920 est,
1585 3863 1632 3907 et
1658 3853 1862 3924 justitia
1885 3852 1948 3908 de

364 3946 488 3999 caelo
515 3946 769 4016 prospexit
798 3942 819 4020 (
842 3944 985 4000 Psat.
1015 3960 1230 4012 LXXXtv,
1260 3944 1327 3999 l2
1346 3944 1387 4016 ).
1419 3944 1627 4001 Veritas
1647 3960 1766 4015 quae
1786 3954 1868 4001 est
1892 3948 1948 4002 in

365 4038 484 4095 sinu
513 4038 685 4093 Patris
704 4078 720 4105 ,
749 4036 815 4093 de
841 4045 981 4093 terra
1011 4045 1127 4092 orta
1154 4046 1272 4103 est,
1301 4044 1360 4090 ut
1386 4045 1527 4093 esset
1554 4036 1712 4091 etiam
1743 4037 1797 4091 in
1826 4037 1947 4093 sinu

365 4128 568 4183 matris.
592 4128 798 4183 Veritas
827 4143 929 4200 qua
959 4127 1187 4182 mundus
1217 4128 1540 4195 continetur,
1565 4128 1631 4183 de
1660 4137 1799 4183 terra
1829 4136 1945 4184 orta

364 4227 464 4283 est,
492 4227 547 4273 ut
575 4216 818 4274 femineis
842 4217 1084 4273 manibus
1112 4227 1429 4287 portaretur.
1459 4217 1665 4274 Veritas
1686 4233 1787 4288 qua
1816 4218 1943 4273 bea-

367 4309 533 4364 titudo
570 4309 893 4378 Angelorum
940 4308 1411 4379 ineorruptibiliter
1448 4308 1641 4377 alitur,
1687 4308 1754 4365 de
1803 4317 1944 4365 terra

364 4408 481 4455 orta
508 4407 621 4468 est,
666 4407 723 4454 ut
748 4398 1046 4455 carnalibus
1085 4399 1336 4454 uberibus
1377 4399 1683 4455 laetaretur.
1735 4399 1943 4457 Veritas

364 4490 446 4545 cui
469 4491 658 4545 coelum
685 4505 789 4545 non
813 4489 1027 4556 sufﬁcit,
1057 4489 1124 4545 de
1148 4498 1286 4545 terra
1308 4500 1422 4545 orta
1449 4499 1548 4557 est,
1580 4500 1638 4546 ut
1659 4492 1710 4546 in
1743 4508 1940 4562 praese-

363 4580 453 4653 pio
482 4592 781 4653 poneretur.
832 4582 994 4652 Cujus
1038 4582 1179 4638 bono
1216 4583 1268 4636 in
1297 4591 1441 4638 tanta
1476 4583 1772 4643 humilitate
1800 4588 1945 4643 venit

366 4680 513 4727 tanta
554 4672 886 4728 sublimitas?
928 4673 1069 4727 Nulli
1111 4674 1291 4745 utique
1316 4690 1453 4742 suo;
1495 4675 1589 4730 sed
1631 4692 1822 4748 magno
1848 4720 1863 4747 ,
1895 4678 1941 4734 si

364 4765 653 4832 credimus,
684 4775 888 4821 nostro.
923 4766 1305 4837 Expergiscere
1328 4808 1342 4835 ,
1368 4767 1530 4823 homo
1563 4787 1574 4824 :
1602 4785 1700 4841 pro
1730 4779 1779 4826 te
1800 4770 1942 4831 Deus

362 4854 535 4913 factus
560 4864 641 4912 est
661 4856 839 4912 homo.
871 4856 1054 4927 Surge,
1084 4858 1169 4927 qui
1196 4858 1414 4927 dormis,
1437 4869 1483 4914 et
1509 4877 1719 4934 exsurge
1745 4880 1775 4916 a
1802 4880 1940 4919 mor-

365 4949 489 5016 tuis,
516 4955 564 5002 et
588 4946 893 5004 illuminabit
919 4956 965 5002 te
989 4947 1217 5003 Christus
1241 4948 1453 5019 (Ephes.
1482 4966 1535 5017 v,
1569 4952 1679 5023 14).
1711 4953 1813 5009 Pro
1851 4962 1902 5010 te
1921 4995 1937 5022 ,

364 5041 601 5112 inquam,
632 5039 772 5095 Deus
807 5038 974 5095 factus
1001 5048 1083 5094 est
1111 5038 1291 5095 homo.
1319 5040 1376 5095 in
1416 5050 1671 5097 aeternum
1698 5053 1940 5103 mortuus

365 5148 513 5189 esses
532 5172 549 5200 ,
583 5132 684 5187 nisi
704 5132 757 5187 in
786 5138 1025 5202 tempore
1059 5139 1214 5186 natus
1238 5139 1399 5187 esset.
1430 5132 1706 5203 Nunquam
1741 5135 1938 5192 libera-

363 5224 502 5282 reris
526 5238 557 5279 a
603 5238 765 5280 carne
790 5223 1027 5295 peccati,
1062 5223 1161 5279 nisi
1188 5224 1509 5295 suscepisset
1540 5226 1938 5286 similitudinem

422 5398 446 5467 ἓ
469 5398 601 5467 Αριιᾲ
621 5405 750 5467 Ipsa
772 5394 909 5467 διιωιι
928 5410 1037 5459 ww
1065 5412 1159 5449 ηοη
1181 5397 1320 5451 habet
1338 5397 1511 5467 ﬁnem
1548 5402 1692 5458 istam

356 5414 1037 5524 “ﬂmﬁl‘iﬁé‘fﬁé’i‘n‘i
1065 5414 1159 5509 "3’3
1181 5414 1320 5451 ’⁸³⁸⁸⁸
1338 5414 1511 5467 ’Μ’
1548 5414 1692 5458 “‘“m
1720 5420 1830 5473 Μ
1850 5422 1937 5463 ⁷⁸⁸⁸

425 5525 445 5555 ³
465 5524 537 5573 sic
557 5531 663 5574 Mss.
685 5529 737 5572 At
760 5521 887 5582 bovi,
915 5528 1045 5573 tanta
1065 5521 1302 5575 divinitas.

424 5585 442 5604 '
459 5585 747 5634 Emendatus
769 5591 843 5634 est
865 5584 923 5633 ad
947 5584 1007 5633 el.
1035 5600 1083 5634 ιι.
1108 5599 1150 5635 ι·.
1189 5600 1234 5637 v.
1273 5594 1381 5638 nov.

447 5648 496 5708 ρ)
521 5646 664 5708 Alias,
686 5646 749 5695 de
766 5647 976 5697 Diversis
997 5647 1072 5695 62.

515 5716 649 5781 hunc
671 5708 882 5781 maximo
920 5709 1087 5781 tribuit
1122 5711 1399 5781 Navarricus
1427 5712 1584 5781 codex
1620 5728 1632 5762 :
1675 5722 1934 5781 augustino

354 5772 523 5841 caeteri
547 5771 1026 5841 manuscripti,.cujus
1046 5784 1222 5825 revera
1245 5773 1406 5825 stilum
1427 5775 1505 5826 hic
1524 5771 1868 5841 deprehendes
1884 5771 1937 5839 et

354 5835 631 5900 Manium,
654 5845 752 5883 non
771 5835 973 5883 Naxum.
1590 5835 1607 5841 “
1652 5886 1658 5891 ,

1720 386 1948 450 εειιιω
1983 384 2285 450 CLXXXV.

2070 507 2247 564 carnis
2275 509 2494 577 peccati.
2543 508 2807 581 Perpetua
2837 518 2893 571 te
2918 512 3218 584 possideret
3256 515 3469 574 miseria
3492 559 3510 586 ,
3538 520 3641 579 nisi

2069 598 2221 655 ﬁeret
2260 599 2373 657 haec
2418 602 2802 661 misericordia.
2847 603 2964 663 Non
3014 607 3331 676 revixisses,
3387 610 3491 666 nisi
3538 620 3642 669 tuas

2069 691 2226 746 morti
2261 694 2613 751 convenisset.
2646 696 2960 765 Defecisses,
2982 699 3085 756 nisi
3123 700 3475 759 subvenisset.
3505 704 3637 761 Per-

2068 782 2202 843 isses
2220 826 2237 850 ,
2266 785 2372 841 nisi
2395 786 2650 844 venisset.

2138 874 2364 933 CAPUT
2403 876 2466 931 ll.
2493 906 2563 917 -—
2584 878 2639 933 2.
2670 878 2879 936 Iustitia
2901 881 3246 939 incarnatione
3269 884 3453 940 Christi
3498 887 3640 944 nobis

2067 965 2245 1021 allata.
2276 966 2617 1023 Celebremus
2642 970 2751 1026 lacti
2787 980 2984 1029 nostra:
3019 975 3204 1031 salutis
3231 983 3287 1031 et
3314 976 3637 1047 redemptio-

2066 1059 2150 1114 nis
2174 1059 2478 1115 adventum.
2507 1062 2853 1120 Celebremus
2872 1064 3065 1122 festum
3095 1068 3253 1135 diem,
3286 1085 3392 1140 quo
3417 1087 3639 1142 magnus

2066 1158 2121 1207 et
2145 1160 2372 1207 aeternus
2396 1152 2510 1209 dies
2535 1168 2603 1209 ex
2621 1169 2813 1227 magno
2847 1165 2904 1213 et
2924 1166 3125 1217 aeterno
3150 1160 3234 1215 die
3255 1161 3398 1217 venit
3417 1163 3469 1217 in
3500 1163 3640 1220 hunc

2067 1251 2306 1298 nostrum
2347 1252 2453 1299 tam
2480 1245 2696 1302 brevem
2718 1249 3061 1319 temporalem
3083 1251 3242 1307 diem.
3276 1253 3373 1309 Hic
3396 1264 3468 1309 est
3498 1256 3641 1312 nobis

2066 1337 2233 1408 {actus
2250 1338 2470 1409 justitia,
2501 1346 2548 1393 et
2570 1340 2923 1410 sanctificatio,
2954 1350 3001 1398 et
3022 1344 3295 1415 redmtio
3314 1362 3333 1400 :
3360 1355 3437 1412 ut,
3468 1363 3640 1416 quem-

2065 1428 2341 1485 admodum
2384 1429 2623 1501 scriptum
2650 1440 2741 1497 est,
2772 1429 2870 1500 Qui
2905 1432 3172 1504 gloriatur,
3205 1436 3259 1490 iu
3284 1434 3502 1492 Domino
3525 1438 3640 1509 glo-

2062 1521 2221 1578 rietur
2241 1523 2286 1593 (l
2307 1521 2421 1580 Cor.
2440 1538 2478 1590 ι,
2495 1524 2564 1580 50
2581 1533 2626 1581 et
2648 1525 2761 1596 51).
2794 1525 2861 1582 Ut
2882 1526 3022 1583 enim
3047 1528 3310 1598 superbia:
3330 1528 3639 1587 Judaeorum

2064 1612 2265 1668 similes
2291 1630 2396 1669 non
2424 1629 2684 1684 essemus,
2731 1617 2822 1687 qui
2849 1617 3138 1689 ignorantes
3180 1618 3277 1674 Dei
3293 1622 3564 1691 justitiam,
3592 1632 3639 1678 et

2061 1718 2209 1761 suam
2228 1705 2440 1761 volentes
2467 1709 2785 1775 constituere,
2804 1711 3019 1781 justitite
3051 1710 3151 1766 Dei
3177 1727 3275 1767 non
3292 1722 3407 1767 sunt
3431 1714 3641 1785 subjecti

2063 1795 2238 1867 (Rom.
2267 1814 2337 1869 κε,
2355 1798 2409 1870 5)
2433 1816 2447 1854 :
2472 1810 2751 1871 propterea
2775 1817 2896 1858 cum
2921 1804 3163 1873 dixisset,
3202 1804 3398 1861 Veritas
3421 1808 3482 1863 de
3508 1817 3644 1866 terra

2061 1898 2173 1945 orta
2199 1900 2309 1957 est;
2336 1908 2459 1948 mox
2489 1893 2709 1964 addidit,
2741 1904 2787 1953 et
2799 1897 3002 1967 justitia
3022 1898 3084 1952 de
3103 1899 3225 1955 calo
3250 1902 3508 1969 prospexit
3534 1918 3554 1958 :
3574 1918 3644 1960 ne

2060 1980 2162 2038 sibi
2182 1996 2300 2037 eam
2338 1984 2575 2040 mortalis
2601 1984 2879 2043 infirmitas
2906 1998 3199 2060 arrogaret,
3222 2006 3290 2048 ne
3317 1992 3417 2047 ista
3442 2008 3535 2049 sua
3555 1994 3641 2051 di-

2060 2081 2229 2141 ceret,
2260 2082 2314 2130 et
2359 2089 2418 2131 se
2456 2074 2617 2132 homo
2644 2091 2676 2132 a
2702 2092 2760 2133 se
2786 2078 2902 2149 ipso
2926 2080 3225 2150 iustiﬁcari,
3260 2084 3359 2138 hoc
3399 2092 3483 2139 est
3508 2100 3539 2140 a
3581 2101 3641 2144 se

2055 2163 2259 2235 justum
2291 2166 2403 2223 ﬁeri
2432 2168 2676 2235 credens,
2708 2170 2800 2226 Dei
2820 2171 3079 2251 justitiam
3114 2185 3406 2231 recusaret.
3446 2175 3640 2233 Veritas

2058 2269 2188 2328 ergo
2217 2258 2280 2312 de
2300 2266 2432 2313 terra
2448 2270 2559 2315 orta
2584 2270 2698 2317 est:
2726 2261 2971 2320 Christus
3000 2265 3090 2336 qui
3116 2265 3265 2333 dixit,
3300 2266 3407 2338 Ego
3424 2285 3535 2322 sum
3559 2284 3642 2324 ve-

2059 2349 2185 2404 ritas
2215 2348 2387 2420 (Joan.
2421 2367 2532 2419 xxv,
2552 2351 2627 2424 6),
2656 2353 2724 2409 de
2743 2353 2945 2425 virgine
2967 2364 3121 2412 natus
3142 2367 3243 2413 est.
3271 2357 3339 2411 Et
3356 2358 3558 2429 justitia
3578 2359 3642 2415 de

2059 2443 2184 2497 aeto
2214 2445 2471 2514 prospexit
2504 2447 2796 2516 :quoniam
2835 2448 3060 2505 credens
3102 2449 3155 2504 in
3208 2465 3328 2506 eum
3360 2452 3450 2521 qui
3485 2460 3639 2509 natus

2059 2541 2163 2599 est,
2193 2549 2302 2590 non
2331 2537 2491 2593 homo
2525 2552 2554 2591 a
2584 2553 2642 2593 se
2664 2538 2799 2607 ipso,
2840 2540 2934 2595 sed
2979 2556 3010 2595 a
3059 2541 3169 2597 Deo
3191 2542 3508 2613 justiﬁcatus
3534 2556 3634 2603 est.

2067 2624 2263 2684 Veritas
2288 2630 2350 2685 de
2378 2640 2509 2686 terra
2535 2641 2645 2686 orta
2666 2641 2736 2688 est
2766 2648 2784 2687 :
2809 2633 2929 2704 quia
2966 2632 3180 2689 Verbum
3214 2651 3331 2690 caro
3358 2640 3547 2709 factum
3566 2647 3639 2695 est

2057 2717 2168 2791 (Id.
2185 2734 2224 2786 1,
2244 2721 2354 2791 14).
2371 2721 2642 2792 Etjuslitia
2659 2724 2720 2779 de
2731 2725 2854 2779 coelo
2867 2726 3119 2796 prospexit
3138 2742 3156 2781 :
3172 2728 3292 2797 quia
3309 2745 3454 2784 omne
3464 2731 3639 2785 datum

2054 2812 2302 2881 optimum
2318 2823 2363 2868 et
2389 2830 2533 2868 omne
2547 2815 2737 2870 donum
2763 2820 3037 2887 perfectum
3063 2818 3325 2874 desursum
3346 2830 3416 2875 est
3437 2818 3638 2892 (Jacobi

2053 2916 2104 2969 ι,
2139 2904 2253 2974 17).
2295 2904 2488 2961 Veritas
2506 2907 2567 2961 de
2591 2916 2725 2962 terra
2744 2917 2854 2963 orta
2874 2919 2973 2976 est,
3001 2925 3125 2966 caro
3162 2911 3230 2966 de
3254 2911 3433 2967 Maria.
3462 2911 3527 2966 Et
3541 2914 3636 2983 ju-

2054 2994 2192 3049 stitia
2208 2993 2271 3048 de
2293 2995 2417 3049 cazlo
2439 2997 2696 3066 prospexit
2727 3013 2746 3053 :
2777 2998 2898 3069 quia
2925 3016 3024 3055 non
3050 3010 3209 3070 potest
3237 3001 3386 3056 homo
3413 3004 3639 3073 accipere

2051 3084 2361 3154 quidquam,
2390 3086 2487 3139 nisi
2507 3086 2656 3155 fuerit
2682 3089 2727 3142 ei
2753 3090 2927 3142 datum
2966 3089 3029 3144 de
3054 3090 3177 3145 caelo
3208 3089 3385 3161 (Joan.
3416 3107 3491 3157 tu,
3522 3093 3633 3165 27).

2125 3174 2353 3233 CAPUT
2400 3175 2486 3231 lll.
2514 3207 2583 3217 —
2607 3179 2663 3236 5.
2696 3177 2871 3234 Gloria
2901 3180 2997 3235 Dei
3034 3182 3086 3235 in
3125 3182 3383 3237 hominum
3419 3185 3636 3255 gratuita

2047 3265 2429 3337 justiﬁcatione.
2453 3266 2814 3335 —-Justiﬁcati
2836 3270 3055 3339 igiturea;
3091 3271 3210 3341 ﬁde,
3245 3289 3417 3343 pacem
3447 3274 3637 3330 habea-

2053 3372 2166 3410 mus
2193 3354 2261 3409 ad
2284 3355 2447 3411 Deum
2475 3375 2564 3427 per
2583 3357 2858 3413 Dominum
2887 3370 3109 3415 nostrum
3136 3361 3312 3417 Jesum
3344 3362 3638 3433 Christum;

2053 3463 2145 3517 per
2163 3463 2308 3516 (ptem
2332 3456 2379 3501 et
2407 3464 2661 3505 accessum
2680 3448 2917 3505 habemus
2940 3451 2994 3505 in
3014 3452 3230 3522 gratiam
3263 3454 3429 3519 istaut,
3454 3456 3507 3509 in
3534 3471 3634 3527 qua

2051 3546 2263 3605 stamus,
2292 3549 2339 3593 et
2359 3540 2637 3610 gloriamur
2675 3542 2728 3594 in
2755 3558 2843 3613 spe
2868 3542 3045 3613 gloria:
3073 3542 3148 3615 (α)
3178 3542 3273 3598 Dei
3300 3544 3472 3617 (Rom.
3500 3563 3550 3615 v,
3578 3549 3629 3617 1,

2052 3630 2133 3702 2).
2180 3632 2293 3698 llis,
2334 3632 2543 3700 fratres,
2573 3648 2691 3703 qua:
2730 3650 2936 3689 meeum
2991 3637 3410 3706 recognoscitis,
3453 3638 3631 3709 paucis

2052 3722 2357 3793 apostolicis
2383 3722 2578 3790 verbis,
2597 3739 2759 3794 pauca
2783 3726 2942 3781 verba
2964 3726 3149 3795 psalmi
3168 3726 3324 3797 hujus
3338 3728 3631 3786 admiscere

2051 3814 2301 3880 delectat,
2329 3826 2381 3870 ct
2404 3818 2803 3873 consonantiam
2830 3819 3084 3888 reperire.
3108 3818 3385 3889 Justiﬁcati
3420 3837 3482 3876 ex
3502 3821 3625 3891 ﬁde,

2051 3924 2225 3979 pacem
2236 3908 2506 3965 habeantus
2525 3910 2592 3963 ad
2608 3908 2771 3964 Deum
2798 3927 2818 3966 :
2844 3912 2968 3981 quia
2981 3912 3185 3981 justitia
3207 3923 3253 3968 et
3273 3929 3375 3983 pax
3393 3914 3630 3970 osculata:

2047 4009 2166 4055 sunt
2190 4000 2419 4055 inuicem.
2452 3998 2556 4057 Per
2583 4000 2853 4056 Dominum
2877 4013 3102 4058 nostrum
3122 4002 3160 4058 Ι
3163 4021 3299 4061 esum
3334 4005 3587 4063 Christum
3607 4018 3629 4061 :

2047 4092 2172 4161 quia
2235 4088 2424 4148 Veritas
2462 4093 2525 4149 de
2562 4104 2693 4148 terra
2722 4105 2834 4149 orta
2872 4105 2963 4153 est.
2999 4096 3100 4152 Per
3127 4100 3273 4167 quem
3302 4107 3349 4151 et
3374 4114 3628 4153 accessum

2051 4182 2289 4239 habemus
2312 4184 2366 4239 in
2390 4186 2607 4255 gratiam
2631 4186 2800 4255 istam,
2835 4188 2889 4242 in
2912 4205 3012 4258 qua
3039 4198 3251 4254 stamus,
3281 4198 3327 4244 et
3351 4190 3628 4261 gloriamur

2046 4273 2099 4330 in
2123 4292 2212 4345 spe
2234 4277 2408 4346 gloriae
2429 4276 2545 4331 Dei.
2576 4276 2690 4332 Non
2710 4279 2803 4345 ait,
2831 4278 3026 4335 Gloria:
3045 4290 3239 4337 nostrae
3260 4298 3274 4346 ;
3299 4281 3391 4347 sed
3406 4322 3422 4349 ,
3452 4281 3629 4352 gloria:

2046 4367 2145 4426 Dei
2172 4385 2191 4424 :
2214 4370 2333 4439 quia
2351 4372 2554 4440 justitia
2577 4370 2769 4427 nonde
2797 4372 2950 4428 nobis
2981 4374 3257 4442 processit,
3288 4374 3384 4429 sed
3412 4374 3475 4428 de
3499 4373 3627 4431 coelo

2050 4464 2323 4534 prospexit.
2354 4461 2494 4533 Ergo
2519 4466 2605 4534 qui
2641 4465 2915 4534 gloriatur,
2947 4480 3055 4521 non
3092 4464 3145 4520 in
3186 4481 3246 4521 se
3265 4505 3280 4533 ,
3310 4465 3403 4521 sed
3430 4467 3485 4520 in
3517 4464 3625 4520 Do-

2046 4557 2182 4610 mino
2210 4555 2470 4627 glorietur.
2499 4556 2634 4611 liinc
2657 4557 2797 4611 enim
2821 4565 2875 4612 et
2894 4564 3018 4612 nato
3042 4572 3108 4613 ex
3137 4557 3350 4628 Virgine
3376 4555 3624 4625 Domino,

2042 4649 2195 4719 cujus
2235 4649 2374 4704 diem
2424 4648 2663 4705 Natalem
2715 4650 2873 4706 hodie
2911 4650 3262 4715 celebramus,
3303 4652 3625 4719 prteconlum

2044 4743 2192 4798 vocis
2219 4743 2470 4813 angelicae
2494 4742 2689 4799 factum
2740 4752 2857 4799 est:
2889 4740 3065 4797 Gloria
3098 4743 3151 4796 in
3190 4741 3396 4796 excelsis
3422 4740 3551 4809 Deo,
3579 4751 3626 4798 et

2043 4834 2252 4890 interra
2270 4852 2373 4907 pax
2392 4836 2673 4891 hominibus
2692 4835 2835 4891 bona:
2861 4836 3128 4891 uoluntatis
3162 4834 3308 4905 (Luc.
3336 4850 3393 4900 ll,
3427 4832 3537 4906 14).
3566 4834 3623 4891 ln

2044 4934 2188 4983 terra
2204 4928 2347 4983 enim
2376 4942 2481 4997 pax
2497 4928 2654 4994 unde,
2671 4928 2770 4982 nisi
2795 4927 2918 4997 quia
2948 4925 3143 4980 Veritas
3169 4927 3232 4980 de
3242 4936 3375 4979 terra
3393 4934 3504 4979 orta
3526 4933 3619 4993 est,

2043 5019 2099 5076 id
2123 5027 2225 5086 est,
2257 5020 2499 5076 Christus
2535 5020 2603 5077 de
2652 5036 2813 5076 carne
2835 5030 2987 5075 natus
3015 5021 3136 5076 est?
3188 5019 3254 5075 Et
3279 5020 3387 5090 ipse
3405 5028 3478 5074 est
3516 5035 3617 5090 pas;

2042 5121 2217 5169 nostra
2234 5114 2321 5184 qui
2343 5113 2459 5184 fecit
2485 5123 2695 5186 utraque
2720 5131 2874 5169 unum
2900 5112 3112 5184 (Ephes.
3142 5128 3201 5182 ιι,
3234 5111 3322 5184 14)
3353 5130 3367 5168 :
3395 5120 3455 5167 ut
3473 5125 3622 5168 esse-

2041 5219 2163 5261 mus
2182 5204 2426 5262 homines
2454 5203 2609 5262 bonm
2637 5204 2939 5271 voluntatis,
2980 5204 3214 5260 suaviter
3248 5203 3478 5261 connexi
3506 5202 3621 5258 vin-

2039 5298 2177 5355 culis
2229 5298 2463 5355 unitatis.
2494 5297 2552 5354 In
2581 5299 2678 5353 hac
2726 5298 2884 5368 igitur
2905 5296 3075 5369 gratia
3099 5296 3442 5369 gaudeamus,
3468 5302 3525 5350 ut
3553 5294 3622 5349 sit

2042 5390 2210 5461 gloria
2237 5400 2418 5446 nostra
2443 5389 2801 5447 testimonium
2822 5389 3162 5445 conscientia
3188 5395 3382 5443 nostras
3412 5387 3476 5459 (ll
3496 5386 3616 5442 Cor.

2038 5498 2082 5553 ι,
2105 5482 2197 5557 19.)
2221 5502 2235 5540 :
2261 5484 2350 5540 ubi
2380 5499 2487 5539 non
2530 5483 2584 5539 in
2610 5482 2782 5548 nobis,
2815 5482 2908 5539 sed
2940 5482 2991 5537 in
3036 5482 3261 5539 Domino
3303 5480 3615 5552 gloriemur.

2122 5600 2174 5662 a)
2194 5599 2454 5662 Concordat
2494 5598 2687 5662 Graecis,
2711 5598 2794 5661 qui
2839 5611 2932 5662 nec
2966 5599 3142 5662 habent
3177 5596 3304 5662 quod
3336 5595 3524 5647 additur
3567 5594 3617 5643 in

2037 5658 2270 5728 vulgata,
2314 5658 2543 5727 ﬁliorum.
2596 5658 2743 5711 Unde'
2772 5668 2825 5728 et
2865 5658 3232 5728 'rheophilactus
3274 5660 3620 5728 interpretatur

2037 5696 2543 5786 13358105381132"
2559 5696 2845 5786 (μιὲξῖιοιζῖς
2882 5696 3421 5786 οῐῖτῖιῆὲιῗιῖῗοιῗέχῗ
3444 5721 3620 5786 merito

2037 5780 2221 5842 nostro,
2245 5786 2334 5834 sed
2356 5792 2409 5837 ut
2430 5780 2724 5851 gleriﬁcetur
2758 5793 2903 5837 Deus.
2934 5793 3027 5837 Nec
3062 5780 3206 5836 secus
3241 5782 3442 5849 exponit
3478 5780 3619 5844 Chry-
