3996 6442
524 518 663 576 Ηίηο
709 518 852 576 enim
896 517 1095 575 dictum
1125 525 1227 587 est,
1260 517 1436 575 Gloria
1466 534 1598 588 mea,
1630 529 1678 578 et
1702 524 1931 580 exultans
1959 531 2111 594 caput

523 625 690 664 meum
708 610 877 680 (Psal.
904 627 982 679 nt,
999 611 1077 683 4).
1103 610 1238 668 Nam
1263 628 1381 685 quae
1409 613 1580 685 major
1598 616 1763 687 gratia
1787 617 1885 674 Dei
1903 619 1921 649 ί
1957 617 2112 673 nobis

521 702 692 770 potuit
740 703 1070 772 illucescere,
1098 720 1258 776 quam
1312 714 1372 762 ut
1390 705 1594 762 habens
1637 708 1968 778 unigenitum
2017 707 2109 764 Fi-

522 791 669 858 lium,
706 793 901 851 faceret
925 809 1048 852 eum
1075 797 1306 856 hominis
1351 798 1516 855 ﬁlium
1544 841 1559 868 ,
1587 809 1745 872 atque
1774 802 1845 856 ita
1874 802 2110 858 vicissim

521 881 752 939 hominis
795 885 982 956 ﬁlium,
1017 887 1215 946 faceret
1241 888 1336 946 Dei
1364 889 1592 947 Filium?
1620 891 1811 961 Quaere
1833 894 2104 962 meritum,

516 990 698 1043 quaere
727 992 963 1045 causam,
994 996 1174 1051 quaere
1196 980 1456 1052 justitiam
1484 1000 1500 1049 ;
1527 976 1584 1040 et
1606 985 1729 1042 vide
1757 993 1933 1042 utrum
1953 986 2106 1042 inve-

516 1064 630 1118 nias
656 1065 759 1121 nisi
785 1069 1030 1137 gratiam.

937 1182 1166 1241 SERMO
1201 1185 1677 1261 CLXXXV1‘(a).

1042 1284 1095 1326 In
1115 1277 1264 1329 Natali
1279 1280 1480 1342 Domini,
1507 1295 1573 1330 tu.

583 1355 806 1413 CAPUT
826 1357 1111 1415 PRIMUM.
1137 1391 1196 1401 ——
1219 1363 1246 1416 1
1259 1398 1272 1413 .
1287 1361 1515 1418 Christus
1529 1363 1736 1434 virginis
1751 1371 1899 1434 partu
1914 1365 2097 1420 editus.

512 1445 871 1505 lncarnatione
883 1449 1022 1507 Deus
1032 1468 1137 1508 esse
1150 1469 1252 1508 non
1271 1453 1476 1510 destitit.
1495 1454 1853 1523 Gaudeamus,
1871 1455 2061 1513 fratres
2081 1475 2095 1513 :

511 1538 757 1596 laetentur
774 1551 828 1598 et
850 1543 1114 1622 exsultent
1139 1554 1346 1615 gentes.
1371 1545 1534 1602 Istum
1551 1546 1694 1603 diem
1721 1547 1876 1603 nobis
1893 1562 2001 1603 non
2017 1548 2098 1604 sol

510 1630 610 1686 iste
630 1632 874 1701 visibilis,
894 1635 989 1690 sed
1011 1636 1228 1692 Creator
1254 1638 1419 1708 ipsius
1435 1639 1717 1695 invisibilis
1733 1639 2094 1706 consecravit;

509 1724 720 1793 quando
741 1741 860 1782 eum
877 1742 974 1798 pro
989 1728 1142 1784 nobis
1153 1729 1414 1785 visibilem
1432 1728 1649 1795 factum,
1669 1746 1698 1784 a
1720 1745 1824 1802 quo
1845 1731 2094 1786 invisibili

509 1823 563 1870 et
587 1817 699 1886 ipsa
741 1829 919 1874 creata
968 1829 1071 1889 est,
1104 1821 1396 1878 visceribus
1422 1821 1662 1878 fecundis
1700 1831 1754 1878 et
1776 1823 2095 1893 genitalibus

509 1910 731 1983 integris
745 1912 909 1985 Virgo
935 1913 1101 1969 Mater
1127 1915 1330 1970 eﬁ'udit.
1354 1914 1670 1985 Concipicns
1693 1915 1861 1985 virgo,
1880 1915 2094 1984 pariens

506 2003 657 2074 virgo
671 2005 876 2076 ’,νὴ-ευ
904 2007 1140 2077 gravida,
1170 2008 1318 2078 virgo
1337 2009 1461 2074 leta,
1485 2007 1633 2078 virgo
1663 2015 1933 2077 perpetua.
1955 2005 2093 2074 Quid

507 2095 720 2152 miraris
735 2096 870 2163 tunc,
891 2113 924 2152 ο
939 2097 1137 2154 homo?
1164 2097 1331 2154 Deum
1351 2099 1428 2153 sic
1448 2099 1593 2152 nasci
1609 2098 1862 2168 oportuit,
1880 2096 2092 2168 quando

507 2199 626 2240 esse
651 2185 894 2256 dignatus
924 2194 1007 2243 est
1053 2187 1232 2242 homo.
1285 2187 1467 2243 Talem
1496 2187 1621 2242 fecit
1666 2187 1830 2254 illam,
1871 2187 1962 2257 qui
2008 2195 2092 2242 est

506 2274 676 2331 factus
703 2291 768 2332 ex
791 2277 900 2331 illa.
953 2279 1250 2348 Antequam
1284 2279 1425 2334 enim
1452 2278 1640 2346 ﬁeret,
1689 2286 1803 2334 erat
1832 2296 1843 2332 :
1873 2285 1928 2333 et
1965 2279 2088 2350 quia

507 2365 846 2436 omnipotens
871 2379 1004 2434 erat,
1037 2368 1154 2424 ﬁeri
1179 2367 1354 2439 potuit
1380 2383 1606 2424 manens
1653 2368 1795 2439 quod
1824 2376 1957 2424 erat.
1980 2367 2084 2425 Fe-

503 2458 579 2514 cit
607 2459 705 2515 sibi
729 2467 970 2526 matrem,
1001 2475 1122 2515 cum
1149 2469 1290 2516 esset
1318 2459 1457 2530 apud
1481 2460 1692 2516 Patrem
1719 2477 1732 2513 :
1765 2467 1954 2516 etcum
1985 2460 2086 2516 ﬁe-

504 2560 588 2605 rct
625 2565 691 2605 ex
730 2560 917 2617 matre,
942 2551 1138 2606 mansit
1185 2551 1236 2605 in
1264 2551 1443 2606 Patre.
1492 2551 1770 2618 Quomodo
1801 2552 1942 2608 Deus
1967 2565 2087 2608 esse

501 2641 803 2710 desisteret,
849 2659 970 2699 cum
1000 2643 1160 2699 homo
1208 2657 1326 2700 esse
1363 2644 1541 2714 erepit,
1570 2643 1656 2714 qui
1703 2643 1946 2713 genitrici
1974 2657 2086 2698 sua:

501 2737 750 2808 prmstitit
775 2753 842 2793 ne
867 2737 1151 2794 desisteret
1190 2739 1343 2808 virgo
1368 2752 1508 2804 esse,
1532 2751 1653 2792 cum
1679 2736 1884 2806 peperit
1904 2737 1928 2790 ?
1947 2736 2082 2792 Pro-

500 2829 624 2886 inde
637 2830 778 2901 quod
796 2829 1024 2886 Verbum
1043 2844 1167 2886 caro
1186 2830 1379 2885 factum
1400 2837 1502 2898 est,
1519 2844 1627 2885 non
1645 2828 1876 2884 Verbum
1898 2829 1950 2883 in
1973 2843 2085 2884 car-

499 2937 624 2978 nem
662 2921 931 2993 pereundo
957 2923 1118 2978 cessit
1146 2939 1161 2989 ;
1203 2921 1298 2978 sed
1336 2937 1461 2978 caro
1496 2921 1562 2975 ad
1589 2920 1842 2986 Verbum,
1872 2936 1940 2976 ne
1965 2921 2081 2990 ipsa

496 3013 717 3085 periret,
733 3011 1016 3069 accessit':
1033 3023 1088 3068 ut
1099 3012 1544 3084 quemadmodum
1560 3012 1720 3066 homo
1735 3019 1817 3066 est
1831 3011 2004 3066 anima
2026 3019 2080 3068 et

497 3120 644 3173 caro,
666 3105 745 3164 sic
762 3114 903 3162 esset
930 3103 1172 3160 Christus
1197 3105 1338 3160 Deus
1361 3112 1416 3159 et
1440 3103 1618 3158 homo.
1653 3101 1795 3157 Idem
1822 3103 1961 3156 Deus
1989 3101 2078 3172 qui

494 3195 679 3265 homo,
711 3204 766 3252 et
784 3197 872 3268 qui
899 3197 1048 3252 Deus‘
1064 3195 1204 3250 idem
1232 3196 1394 3249 homo
1423 3213 1437 3249 :
1469 3209 1576 3249 non
1593 3192 1903 3248 confusione
1925 3200 2078 3247 natu-

493 3303 588 3355 rae,
621 3287 718 3344 sed
736 3287 939 3342 unitate
963 3300 1225 3356 personae.
1270 3285 1509 3355 Denique
1542 3284 1632 3354 qui
1657 3283 1823 3338 Filius
1860 3282 1953 3338 Dei
1980 3297 2076 3353 ge-

491 3380 702 3436 neranti
741 3389 824 3436 est
866 3388 1164 3436 coaeternus
1206 3393 1417 3449 semper
1459 3394 1523 3434 ex
1548 3378 1724 3443 Patre,
1768 3377 1907 3432 idem
1935 3375 2074 3433 ﬁlius

489 3468 723 3527 hominis
747 3486 869 3528 esse
895 3472 1057 3542 coepit
1082 3486 1148 3527 ex
1176 3469 1412 3542 Virgine.
1441 3469 1520 3525 Ac
1548 3469 1630 3526 sic
1652 3477 1706 3525 et
1731 3469 1851 3524 Filii
1874 3467 2074 3524 divini-

491 3563 588 3617 tati
614 3571 698 3618 est
725 3563 904 3619 addita
924 3563 1258 3629 humanitas;
1289 3570 1344 3618 et
1374 3571 1551 3618 tamen
1573 3577 1680 3617 non
1709 3570 1792 3617 est
1816 3574 2072 3632 persona-

489 3666 610 3706 rum
633 3650 776 3708 facta
803 3656 1151 3724 quaternitas,
1178 3652 1272 3708 sed
1299 3660 1577 3723 permanet
1597 3651 1822 3707 trinitas.

558 3743 786 3800 CAPUT
813 3743 953 3798 IL—
968 3744 1026 3799 2.
1054 3744 1215 3799 Verbo
1241 3760 1341 3798 non
1356 3752 1548 3797 mutato
1563 3747 1727 3814 factus
1745 3753 1815 3798 est
1830 3743 1963 3798 idem
1977 3743 2073 3800 Dei

486 3842 534 3889 et
554 3835 769 3890 hominis
783 3836 942 3905 filius.
966 3835 1161 3907 Regula
1176 3836 1314 3904 ﬁdei,
1329 3834 1628 3906 symbolum.
1645 3835 1761 3890 Non
1783 3851 1910 3906 ergo
1919 3837 2072 3892 vobis

485 3926 735 3996 subrepat
749 3926 1097 3997 quorumdam
1113 3927 1374 3982 sententia
1388 3925 1562 3981 minus
1576 3933 1900 3981 attentorum
1917 3927 1970 3982 in
1992 3942 2073 3984 re-

484 4016 662 4085 gulam
681 4017 802 4072 ﬁdei
823 4029 877 4072 et
903 4019 957 4073 in
985 4018 1377 4088 Scripturarum
1403 4018 1614 4072 oracula
1639 4017 1956 4073 divinarum.
1989 4018 2073 4074 Di-

483 4115 612 4161 cunt
629 4109 769 4161 enim
785 4123 798 4160 :
812 4108 913 4175 Qui
934 4107 1072 4163 ﬁlius
1095 4116 1178 4164 est
1195 4108 1445 4174 hominis,
1469 4106 1641 4164 factus
1655 4115 1737 4164 est
1760 4107 1923 4164 Filius
1938 4095 2068 4176 Dei

482 4201 574 4268 qui
590 4213 716 4254 vero
728 4199 894 4256 Filius
913 4209 992 4256 est
1005 4200 1118 4267 Dei,
1137 4215 1243 4256 non
1259 4209 1340 4256 est
1353 4201 1522 4256 factus
1539 4200 1678 4256 ﬁlius
1692 4199 1942 4257 hominis.
1959 4201 2069 4258 Hoc

483 4299 542 4346 ut
577 4291 835 4359 dicerent,
862 4292 1002 4364 quod
1025 4308 1210 4348 verum
1241 4299 1324 4348 est
1352 4290 1718 4360 attenderunt;
1757 4291 1854 4348 sed
1881 4305 2066 4349 verum

482 4381 658 4452 eloqui
685 4397 792 4439 non
805 4382 1106 4439 valuerunt.
1125 4383 1262 4452 Quid
1283 4383 1425 4439 enim
1447 4382 1806 4452 attenderunt,
1826 4384 1926 4440 nisi
1943 4385 2065 4457 quia

483 4473 717 4530 humana
754 4484 943 4531 natura
969 4476 1141 4546 potuit
1166 4475 1218 4530 in
1249 4475 1438 4530 melius
1465 4476 1804 4545 commutari,
1830 4476 1886 4531 in
1914 4475 2066 4533 dete-

483 4565 592 4621 rius
621 4573 799 4622 autem
825 4567 1006 4622 divina
1033 4581 1139 4622 non
1165 4566 1381 4636 potuit?
1433 4567 1547 4623 Hoc
1589 4582 1775 4623 verum
1817 4575 1936 4623 est:
1967 4567 2062 4623 sed

484 4657 644 4714 etiam
671 4658 770 4727 sic,
818 4658 870 4714 id
913 4667 1016 4726 est,
1055 4673 1386 4729 nequaquam
1417 4658 1472 4713 in
1511 4658 1745 4715 deterius
1787 4658 2062 4714 divinitate

484 4758 706 4817 mutata,
729 4751 964 4808 Verbum
995 4761 1174 4808 tamen
1217 4766 1344 4808 caro
1371 4752 1565 4808 factum
1592 4760 1693 4808 est.
1714 4751 1898 4822 Neque
1917 4754 2062 4809 enim

485 4845 555 4900 ait
576 4845 940 4916 Evangelium,
962 4844 1106 4902 Caro
1126 4845 1357 4901 Verbum
1389 4844 1525 4901 facta
1546 4853 1622 4901 est
1644 4860 1660 4913 ;
1688 4844 1784 4902 sed
1803 4846 1896 4913 ait,
1932 4843 2062 4900 Ver-

483 4937 594 4995 bum
621 4954 740 4992 caro
769 4940 958 5010 factum
981 4947 1074 4993 est.
1107 4936 1337 4994 Verbum
1368 4947 1546 4994 autem
1575 4939 1746 5008 Deus;
1775 4938 1899 5010 quia
1924 4937 2062 4996 Deus

478 5039 582 5083 erat
612 5028 828 5085 Verbum
861 5028 1038 5104 (Joan.
1066 5045 1102 5098 1,
1130 5030 1240 5101 14).
1274 5031 1339 5086 Et
1363 5030 1491 5101 quid
1531 5044 1687 5099 caro,
1721 5029 1821 5086 nisi
1850 5029 2011 5087 homo
2036 5030 2061 5086 'I

476 5121 593 5177 Non
623 5123 765 5178 enim
805 5123 921 5178 sine
956 5123 1132 5179 anima
1159 5123 1215 5178 in
1238 5121 1454 5179 Christo
1478 5123 1712 5179 hominis
1735 5138 1881 5180 caro.
1906 5123 2060 5181 Unde

474 5215 570 5285 ait,
600 5214 781 5272 Tristis
801 5224 874 5271 est
898 5217 1069 5272 anima
1114 5233 1228 5272 mea
1260 5232 1419 5289 usque
1466 5216 1535 5271 ad
1561 5225 1772 5274 mortem
1790 5216 1815 5250 ⁸
1844 5217 2055 5288 (Matth.

537 5371 555 5446 ξ
578 5370 880 5446 ςξοιὺοιιιὶιιιιβ
899 5379 984 5425 Ms.
1001 5406 1018 5434 ,
1039 5371 1197 5446 gloria
1217 5371 1325 5427 Dei-

533 5435 555 5501 ξ
579 5441 704 5501 M_s_s.,
725 5447 1008 5498 permanens
1025 5435 1175 5501 riirgo.

535 5495 557 5528 ³
577 5495 766 5564 Aliquot
791 5503 923 5560 uss,
946 5497 1045 5564 _sed
1078 5495 1218 5564 eam
1245 5498 1466 5564 rerum,
1500 5506 1597 5552 etc.
1633 5501 1688 5549 Et
1721 5499 1935 5564 quidam,
1970 5503 2058 5554 sed

469 5557 1046 5636 “5°..‘fst5‘ttsméiesa
1061 5561 1263 5636 Perire!»
1285 5557 1484 5636 “esset
1537 5623 1568 5636 ..
1655 5633 1689 5636 _

536 5619 886 5688 fManuscripti
923 5619 1022 5671 non
1044 5619 1274 5688 habent,
1323 5619 1458 5688 Unde
1499 5623 1568 5678 ait
1588 5661 1602 5688 ,
1653 5622 1816 5688 Tristis
1837 5629 1924 5686 est,
1959 5633 2052 5678 etc.

467 5681 555 5795 Pa;
575 5681 864 5796 Egyendatus
891 5690 968 5734 est
999 5684 1058 5736 ad
1080 5685 1203 5739 duos
1221 5681 1301 5740 οἱ).
1331 5685 1364 5736 f.
1390 5701 1466 5752 gr.
1489 5702 1540 5741 n.
1563 5681 1606 5742 τι
1631 5701 1677 5742 v.
1703 5687 1753 5742 d.
1779 5693 1832 5742 et
1852 5681 1954 5744 Am.
1977 5694 2053 5746 Er.

530 5826 608 5892 (α)
627 5829 771 5896 Alias,
791 5831 858 5886 de
879 5839 1119 5897 Tempore
1151 5835 1225 5889 t9.

1717 396 1775 456 8.
1812 393 2183 460 AUGUSTINI
2221 397 2521 461 EPISCOPI

3667 424 3790 487 1000

2223 526 2508 617 urnas).
2618 539 2746 598 ergo
2768 521 3006 588 Verbum
3033 531 3194 601 Deus,
3227 541 3283 593 et
3318 536 3480 596 homo
3497 553 3642 609 caro,
3672 549 3785 617 quid

2217 622 2301 669 est
2325 615 2490 684 aliud,
2523 616 2739 673 Verbum
2756 624 2945 691 factum
2962 633 3037 679 est
3064 641 3218 694 caro;
3237 627 3359 696 nisi,
3379 630 3481 700 Qui
3499 632 3637 690 Deus
3660 615 3782 704 erat,

2213 703 2388 763 factus
2412 715 2497 764 est
2521 709 2720 766 homo?
2747 713 2825 768 Ac
2853 729 2948 784 per
2970 715 3072 773 hoc
3091 719 3182 788 qui
3208 728 3323 776 erat
3350 721 3446 778 Dei
3498 724 3685 794 Filius,
3714 729 3782 783 fa-

2215 804 2334 852 ctus
2361 809 2445 854 est
2484 798 2717 857 hominis
2755 802 2916 872 ﬁlius,
2939 809 3305 878 assumptione
3332 811 3631 881 inferioris,
3684 833 3781 875 non

2211 891 2560 948 conversione
2587 894 2845 962 potioris;
2885 898 3195 970 accipiendo
3228 903 3369 972 quod
3397 919 3505 960 non
3524 915 3659 975 erat,
3681 924 3778 965 non

2209 979 2500 1036 amittendo
2527 984 2672 1053 quod
2722 993 2855 1042 erat.
2886 987 3018 1043 Nam
3048 991 3316 1060 quomodo
3363 994 3419 1049 in
3449 996 3645 1068 Regula
3670 999 3780 1056 ﬁdei

2209 1069 2603 1139 conﬁteremur,
2629 1076 2850 1133 credere
2866 1094 2964 1135 nos
2993 1081 3046 1135 in
3068 1081 3258 1138 Filium
3287 1085 3383 1141 Dei
3408 1088 3502 1158 qui
3528 1099 3682 1146 natus
3707 1101 3780 1148 est

2207 1174 2274 1214 ex
2302 1161 2507 1232 virgine
2530 1165 2716 1234 Maria,
2749 1169 2795 1223 si
2839 1185 2944 1226 non
2984 1170 3150 1228 Filius
3173 1174 3291 1243 Dei,
3323 1177 3419 1233 sed
3447 1178 3588 1236 ﬁlius
3613 1180 3779 1238 homi-

2204 1251 2290 1306 nis
2315 1262 2471 1309 natus
2498 1263 2666 1310 estex
2693 1258 2903 1335 virgine
2918 1261 3122 1318 Maria?
3154 1264 3284 1332 Quis
3311 1267 3450 1324 enim
3471 1268 3780 1331 christiauus

2203 1351 2361 1412 neget
2386 1357 2452 1398 ex
2477 1343 2564 1399 illa
2592 1345 2784 1402 femina
2801 1348 2967 1405 ﬁlium
2989 1350 3220 1410 hominis
3239 1357 3460 1412 natum?
3487 1359 3583 1416 sed
3607 1370 3778 1419 tamen

2203 1429 2372 1487 Deum
2403 1434 2679 1492 hominem
2722 1439 2943 1510 factum,
2995 1451 3050 1498 et
3077 1443 3150 1499 ita
3175 1444 3447 1504 hominem
3487 1450 3665 1507 Deum
3711 1453 3780 1508 fa-

2201 1529 2366 1576 ctum.
2394 1521 2532 1579 Deus
2549 1526 2690 1581 enim
2716 1537 2824 1582 erat
2881 1529 3112 1602 Verbum,
3142 1544 3190 1588 et
3224 1533 3438 1592 Verbum
3457 1555 3574 1594 caro
3594 1545 3779 1612 factum

2200 1620 2293 1666 est.
2321 1611 2695 1672 Conﬁtendum
2738 1628 2820 1674 est
2849 1621 3028 1692 igitur,
3060 1638 3182 1680 eum
3217 1627 3306 1697 qui
3335 1627 3502 1684 Filius
3525 1631 3618 1687 Dei
3647 1643 3775 1700 erat,

2200 1710 2260 1758 ut
2288 1703 2357 1759 de
2380 1705 2584 1777 virgine
2610 1707 2771 1765 Maria
2786 1722 3118 1783 nasceretur,
3139 1727 3412 1788 assumpta
3441 1720 3610 1776 forma
3641 1724 3777 1780 servi

2197 1792 2364 1849 ﬁlium
2393 1795 2626 1854 hominis
2653 1798 2871 1868 factum,
2918 1804 3061 1874 quod
3105 1815 3222 1862 erat
3264 1819 3589 1880 manentem,
3635 1814 3776 1882 quod

2197 1898 2306 1940 non
2347 1897 2462 1942 erat
2511 1901 2868 1948 assumentcm
2899 1913 2913 1949 :
2944 1911 3063 1952 esse
3095 1897 3435 1969 incipientem
3475 1918 3580 1974 quo
3604 1906 3776 1962 minor

2197 1985 2280 2031 est
2317 1977 2473 2036 Patre
2495 1981 2534 2048 ‘,
2585 1991 2640 2038 et
2681 1998 2896 2056 semper
2937 1998 3242 2046 manentem
3271 1991 3325 2047 in
3353 2007 3420 2049 eo
3443 1993 3586 2065 quod
3613 2011 3773 2053 unum

2193 2076 2317 2122 sunt
2339 2070 2452 2140 ipse
2478 2079 2532 2126 et
2553 2072 2733 2130 Pater.
2832 2118 2840 2128 .

2263 2157 2490 2216 CAPUT
2527 2160 2613 2218 Ill.
2643 2193 2714 2204 —-
2736 2166 2788 2222 5.
2834 2165 2932 2222 Dei
2959 2166 3154 2225 Filium
3206 2173 3434 2229 eumdem
3472 2192 3579 2231 esse
3612 2179 3775 2248 ﬁlium

2191 2251 2407 2307 hominis
2456 2255 2817 2313 incarnatione.
2843 2259 2976 2315 Nam
3005 2262 3050 2316 si
3084 2262 3174 2318 ille
3197 2265 3287 2334 qui
3333 2280 3547 2338 semper
3570 2279 3657 2325 est
3687 2271 3775 2326 Dei

2190 2341 2377 2411 Filius,
2406 2361 2510 2401 non
2541 2346 2654 2417 ipse
2679 2339 2762 2405 est
2787 2349 2954 2407 factus
2977 2352 3211 2412 hominis
3232 2355 3389 2425 ﬁlius,
3420 2361 3692 2430 quomodo
3712 2363 3774 2419 de

2188 2435 2282 2492 illo
2305 2438 2434 2494 dicit
2481 2440 2770 2510 Apostolus
2796 2461 2812 2498 :
2841 2444 2939 2511 Qui
2974 2463 3089 2501 cum
3113 2448 3165 2502 in
3193 2449 3358 2517 [anna
3377 2450 3475 2506 Dei
3500 2463 3652 2523 esset,
3681 2471 3774 2510 non

2187 2530 2422 2600 rapinam
2452 2533 2722 2591 arbitratus
2759 2546 2833 2591 est
2877 2554 2983 2592 esse
3022 2541 3228 2610 aequalis
3258 2541 3399 2609 Deo;
3428 2545 3518 2598 sed
3534 2561 3588 2599 se
3607 2546 3773 2616 ipsum

2187 2623 2456 2680 exinaniuit
2481 2630 2696 2697 formam
2717 2630 2844 2685 servi
2856 2633 3124 2703 accipiens,
3147 2636 3201 2690 in
3214 2636 3589 2694 similitudinem
3605 2641 3774 2695 horni-

2187 2729 2309 2767 num
2336 2719 2521 2785 factus,
2565 2728 2609 2774 et
2637 2719 2812 2776 habitu
2853 2723 3079 2779 inuentus
3106 2734 3161 2779 ut
3207 2725 3398 2782 homo?
3419 2728 3601 2801 Neque
3634 2731 3774 2788 enim

2184 2805 2340 2874 alius,
2373 2809 2468 2864 sed
2502 2809 2698 2880 ipsein
2748 2813 2918 2869 forma
2949 2816 3042 2872 Dei
3085 2819 3305 2889 mqualis
3344 2821 3504 2891 Patri,
3557 2826 3657 2895 qui
3697 2833 3776 2883 est

2186 2901 2369 2971 utique
2395 2903 2699 2975 unigenitus
2725 2906 2822 2962 Dei
2853 2907 3038 2975 Filius,
3065 2912 3384 2983 semetipsum
3405 2916 3703 2984 exinanivit,
3724 2919 3775 2972 in

2183 2990 2562 3047 similitudinem
2593 2996 2852 3051 hominum
2881 3003 3064 3069 factus.
3093 3001 3276 3072 Neque
3301 3005 3456 3072 alius,
3493 3006 3587 3062 sed
3632 3008 3773 3065 idem

2182 3081 2297 3152 ipse
2313 3083 2366 3138 in
2387 3083 2554 3139 forma
2572 3086 2666 3142 Dei
2690 3088 2910 3158 aequalis
2928 3089 3090 3158 Patri,
3121 3092 3424 3163 humiliavit,
3453 3111 3559 3152 non
3583 3099 3770 3166 alium,

2179 3171 2277 3227 sed
2305 3175 2626 3246 semetipsum
2656 3179 2818 3248 factus
2847 3180 3079 3236 obediens
3098 3198 3251 3253 usque
3273 3185 3342 3239 ad
3366 3197 3595 3256 mortem,
3631 3207 3772 3244 mor-

2180 3270 2276 3317 tem
2299 3273 2468 3319 antem
2511 3268 2675 3322 crucis
2715 3269 2972 3342 (Philipp.
3003 3287 3061 3338 ll,
3091 3273 3143 3340 6,
3173 3274 3254 3345 7).
3283 3275 3436 3344 Quod
3459 3286 3636 3336 totum
3668 3297 3769 3338 non

2177 3353 2303 3408 fecit
2327 3353 2420 3409 Dei
2441 3355 2625 3426 Filius,
2648 3358 2749 3414 nisi
2776 3360 2827 3415 in
2850 3376 2911 3417 ea
2927 3361 3096 3417 forma
3115 3379 3217 3434 qua
3248 3377 3330 3422 est
3357 3367 3591 3427 hominis
3611 3373 3769 3429 ﬁlius.

2176 3445 2310 3502 Item
2336 3447 2381 3502 si
2411 3448 2503 3504 ille
2553 3452 2642 3520 qui
2691 3466 2904 3523 semper
2940 3463 3022 3510 est
3049 3457 3142 3512 Dei
3173 3457 3359 3528 Filius,
3409 3478 3516 3518 non
3543 3475 3631 3522 est
3656 3467 3770 3537 ipse

2174 3537 2350 3594 factus
2370 3539 2601 3597 hominis
2630 3541 2788 3613 ﬁlius,
2813 3547 3080 3616 quomodo
3100 3548 3226 3604 dicit
3245 3551 3534 3622 Apostolus
3561 3556 3631 3611 ad
3662 3557 3772 3614 Ro-

2174 3644 2361 3685 manos
2393 3649 2408 3684 :
2435 3631 2739 3704 Segregatus
2758 3635 2809 3688 in
2838 3634 3169 3709 Evangelium
3199 3639 3311 3710 Dei,
3338 3644 3474 3712 quod
3499 3655 3618 3700 ante
3643 3664 3770 3718 pro-

2173 3724 2378 3778 miserat
2396 3741 2485 3795 per
2507 3726 2795 3796 PrOpItetas
2814 3745 2934 3784 suos
2957 3731 3011 3785 in
3037 3731 3315 3803 Scripturis
3339 3737 3525 3791 sanctis
3541 3739 3606 3793 de
3626 3739 3771 3796 Filio

2174 3830 2288 3884 suo,
2310 3817 2396 3886 qui
2421 3820 2585 3888 factus
2613 3829 2685 3873 est
2713 3820 2760 3874 ei
2778 3838 2840 3875 ea:
2861 3823 3048 3877 semine
3070 3823 3239 3879 David
3257 3829 3531 3884 secundum
3561 3848 3769 3887 carnem

2175 3903 2351 3976 (Rom.
2393 3923 2434 3974 ι,
2467 3909 2624 3980 1-5)2
2648 3911 2785 3966 Ecce
2811 3910 2976 3970 Filius
3002 3914 3126 3981 Dei,
3155 3917 3295 3986 quod
3327 3920 3507 3991 utique
3550 3937 3770 3995 semper

2173 4006 2306 4066 erat,
2339 3997 2507 4055 factus
2539 4011 2622 4057 cst
2651 4017 2716 4058 ex
2754 4004 2960 4060 semine
2986 4006 3152 4082 David
3177 4010 3469 4066 secundum
3519 4028 3768 4084 carnem,

2171 4092 2314 4162 quod
2344 4107 2450 4148 non
2476 4103 2609 4150 erat.
2641 4093 2770 4151 Item
2796 4097 2841 4152 si
2870 4097 2958 4154 ille
2980 4099 3067 4168 qui
3093 4109 3174 4156 est
3201 4101 3295 4158 Dei
3327 4103 3512 4174 Filius,
3543 4121 3661 4162 non
3686 4116 3772 4165 est

2170 4180 2285 4252 ipse
2311 4182 2480 4239 factus
2505 4185 2643 4241 ﬁlius
2681 4185 2930 4256 hominis,
2962 4190 3228 4259 quomodo
3248 4194 3381 4248 misit
3400 4194 3542 4250 Deus
3565 4196 3772 4253 Filium

2168 4289 2314 4328 suum
2346 4275 2538 4344 factum
2579 4293 2643 4331 ea:
2683 4278 2890 4334 muliere
2929 4278 3122 4350 (Galat.
3165 4298 3241 4351 tv,
3269 4282 3510 4357 4)?Quo
3539 4290 3773 4347 nomine

2169 4369 2460 4424 secundum
2491 4361 2757 4426 hebraéam
2783 4371 3015 4442 linguam
3034 4389 3142 4430 non
3167 4377 3464 4448 virgineum
3485 4379 3660 4437 decus
3681 4396 3774 4439 ne-

2166 4467 2351 4529 gatur,
2381 4459 2477 4516 sed
2508 4460 2766 4518 femineus
2803 4477 2962 4518 sexus
3007 4465 3322 4522 ostenditur.
3377 4469 3511 4536 Quis
3561 4473 3713 4528 enim
3735 4487 3772 4529 ι

2166 4548 2324 4606 Patre
2350 4558 2435 4606 est
2459 4551 2674 4620 missus,
2697 4553 2800 4609 nisi
2838 4554 3138 4625 unigenitus
3163 4557 3256 4613 Dei
3282 4557 3487 4616 Filius?
3514 4561 3772 4629 Quomo-

2165 4640 2236 4696 do
2259 4656 2387 4712 ergo
2410 4657 2475 4696 ex
2505 4643 2729 4700 muliere
2757 4645 2944 4715 factus,
2968 4647 3069 4702 nisi
3089 4649 3212 4718 quia
3234 4649 3373 4706 idem
3393 4651 3506 4722 ipse
3533 4655 3630 4723 qui
3647 4663 3772 4711 erat

2164 4732 2305 4802 apud
2330 4732 2542 4790 Patrem
2592 4734 2689 4793 Dei
2739 4735 2927 4804 Filius,
2982 4739 3176 4796 missus
3214 4741 3386 4798 factus
3410 4754 3493 4800 est
3518 4744 3772 4803 hominis

2164 4821 2338 4878 ﬁlius?
2366 4823 2442 4880 De
2471 4824 2626 4881 Patre
2645 4835 2800 4883 natus
2825 4829 2940 4884 sine
2970 4832 3224 4901 temporis
3249 4832 3355 4900 die,
3375 4833 3441 4890 de
3466 4845 3648 4894 matre
3670 4853 3773 4894 na-

2164 4921 2248 4970 tus
2270 4913 2371 4972 hoc
2399 4916 2504 4972 die.
2535 4916 2695 4974 Istum
2742 4921 2886 4976 enim
2930 4921 3073 4977 diem
3101 4938 3259 4994 quem
3300 4929 3520 4992 creavit,
3571 4929 3631 4984 in
3657 4945 3774 5002 quo

2163 5014 2437 5063 crearetur
2465 5007 2647 5080 elegit,
2677 5013 2814 5066 sicut
2834 5009 3006 5068 factus
3031 5022 3114 5068 est
3131 5013 3199 5070 de
3222 5023 3393 5073 matre
3417 5031 3583 5089 quam
3613 5022 3769 5077 fecit.

2162 5095 2297 5152 Nam
2325 5105 2379 5153 et
2404 5097 2520 5168 ipse
2558 5099 2672 5155 dies
2709 5115 2740 5155 a
2786 5117 2893 5172 quo
2919 5102 3172 5176 deinceps
3199 5105 3598 5166 incrementum
3628 5113 3775 5170 lucis

2162 5189 2356 5260 accipit
2381 5189 2517 5258 dies,
2565 5207 2698 5263 opus
2737 5192 2935 5251 Christi
2983 5197 3264 5268 signiﬁcat,
3316 5214 3347 5256 a
3375 5216 3481 5272 quo
3527 5203 3777 5261 interior

2162 5277 2324 5336 homo
2351 5291 2533 5337 noster
2554 5291 2841 5339 renovatur
2869 5285 2938 5341 de
2960 5286 3047 5342 die
3075 5287 3128 5343 in
3157 5288 3298 5344 diem
3319 5288 3526 5362 (ll‘Cor.
3552 5295 3774 5368 1v,16).

2162 5369 2390 5430 Eterno
2401 5374 2596 5446 quippe
2615 5374 2858 5432 Creatori
2874 5376 2928 5432 in
2951 5386 3186 5450 tempore
3201 5388 3382 5438 creato
3401 5382 3502 5438 ille
3523 5383 3657 5441 dies
3679 5385 3778 5442 de-

2137 5471 2140 5474 ’
2161 5464 2277 5522 buit
2299 5482 2418 5525 esse
2435 5468 2644 5538 natalis,
2664 5469 2748 5526 cui
2778 5481 3020 5527 creatura
3035 5473 3055 5504 ’
3071 5483 3385 5545 congrueret
3412 5479 3775 5548 temporalis.

2226 5643 2244 5674 ί
2270 5647 2320 5692 In
2341 5647 2468 5704 Mss,
2495 5642 2762 5706 quomajor
2785 5648 2855 5695 est
2876 5647 3038 5695 Pater.

2157 5705 2402 5821 “rex,
2440 5705 2698 5771 creatura,
2746 5706 2888 5761 abest
2926 5719 2957 5762 a
2990 5712 3098 5762 uss.
3143 5706 3421 5766 corbeiensi
3467 5717 3521 5766 et
3580 5719 3778 5769 Savar-
