4108 6336
703 379 930 441 SERMO
963 373 1292 436 CLXXXVII
1335 383 1352 404 ·
1393 372 1496 445 (α).

829 503 879 546 ιιι
901 492 1046 545 Natali
1066 490 1269 550 Domini,
1289 503 1355 540 tv.

381 625 606 683 CAPUT
657 621 1027 678 PRIMUM.—
1057 619 1107 672 Ι.
1151 616 1286 670 Mira
1339 616 1393 669 in
1443 611 1641 669 Christo
1690 611 1884 681 infante

313 721 657 778 dissidentium
701 717 1047 770 attributorum
1084 708 1442 765 convenientia.
1489 703 1725 760 Laudem
1778 701 1872 755 Do-

312 815 438 870 mini
483 811 725 876 loquetur
778 822 839 860 os
884 819 1059 858 meum
1093 819 1105 854 :
1139 800 1252 870 ejus
1303 795 1542 863 Domini,
1586 809 1682 864 per
1723 805 1880 862 quem

313 909 442 960 facta
474 911 594 958 sunt
622 898 818 964 omnia,
851 908 903 951 et
933 896 1020 966 qui
1066 892 1236 948 factus
1265 898 1346 945 est
1373 888 1513 942 inter
1555 884 1766 940 omnia:
1792 881 1883 952 qui

312 1009 390 1054 est
419 997 589 1052 Patris
615 991 891 1054 revelator,
918 985 1102 1042 matris
1121 991 1357 1038 creator:
1381 979 1547 1033 Filius
1570 976 1663 1030 Dei
1694 973 1760 1029 de
1785 973 1884 1027 Pa-

313 1100 390 1144 tre
421 1089 537 1141 siue
566 1094 754 1146 matre,
789 1079 924 1131 illius
953 1074 1182 1128 hominis
1221 1071 1286 1125 de
1327 1078 1495 1123 matre
1538 1065 1654 1118 sine
1695 1071 1879 1132 patre:

313 1194 536 1248 magnus
578 1175 692 1229 dies
738 1170 1078 1240 Angelorum,
1129 1178 1318 1235 parvus
1356 1163 1406 1216 in
1448 1159 1534 1214 die
1573 1157 1883 1212 hominum:

317 1272 544 1326 \‘erbum
573 1267 711 1319 Deus
733 1274 853 1315 ante
876 1259 1051 1312 oumia
1083 1267 1340 1322 tempora,
1376 1250 1609 1305 Verbum
1639 1261 1763 1300 caro
1792 1259 1886 1313 op-

313 1373 538 1437 portuno
569 1368 836 1425 tempore:
865 1350 1109 1404 conditor
1139 1346 1285 1409 solis,
1327 1339 1570 1398 conditus
1599 1337 1697 1437 sub
1727 1336 1838 1390 sole
1868 1351 1881 1388 :

313 1429 499 1510 cuncta
543 1447 733 1504 s;rcula
764 1443 1016 1498 ordinans
1065 1439 1130 1493 de
1175 1437 1292 1491 sinu
1337 1433 1524 1495 Patris,
1572 1429 1885 1483 hodiernum

314 1546 451 1598 diem
483 1551 800 1596 Consecratus
837 1534 905 1587 de
951 1540 1099 1584 utero
1131 1526 1351 1582 matris:
1382 1523 1451 1578 ibi
1483 1535 1722 1584 manens,
1766 1517 1887 1571 hinc

315 1631 638 1706 procedens:
669 1626 884 1681 effector
910 1621 1028 1676 coeli
1057 1629 1108 1674 et
1128 1628 1304 1682 terrm,
1329 1616 1426 1670 sub
1449 1613 1584 1666 cmlo
1605 1618 1818 1706 exortus
1835 1608 1886 1662 in

312 1699 452 1781 terra
476 1744 486 1776 ;
506 1717 839 1775 ineli‘abiliter
857 1714 1089 1783 sapiens,
1117 1708 1383 1778 sapienter
1407 1702 1611 1758 infans:
1633 1699 1886 1755 mundum

314 1817 559 1885 impleas,
605 1813 655 1865 in
697 1805 954 1879 prmsepio
995 1803 1177 1872 jacens
1212 1817 1225 1854 :
1256 1798 1428 1852 sidera
1471 1808 1679 1863 regens,
1727 1790 1888 1844 ubera

314 1883 585 1964 latiibens:
616 1904 686 1957 ita
719 1913 937 1969 magnus
979 1897 1030 1950 in
1069 1895 1234 1948 forma
1268 1891 1380 1953 Dei,
1412 1889 1584 1943 brevis
1629 1887 1680 1940 in
1717 1883 1888 1938 forma

314 1998 484 2062 servi;
517 2003 573 2049 ut
603 2007 700 2048 uec
730 1977 846 2045 ista'
868 1989 1124 2042 brevitate
1154 1981 1456 2053 magnitudo
1487 1979 1571 2032 illa
1615 1976 1887 2030 minuere-

315 2100 417 2154 tur,
467 2103 565 2142 nec
609 2086 696 2140 illa
737 2078 1095 2151 magnitudine
1124 2078 1223 2130 ista
1263 2073 1494 2129 brevitas
1539 2079 1886 2140 premeretur.

313 2182 494 2252 Neque
517 2178 657 2234 enim
683 2173 894 2246 quando
928 2169 1163 2226 membra
1193 2166 1420 2220 humana
1451 2160 1700 2230 suscepit,
1730 2173 1891 2228 opera

314 2275 496 2332 divina
533 2269 798 2326 deseruit:
824 2280 924 2320 nec
947 2263 1209 2331 attingere
1236 2275 1264 2312 a
1303 2258 1405 2312 line
1443 2270 1610 2325 usque
1639 2254 1702 2307 ad
1733 2253 1890 2305 linem

314 2365 539 2424 fortiter,
581 2371 634 2415 et
675 2359 961 2426 disponere
1002 2352 1179 2407 omnia
1223 2348 1454 2402 suaviter
1503 2345 1704 2400 destitit
1733 2342 1889 2413 (Sap.

315 2473 426 2520 vm,
475 2454 561 2526 i);
593 2449 804 2521 quando
842 2445 1146 2502 infirmitate
1180 2440 1354 2496 carnis
1385 2438 1618 2499 indutus,
1650 2433 1893 2504 virginali

317 2557 468 2604 utero
495 2551 742 2613 receptus
763 2549 864 2606 est,
893 2553 997 2593 non
1027 2535 1289 2598 inclusus;
1312 2539 1370 2586 ut
1395 2546 1493 2585 nec
1522 2529 1734 2598 Angelis
1761 2526 1888 2581 sub-

315 2640 614 2695 traheretur
639 2631 911 2703 sapientia:
947 2629 1116 2693 cibus,
1157 2633 1212 2681 et
1252 2639 1349 2678 nos
1377 2632 1710 2693 gustaremus
1736 2631 1892 2688 quam

316 2731 494 2787 suavis
523 2737 604 2784 est
630 2725 906 2780 Dominus.

386 2819 612 2876 CAPUT
650 2816 804 2872 ll.——
830 2813 885 2867 2.
936 2810 1153 2866 Verbum
1179 2825 1210 2862 a
1233 2806 1386 2861 Patre
1416 2823 1514 2860 non
1533 2804 1789 2858 recessisse
1804 2802 1897 2854 ad-

317 2920 462 2965 uentu
490 2910 541 2963 in
569 2922 790 2972 carnem,
820 2901 1145 2958 similitudine
1165 2907 1488 2953 monstratur.
1519 2894 1654 2963 Quid
1683 2893 1782 2947 hoc
1799 2893 1899 2946 mi-

317 3019 498 3059 ramur
518 3001 584 3056 de
604 2997 778 3054 Verbo
809 2997 923 3060 Dei,
948 3010 1066 3049 cum
1095 3007 1270 3047 sermo
1293 2991 1389 3044 iste
1417 3003 1571 3059 quem
1605 2985 1896 3056 promimus

318 3098 389 3153 ita
415 3096 548 3151 liber
588 3092 830 3149 sensibus
862 3087 1064 3153 inﬂuat,
1097 3095 1154 3140 ut
1179 3099 1299 3139 eum
1330 3091 1385 3137 et
1425 3081 1661 3149 recipiat,
1707 3086 1760 3131 ct
1789 3092 1894 3130 non

317 3187 553 3244 includat
586 3183 826 3240 auditor?
846 3180 977 3236 Nam
1009 3179 1107 3233 nisi
1135 3177 1482 3244 reciperetur,
1513 3171 1778 3226 neminem
1810 3167 1894 3221 in-

319 3287 581 3336 strueret:
606 3277 648 3331 si
679 3273 1056 3337 includeretur,
1089 3267 1154 3322 ad
1179 3268 1308 3322 alios
1329 3279 1433 3320 non
1455 3265 1677 3317 veniret.
1706 3261 1768 3314 Et
1790 3259 1894 3313 uti-

315 3389 419 3444 que
445 3386 620 3425 sermo
647 3370 744 3422 iste
765 3365 937 3420 verbis
957 3362 1276 3434 syllabisque
1294 3356 1574 3411 dividitur:
1596 3367 1694 3407 nec
1720 3362 1894 3406 tamen

316 3443 383 3517 ex
408 3479 472 3517 eo
495 3471 740 3528 tanquam
767 3473 830 3510 ex
852 3455 972 3510 cibo
999 3453 1196 3506 ventris
1222 3449 1454 3518 singulas
1480 3445 1762 3515 particulas
1791 3443 1895 3496 tol-

315 3555 454 3616 litis;
487 3551 580 3606 sed
610 3563 794 3603 omnes
821 3556 985 3600 totum
1011 3542 1221 3603 auditis,
1258 3548 1422 3592 totum
1453 3536 1642 3604 singuli
1677 3533 1893 3616 sapitis.

313 3645 428 3701 Nec
455 3645 702 3698 timemus
726 3639 847 3692 dum
878 3635 1161 3704 loquimur,
1196 3647 1262 3685 ne
1287 3639 1449 3682 totum
1480 3617 1739 3680 audiendo
1761 3639 1897 3678 unus

314 3739 583 3798 absumat,
609 3745 704 3784 nec
725 3730 856 3782 alter
887 3727 1052 3796 possit
1079 3723 1273 3776 habere
1299 3719 1438 3790 quod
1474 3729 1678 3773 sumat:
1709 3716 1801 3770 sed
1828 3716 1898 3770 ita

315 3841 414 3878 vos
441 3831 670 3876 attentus
699 3834 815 3874 esse
839 3818 1104 3878 Volumus,
1129 3813 1323 3866 nullius
1356 3825 1536 3864 aurem
1563 3817 1898 3876 mentemque

316 3916 648 3980 fraudmtcs,
678 3919 735 3966 ut
772 3919 826 3964 et
853 3919 1018 3963 totum
1050 3905 1240 3975 singuli
1279 3903 1521 3965 audiatis,
1553 3911 1606 3956 et
1636 3908 1800 3955 totttm
1831 3899 1898 3954 ad

315 4003 639 4063 audiendum
665 4003 873 4057 caneris
901 3997 1230 4068 relinquatis.
1259 3995 1440 4064 Neque
1472 3993 1571 4048 hoc
1599 3993 1654 4047 fit
1680 3993 1900 4048 alternis

319 4096 668 4166 temporibus,
701 4103 756 4146 ut
784 4108 902 4147 cum
930 4104 1105 4144 sermo
1132 4089 1218 4158 qui
1245 4087 1439 4142 dicitur
1478 4086 1542 4140 ad
1591 4093 1642 4139 te
1669 4085 1898 4154 primum

321 4186 619 4250 intraverit,
651 4191 805 4240 exeat
826 4198 853 4235 a
884 4189 950 4247 te,
986 4190 1045 4234 ut
1071 4180 1136 4234 ad
1169 4179 1329 4233 alium
1360 4178 1521 4247 poSsil
1547 4178 1775 4230 intrare:
1805 4176 1898 4230 sed

318 4277 476 4335 simul
498 4275 562 4330 ad
582 4289 767 4329 omnes
788 4273 951 4339 venit,
975 4281 1028 4326 et
1047 4280 1186 4324 totus
1208 4269 1272 4323 ad
1299 4269 1535 4338 singulos
1557 4267 1812 4336 pervenit.
1836 4267 1900 4320 Et

318 4371 367 4425 si
402 4378 542 4424 totus
574 4366 828 4422 memoria
855 4365 1022 4419 teucri
1051 4363 1321 4426 valuisset,
1354 4361 1489 4416 sicut
1517 4360 1583 4414 ad
1610 4368 1774 4414 totum
1807 4375 1902 4413 au-

319 4463 574 4519 diendum
595 4476 780 4514 omnes
809 4457 1049 4522 venistis,
1077 4458 1146 4510 ita
1170 4471 1292 4510 cum
1333 4464 1443 4508 toto
1477 4453 1666 4524 singuli
1698 4453 1900 4507 redire-

320 4555 408 4610 tis.
444 4553 651 4621 Quanto
677 4551 843 4620 magis
868 4548 1099 4603 Verbum
1142 4547 1252 4611 Dei,
1296 4560 1391 4614 per
1427 4544 1566 4614 quod
1606 4543 1737 4598 facta
1780 4551 1903 4598 sunt

317 4621 532 4708 omnia:
543 4655 594 4699 et
619 4643 758 4713 quod
783 4643 834 4696 in
858 4657 915 4697 sc
936 4655 1155 4694 manens
1178 4639 1393 4693 innovat
1414 4638 1618 4700 omnia;
1642 4636 1782 4706 quod
1806 4651 1903 4691 nec

317 4739 454 4794 locis
479 4737 826 4800 concluditur,
856 4750 955 4790 nec
977 4734 1301 4805 temporibus
1323 4731 1576 4798 tenditur,
1601 4745 1697 4786 nec
1724 4745 1904 4785 moru-

320 4831 390 4885 lis
417 4830 670 4884 brevibus
701 4828 975 4897 longisque
1015 4824 1268 4890 variatur,
1302 4839 1398 4878 nec
1428 4823 1644 4876 vocibus
1684 4822 1898 4886 texitur,

319 4935 422 4974 nec
450 4918 659 4974 silentio
685 4919 1028 4974 terminatur;
1059 4925 1257 4984 quanto
1283 4913 1450 4983 magis
1488 4912 1588 4966 hoc
1618 4920 1818 4965 tantum
1850 4919 1903 4964 et

321 5013 430 5068 tale
455 5011 689 5066 Verbum
729 5009 899 5081 potuit
936 5007 1121 5061 matris
1148 5015 1352 5059 uterum
1382 5013 1652 5072 assumpto
1680 5017 1903 5072 corpore

321 5102 632 5167 fecundare,
664 5111 718 5156 et
763 5100 828 5154 de
871 5098 987 5152 sinu
1027 5096 1199 5150 Patris
1234 5111 1338 5149 non
1369 5091 1664 5163 emigrare?
1691 5092 1813 5146 hinc
1837 5090 1919 5145 ad.

319 5194 509 5249 oculos
527 5191 787 5246 humanos
805 5191 972 5254 exire,
987 5187 1107 5242 inde
1125 5185 1603 5253 mentesangelicas
1617 5182 1904 5238 illustrare?

323 5285 451 5339 hinc
476 5284 541 5338 ad
571 5293 739 5337 terras
765 5279 1072 5352 procedere,
1093 5277 1212 5332 inde
1233 5277 1398 5332 ccelos
1413 5275 1698 5332 extendere
1714 5274 1904 5330 ‘?hinc

323 5377 489 5432 homo
521 5377 652 5434 fieri,
683 5375 804 5428 inde
825 5372 1076 5426 homines
1106 5369 1310 5424 facere?

390 5488 406 5519 ι
437 5493 538 5534 Mss.
550 5521 562 5542 ,
585 5482 838 5533 excedere.

387 5548 404 5568 ‘
430 5541 717 5594 Emendatus
739 5551 814 5593 est
836 5543 894 5592 ad
919 5551 1021 5592 tres
1041 5543 1118 5592 cb.
1144 5541 1202 5590 ad
1225 5542 1344 5592 duos
1367 5556 1413 5591 ιι.
1440 5542 1499 5592 ad
1523 5542 1555 5591 f.
1582 5546 1619 5591 t.
1641 5553 1691 5589 ν.
1709 5547 1810 5590 Am.
1830 5547 1902 5592 Er.

318 5619 426 5661 Pal.
449 5617 558 5658 Lor.

385 5676 458 5736 (τι)
488 5670 623 5728 Alius,
640 5669 704 5717 de
727 5675 962 5729 Tempore
979 5665 1055 5715 27.

644 5755 867 5813 Ssvcr.
901 5754 1175 5812 Aucesr.
1214 5753 1289 5811 ν.

1645 253 1871 314 SERMO
1907 253 2140 312 CLXXX
2148 256 2258 312 Vll.

3427 259 3566 315 1002

2057 368 2284 426 CAPUT
2321 368 2407 426 Ill.
2421 401 2492 411 —
2505 373 2558 428 5.
2594 371 2806 427 Verbum
2820 373 3168 429 incarnatione
3186 390 3286 428 non
3301 383 3567 427 mutatum.

1991 457 2160 514 Nemo
2179 475 2306 530 ergo
2331 460 2515 517 credat
2535 462 2628 518 Dei
2652 463 2842 518 Filium
2858 478 3174 520 conversum
3199 472 3254 519 et
3276 471 3571 519 commuta-

1989 558 2102 610 tum
2143 564 2263 606 esse
2301 552 2354 606 in
2398 553 2626 608 hominis
2654 554 2854 609 tilium:
2883 555 2976 610 sed
3006 556 3177 624 potius
3201 553 3482 610 credamus
3517 561 3572 608 et

1991 656 2100 695 non
2123 653 2434 711 consumpta
2463 643 2637 699 divina
2677 654 2730 700 et
2777 644 3010 714 perfecte
3045 654 3314 714 assumpta
3340 643 3568 698 humana

1990 731 2303 799 substantia,
2335 743 2634 790 manentem
2660 736 2752 790 Dei
2782 736 2994 802 Filium,
3021 736 3218 791 factum
3240 735 3472 790 hominis
3502 735 3570 788 fi-

1993 820 2141 875 lium.
2171 822 2352 892 Neque
2373 824 2513 878 enim
2533 825 2657 894 quia
2681 825 2878 881 dictum
2909 836 3009 891 est,
3032 826 3169 880 Deus
3193 835 3299 882 erat
3334 824 3571 891 Verbum,

1992 919 2048 966 et
2075 911 2288 966 Verbum
2306 929 2424 967 caro
2444 914 2635 983 factum
2659 924 2730 970 est
2751 915 2927 985 (Joan.
2951 932 2990 983 ι,
3015 918 3068 982 1,
3093 905 3211 986 li);
3244 916 3321 970 sic
3344 915 3572 970 Verbum

1992 1016 2118 1057 caro
2163 1002 2358 1059 factum
2398 1015 2499 1070 est,
2526 1016 2586 1060 ut
2615 1021 2734 1062 esse
2771 1007 3036 1063 desineret
3081 1009 3252 1063 Deus:
3275 1007 3488 1076 quando
3517 1008 3574 1062 in

1993 1093 2108 1163 ipsa
2136 1110 2297 1150 carne
2321 1096 2461 1166 quod
2498 1096 2728 1152 Verbum
2754 1112 2881 1153 caro
2909 1097 3106 1153 factum
3134 1107 3236 1165 est,
3271 1097 3572 1154 Emmanue.

1993 1195 2173 1239 natum
2189 1196 2290 1254 est,
2315 1188 2570 1244 nobiscum
2591 1187 2723 1244 Deus
2748 1188 2957 1257 (Matth.
2988 1206 3024 1256 ι,
3043 1190 3157 1260 25).
3183 1190 3329 1246 Sicut
3354 1190 3575 1246 verbum

1993 1275 2132 1345 quod
2156 1277 2315 1332 corde
2338 1288 2626 1347 gestamus,
2659 1281 2715 1334 fit
2739 1295 2838 1336 vox
2860 1295 2980 1336 cum
3008 1281 3061 1335 id
3094 1296 3188 1336 ore
3219 1281 3571 1351 proferimus,

1995 1381 2100 1420 non
2119 1374 2292 1422 tamen
2322 1367 2448 1424 illud
2477 1371 2528 1424 in
2560 1369 2696 1426 hanc
2722 1380 3098 1438 commutatur,
3129 1372 3222 1427 sed
3250 1373 3339 1428 illo
3369 1373 3574 1443 integro

1995 1454 2094 1510 ista
2126 1456 2177 1510 in
2205 1472 2306 1527 qua
2355 1460 2607 1528 procedat
2643 1461 2955 1527 assumitur,
3009 1470 3068 1516 ut
3105 1474 3156 1516 et
3184 1463 3326 1518 intus
3363 1473 3578 1519 maneat

1995 1548 2134 1616 quod
2165 1550 2508 1620 intelligatur,
2550 1562 2604 1606 et
2647 1552 2774 1607 foris
2803 1563 2956 1608 sonet
2991 1552 3132 1622 quod
3173 1552 3450 1608 audiatur:
3476 1554 3577 1610 hoc

1995 1637 2135 1693 idem
2167 1649 2343 1695 tamen
2372 1640 2636 1711 profertur
2669 1645 2720 1698 in
2746 1658 2899 1711 sono,
2922 1643 3064 1714 quod
3092 1655 3214 1698 ante
3244 1653 3495 1700 sonuerat
3521 1647 3575 1701 in

1995 1729 2235 1796 silentio;
2261 1740 2420 1802 atque
2451 1733 2521 1788 ita
2549 1734 2770 1789 verbum
2799 1750 2920 1790 cum
2951 1737 3008 1790 ﬁt
3037 1751 3157 1798 vox,
3191 1752 3296 1790 non
3343 1747 3602 1793 mutatum

1997 1817 2291 1885 invocem;
2333 1822 2426 1876 sed
2455 1838 2678 1880 manens
2721 1826 2775 1879 in
2818 1827 3011 1881 mentis
3053 1827 3191 1889 luce.
3225 1837 3279 1882 et
3303 1838 3577 1898 assumpta

1996 1909 2171 1962 carnis
2199 1925 2326 1965 voce
2348 1912 2586 1981 procedit
2606 1913 2673 1968 ad
2699 1915 3023 1982 audientem,
3051 1925 3106 1970 et
3134 1932 3240 1971 non
3267 1915 3466 1972 deserit
3482 1932 3578 1972 εον

1995 1999 2266 2070 gitantem.
2294 2001 2410 2056 Non
2433 2017 2551 2058 cum
2581 2005 2692 2073 ipsa
2716 2020 2816 2061 vox
2843 2006 2894 2060 in
2920 2007 3436 2078 silentiocogitatur,
3459 2025 3579 2079 qua:

1996 2091 2080 2146 vel
2107 2108 2292 2162 grzeca:
2317 2103 2418 2158 est,
2446 2095 2528 2150 vel
2567 2096 2763 2163 latinas,
2788 2098 2868 2152 vel
2897 2098 3088 2169 linguae
3112 2100 3332 2157 alterius
3356 2102 3580 2171 cujusli-

1998 2181 2116 2237 bet:
2142 2185 2235 2239 sed
2257 2200 2376 2240 cum
2401 2196 2528 2242 ante
2555 2203 2766 2244 omnem
2795 2189 3092 2260 linguarum
3115 2191 3475 2248 diversitatem
3493 2209 3580 2249 res

1998 2273 2110 2343 ipsa
2137 2291 2254 2344 qua:
2282 2276 2505 2332 dicenda
2546 2287 2644 2344 est,
2677 2279 2850 2334 adhuc
2873 2280 2924 2334 in
2955 2281 3116 2336 cubili
3144 2282 3319 2337 cordis
3348 2283 3579 2353 quodam

1999 2366 2158 2420 modo
2182 2368 2322 2422 nuda
2343 2377 2424 2424 est
2446 2370 2778 2441 intelligenti,
2807 2387 2925 2442 qua:
2961 2382 3019 2428 ut
3051 2373 3173 2428 inde
3201 2375 3452 2445 procedat
3497 2375 3581 2430 lo-

1999 2458 2210 2526 quentis
2236 2475 2362 2514 voce
2390 2462 2625 2515 vestitur.
2660 2461 3039 2519 Verumtamen
3069 2473 3352 2536 utrumque
3383 2467 3504 2534 hoc,
3527 2477 3582 2523 et

1999 2548 2138 2617 quod
2173 2549 2434 2619 cogitatur
2473 2551 2832 2622 intelligendo,
2864 2562 2918 2608 et
2941 2556 3082 2624 quod
3110 2566 3266 2611 sonat
3293 2559 3579 2628 loquendo,

2004 2639 2256 2694 mutabile
2297 2649 2455 2710 atque
2497 2641 2756 2698 dissimile
2795 2653 2909 2699 est:
2943 2661 3114 2716 neque
3149 2647 3278 2702 illud
3325 2649 3580 2718 manebit,

2001 2744 2120 2784 cum
2151 2730 2345 2784 oblitus
2375 2731 2568 2795 fueris;
2593 2749 2764 2803 neque
2788 2733 2909 2800 hoc,
2938 2750 3056 2790 cum
3082 2738 3324 2794 silueris:
3350 2741 3580 2797 Verbum

2001 2830 2175 2876 autem
2198 2822 2407 2878 Domini
2427 2834 2603 2880 manet
2626 2825 2676 2880 in
2697 2835 2979 2896 teternum,
3005 2838 3059 2885 et
3084 2831 3583 2891 incommutabiliter

2004 2919 2202 2966 manet.
2637 2932 2640 2936 '

2069 2998 2294 3056 CAPUT
2332 3001 2419 3057 IV.
2436 3031 2508 3043 —
2525 3003 2579 3058 4.
2628 3002 2843 3060 Verbum
2861 3006 3177 3064 incarnatum
3197 3010 3331 3066 Deus
3348 3022 3393 3067 et
3409 3015 3582 3068 homo.

2000 3091 2214 3147 Etcum
2245 3107 2460 3148 carnem
2484 3095 2772 3164 assumpsit
2807 3112 2873 3152 ex
2910 3107 3168 3169 tempore,
3204 3111 3261 3156 ut
3288 3102 3354 3157 ad
3381 3112 3586 3175 tempo-

2002 3183 2167 3238 ralem
2197 3183 2360 3238 vitam
2383 3193 2618 3240 nostram
2645 3187 2978 3256 procederet,
3003 3205 3106 3244 non
3137 3191 3189 3245 in
3225 3207 3386 3249 carne
3410 3195 3586 3250 amisit

1999 3279 2369 3346 aeternitatem,
2388 3279 2482 3335 sed
2499 3281 2657 3335 etiam
2674 3281 2823 3336 carni
2841 3284 3086 3352 praestitit
3107 3284 3582 3342 immortalitatem.

2000 3369 2075 3424 lla
2105 3370 2216 3440 ipse
2251 3380 2485 3440 tanquam
2530 3387 2747 3442 sponsus
2793 3374 3064 3442 procedens
3109 3375 3172 3428 de
3222 3378 3442 3431 thalamo
3469 3395 3583 3443 suo,

2002 3464 2262 3518 exsultavit
2286 3473 2337 3516 ut
2356 3464 2498 3535 gigas
2523 3463 2589 3516 ad
2614 3465 2915 3518 currendam
2946 3467 3077 3519 viam
3103 3465 3253 3536 (Psal
3322 3485 3476 3536 xvm,
3505 3471 3586 3541 6).

2006 3553 2107 3620 Qui
2132 3570 2247 3606 cum
2269 3554 2322 3606 in
2351 3558 2515 3623 [arma
2535 3553 2629 3608 Dei
2658 3564 2804 3620 esset,
2832 3572 2931 3609 non
2957 3558 3188 3626 rapinam
3211 3559 3482 3614 arbitratus
3512 3571 3583 3614 est

2002 3659 2108 3697 esse
2131 3643 2338 3712 tequalis
2375 3642 2519 3698 Deo:
2539 3643 2634 3698 sed
2665 3652 2720 3698 ut
2755 3655 2973 3714 propter
2999 3662 3098 3699 nos
3128 3647 3276 3702 ﬁeret
3306 3649 3446 3717 quod
3478 3667 3582 3705 non

2002 3742 2136 3799 erat,
2159 3733 2484 3806 semetipsum
2505 3735 2780 3788 exinaniait
2793 3752 2812 3800 ;
2835 3751 2944 3790 non
2970 3736 3196 3792 formam
3221 3739 3309 3794 Dei
3331 3741 3583 3810 perdens,

2003 3821 2096 3876 scd
2117 3811 2333 3894 fdi-mam
2356 3825 2485 3877 servi
2504 3825 2790 3894 accipiens:
2818 3836 2869 3881 et
2903 3843 2997 3896 per
3027 3827 3163 3884 hanc
3199 3830 3250 3883 in
3292 3832 3583 3886 similitudi-

2004 3932 2117 3969 nem
2138 3916 2393 3969 hominum
2407 3920 2568 3987 factus
2583 3933 2711 3982 ;nec
2729 3919 2936 3988 propria
2958 3919 3248 3974 substantia
3267 3939 3279 3985 ;
3295 3923 3386 3976 sed
3409 3924 3582 3978 habitu

2004 4005 2231 4059 inventus
2261 4014 2312 4058 ut
2348 4006 2495 4060 homo
2539 4005 2794 4079 (Philipp.
2817 4024 2873 4075 ιι,
2905 4011 2938 4064 6
2963 4020 3009 4064 et
3051 4010 3125 4082 7).
3172 4012 3282 4067 Hoc
3314 4015 3454 4068 enim
3499 4027 3583 4072 to-

2007 4104 2116 4150 tum
2151 4095 2294 4166 quod
2319 4113 2502 4152 sumus
2530 4099 2612 4153 vel
2655 4099 2706 4152 in
2735 4101 2907 4154 anima
2937 4101 3019 4156 vel
3046 4103 3097 4155 in
3126 4118 3369 4173 corpore,
3401 4116 3584 4164 nostra

2007 4202 2192 4249 natura
2223 4204 2324 4260 est,
2369 4197 2506 4253 illius
2531 4197 2776 4255 habitus:
2801 4216 2898 4256 nos
2925 4204 3024 4257 nisi
3051 4203 3152 4258 hoc
3189 4219 3446 4267 essemus.
3479 4221 3584 4260 non

2005 4301 2274 4354 essemus;
2305 4289 2395 4345 ille
2417 4291 2461 4344 si
2491 4291 2589 4345 hoc
2614 4307 2719 4346 non
2755 4304 2918 4360 esset,
2947 4305 3088 4352 esset
3115 4299 3292 4367 utique
3331 4299 3488 4352 Deus.
3522 4299 3588 4352 Et

2005 4393 2126 4433 cum
2166 4379 2266 4434 hoc
2291 4395 2410 4435 esse
2433 4382 2596 4451 coepit
2624 4383 2762 4452 quod
2800 4400 2904 4448 non
2934 4395 3068 4449 erat,
3108 4385 3270 4441 homo
3309 4387 3478 4442 factus
3505 4399 3588 4442 cst

2007 4487 2324 4541 permanens
2357 4473 2529 4528 Deus:
2557 4482 2614 4529 ut
2644 4489 2747 4529 non
2791 4492 2954 4530 unum
2997 4477 3206 4543 horum,
3239 4479 3333 4533 sed
3374 4489 3584 4533 utrum-

2007 4579 2108 4634 que
2137 4565 2411 4618 verissime
2437 4563 2730 4631 diceretur;
2755 4576 2807 4621 et
2825 4578 3042 4637 propter
3061 4569 3200 4637 quod
3229 4569 3387 4623 homo
3417 4569 3594 4624 factus.

2009 4666 2110 4719 est,
2137 4657 2387 4730 Quoniam
2412 4656 2570 4712 Pater
2609 4660 2773 4729 major
2815 4676 2893 4713 me
2931 4670 3002 4714 est
3031 4660 3208 4732 (Joan.
3237 4677 3345 4725 xw,
3375 4661 3498 4730 28);
3531 4673 3587 4716 et

2008 4758 2225 4818 propter
2253 4747 2392 4817 quod
2423 4749 2713 4816 permansit
2742 4750 2898 4813 Dens,
2929 4749 3038 4820 Ego
3059 4761 3103 4803 et
3129 4749 3287 4803 Pater
3314 4766 3470 4803 ununt
3497 4767 3586 4803 su-

2008 4856 2119 4893 mus
2149 4838 2256 4917 (Id.
2287 4857 2337 4905 x,
2367 4839 2477 4909 50).
2509 4840 2642 4895 Nam
2671 4841 2715 4895 si
2745 4841 2973 4896 Verbum
3005 4843 3059 4896 in
3086 4857 3322 4906 carnem,
3349 4841 3452 4896 hoc
3481 4851 3578 4907 est,

2009 4930 2150 4985 Deus
2182 4932 2235 4984 in
2266 4929 2534 4986 hominem
2582 4940 2816 4988 mutatus
2852 4942 3270 4996 converteretur.
3311 4949 3420 4992 non
3443 4944 3586 4989 esset

2009 5037 2216 5086 verum,
2249 5022 2371 5086 nisi,
2401 5021 2557 5077 Pater
2584 5025 2755 5095 major.
2783 5041 2860 5090 me
2887 5033 2988 5088 est;
3024 5025 3146 5094 quia
3174 5025 3387 5080 homine
3417 5027 3582 5095 major

2010 5121 2093 5166 est
2121 5112 2258 5166 Deus
2281 5129 2292 5164 :
2320 5111 2447 5166 illud
2466 5122 2640 5168 autem
2661 5112 2852 5168 falsum
2873 5123 3034 5179 esset,
3057 5114 3169 5185 Ego
3189 5125 3234 5170 et
3261 5105 3414 5171 Pater
3430 5134 3581 5170 unum

2009 5221 2210 5270 sumus;
2235 5205 2355 5275 quia
2382 5219 2485 5260 non
2517 5215 2638 5260 sunt
2668 5222 2826 5261 unum
2851 5207 2990 5263 Deus
3015 5216 3068 5262 et
3095 5208 3274 5262 homo.
3299 5207 3402 5263 Sed
3430 5207 3580 5262 forsi-

2011 5304 2102 5351 tan
2147 5305 2326 5367 posset
2368 5296 2542 5351 dicere
2567 5315 2579 5350 :
2608 5298 2718 5366 Ego
2747 5307 2800 5350 et
2824 5297 3000 5361 Pater,
3045 5313 3149 5351 non
3184 5314 3342 5352 unum
3379 5313 3582 5362 sumus,

2011 5385 2106 5441 sed
2137 5402 2296 5440 unum
2325 5385 2537 5440 fuimus.
2565 5385 2713 5453 Quod
2745 5386 2884 5439 enim
2905 5394 3222 5443 eratetesse
3239 5388 3456 5452 destitit,
3480 5405 3585 5443 non

2011 5485 2094 5531 est
2122 5477 2322 5547 utique,
2363 5476 2456 5530 sed
2502 5476 2616 5529 fuit.
2655 5475 2806 5529 Nunc
2841 5485 3039 5543 autem,
3072 5487 3128 5531 et
3167 5487 3378 5548 propter
3406 5495 3585 5534 veram

2010 5566 2234 5622 formam
2261 5566 2418 5629 servi.
2442 5581 2597 5635 quatn
2619 5574 2916 5634 acceperat,
2939 5582 3121 5621 verum
3138 5567 3289 5633 dixit,
3312 5567 3466 5622 Pater
3481 5585 3590 5621 ma-

2010 5665 2096 5734 jor
2120 5680 2196 5716 me
2224 5670 2325 5725 est;
2354 5668 2407 5714 et
2429 5667 2646 5729 propter
2669 5673 2846 5713 veram
2878 5658 3100 5713 formam
3127 5658 3238 5727 Dei,
3263 5661 3313 5715 in
3341 5676 3441 5732 qua
3465 5677 3588 5734 per-

2766 5745 3264 5826 ﬁrmis—deum.)
