4108 6336
505 272 640 329 Iona

501 385 772 452 manebat,
801 399 983 440 verum
1005 383 1156 452 dixit,
1185 383 1298 456 Ego
1315 393 1361 439 et
1386 382 1539 438 Pater
1564 398 1724 437 unum
1742 397 1936 438 sumus.
1976 381 2085 438 Ex-

502 477 864 547 inanivitergo
889 491 948 531 se
967 475 1106 546 apud
1129 475 1392 543 homines,
1418 491 1522 531 non
1541 475 1610 531 ita
1626 475 1796 532 factus
1810 476 1949 548 quod
1977 492 2084 534 non

501 578 636 628 erat,
670 576 727 631 ut
755 581 859 621 non
879 575 1021 621 esset
1040 566 1181 636 quod
1198 576 1310 621 eral
1334 586 1349 623 :
1378 566 1470 622 sed
1493 567 1771 624 occultans
1787 569 1930 640 quod
1945 578 2082 638 erat,

499 669 553 711 et
576 658 952 712 demonstrans
978 657 1117 728 quod
1149 657 1320 714 factus
1346 667 1478 714 erat.
1513 659 1744 716 Proinde
1768 662 1890 732 quia
1923 661 2086 732 Virgo

498 751 744 820 concepit
771 759 825 805 et
851 752 1056 820 peperit
1087 751 1272 816 ﬁlium,
1319 760 1535 821 propter
1574 752 1910 809 manifestam
1942 753 2084 808 servi

497 841 746 908 formam,
782 841 921 896 Puer
949 852 1098 896 natus
1124 853 1195 896 est
1231 843 1373 897 nobis
1401 843 1550 911 (lsai.
1581 860 1660 911 Ix,
1691 845 1767 915 6).
1799 845 1928 912 Quia
1958 861 2084 900 vero

501 932 594 988 Dei
623 931 858 988 Verbum
883 920 1023 1003 quod
1042 943 1220 988 manet
1247 934 1298 989 in
1326 944 1606 1002 aeternum,
1625 952 1749 990 caro
1767 935 1961 991 factum
1979 945 2078 1001 est,

501 1033 559 1078 nt
583 1024 847 1080 habitaret
879 1026 929 1079 in
959 1025 1133 1091 nobis,
1166 1036 1382 1098 propter
1413 1029 1505 1083 Dei
1542 1030 1764 1084 formam
1805 1030 2080 1096 latentem,

499 1116 593 1171 sed
635 1126 961 1186 manentem,
993 1119 1130 1175 sicut
1169 1122 1431 1176 nuntiavit
1455 1123 1687 1186 Gabriel,
1719 1139 1969 1179 vocamus
1995 1141 2085 1178 no-

498 1223 612 1262 men
655 1208 765 1278 ejus
803 1207 1126 1265 Emmanuel.
1157 1212 1347 1268 Factus
1375 1223 1457 1270 est
1482 1215 1622 1270 enim
1653 1215 1834 1283 homo,
1879 1232 2087 1286 perma-

497 1314 633 1354 nens
671 1300 832 1367 Deus,
865 1310 920 1356 ut
961 1312 1016 1358 et
1044 1303 1182 1359 ﬁlius
1214 1305 1443 1362 hominis
1469 1317 1610 1363 recte
1639 1320 1860 1364 vocetur
1889 1309 2086 1365 Nobis-

497 1407 613 1444 cum
643 1390 782 1446 Deus
805 1408 824 1446 :
855 1408 958 1447 non
985 1394 1119 1450 alter
1144 1397 1302 1463 Deus,
1339 1399 1474 1454 alter
1500 1401 1679 1454 homo.
1714 1401 1956 1456 Exsultat
1983 1403 2084 1456 ita-

495 1497 601 1549 que
630 1481 682 1538 in
712 1483 1052 1541 credentibus
1099 1487 1354 1554 mundus,
1403 1489 1594 1560 quibus
1632 1491 1898 1547 salvandis
1941 1495 2087 1549 venit

497 1589 592 1642 per
620 1589 778 1644 quem
811 1574 981 1631 factus
1009 1587 1089 1632 est
1125 1579 1372 1636 mundus.
1403 1581 1657 1636 Conditor
1689 1581 1890 1653 Marize,
1931 1595 2088 1642 natus

498 1681 564 1720 ex
594 1665 794 1722 Maria:
829 1668 970 1725 ﬁlius
1001 1669 1183 1736 David,
1207 1673 1459 1730 Dominus
1487 1675 1684 1730 David:
1715 1691 1898 1732 semen
1921 1679 2089 1734 Abra-

499 1757 605 1826 hze,
655 1759 745 1831 qui
790 1770 871 1816 est
912 1770 1034 1817 ante
1081 1765 1382 1821 Abraham:
1415 1766 1581 1822 factor
1610 1777 1785 1836 terrm,
1841 1772 2007 1828 factus
2035 1772 2086 1828 in

502 1859 911 1908 terra:creator
949 1853 1092 1922 creli,
1120 1865 1334 1913 creatus
1367 1859 1465 1914 sub
1499 1861 1655 1916 cmlo.
1699 1861 1816 1932 lpse
1855 1873 1936 1919 est
1974 1865 2089 1921 dies

501 1955 660 2010 quem
684 1939 814 1997 fecit
833 1943 1110 2013 Dominus,
1141 1955 1194 2003 et
1219 1947 1334 2003 dies
1358 1951 1535 2006 cordis
1561 1953 1730 2008 nostri
1757 1954 1871 2024 ipse
1888 1967 1965 2010 est
1987 1957 2090 2013 Do-

503 2031 735 2088 minus‘.
785 2035 1136 2094 Ambulemus
1183 2039 1236 2094 in
1279 2041 1476 2098 lumine
1518 2043 1652 2115 ejus,
1683 2049 2008 2106 exsullcmus
2035 2057 2089 2107 et

505 2127 856 2187 iucundcmur
890 2131 941 2185 in
968 2145 1054 2187 eo.

893 2264 1118 2324 SERMO
1171 2265 1522 2326 CLXXXVIII
1544 2275 1563 2296 ο
1592 2271 1688 2345 (α).

1041 2386 1091 2432 In
1113 2381 1260 2434 Natali
1281 2385 1482 2448 Domini,
1504 2399 1554 2436 v.

575 2478 803 2540 CAPUT
841 2481 1210 2538 PRIMUM.—
1237 2486 1288 2542 1.
1350 2485 1565 2541 Verbum
1602 2487 1702 2543 Dei
1737 2491 1984 2561 explicari
2028 2492 2090 2547 ab

507 2571 707 2626 homine
743 2589 848 2628 non
890 2583 1071 2645 potest.
1111 2573 1304 2631 Filium
1352 2576 1466 2645 Dei,
1495 2579 1652 2634 sicuti
1695 2589 1777 2636 est
1804 2582 1943 2652 apud
1984 2583 2088 2638 Pa-

508 2669 646 2716 trem
665 2663 882 2732 :uqualis
903 2663 978 2718 illi
999 2672 1053 2721 et
1071 2676 1390 2735 coreternus,
1409 2669 1460 2723 in
1478 2684 1585 2741 quo
1603 2671 1814 2727 condita
1839 2682 1962 2728 sunt
1977 2689 2092 2728 om-

507 2753 598 2809 nia
629 2754 680 2809 in
707 2755 844 2810 exulo
869 2764 925 2810 et
948 2757 1002 2812 in
1033 2766 1192 2823 terra,
1223 2759 1449 2816 visibilia
1467 2761 1838 2833 etinvisibiiia,
1857 2764 2091 2822 Verbum

510 2847 603 2904 Dei
633 2859 687 2904 et
729 2848 916 2914 Deum,
949 2850 1109 2906 vitam
1153 2860 1208 2906 et
1249 2852 1423 2910 lucem
1471 2854 1766 2924 hominum,
1795 2858 1839 2913 si
1873 2858 2092 2917 laudare

509 2940 821 3007 moliamur;
850 2956 956 2995 non
989 2943 1182 2998 mirum
1204 2951 1288 2998 est
1311 2945 1452 3016 quod
1473 2946 1617 3001 nulla
1638 2947 1866 3004 humana
1891 2951 2093 3021 cogita-

511 3033 606 3099 tio,
651 3032 830 3088 nullus
869 3048 1051 3089 sermo
1079 3035 1325 3092 sufﬁciat.
1367 3038 1646 3105 Quomodo
1689 3040 1833 3096 enim
1875 3043 2092 3102 laudare

510 3123 669 3193 digne
694 3123 867 3179 valeat
888 3125 1062 3196 lingua
1087 3133 1291 3194 nostra,
1323 3143 1484 3199 quem
1511 3143 1606 3185 cor
1635 3141 1876 3188 nostrum
1918 3133 2091 3192 adhuc

510 3214 694 3270 videre
720 3229 828 3269 non
858 3216 1017 3285 valet,
1051 3217 1140 3273 ubi
1163 3218 1378 3274 oculum
1417 3220 1655 3278 condidit
1677 3239 1784 3295 quo
1813 3225 1980 3296 possit
2008 3227 2092 3282 vi-

510 3305 649 3372 deri,
679 3305 724 3360 si
751 3314 1006 3377 purgetur
1029 3309 1339 3380 iniquitas‘,
1377 3311 1423 3367 si
1465 3321 1682 3369 sanetur
1710 3315 2006 3385 inﬁrmitas,
2039 3329 2094 3376 et

512 3396 640 3451 ﬁant
683 3397 821 3453 beati
866 3399 1065 3456 mundo
1106 3403 1289 3473 corde,
1331 3405 1452 3476 quia
1499 3405 1597 3478 ipsi
1645 3407 1809 3465 Deum
1839 3411 2095 3469 videbunt

511 3487 723 3556 (Matth.
753 3505 802 3554 ν,
836 3490 928 3563 8)?
952 3491 1070 3548 Non
1098 3494 1290 3550 mirum
1318 3504 1418 3562 est,
1451 3498 1686 3569 inquam,
1735 3516 1832 3557 nos
1875 3517 1979 3559 non
2007 3505 2092 3560 in-

509 3580 714 3649 venire,
743 3581 934 3652 quibus
959 3584 1135 3640 verbis
1165 3601 1329 3642 unum
1361 3587 1592 3645 Verbum
1619 3589 1878 3660 dicamus,
1905 3593 1960 3648 in
1985 3611 2093 3667 quo

508 3673 711 3729 dictum
737 3683 822 3730 est
847 3685 902 3731 ut
927 3691 1194 3746 essemus,
1226 3679 1318 3751 qui
1345 3681 1414 3737 de
1437 3681 1528 3738 illo
1547 3683 1745 3755 aliquid
1769 3684 2088 3743 diceremus.

509 3763 635 3820 llzec
660 3765 806 3823 enim
836 3766 999 3824 verba
1027 3769 1255 3840 cogitata
1299 3780 1457 3844 atque
1501 3775 1706 3845 prolata
1733 3791 1885 3831 mens
1913 3788 2092 3835 nostra

507 3856 718 3921 format,
753 3857 844 3913 illo
868 3868 1044 3916 autem
1073 3860 1247 3918 Verbo
1275 3863 1388 3934 ipsa
1415 3863 1690 3921 formatur.
1717 3866 1826 3924 Nec
1847 3882 1912 3924 eo
1933 3869 2092 3926 modo

507 3947 636 4002 facit
659 3946 820 4004 homo
847 3950 1026 4020 verba,
1054 3966 1160 4023 quo
1179 3953 1340 4011 modo
1368 3965 1451 4012 est
1485 3955 1654 4013 factus
1688 3959 1804 4029 ipse
1841 3975 1937 4031 per
1966 3962 2094 4018 Ver-

506 4037 634 4092 bum
657 4055 670 4093 :
688 4039 809 4110 quia
827 4055 925 4097 nec
950 4057 1016 4098 co
1033 4043 1193 4100 modo
1215 4047 1399 4116 genuit
1424 4047 1581 4106 Pater
1595 4051 1809 4108 unicum
1830 4051 2088 4122 Verbum,

508 4144 615 4199 quo
644 4131 803 4187 modo
827 4132 951 4190 fecit
977 4147 1166 4192 cuncta
1195 4154 1292 4210 per
1311 4139 1564 4197 Verbum.
1588 4143 1755 4200 Deum
1783 4147 1976 4218 quippe
1998 4162 2090 4219 ge-

509 4219 628 4273 nuit
667 4220 837 4288 Deus;
869 4223 963 4280 sed
1003 4227 1162 4283 simul
1202 4229 1422 4299 gignens
1466 4240 1521 4287 et
1565 4233 1778 4304 genitus
1824 4252 1960 4293 unus
2008 4245 2092 4294 est

508 4307 672 4365 Deus.
700 4309 956 4370 Mundam
984 4324 1163 4372 autem
1193 4317 1321 4374 fecit
1360 4321 1528 4389 Deus;
1547 4324 1780 4381 mundus
1807 4329 2012 4396 transit,
2038 4340 2092 4387 et

507 4412 787 4471 permanet
806 4404 966 4461 Deus.
997 4407 1066 4462 Et
1101 4409 1238 4465 sicut
1262 4426 1324 4467 ea
1361 4428 1481 4484 qua:
1519 4413 1656 4472 facta
1693 4427 1837 4484 sunt,
1876 4434 1936 4476 se
1977 4421 2090 4492 ipsa

507 4496 692 4567 utique
715 4512 821 4553 non
855 4498 1125 4557 fecerunt:
1151 4503 1229 4559 sic
1254 4519 1284 4559 a
1313 4505 1460 4561 nullo
1484 4506 1655 4566 factus
1682 4519 1785 4577 est,
1814 4527 1911 4582 per
1933 4529 2090 4585 quem

507 4588 621 4646 ﬁeri
647 4591 827 4647 omnia
849 4601 1152 4661 potuerunt.
1185 4594 1302 4652 Non
1332 4597 1486 4669 igitur
1508 4600 1722 4668 mirum,
1754 4604 1798 4658 si
1828 4602 1990 4660 homo
2012 4605 2090 4660 fa-

509 4691 631 4738 ctus
649 4683 788 4739 inter
801 4685 1001 4754 omnia,
1020 4687 1200 4744 verbis
1217 4690 1554 4762 nonexplicat
1571 4694 1823 4757 Verbum.
1839 4712 1936 4768 per
1949 4699 2090 4770 quod

507 4769 646 4827 facta
671 4782 795 4829 sunt
819 4777 1017 4831 omnia.
1791 4843 1804 4862 ,

579 4863 808 4922 CAPUT
863 4866 926 4922 ll.
971 4897 1043 4910 --
1085 4868 1140 4924 2.
1197 4869 1416 4927 Verbum
1450 4882 1691 4932 (uernum
1743 4879 1904 4934 nostri
1936 4897 2092 4937 causa

507 4965 684 5010 natum
707 4958 762 5012 in
802 4965 1040 5029 tempore.
1073 4961 1189 5017 lluc
1216 4963 1392 5035 itaque
1415 4966 1682 5036 paululum
1711 4985 1866 5027 aures
1893 4982 1947 5028 et
1971 4975 2091 5028 ani-

505 5063 624 5104 mos
647 5047 1009 5113 advertamus.
1039 5052 1084 5107 si
1111 5051 1248 5109 forte
1267 5055 1544 5114 valeamus
1575 5059 1774 5132 aliquid
1799 5078 2093 5134 congruum

504 5138 830 5211 dignumque
856 5141 1066 5211 dicere,
1107 5159 1214 5201 non
1243 5162 1310 5202 ex
1341 5163 1410 5205 eo
1436 5151 1576 5222 quod
1619 5152 1673 5207 in
1708 5156 1958 5227 principio
1988 5166 2094 5212 erat

517 5228 767 5298 Verbum,
809 5241 858 5286 et
921 5232 1133 5289 Verbum
1172 5248 1278 5293 erat
1324 5242 1465 5311 apud
1507 5241 1689 5312 Deum,
1731 5252 1779 5300 et
1813 5245 1953 5302 Deus
1990 5258 2096 5303 erat

513 5321 737 5379 Verbum
757 5341 778 5380 :
803 5325 896 5382 sed
926 5343 991 5383 ex
1025 5343 1091 5384 eo
1119 5329 1262 5400 quod
1300 5331 1517 5390 Verbum
1547 5353 1663 5392 caro
1693 5341 1882 5407 factum
1906 5348 1978 5394 est
2007 5355 2025 5396 :
2049 5342 2095 5398 si

571 5461 587 5527 ξ
614 5461 689 5527 sic
708 5467 816 5527 Mss.
840 5465 957 5517 mliti
978 5479 1112 5527 vero,
1141 5468 1346 5522 Domini.

570 5523 591 5600 ξ
615 5523 894 5600 aliquot
908 5535 1017 5578 Mss.
1046 5523 1252 5600 At'editi,
1274 5535 1482 5600 fugetur.

509 5583 589 5692 Et"
600 5583 914 5700 l33:31spatiatus
937 5600 1015 5642 est
1034 5592 1093 5642 ad
1115 5583 1352 5646 duos'ébi'
1365 5583 1417 5650 et
1430 5583 1552 5650 duos
1573 5611 1622 5648 n.
1646 5597 1707 5648 ad
1729 5597 1761 5648 f.
1785 5612 1828 5649 r.
1855 5616 1902 5653 v.
1923 5609 1973 5654 et
1995 5614 2096 5656 Am.

572 5708 649 5770 (ai
671 5710 811 5776 Alias,
833 5713 898 5764 de
919 5723 1157 5779 Tempore
1179 5717 1254 5772 25.

1738 264 1797 325 S.
1835 261 2203 323 AUGUSTINI
2240 263 2546 330 EPISCOPI

3643 284 3784 345 ιοῡι

2189 380 2328 476 forte
2349 385 2557 476 dicatur
2579 404 2610 445 a
2630 389 2786 449 nobis
2813 405 2908 464 per
2926 393 3066 465 quod
3089 395 3327 452 habitavit
3351 399 3404 454 in
3429 403 3571 458 nobis
3599 404 3781 476 (Joan.

2191 473 2300 541 1,1,
2321 475 2430 549 14);
2447 479 2490 532 si
2507 477 2646 536 forte
2660 480 2733 537 ibi
2759 485 2926 552 possit
2949 499 3070 542 esse
3093 485 3340 552 dieibilis,
3363 490 3454 545 ubi
3476 473 3636 547 voluit
3657 509 3783 552 esse

2191 568 2430 626 visibilis.
2472 571 2698 642 Propter
2715 574 2814 631 hoc
2839 576 2980 632 enim
2993 587 3048 633 et
3069 578 3228 634 istum
3248 580 3576 638 celebramus
3602 584 3777 653 diem,

2189 674 2294 728 quo
2325 661 2471 716 nasci
2497 672 2578 718 est
2606 663 2852 735 dignatus
2867 673 2932 723 ex
2950 669 3151 739 virgine
3174 689 3188 725 :
3207 687 3362 741 quam
3379 676 3781 743 generationem

2189 765 2339 805 suam
2373 753 2388 784 ί
2411 751 2538 809 fecit
2561 755 2628 810 ab
2659 757 2959 815 hominibus
3004 769 3288 834 utcumque
3330 766 3556 820 narrari.
3599 767 3658 822 In
3689 769 3781 823 illa

2186 858 2318 898 vero
2335 846 2647 914 aeternitate,
2663 849 2714 903 in
2731 866 2833 919 qua
2850 850 2986 906 Deus
3003 853 3069 908 de
3086 855 3193 908 Deo
3207 864 3358 909 natus
3370 857 3785 920 est,f£enaratio-

2188 953 2302 990 nem
2327 939 2436 1004 ejus
2461 941 2571 1008 quis
2583 942 2831 997 enarrabit
2851 942 3003 1014 (Isai.
3029 963 3138 1013 Llll,
3163 947 3258 1018 8)?
3285 947 3357 1004 lbi
3387 951 3505 1006 talis
3531 951 3647 1007 dies
3670 969 3780 1007 non

2189 1035 2288 1092 est,
2311 1029 2398 1099 qui
2425 1031 2734 1089 solemniter
2756 1035 3069 1091 celebretur.
3097 1037 3279 1109 Neque
3296 1042 3436 1096 enim
3469 1046 3653 1098 transit
3676 1060 3779 1099 an-

2189 1115 2480 1175 niversario
2498 1124 2762 1180 volumine
2792 1126 3076 1191 rediturus;
3105 1129 3200 1184 sed
3220 1141 3397 1186 manet
3417 1134 3531 1188 sine
3557 1149 3778 1199 occasu,

2189 1211 2310 1280 quia
2333 1227 2438 1266 non
2455 1214 2836 1284 caepitexorlu.
2866 1217 2959 1273 Est
2989 1235 3116 1290 ergo
3148 1221 3271 1275 illud
3290 1223 3500 1278 unicum
3519 1223 3613 1279 Dei
3644 1225 3783 1280 Ver-

2189 1300 2337 1371 bum,
2362 1302 2451 1358 illa
2481 1306 2606 1370 vita,
2629 1305 2713 1360 illa
2734 1309 2823 1363 lux
2841 1308 3134 1377 hominum,
3153 1321 3382 1368 :rtcrnus
3395 1315 3606 1385 quidem
3624 1316 3776 1372 dies:

2191 1395 2289 1450 istc
2314 1406 2488 1451 autem
2517 1398 2574 1452 ia
2600 1416 2707 1470 quo
2731 1400 2973 1456 humana:
3002 1405 3147 1458 carni
3172 1405 3467 1475 ecpulatus,
3495 1406 3663 1463 factus
3693 1419 3779 1464 est

2192 1497 2438 1559 tanquam
2481 1506 2710 1562 sponsus
2758 1495 3051 1563 procedens
3079 1496 3146 1552 de
3185 1497 3417 1554 thalamo
3458 1515 3589 1566 suo,
3635 1516 3779 1556 nunc

2191 1579 2484 1638 hodiernus"
2509 1591 2626 1652 est,
2655 1599 2772 1638 cras
2816 1586 2871 1640 fit
2913 1586 3218 1644 hesternus.
3251 1589 3629 1646 Verumtamen
3669 1590 3777 1646 ho-

2191 1671 2409 1730 diernus
2438 1687 2618 1730 natum
2649 1692 2713 1732 ex
2744 1679 2945 1748 virgine
2973 1681 3311 1736 commendat
3338 1693 3619 1750 :nlernum,
3651 1686 3777 1756 quia

2192 1777 2424 1824 aeternus
2471 1780 2628 1826 natus
2671 1787 2735 1826 ex
2796 1773 2998 1844 virgine
3049 1776 3382 1831 consecravit
3435 1777 3774 1834 hodiernum.

2191 1859 2333 1929 Quas
2359 1860 2534 1930 itaque
2559 1861 2740 1917 laudes
2764 1865 3007 1920 eharilati
3033 1866 3125 1921 Dei
3151 1866 3410 1936 dicamus,
3430 1884 3561 1939 quas
3579 1871 3779 1940 gratias

2193 1953 2452 2022 agamus?
2479 1953 2579 2021 Qui
2606 1971 2704 2010 nos
2731 1955 2798 2010 ita
2829 1956 3046 2025 dilexit,
3079 1967 3135 2012 ut
3161 1970 3377 2030 propter
3409 1975 3506 2016 nos
3535 1961 3686 2017 ﬁeret
3721 1962 3777 2016 in

2195 2055 2454 2116 tempore,
2503 2062 2600 2117 per
2643 2064 2798 2118 quem
2853 2048 2989 2105 facta
3037 2060 3160 2106 sunt
3205 2061 3474 2121 tempora;
3503 2063 3559 2108 et
3596 2054 3780 2108 multis

2194 2141 2364 2195 servis
2388 2141 2498 2195 suis
2527 2141 2581 2196 in
2613 2143 2811 2198 mundo
2845 2144 3019 2200 minor
3042 2154 3184 2201 esset
3212 2154 3387 2214 αιιειιθ,
3429 2147 3543 2216 ipso
3576 2146 3780 2202 mundo

2194 2232 2464 2302 antiquior
2487 2236 2785 2291 :eternilate
2805 2238 2861 2301 ²;
2885 2235 3044 2292 homo
3068 2237 3318 2308 ﬁeretqui
3338 2239 3605 2293 hominem
3629 2239 3777 2304 fecit,

2195 2335 2469 2378 crearetur
2488 2341 2551 2379 ex
2576 2336 2745 2382 matre
2771 2343 2926 2398 quam
2958 2329 3177 2396 creavit,
3210 2339 3508 2400 pot-tarclur
3533 2330 3780 2386 manibus

2196 2431 2328 2486 quas
2365 2415 2643 2485 formavit,
2673 2429 2887 2488 sugcret
2917 2419 3078 2474 ubera
3112 2436 3229 2490 qua:
3274 2421 3530 2490 implevit,
3561 2422 3611 2474 in
3639 2437 3780 2492 pra:-

2197 2507 2310 2578 scpi
2341 2516 2484 2562 muta
2525 2509 2727 2578 vagiret
2755 2509 2975 2565 infantia
3010 2511 3236 2567 Verbum
3265 2511 3307 2580 ³,
3339 2511 3454 2567 sine
3481 2528 3584 2583 quo
3630 2521 3779 2567 quta

2195 2609 2276 2654 est
2302 2598 2528 2653 humana
2551 2601 2873 2672 eloquentia.
3531 2619 3535 2622 ·

2266 2689 2493 2746 CAPUT
2533 2691 2618 2746 ΙΙΙ.
2645 2723 2714 2732 —
2738 2694 2788 2749 5.
2824 2692 3036 2748 Verbum
3060 2695 3232 2765 infans
3255 2695 3430 2750 doctor
3456 2695 3776 2751 humilitatis.

2196 2781 2346 2848 Vide,
2373 2797 2404 2836 o
2426 2781 2606 2850 homo,
2633 2784 2756 2854 quid
2788 2801 2882 2856 pro
2905 2795 2955 2842 te
2983 2786 3150 2842 factus
3173 2795 3257 2842 est
3281 2789 3453 2843 Deus:
3479 2787 3778 2842 doctrinam

2197 2883 2358 2931 tanta:
2397 2874 2420 2907 ‘
2469 2875 2776 2933 humilitatis
2815 2894 3076 2949 agnosce,
3119 2879 3278 2934 etiam
3329 2879 3380 2933 in
3428 2877 3662 2933 nondum
3695 2879 3779 2933 lo-

2195 2973 2388 3035 quente
2417 2965 2654 3021 doctore.
2679 2966 2755 3021 Tu
2772 2969 3034 3038 quondam
3057 2969 3107 3023 in
3127 2967 3372 3039 paradiso
3389 2977 3492 3023 tam
3523 2967 3780 3022 facundus

2196 3054 2439 3120 fuisti,ut
2467 3059 2609 3112 omni
2634 3059 2824 3114 animm
2860 3061 2993 3115 viva:
3040 3060 3251 3115 nomina
3293 3062 3593 3130 imponeres
3622 3059 3777 3132 (Gen.

2196 3161 2254 3214 ιι,
2288 3147 2375 3214 19,
2415 3147 2508 3218 20)
2546 3165 2559 3202 :
2594 3161 2814 3220 propter
2867 3159 2918 3207 te
2961 3161 3136 3207 autem
3179 3151 3401 3207 Crealor
3441 3159 3560 3205 tuus
3604 3151 3780 3206 infans

2193 3235 2436 3306 jacebat,
2469 3249 2522 3294 et
2559 3241 2771 3296 nomine
2809 3256 2907 3296 suo
2955 3257 3051 3297 nec
3086 3251 3309 3296 matrem
3339 3240 3585 3297 vocabat.
3616 3239 3692 3295 Tu
3723 3241 3780 3296 in

2199 3330 2459 3386 latissimo
2512 3331 2904 3388 fructuosorum
2949 3348 3223 3387 nemorum
3263 3332 3463 3403 prmdio
3505 3341 3558 3387 te
3597 3332 3780 3402 perdi-

2201 3421 2347 3489 disti,
2380 3424 2735 3479 obedientiam
2765 3425 3080 3496 negligcndo
3109 3441 3122 3478 :
3155 3425 3244 3481 ille
3272 3425 3530 3482 obediens
3574 3425 3630 3480 in
3674 3439 3779 3480 an-

2199 3514 2561 3585 gustissimum
2591 3515 2940 3572 diversorium
2966 3514 3205 3571 mortalis
3234 3517 3396 3583 venit,
3428 3525 3483 3571 ut
3507 3526 3777 3570 mortuum

2198 3618 2459 3679 quaereret
2500 3608 2795 3663 moriendo.
2825 3609 2902 3663 Tu
2931 3624 3051 3664 cum
3089 3623 3238 3664 esses
3270 3608 3452 3675 homo,
3490 3609 3629 3665 Deus
3654 3622 3780 3664 esse

2197 3700 2442 3764 voluisti,
2493 3708 2551 3754 ut
2596 3700 2801 3770 perires
2833 3699 2941 3772 (Id.
2971 3698 3049 3772 III)
3080 3718 3092 3754 :
3125 3699 3214 3756 ille
3250 3715 3372 3756 cum
3411 3709 3552 3755 esset
3600 3699 3775 3766 Deus,

2199 3791 2362 3847 homo
2389 3807 2509 3847 esse
2537 3793 2731 3859 voluit,
2755 3801 2810 3845 ut
2828 3790 2968 3862 quod
2985 3792 3213 3863 perierat
3239 3792 3517 3847 inveniret.
3547 3789 3779 3846 Tantum

2201 3891 2253 3939 te
2274 3885 2469 3954 pressit
2497 3882 2723 3938 humana
2749 3883 3014 3953 superbia,
3046 3891 3105 3939 ut
3132 3892 3185 3940 te
3213 3899 3319 3940 non
3349 3895 3528 3956 posset
3553 3884 3652 3939 nisi
3671 3883 3780 3940 hu-

2197 3974 2393 4030 militas
2421 3973 2700 4030 sublevare
2735 3973 2934 4030 divina.

2191 4129 2196 4134 ,
2269 4068 2324 4122 4.
2365 4066 2535 4121 Maria
2573 4067 2826 4123 Christum
2848 4067 2956 4121 sine
2992 4067 3294 4140 virginitatis
3327 4067 3513 4122 damno
3557 4068 3778 4139 reperit.

2197 4157 2542 4215 Celebremus
2566 4174 2693 4230 ergo
2719 4175 2839 4215 cum
2865 4159 3060 4231 gaudio
3087 4159 3227 4216 diem
3259 4175 3362 4231 quo
3391 4175 3596 4232 peperit
3612 4160 3780 4216 Maria

2195 4250 2546 4314 Salvatorem,
2576 4250 2855 4322 coniugata
2879 4251 3109 4323 coniugii
3134 4261 3429 4309 creatorem
3449 4295 3464 4319 ,
3491 4253 3644 4324 virgo
3670 4253 3784 4308 vir-

2197 4340 2379 4411 ginum
2410 4342 2737 4412 principem;
2775 4350 2826 4397 et
2861 4342 2983 4398 dala
3024 4344 3236 4410 marito,
3277 4351 3332 4398 et
3367 4352 3540 4398 mater
3565 4358 3671 4399 non
3708 4344 3782 4400 de

2196 4434 2390 4489 marito
2421 4434 2478 4501 ll;
2508 4434 2656 4506 virgo
2684 4443 2808 4490 ante
2835 4435 3137 4507 conjugium
3160 4476 3177 4501 ,
3222 4436 3371 4506 virgo
3406 4437 3456 4490 in
3482 4436 3732 4506 coniugio
3759 4453 3778 4503 ;

2195 4526 2354 4597 virgo,
2373 4541 2684 4602 praegnans,
2715 4528 2864 4598 virgo
2890 4527 3110 4583 lactans.
3149 4527 3360 4583 Sancta:
3390 4527 3589 4598 quippe
3625 4527 3782 4584 Matri

2195 4619 2532 4688 omnipotens
2583 4617 2749 4674 Filius
2796 4618 2942 4675 nullo
2993 4619 3154 4674 modo
3203 4619 3782 4690 virginitatem‘natus

2194 4708 2440 4775 abstulit,
2483 4725 2639 4780 quam
2690 4711 2992 4768 nasciturus
3029 4712 3207 4784 elegit.
3250 4713 3393 4767 Bona
3419 4721 3502 4768 est
3525 4711 3668 4768 enim
3697 4711 3782 4769 fe-

2197 4799 2440 4856 cunditas
2470 4800 2522 4854 in
2552 4801 2798 4872 coniugio
2841 4820 2855 4858 :
2901 4803 2995 4858 sed
3029 4804 3218 4859 melior
3261 4803 3537 4876 integritas
3571 4803 3625 4858 in
3651 4819 3785 4859 san-

2195 4891 2454 4948 ctimonio
2482 4893 2523 4946 ³.
2553 4893 2725 4949 Homo
2749 4893 2908 4965 igitur
2935 4893 3174 4950 Christus
3204 4895 3292 4966 qui
3328 4904 3612 4964 utrumque
3639 4910 3783 4966 prte-

2259 5046 2279 5079 ί
2302 5046 2376 5095 sic
2396 5054 2496 5095 Am.
2520 5051 2597 5097 Er.
2632 5053 2685 5098 et
2719 5055 2825 5099 Mss.
2867 5055 2924 5100 At
2955 5054 3086 5111 Lov.,
3124 5054 3172 5100 et
3208 5048 3261 5102 in
3295 5061 3390 5113 qua
3430 5047 3786 5115 generationem

2261 5172 2377 5246 {sic
2397 5168 2631 5246 meliores
2785 5179 2839 5223 At
2860 5172 2976 5246 editi
2989 5207 3004 5231 ,
3286 5171 3390 5224 sine
3408 5177 3677 5246 ῳιᾳεςιαιε.⁸
3747 5236 3757 5246 .

2197 5233 2442 5345 “b’ﬁpud
2477 5239 2586 5284 Lov.
2628 5234 2806 5294 deest,
2856 5231 3097 5297 Verbum;
3139 5231 3269 5298 Quod
3313 5243 3474 5287 exstat
3494 5237 3546 5288 in
3588 5236 3786 5284 casteria

2265 5308 2350 5345 ris.

2265 5308 2350 5345 HS.

2262 5357 3005 5431 εετ.θι.δεεε-ριωιιὲεηπο-.
3285 5420 3354 5431 ..
3517 5418 3545 5431 ..
3613 5426 3649 5431 __
3710 5420 3760 5431 ..

2263 5419 2285 5452 ⁸
2308 5421 2391 5468 Hic
2414 5419 2530 5468 editi
2552 5419 2756 5482 addunt,
2780 5419 2867 5470 sed
2887 5419 3062 5470 castior
3083 5431 3226 5482 quam
3253 5421 3299 5474 si
3319 5420 3379 5471 de
3401 5419 3592 5470 marita.
3613 5420 3789 5470 Verbis

2204 5481 2311 5550 istis
2331 5489 2502 5550 carent
2524 5481 2756 5550 melior_es
2779 5481 3106 5550 manuscripti.
3230 5545 3241 5550 Δ
3302 5546 3312 5550 _
3366 5544 3376 5550 _
3555 5541 3583 5550 γ,

2265 5544 2286 5575 ο
2310 5543 2446 5602 Fditi,
2477 5546 2530 5593 in
2550 5543 2878 5607 sanctimonia.
2918 5552 2974 5607 ᾼι
3007 5543 3332 5607 manuscripti,
3357 5544 3410 5594 in
3429 5543 3784 5607 sanctimonia.

2201 5619 2350 5677 quam
2385 5618 2552 5654 vocem
2585 5605 2758 5677 eodem
2787 5605 3056 5677 signiﬁcatu
3079 5604 3278 5677 adhibet
3299 5604 3787 5677 Enarr:.in.t:sal._99,

2204 5664 2253 5717 ti.
2293 5669 2388 5716 13:
2422 5667 2661 5726 «Iuvenis,
2688 5684 2708 5712 ι
2755 5664 2856 5726 ait,‘
2891 5686 2913 5713 ι
2949 5667 3334 5718 sanctimoniales
3375 5664 3786 5728 indiscipliualas'

2213 5748 2236 5779 ι
2255 5730 2481 5791 numquid
2507 5729 2618 5778 ideo
2640 5731 2999 5779 sanctimonium
3023 5729 3481 5792 reprehendendum
3508 5727 3583 5777 cSt
3597 5727 3620 5778 ?
3634 5745 3657 5774 ι
