4108 6336
345 270 484 326 Μίιὸ

342 400 486 445 stare
516 394 773 456 possetut
798 380 1110 452 Deus(idem
1130 392 1355 448 namque
1375 377 1535 430 homo
1562 373 1705 429 idem
1738 370 1921 440 Deus),

345 492 619 548 nunquam
645 477 723 532 sic
745 475 899 531 daret
936 473 1085 528 Matri
1126 473 1325 527 bonum
1361 467 1502 539 quod
1530 466 1784 537 conjuges
1809 463 1930 518 dili-

247 612 256 620 .
343 577 494 639 guut,
520 578 578 621 ut
604 565 833 621 auferret
856 563 1045 618 melius
1072 568 1289 631 propter
1315 557 1457 628 quod
1474 556 1706 626 virgines
1729 563 1927 609 matres

345 678 464 718 esse
491 666 856 716 contemnunt.
887 656 1046 726 Virgo
1086 655 1261 723 itaque
1301 660 1482 706 sancta
1525 648 1760 704 Ecclesia
1787 646 1929 701 cele—

344 756 465 811 brat
487 752 648 808 hodie
673 750 906 820 Virginis
923 756 1149 818 partum.
1165 744 1295 799 Huic
1312 743 1453 797 enim
1464 740 1591 796 dicit
1605 738 1892 809 Apostolus
1911 754 1924 789 :

344 848 527 919 Aptavi
562 862 649 900 vos
677 845 764 903 uni
804 844 908 897 viro
946 841 1187 912 virginem
1231 848 1423 892 castam
1460 833 1691 889 exhibere
1728 831 1928 886 Christo

346 939 425 1011 (ll
461 938 580 996 Cor.
612 953 705 1004 ιι,
744 934 823 1008 2).
856 933 1009 991 Unde
1052 931 1294 1002 virginem
1318 938 1505 983 castam
1536 926 1590 980 in
1618 931 1698 979 tot
1721 920 1930 992 populis

347 1031 620 1100 utriusque
648 1042 828 1093 sexus,
847 1026 901 1080 in
921 1034 997 1079 tot
1023 1038 1125 1081 non
1143 1023 1316 1077 solum
1337 1019 1514 1090 pueris
1537 1024 1591 1073 et
1612 1014 1927 1085 virginibus,

347 1139 534 1179 verum
561 1123 718 1177 etiam
739 1117 1033 1188 conjngatis
1054 1115 1309 1187 patribus,
1340 1106 1740 1179 matribusqne?
1764 1105 1928 1172 unde,

345 1215 583 1285 inquam,
610 1213 852 1283 virginem
875 1218 1085 1271 castam,
1122 1206 1223 1261 nisi
1256 1204 1309 1259 in
1340 1202 1483 1265 ﬁdei,
1512 1200 1645 1270 spei,
1674 1208 1729 1254 et
1756 1198 1930 1254 chari-

344 1306 470 1359 tatis
507 1300 847 1371 integritate?
878 1298 1245 1368 Virginitatem
1278 1292 1504 1364 proinde
1537 1290 1783 1345 Christus
1824 1288 1930 1343 Ec~

338 1396 521 1452 etesiae
542 1393 773 1448 facturus
795 1392 847 1446 in
872 1389 1053 1455 corde,
1092 1386 1243 1460 prius
1262 1383 1438 1440 Mariae
1463 1382 1694 1439 servavit
1727 1381 1779 1435 in
1808 1393 1930 1434 cor-

346 1501 494 1555 pore.
543 1484 785 1538 liumano
823 1482 1019 1552 quippe
1056 1476 1305 1547 conjugio
1344 1488 1545 1545 sponso
1589 1470 1784 1526 femina
1824 1478 1931 1524 tra-

344 1577 519 1641 ditur,
548 1585 607 1629 ut
628 1572 775 1645 virgo
796 1574 905 1643 jam
938 1586 1043 1627 non
1078 1571 1147 1625 sit
1172 1587 1185 1623 :
1216 1567 1453 1624 Ecclesia
1481 1580 1612 1622 vero
1639 1565 1790 1635 virgo
1810 1577 1930 1619 esse

340 1683 451 1722 non
480 1676 693 1735 posset,
725 1666 827 1721 nisi
861 1679 1117 1735 sponsum
1138 1661 1229 1719 cui
1259 1660 1579 1726 traderetur,
1612 1657 1786 1713 tilium
1815 1656 1926 1711 vir-

344 1760 480 1828 ginis
505 1756 814 1814 invenisset.

751 1909 979 1969 SERMO
1018 1908 1327 1966 CLXXXIX
1356 1912 1375 1933 σ
1398 1907 1498 1982 (α).

868 2042 1396 2103 muataliDomini,w.

411 2196 639 2254 CAPUT
679 2194 959 2253 PRIMUM.
974 2227 1044 2237 —
1060 2196 1081 2249 i
1097 2235 1111 2249 .
1135 2193 1363 2251 Christus
1389 2192 1494 2248 dies
1513 2192 1578 2246 de
1597 2191 1695 2245 die.
1714 2189 1926 2246 Sancti-

340 2292 520 2346 ﬁeavit
542 2290 715 2356 nobis,
733 2292 940 2355 fratres,
962 2288 1118 2343 istum
1137 2286 1300 2353 diem,
1315 2285 1432 2341 dies
1456 2285 1545 2354 qui
1572 2283 1697 2339 fecit
1711 2297 1925 2339 omnem

339 2384 504 2438 diem.
521 2384 594 2437 De
619 2397 724 2452 quo
748 2380 986 2436 Psalmus
1012 2380 1179 2445 canit,
1208 2377 1418 2433 Caritate
1443 2376 1660 2430 Domino
1676 2376 1926 2428 canticum

342 2490 559 2539 novum;
591 2481 789 2527 cantate
816 2471 1055 2537 Domino,
1089 2469 1250 2524 omnis
1274 2477 1426 2523 terra.
1447 2467 1655 2522 Cantate
1683 2465 1920 2532 Domino,

336 2574 389 2618 et
412 2564 681 2618 benedicite
712 2562 904 2616 nomini
932 2562 1041 2633 ejus
1071 2577 1089 2615 :
1121 2559 1390 2615 benedicite
1415 2558 1477 2612 de
1506 2558 1586 2611 die
1611 2559 1663 2612 in
1684 2557 1814 2611 diem
1850 2554 1923 2628 (b)

342 2658 561 2711 salutare
586 2656 693 2726 ejus
719 2653 886 2728 (Psal.
902 2670 1022 2721 xcv,
1041 2654 1065 2708 1
1084 2664 1128 2707 ει
1144 2652 1224 2725 2).
1241 2651 1370 2720 Quis
1386 2660 1467 2707 est
1479 2651 1594 2706 dies
1613 2650 1679 2705 de
1699 2650 1807 2714 die,
1822 2650 1923 2703 nisi

341 2742 507 2804 Filius
532 2748 598 2803 de
633 2748 807 2813 Patre,
827 2747 1006 2802 lumen
1036 2746 1103 2801 de
1130 2743 1367 2800 lumine?
1392 2743 1496 2800 Sed
1525 2743 1640 2799 dies
1666 2742 1753 2798 ille
1783 2741 1925 2797 hunc

338 2840 521 2911 genuit
560 2838 736 2902 diem,
779 2838 868 2908 qui
902 2838 970 2894 de
1016 2836 1227 2908 Virgine
1264 2846 1422 2891 natus
1460 2844 1543 2891 est
1587 2834 1763 2890 hodie.
1800 2834 1925 2890 Dies

342 2945 471 3001 ergo
510 2930 596 2985 iile
620 2946 725 2984 non
755 2928 914 2984 habet
940 2938 1138 2996 ortum,
1165 2944 1271 2983 non
1298 2928 1458 2983 habet
1481 2941 1749 2983 occasum.
1774 2927 1925 2983 Dicm

338 3020 461 3075 dico
488 3022 698 3076 Patrem
731 3021 899 3076 Deum
928 3021 968 3075 ⁸.
997 3020 1133 3089 Quid
1158 3030 1240 3076 est
1265 3020 1399 3086 dies,
1433 3020 1532 3076 nisi
1560 3019 1782 3074 lumen?
1810 3019 1926 3075 Non

343 3112 619 3167 oculorum
636 3112 947 3174 carnalium.
963 3126 1066 3165 non
1085 3110 1263 3166 lumen
1276 3125 1557 3165 commune
1573 3124 1691 3165 cum
1712 3110 1924 3181 pecori-

342 3202 498 3269 bus';
512 3203 605 3259 sed
627 3204 805 3259 lumen
827 3203 967 3274 quod
984 3202 1201 3274 Angelis
1218 3202 1376 3269 lucet,
1396 3202 1575 3258 lumen
1598 3202 1684 3257 cui
1700 3201 1927 3258 videndo

344 3292 504 3350 Corda
536 3307 846 3367 purgantur.
880 3296 1092 3351 Transit
1120 3295 1220 3350 ista
1248 3310 1352 3351 nox
1384 3295 1435 3349 in
1473 3302 1583 3365 qua
1603 3294 1761 3351 modo
1790 3294 1925 3350 vivi-

347 3401 483 3449 mus,
505 3385 555 3439 in
579 3402 678 3456 qua
704 3386 857 3441 nobis
878 3384 1237 3441 accenduntur
1253 3385 1481 3441 lucerna:
1499 3384 1924 3455 Scripturarum:

345 3483 400 3528 et
438 3476 614 3531 veniet
650 3475 777 3530 illud
821 3476 963 3545 quod
996 3476 1046 3529 in
1078 3476 1289 3530 Psalmo
1317 3476 1543 3541 canitur,
1577 3475 1732 3532 Mane
1753 3476 1928 3531 astabo

344 3566 455 3630 tibi,
488 3576 533 3620 et
560 3565 936 3636 contemplabor
962 3577 1008 3619 te
1035 3565 1205 3637 (Psal.
1238 3582 1289 3632 v,
1321 3566 1401 3633 5).

354 3664 355 3667 ‘
420 3656 644 3711 CAPUT
680 3654 745 3709 ll.
779 3685 847 3695 —
873 3655 908 3710 2
966 3656 1219 3710 Mirabilis
1246 3665 1383 3710 ortus
1404 3656 1587 3712 Christi
1618 3674 1679 3712 ea:
1716 3658 1926 3730 virgine.

342 3745 559 3801 Iustitia
579 3756 692 3801 ortu
718 3744 903 3801 Christi
919 3746 1059 3801 nobis
1075 3748 1250 3801 allata.
1279 3749 1398 3803 Dies
1412 3764 1539 3820 ergo
1566 3749 1674 3816 ille,
1693 3750 1929 3806 Verbum

348 3838 468 3901 Dei,
497 3837 612 3893 dies
639 3838 729 3909 qui
759 3838 899 3893 lucet
923 3838 1159 3909 Angelis,
1186 3838 1300 3894 dies
1321 3839 1408 3910 qui
1435 3840 1572 3895 lueet
1594 3841 1645 3895 in
1671 3840 1759 3895 illa
1790 3841 1931 3898 unde

349 3932 752 4002 percgrinamur
794 3931 984 4003 patria,
1029 3931 1241 3986 vestivit
1266 3946 1324 3988 sc
1352 3947 1532 3997 carne,
1562 3943 1825 4004 natusque
1849 3942 1933 3990 est

345 4022 417 4078 de
453 4023 613 4078 Maria
657 4024 877 4093 virgine.
921 4022 1235 4079 Mirabiliter
1264 4032 1438 4079 natus.
1474 4025 1611 4091 Quid
1639 4026 1931 4082 mirabilius

347 4114 569 4185 virginis
597 4115 791 4186 partu?
816 4114 1090 4185 Concipit,
1123 4124 1178 4171 et
1202 4117 1352 4185 virgo
1376 4126 1487 4182 est;
1520 4118 1675 4188 parit,
1706 4128 1758 4173 et
1782 4120 1930 4190 virgo

348 4206 449 4261 est.
481 4206 702 4261 Creatus
728 4216 810 4260 est
835 4206 901 4260 de
925 4221 986 4261 ea
1016 4222 1171 4276 quam
1201 4211 1402 4263 creavit
1431 4226 1443 4261 :
1474 4209 1651 4263 attulit
1674 4204 1722 4264 ei
1743 4208 1927 4264 fecun-

348 4298 591 4366 ditatem,
623 4314 726 4353 non
757 4299 996 4369 corrupit
1024 4299 1137 4368 ejus
1168 4300 1543 4369 integritatem.
1566 4299 1727 4355 Maria
1748 4301 1931 4356 unde?

350 4384 429 4443 Ex
458 4390 648 4444 Adam.
680 4390 848 4445 Adam
877 4389 1057 4445 unde?
1089 4390 1161 4445 Dc
1184 4400 1344 4446 terra.
1371 4391 1427 4446 Si
1453 4391 1614 4446 Maria
1640 4392 1707 4447 de
1736 4393 1928 4460 Adam,

349 4493 402 4537 ct
434 4482 601 4537 Adam
636 4482 703 4539 de
751 4492 919 4550 terra;
971 4499 1097 4553 ergo
1140 4493 1194 4538 et
1243 4484 1402 4538 Maria
1451 4493 1611 4539 terra.
1660 4483 1714 4540 Si
1754 4495 1931 4542 autem

350 4568 511 4629 Maria
549 4583 710 4639 terra,
742 4589 1092 4645 agnoscamus
1123 4574 1263 4644 quod
1307 4584 1614 4643 cantamus,
1656 4575 1851 4632 Veritas
1873 4578 1935 4633 de

353 4674 487 4718 terra
517 4673 627 4719 orta
653 4674 745 4720 est.
776 4665 941 4731 Quale
972 4665 1124 4720 nobis
1154 4665 1467 4720 beneficium
1502 4668 1784 4736 prmstitit?
1832 4667 1932 4723 Ve-

350 4756 474 4810 ritas
527 4757 588 4811 de
635 4767 767 4811 terra
808 4768 919 4811 orta
960 4768 1051 4821 est,
1090 4766 1141 4811 et
1175 4758 1376 4827 justitia
1413 4759 1474 4812 de
1515 4759 1639 4813 caelo
1678 4762 1934 4831 prospexit

351 4847 526 4917 (Psal.
561 4865 775 4919 Lxxxu',
805 4848 1283 4922 ὶξ)..1υι1;ιδίειιὶιη,
1313 4851 1448 4905 sicut
1471 4851 1599 4906 dicit
1624 4852 1931 4923 Apostolus,

391 5043 446 5113 .s.
460 5042 625 5113 Adjicit
647 5051 695 5113 ι)τ
720 5045 1014 5113 [διηρείρειῃε
1030 5078 1046 5104 ,
1071 5052 1167 5094 Non
1188 5042 1315 5094 enim
1336 5048 1456 5094 esset
1472 5051 1610 5095 Jesus
1634 5043 1736 5097 dies
1757 5044 1819 5097 de
1836 5045 1934 5109 die,

350 5104 446 5153 nisi
463 5110 583 5153 esset
606 5110 748 5155 Pater
773 5104 905 5156 die'sI
956 5111 1013 5154 at.

416 5167 438 5197 ί
462 5172 665 5229 tr‘rang.:
692 5166 814 5227 Quid
833 5172 903 5218 est
916 5165 1019 5229 dies
1040 5165 1134 5217 nisi
1154 5164 1314 5217 lumen
1334 5162 1358 5217 .9
1377 5178 1472 5229 non
1491 5164 1739 5229 oculorum
1761 5183 1936 5219 cama-

352 5225 490 5337 lbizt‘t‘nt,
511 5225 608 5337 τῇ
628 5225 803 5290 tamen,
835 5241 927 5279 non
946 5228 1104 5280 lumen
1126 5241 1374 5279 commune
1394 5226 1660 5280 hominibus
1682 5237 1727 5280 et
1748 5232 1936 5296 pecori-

385 5302 456 5338 ιω.
526 5302 580 5339 Μ.

417 5375 691 5435 ‘Nusquam
722 5373 849 5438 hunc
871 5385 1149 5438 sermonem
1184 5372 1387 5438 vidimus
1421 5372 1472 5422 in
1507 5375 1856 5438 manuscriptis.
1876 5405 1935 5414 ——

353 5439 488 5483 nunc
507 5443 554 5482 P.
573 5437 872 5497 Frangipaue
894 5437 1109 5484 restituit
1132 5448 1195 5484 ex
1218 5436 1246 5484 7
1271 5442 1378 5484 Mss.
1443 5442 1500 5484 at.

440 5520 491 5577 α)
518 5516 657 5577 Alias,
679 5518 745 5568 de
768 5519 978 5568 Diversis
997 5518 1076 5569 55.

440 5576 487 5641 ὁ)
512 5576 798 5645 ᾼυξςιιειὶρυε
818 5593 912 5645 non
931 5593 1040 5645 raro
1065 5579 1203 5645 legit,
1238 5577 1351 5645 bene
1373 5577 1583 5645 nuntiate
1602 5579 1729 5630 diem
1753 5583 1812 5632 de
1837 5583 1933 5642 die,

354 5639 477 5700 pro,
500 5642 559 5707 tle
585 5639 672 5707 die
708 5639 757 5690 in
794 5641 921 5707 diem
946 5654 962 5690 :
984 5639 1266 5707 iluodit‘orte
1297 5640 1373 5707 hic
1409 5640 1802 5707 malemtttatum
1829 5639 1933 5707 est;

355 5703 744 5766 quandoquidem
775 5701 1026 5767 sequitur,
1050 5701 1162 5764 Quis
1184 5710 1253 5754 est
1284 5702 1386 5753 dies
1410 5702 1469 5753 de
1502 5702 1581 5753 die
1603 5704 1626 5753 Ρ

1677 254 1910 313 SERMO
1945 253 2275 311 CLXXXIX.

3484 263 3622 322 1006

2035 370 2327 439 ignorantes
2357 368 2450 424 Dei
2476 370 2751 442 justitiam,
2782 380 2829 427 et
2868 387 3012 428 suam
3040 372 3258 430 uolentes
3292 378 3615 445 constituere,

2025 461 2240 530 justitiw
2260 460 2354 516 Dei
2369 479 2469 517 non
2491 473 2607 518 sunt
2638 463 2864 535 subjecit.
2898 464 3051 522 Unde
3086 477 3260 536 potest
3296 467 3457 526 homo
3499 484 3621 527 esse

2029 553 2244 624 justus?
2283 572 2313 609 a
2350 558 2678 627 semetipso?
2719 559 2849 627 Quis
2891 575 3091 630 pauper
3129 561 3230 616 sibi
3264 562 3356 617 dat
3386 566 3621 633 partem?

2034 646 2163 713 Quis
2184 646 2355 701 nudus
2384 648 2703 717 coeperitur,
2733 651 2833 704 nisi
2862 652 3129 720 acceperit
3155 663 3358 709 vestem
3385 654 3438 708 ‘?
3468 654 3621 711 Unde

2029 738 2271 804 justitia?
2312 737 2441 805 Quae
2470 739 2674 807 justitia
2712 741 2828 796 sine
2867 740 3009 796 title?
3044 741 3222 797 Justus
3264 745 3404 799 enim
3435 762 3497 800 ea:
3518 747 3623 814 ﬁde

2032 830 2146 882 vivit
2177 828 2348 902 (Rom.
2379 846 2416 896 ι,
2452 829 2563 903 17).
2595 831 2697 898 Qui
2719 833 2833 887 sine
2861 833 2963 889 [ide
2984 849 3042 889 se
3067 834 3195 889 dicit
3210 836 3434 904 justum,
3466 853 3620 892 men-

2033 920 2179 973 titur.
2207 919 2468 987 Quoniam
2504 922 2761 976 mentitur
2786 923 2837 976 in
2863 939 2971 994 quo
2996 940 3100 978 non
3130 934 3213 979 est
3243 926 3405 991 ﬁdes;
3438 928 3481 982 si
3509 929 3620 984 vult

2033 1012 2212 1068 dicere
2238 1028 2445 1078 verum,
2470 1023 2747 1069 convertat
2774 1030 2831 1069 se
2857 1015 2924 1069 ad
2945 1016 3239 1071 veritatem.
3272 1017 3451 1089 Longe
3475 1021 3621 1075 enim

2032 1105 2227 1160 veritas
2249 1115 2384 1169 erat,
2418 1120 2536 1175 quae
2566 1105 2635 1161 de
2662 1117 2805 1161 terra
2833 1118 2948 1161 orta
2978 1118 3079 1163 est.
3115 1110 3442 1176 Dormiebas,
3472 1113 3617 1166 venit

2032 1196 2100 1251 ad
2128 1205 2180 1252 te
2211 1216 2224 1252 :
2256 1200 2400 1268 gravi
2420 1198 2809 1268 opprimebaris
2835 1213 3044 1264 somno,
3071 1201 3320 1255 excitavit
3343 1211 3394 1256 te
3425 1218 3438 1254 :
3472 1202 3613 1256 viam

2035 1287 2129 1343 tibi
2168 1286 2294 1343 fecit
2328 1303 2423 1358 per
2459 1304 2549 1354 se,
2595 1303 2663 1343 ne
2708 1288 2948 1357 perderet
2996 1298 3066 1344 te.
3110 1289 3279 1361 Ergo,
3320 1290 3515 1346 Veritas
3552 1294 3616 1346 de

2032 1388 2167 1433 terra
2206 1389 2318 1433 orta
2360 1389 2463 1446 est,
2510 1379 2631 1449 quia
2690 1377 2935 1435 Christus
2963 1379 3028 1435 de
3053 1381 3255 1451 virgine
3294 1392 3447 1438 natus
3489 1392 3612 1437 est:

1962 1492 1969 1497 η
2020 1469 2223 1538 justitia
2245 1470 2307 1523 de
2331 1470 2454 1525 cato
2480 1470 2757 1541 prospexit,
2783 1480 2837 1524 ut
2863 1485 2959 1540 per
2979 1470 3239 1540 justitiam
3260 1472 3501 1529 homines
3528 1488 3612 1528 re-

2032 1562 2365 1632 sipiscerent,
2391 1562 2480 1633 qui
2510 1576 2606 1632 per
2632 1562 2940 1633 injustitiam
2966 1562 3311 1633 desipuerunt
3338 1565 3380 1617 ⁸.

2101 1654 2326 1711 CAPUT
2355 1654 2441 1711 lll.
2468 1685 2539 1696 -—-
2568 1656 2619 1712 5.
2654 1657 3061 1727 Regenerationis
3095 1657 3385 1727 bene/icium
3420 1674 3481 1713 ea:
3518 1660 3615 1712 hu-

2030 1762 2184 1801 mana
2220 1745 2409 1801 Christi
2457 1746 2796 1817 generatione.
2839 1747 3088 1804 Mortales
3116 1763 3347 1815 eramus,
3379 1750 3612 1820 peccatis

2030 1838 2501 1908 opprimebamur,
2530 1854 2714 1909 poznas
2765 1850 2981 1895 nostras
3018 1841 3381 1911 portabamus.
3425 1840 3613 1897 Omnis

2031 1926 2194 1984 homo
2218 1928 2431 1998 quando
2455 1931 2711 1995 nascitur,
2742 1946 2772 1985 a
2801 1932 3014 1987 miseria
3043 1932 3274 1988 inchoat.
3311 1932 3428 1988 Noli
3459 1949 3611 2004 qua:-

2028 2034 2151 2075 rere
2178 2020 2582 2094 prophetantem
2613 2038 2626 2075 :
2654 2022 2917 2093 interroga
2954 2032 3261 2080 nascentem
3283 2065 3296 2090 ,
3329 2025 3449 2080 vide
3480 2024 3613 2081 tien-

2030 2118 2159 2167 tem.
2188 2109 2320 2167 Cum
2362 2113 2477 2168 haec
2515 2123 2658 2169 esset
2686 2114 2740 2169 in
2769 2124 2907 2169 terra
2934 2115 3028 2170 Dei
3070 2116 3394 2187 indignatio,
3439 2119 3612 2189 qualis

2028 2203 2204 2259 subito
2243 2203 2378 2259 facta
2418 2215 2500 2260 est
2538 2205 2809 2277 dignatio?
2862 2205 3058 2263 Veritas
3086 2210 3147 2262 de
3189 2219 3321 2263 terra
3366 2219 3475 2264 orta
3517 2220 3608 2265 est.

2030 2292 2242 2349 Creavit
2266 2295 2463 2362 omnia,
2492 2306 2700 2352 creatus
2737 2306 2819 2354 est
2852 2297 2989 2354 inter
3022 2298 3220 2354 omnia.
3255 2299 3401 2356 Fecit
3428 2301 3566 2356 diem
3593 2344 3608 2366 ,

2027 2386 2175 2441 venit
2210 2387 2260 2441 in
2301 2386 2462 2443 diem.
2505 2387 2765 2444 Dominus
2805 2389 3047 2447 Christus
3094 2393 3146 2447 in
3186 2382 3450 2449 'azternum
3495 2378 3639 2451 sine

2030 2476 2179 2533 initio
2206 2477 2343 2550 apud
2375 2479 2583 2535 Patrem
2608 2522 2624 2547 ,
2657 2480 2814 2537 habet
2850 2492 2905 2538 et
2941 2481 3204 2540 Natalem.
3248 2485 3305 2540 In
3348 2488 3611 2558 principio

2030 2570 2282 2635 Verbum,
2314 2571 2404 2641 qui
2447 2572 2550 2627 nisi
2584 2572 2804 2629 haberet
2856 2575 3141 2632 humanam
3188 2580 3608 2648 generationem,

2029 2676 2128 2717 nos
2170 2662 2235 2717 ad
2265 2661 2498 2719 divinam
2542 2679 2645 2719 non
2687 2668 3090 2735 perveniremus
3128 2672 3606 2740 regenerationem,

2028 2761 2184 2806 natus
2233 2762 2355 2817 est,
2405 2761 2466 2807 ut
2525 2768 2947 2810 renasceremur.
3010 2756 3257 2813 Christus
3304 2768 3460 2819 natus
3507 2770 3607 2824 est,

2029 2859 2188 2900 nemo
2202 2844 2410 2901 dubitet
2437 2847 2643 2901 renasci
2679 2865 2692 2901 :
2721 2856 3004 2918 generatus
3023 2857 3125 2914 est,
3157 2864 3261 2904 non
3287 2866 3611 2921 regenerati-

2028 2935 2148 2991 dus.
2170 2936 2266 2992 Cui
2293 2937 2433 2991 enim
2465 2938 2761 2993 necessaria
2788 2948 2903 2994 erat
2921 2942 3253 3011 regeneratio
3273 2983 3288 3007 ,
3332 2943 3435 2997 nisi
3461 2943 3612 3012 cujus

2029 3026 2275 3084 damnata
2306 3039 2388 3086 est
2412 3030 2723 3100 generatio?
2746 3030 2861 3086 Fiat
2881 3032 3055 3102 itaque
3081 3034 3132 3087 in
3150 3033 3398 3089 cordibus
3416 3035 3612 3089 nostris

2029 3121 2393 3176 misericordia
2445 3121 2580 3192 ejus.
2629 3121 2866 3178 Portavit
2912 3138 3034 3179 eum
3081 3132 3253 3179 mater
3299 3124 3353 3180 in
3414 3136 3609 3180 utero:

2030 3221 2304 3281 portemus
2332 3219 2388 3268 et
2410 3228 2509 3269 nos
2534 3214 2588 3268 in
2616 3214 2796 3270 corde.
2826 3213 3220 3291 Gravidataest
3250 3216 3403 3286 virgo
3434 3215 3610 3270 incar—

2033 3306 2253 3362 natione
2309 3305 2506 3362 Christi
2554 3324 2569 3361 :
2617 3308 2960 3378 gravidentur
3012 3316 3227 3379 pectora
3273 3316 3453 3365 nostra
3511 3309 3616 3363 title

2029 3399 2250 3456 Christi.
2271 3400 2485 3471 Peperit
2504 3399 2653 3471 virgo
2680 3399 3010 3457 Salvatorem
3034 3420 3045 3454 :
3064 3403 3232 3472 pariat
3248 3402 3423 3457 anima
3437 3410 3615 3456 nostra

2032 3493 2279 3559 salutem,
2313 3494 2580 3563 pariamus
2620 3502 2675 3549 et
2712 3494 2945 3549 laudem.
2991 3494 3105 3550 Non
3150 3495 3316 3551 simus
3361 3495 3613 3551 steriles:

2032 3583 2224 3638 anima:
2252 3592 2450 3637 nostra
2476 3582 2589 3638 Deo
2613 3583 2720 3638 sint
2747 3582 3009 3639 fecundte.

2102 3674 2327 3731 CAPUT
2344 3673 2432 3730 IV.
2455 3706 2523 3716 —
2543 3676 2598 3731 4.
2622 3674 2889 3731 Generatio
2906 3676 3094 3731 Christi
3109 3677 3316 3747 duplex.
3330 3676 3618 3734 Generatio

2033 3765 2233 3822 Christi
2264 3782 2295 3821 a
2327 3767 2482 3822 Patre
2520 3769 2637 3824 sine
2671 3777 2862 3835 matre,
2903 3778 2958 3826 et
2992 3785 3022 3824 a
3061 3778 3233 3826 matre
3269 3770 3386 3825 sine
3428 3778 3613 3840 patre:

2034 3860 2204 3914 amba:
2230 3859 2519 3915 mirabiles.
2542 3860 2739 3927 Prima,
2759 3870 2985 3926 (eterna;
3010 3861 3262 3927 secunda,
3289 3861 3614 3930 temporalis.

2034 3951 2199 4007 Natus
2224 3959 2305 4006 est
2319 3960 2550 4007 aeternus
2573 3951 2638 4007 de
2658 3962 2862 4007 interno
2884 3952 2905 3985 ³
2934 3951 3031 4025 (a).
3055 3953 3189 4020 Quid
3217 3952 3617 4010 miraris?Deus

2036 4054 2137 4100 est.
2170 4044 2252 4099 Sit
2274 4042 2630 4099 consideratio
2656 4043 2980 4111 divinitatis;
3011 4054 3065 4100 et
3094 4046 3228 4115 perit
3264 4061 3420 4100 causa
3450 4046 3621 4100 admi-

2035 4135 2276 4191 rationis.
2334 4135 2592 4190 Transeat
2647 4134 2967 4199 admiratio,
3025 4135 3278 4191 ascendat
3341 4136 3616 4191 laudatio:

2038 4226 2170 4283 fides
2210 4226 2374 4293 adsit,
2407 4227 2564 4283 crede
2601 4226 2741 4297 quod
2774 4226 2969 4281 factum
3004 4234 3106 4282 est.
3151 4227 3414 4283 Parumne
3444 4244 3539 4299 pro
3569 4240 3620 4283 te

2038 4318 2342 4373 humiliatus
2369 4326 2453 4373 est
2482 4317 2663 4373 Deus?
2689 4317 2789 4386 Qui
2812 4318 2952 4374 Deus
2980 4325 3125 4385 erat,
3168 4317 3340 4374 factus
3373 4327 3475 4375 est.
3505 4324 3585 4375 An
3607 4350 3620 4360 -

2037 4420 2247 4483 gustum
2290 4418 2406 4466 erat
2447 4410 2816 4472 diversorium.
2864 4411 3131 4467 involutus
3160 4412 3369 4482 pannis,
3400 4413 3452 4466 in
3481 4427 3617 4481 ιιι-ςε-

2037 4518 2163 4574 sepe
2188 4502 2391 4575 positus
2421 4511 2523 4567 est,
2554 4504 2674 4575 quis
2705 4518 2810 4557 non
2840 4501 3170 4559 admiretur?
3210 4503 3301 4560 ille
3339 4505 3424 4574 qui
3466 4520 3620 4557 mun-

2038 4596 2163 4650 dum
2205 4595 2429 4665 implet,
2482 4595 2535 4649 in
2576 4594 2868 4650 diversorio
2917 4595 3089 4651 locum
3132 4611 3240 4649 non
3289 4595 3510 4649 invenit.
3564 4594 3618 4647 In

2038 4688 2300 4758 priescpio
2342 4686 2546 4756 positus
2588 4688 2737 4742 cibus
2776 4697 2957 4743 noster
2993 4696 3075 4743 est
3119 4687 3303 4743 factus.
3350 4688 3621 4742 Accedant

2038 4779 2104 4833 ad
2150 4793 2385 4850 praesepe
2413 4778 2518 4834 duo
2562 4778 2805 4834 animalia
2828 4821 2841 4840 .
2883 4779 2989 4834 duo
3021 4779 3219 4848 populi.
3260 4778 3499 4849 Cognovit
3534 4779 3620 4833 bos

2041 4885 2555 4940 possessoremsuunt,
2572 4879 2616 4923 et
2638 4870 2809 4924 asinus
2832 4886 3052 4942 prwsepe
3073 4869 3279 4923 Domini
3295 4869 3373 4923 sui
3399 4867 3546 4941 (Isai.
3576 4886 3617 4934 ι,

2104 5027 2121 5059 ι
2146 5028 2229 5090 Hic
2248 5026 2437 5090 additur
2457 5040 2486 5076 a
2507 5032 2556 5075 ι’.
2580 5033 2776 5090 Frang.:
2800 5024 3041 5076 Justitiam
3060 5037 3152 5076 non
3182 5023 3482 5088 Ital-eliminet,
3514 5036 3625 5087 pec-

2040 5094 2148 5139 cata
2170 5086 2246 5137 hic
2269 5086 2371 5138 sola
2391 5094 2543 5137 erant.
2612 5096 2665 5137 tu.

2104 5151 2124 5181 ³
2143 5155 2311 5211 Frang.
2326 5163 2339 5198 :
2356 5158 2478 5213 Ergo
2500 5148 2892 5213 quiarverit‘asde
2913 5154 3044 5198 terra
3060 5154 3167 5197 orta
3188 5152 3275 5213 est,
3295 5147 3519 5213 pominus
3542 5160 3624 5213 no-

2038 5218 2136 5262 ster
2179 5208 2315 5274 Jesus
2348 5208 2563 5274 Clu‘istits
2597 5212 2658 5274 de
2698 5210 2891 5274 Virgine
2907 5220 3045 5274 natus
3066 5217 3135 5260 est
3152 5223 3169 5269 ;
3182 5208 3372 5270 justitia
3408 5208 3620 5274 decreto

2041 5272 2303 5337 prospexit,
2330 5280 2380 5337 ut
2411 5272 2615 5337 habeant
2635 5270 2847 5337 homines
2863 5270 3101 5337 justitiam
3127 5285 3387 5337 n_ong_suam_
3404 5272 3489 5337 sed
3512 5278 3618 5337 Det.

2040 5331 2269 5399 Quantam
2293 5331 2655 5399 dignationem}
2690 5332 2850 5399 Qualis
2864 5331 3115 5397 'prwcessit
3150 5332 3450 5394 indignatio!
3492 5331 3622 5382 Indi-

2038 5394 2202 5461 gnntio
2219 5409 2326 5461 qua:
2349 5394 2589 5460 prwcessit
2611 5394 2635 5446 Ρ
2657 5394 2881 5447 Mortales
2897 5408 3115 5461 eramus,
3130 5403 3225 5445 etc.
3283 5400 3341 5443 st.

2106 5460 2126 5490 ³
2149 5458 2282 5520 Aptid
2316 5458 2484 5523 F'rang.
2512 5473 2524 5508 :
2559 5463 2704 5509 Natus
2736 5464 2804 5508 est
2835 5464 3044 5509 teternus
3082 5458 3143 5507 de
3178 5463 3388 5515 aeterno,
3427 5462 3621 5507 cowter-

2041 5532 2145 5570 nus.
2213 5528 2265 5568 Μ.

2104 5583 2175 5643 (a)
2203 5582 2394 5632 videtur
2416 5582 2595 5631 deesse
2618 5582 2889 5630 membrum
2911 5580 3116 5631 alterunt
3136 5582 3411 5631 sentcntiae.
3431 5586 3545 5628 Sunt
3570 5587 3622 5628 et

2042 5644 2119 5692 alii
2143 5644 2335 5706 quidam
2359 5642 2447 5706 loci
2473 5644 2595 5692 forte
2615 5644 2772 5706 minus
2796 5645 2967 5706 integri
2987 5658 2999 5706 ;
3027 5644 3112 5694 sed
3135 5646 3191 5694 iis
3210 5643 3430 5692 sanandis
3454 5655 3623 5690 neces-

2044 5704 2172 5754 saria
2187 5720 2353 5768 exemi
2370 5704 2485 5754 laria
2511 5718 2597 5756 nos
2614 5705 2857 5755 deﬁciunt.
