3996 6446
442 322 578 405 ὀφ

442 447 521 516 5).
556 444 669 501 Noli
714 442 1037 499 erubescere
1079 438 1171 493 Dei
1221 450 1341 492 esse
1383 434 1680 504 jumentum
1713 428 2023 485 :Cltristum

445 536 705 607 portabis,
731 548 837 588 non
860 529 1096 595 errabis;
1128 527 1368 583 ambulas
1398 540 1493 597 per
1512 525 1672 588 viam,
1693 523 2029 591 sedetsupcr

447 638 519 683 te.
559 626 755 683 Sedeat
799 637 962 693 super
1006 634 1103 675 nos
1142 618 1399 675 Dominus
1420 659 1435 678 .
1469 625 1524 672 et
1549 630 1655 687 quo
1680 616 1789 670 vult
1817 629 1914 669 nos
1942 613 2028 669 di-

445 719 582 789 rigat
610 735 624 772 :
646 716 944 787 jumentum
971 713 1138 784 ipsius
1165 712 1353 778 simus,
1402 709 1468 765 ad
1505 708 1798 765 Jerusalem
1821 721 2024 762 eamus.

445 809 566 879 Ipso
595 806 863 863 insidente
889 821 992 861 non
1024 804 1373 875 opprimimur
1395 843 1410 867 ,
1440 802 1535 857 sed
1566 802 1837 857 elevamur
1864 817 1878 853 :
1913 799 2031 868 ipso

445 899 711 964 ducente,
750 913 861 952 non
903 895 1200 952 errabimus
1228 934 1245 962 ,
1285 908 1383 965 per
1426 893 1598 964 ipsum
1626 891 1693 947 ad
1733 888 1905 962 ipsum
1936 904 2030 944 ea-

448 1006 597 1056 mus;
644 1000 702 1045 ut
739 1003 860 1045 cum
899 995 1027 1043 nato
1069 985 1228 1042 hodie
1271 999 1437 1057 puero
1467 984 1519 1040 in
1549 990 1863 1055 perpetuum
1901 994 2034 1053 gau-

449 1084 671 1138 deamus
708 1082 749 1135 ¹.
985 1100 987 1103 ί

954 1192 1185 1250 suane
1220 1190 1354 1247 exc
1383 1194 1401 1215 ο
1433 1172 1532 1263 (α).

464 1367 469 1373 1
976 1264 1029 1347 lxi
1046 1296 1192 1347 Natali
1216 1276 1418 1356 Domini,
1442 1310 1523 1345 vn.

523 1402 752 1460 CAPUT
791 1399 1075 1457 PRIMUM.
1104 1428 1175 1440 —-
1202 1398 1254 1454 l.
1284 1396 1435 1452 Diem
1461 1413 1558 1467 quo
1586 1405 1874 1451 nasceretur
1900 1393 2041 1452 Clario

453 1505 560 1550 stus
589 1493 812 1566 mysterii
854 1508 1009 1546 causa
1046 1490 1213 1562 elegit.
1252 1476 1513 1545 Dominus
1557 1496 1742 1543 noster
1763 1487 1921 1545 Jesus
1948 1488 2040 1558 qui

458 1599 576 1646 erat
620 1587 760 1663 apud
790 1589 998 1643 Patrem
1027 1593 1309 1655 antequam
1340 1591 1500 1638 natus
1546 1590 1689 1639 esset
1734 1598 1799 1638 ex
1845 1588 2040 1649 matre,

461 1696 570 1736 non
600 1679 771 1734 solum
805 1677 1065 1748 virginem
1093 1675 1161 1731 de
1193 1690 1296 1746 qua
1334 1683 1667 1738 nasceretur,
1698 1672 1793 1730 sed
1819 1681 1875 1730 et
1899 1672 2041 1729 diem

462 1786 569 1843 quo
603 1778 934 1833 nasceretur,
967 1768 1146 1837 elegit.
1178 1766 1432 1821 Errantes
1460 1764 1703 1820 homines
1734 1765 2046 1835 plerumque

461 1863 662 1933 eligunt
687 1859 804 1916 dies
821 1901 836 1923 ,
866 1859 1002 1913 alius
1030 1854 1332 1913 novellandi
1355 1898 1370 1922 ,
1398 1855 1537 1912 alius
1564 1855 1885 1922 mdilicandi,
1909 1856 2050 1912 alius

461 1949 865 2025 proficiscendi,
914 1961 970 2004 et
995 1946 1286 2018 aliquando
1316 1947 1476 2003 etiam
1505 1945 1641 2002 alius
1688 1961 1911 2003 uxorem
1941 1946 2046 2001 du-

464 2042 644 2099 cendi.
690 2039 843 2108 Quod
870 2054 992 2095 cum
1036 2038 1194 2106 facit,
1236 2037 1357 2093 ideo
1406 2036 1565 2105 facit,
1596 2045 1659 2092 ut
1701 2036 1826 2093 inde
1853 2035 2052 2106 aliquid

466 2141 650 2189 natum
683 2131 910 2188 feliciter
936 2130 1219 2186 nutriatur.
1249 2126 1420 2185 Nemo
1447 2137 1625 2184 tamen
1652 2136 1832 2201 potest
1855 2128 2054 2199 eligere

469 2222 643 2291 diem,
694 2237 800 2293 quo
843 2222 958 2293 ipse
996 2228 1264 2276 nascatur.
1315 2218 1423 2274 Sed
1453 2218 1546 2274 ille
1577 2219 1747 2289 potuit
1773 2226 2056 2289 utrumque

469 2314 690 2384 eligere,
716 2313 807 2383 qui
835 2320 1116 2381 utrumque
1143 2311 1313 2382 potuit
1339 2318 1395 2366 et
1420 2325 1625 2366 creare.
1654 2310 1767 2366 Nec
1795 2311 1868 2367 ita
1897 2311 2058 2381 elegit

471 2402 635 2471 diem,
678 2404 815 2459 sicut
857 2403 1063 2474 eligunt
1105 2402 1195 2473 qui
1240 2401 1346 2456 fata
1390 2401 1669 2458 hominum
1714 2402 1943 2459 inaniter
1988 2404 2058 2462 de

474 2496 709 2552 siderum
736 2494 1083 2566 dispositione
1106 2492 1458 2563 suspendunt.
1487 2493 1602 2548 Non
1628 2494 1771 2550 enim
1798 2510 1893 2569 per
1920 2494 2058 2551 diem

476 2587 605 2644 felix
635 2588 804 2644 factus
829 2597 911 2643 est
936 2587 1027 2659 qui
1051 2596 1134 2643 est
1158 2594 1348 2653 natus;
1375 2586 1469 2642 sed
1499 2586 1705 2644 felicem
1745 2587 1870 2644 fecit
1894 2588 2057 2656 diem,

478 2695 587 2751 quo
625 2678 768 2734 nasci
810 2687 893 2734 est
936 2678 1050 2750 ipse
1076 2676 1343 2747 dignatus.
1383 2676 1515 2732 Nam
1554 2686 1610 2733 et
1633 2677 1749 2734 dies
1775 2680 2064 2735 nativitatis

479 2772 617 2843 ejus,
643 2770 803 2827 habet
828 2769 1140 2842 mysterium
1169 2769 1302 2824 lucis
1329 2767 1467 2840 ejus.
1493 2767 1583 2825 Sic
1609 2770 1751 2826 enim
1779 2769 1905 2825 dicit
1923 2772 2069 2840 Apo-

482 2862 654 2922 stolus
696 2882 710 2919 :
753 2863 876 2919 Nox
915 2863 1189 2934 pracessit,
1237 2862 1347 2917 dies
1391 2871 1561 2918 autem
1603 2864 2068 2935 appropinquavit:

486 2957 785 3030 abjiriamus
824 2972 979 3026 opera
1006 2954 1320 3010 tenebrarum
1339 2997 1355 3023 ,
1404 2965 1451 3009 et
1491 2955 1764 3011 induantus
1806 2973 1900 3012 nos
1924 2972 2069 3010 arma

487 3049 634 3113 lucis,
663 3048 792 3102 sicut
819 3047 870 3101 in
900 3047 981 3101 die
1008 3046 1215 3101 honeste
1241 3045 1553 3102 ambulemus
1577 3048 1597 3078 ¹
1629 3045 1802 3117 (Rom.
1834 3064 1946 3114 xtn,
1978 3048 2068 3114 12,

490 3139 603 3209 15).
637 3138 1002 3207 Agnoscamus
1049 3135 1222 3201 diem,
1278 3146 1333 3192 et
1373 3136 1542 3191 simus
1586 3136 1722 3194 dies.
1776 3138 1887 3194 Nox
1927 3140 2071 3195 enim

489 3243 725 3292 eramus,
756 3244 877 3284 cum
908 3227 1191 3283 infideliter
1215 3227 1542 3283 vivebamus.
1574 3229 1644 3284 Et
1680 3231 1930 3301 quoniam
1959 3232 2071 3302 ipsa

492 3319 780 3376 inlidelitas
807 3334 925 3389 quae
955 3326 1119 3374 totum
1151 3318 1403 3373 mundum
1428 3319 1546 3376 vice
1572 3320 1746 3375 noctis
1773 3320 2071 3391 obtexerat,

491 3410 779 3467 minuenda
810 3409 980 3465 fuerat
1009 3408 1113 3464 ﬁde
1141 3418 1449 3476 crescente;
1478 3410 1599 3467 ideo
1621 3412 1708 3467 die
1733 3412 1937 3469 Natalis
1967 3416 2073 3469 Do-

492 3502 624 3557 mini
653 3502 820 3556 nostri
844 3500 970 3556 Jesu
998 3500 1217 3564 Christi,
1242 3510 1297 3557 et
1326 3516 1428 3557 nox
1460 3502 1645 3574 incipit
1675 3506 1878 3574 perpeti
1907 3506 2075 3563 detri-

493 3602 705 3658 menta,
749 3601 805 3648 et
847 3591 964 3647 dies
1003 3608 1215 3648 sumere
1243 3604 1545 3663 augmenta.
1597 3594 1899 3652 Habeamus
1925 3614 2073 3670 ergo,

496 3684 723 3748 fratres,
772 3683 1066 3738 solemnem
1112 3683 1269 3737 istum
1306 3682 1486 3750 diem;
1528 3700 1632 3741 non
1673 3686 1809 3742 sicut
1836 3688 2077 3745 infideles

494 3784 713 3846 propter
738 3774 879 3829 hunc
905 3774 1073 3829 sulem
1097 3813 1113 3841 ,
1144 3773 1238 3828 sed
1267 3784 1482 3845 propter
1506 3792 1628 3832 eum
1655 3779 1744 3848 qui
1790 3778 1915 3835 fecit
1938 3779 2079 3838 hunc

494 3871 693 3926 solem.
745 3867 897 3936 Quod
944 3868 1085 3922 enim
1123 3867 1350 3922 Verbum
1388 3878 1534 3934 erat,
1588 3885 1714 3924 caro
1759 3870 1953 3927 factum
1997 3885 2081 3932 est

501 3962 679 4033 (Joan.
722 3977 774 4030 t,
821 3962 911 4031 H)
932 4003 948 4027 ,
979 3971 1039 4014 ut
1078 3970 1297 4030 prepter
1327 3976 1424 4015 nos
1463 3970 1644 4030 posset
1670 3978 1788 4019 esse
1815 3965 1917 4020 sub
1943 3967 2077 4023 sole.

497 4052 671 4108 Carne
697 4053 893 4123 quippe
926 4051 1026 4107 sub
1063 4052 1174 4106 sole
1203 4069 1216 4105 :
1246 4051 1524 4122 majestate
1562 4063 1739 4110 autem
1768 4070 1930 4126 super
1959 4059 2080 4113 uni-

497 4159 710 4198 versum
742 4142 999 4197 mundum
1021 4183 1036 4206 ,
1068 4142 1119 4201 in
1150 4157 1255 4212 quo
1282 4142 1520 4198 condidit
1560 4145 1746 4200 solem.
1776 4146 1928 4203 Nunc
1954 4165 2082 4206 vero

502 4245 557 4292 et
599 4251 760 4290 carne
800 4250 963 4305 super
1003 4234 1161 4289 istum
1190 4235 1385 4299 solem,
1416 4250 1572 4306 quem
1618 4252 1714 4307 pro
1745 4239 1852 4293 Deo
1880 4240 2080 4308 colunt,

502 4326 590 4398 qui
623 4334 802 4380 mente
830 4325 956 4380 εει)θί
988 4339 1170 4380 verum
1195 4324 1412 4395 justitize
1441 4341 1551 4382 non
1586 4328 1767 4383 vident
1795 4329 1983 4386 solem.

572 4417 798 4475 CAPUT
838 4417 900 4471 ll.
930 4448 1002 4458 —
1030 4418 1084 4473 2.
1122 4417 1426 4487 Natiritates
1454 4417 1642 4475 Christi
1666 4421 1801 4477 dare.
1849 4422 1951 4479 Cur
1988 4441 2085 4479 na.

501 4512 575 4566 sri
600 4527 661 4565 ea:
685 4510 871 4583 femina
899 4510 1074 4564 voluit.
1110 4510 1256 4564 Diem
1280 4526 1408 4581 ergo
1435 4512 1614 4573 istum,
1639 4511 1948 4580 Christiani,
1978 4531 2085 4572 non

505 4602 701 4657 divina:
732 4601 1020 4658 nativitatis
1048 4602 1414 4670 celebremus,
1448 4603 1541 4660 sed
1570 4605 1844 4675 humanae,
1883 4609 2088 4664 scilicet

503 4712 603 4766 qua
652 4704 1082 4763 contemperatus
1127 4703 1211 4750 est
1258 4696 1451 4760 nobis;
1510 4708 1569 4753 ut
1613 4715 1710 4767 per
1766 4701 2083 4757 invisibilem

503 4786 765 4841 visibilem
806 4786 998 4841 factum
1024 4827 1039 4851 ,
1084 4800 1114 4839 a
1154 4786 1449 4842 visibilibus
1473 4788 1539 4843 ad
1575 4790 1859 4846 invisibilia
1914 4800 2089 4848 trans-

507 4878 726 4933 iremus.
753 4877 1017 4932 Debemus
1055 4878 1198 4932 enim
1234 4877 1338 4935 fide
1383 4881 1640 4937 catholica
1686 4883 1918 4938 retinere
1956 4883 2088 4940 duas

505 4984 626 5025 esse
660 4970 961 5025 nativitates
983 4969 1193 5026 Domini
1227 4988 1241 5023 :
1273 4987 1429 5026 unam
1454 4974 1707 5042 divinam,
1738 4975 1958 5031 alteram
1986 4976 2087 5032 lui-

504 5076 761 5124 matiam;
790 5060 934 5117 illam
974 5063 1090 5117 sine
1114 5071 1374 5132 tempore,
1415 5062 1552 5119 hanc
1583 5068 1634 5118 in
1662 5075 1923 5137 tempore.
1963 5069 2092 5123 Am-

505 5153 604 5210 bas
645 5162 824 5209 autem
860 5151 1131 5210 mirabiles
1161 5171 1175 5207 :
1207 5154 1349 5208 illam
1389 5154 1507 5210 sine
1534 5162 1734 5225 matre,
1778 5157 1936 5214 istam
1974 5160 2091 5215 sine

571 5266 590 5297 ί
635 5265 709 5314 sic
753 5261 954 5325 explicit
988 5263 1068 5337 hic
1098 5276 1274 5337 sermo
1315 5264 1453 5337 juxta
1485 5273 1653 5337 Fraag.
1697 5281 1711 5319 :
1758 5277 1865 5334 Ipso
1898 5271 2093 5323 sedente

506 5338 605 5397 non
623 5337 898 5397 premtmur
914 5361 930 5385 ,
956 5325 1337 5397 sedueleoaptur;
1355 5326 1463 5393 ipso
1483 5325 1684 5397 ducente
1712 5325 1808 5381 non
1837 5343 2093 5397 ert-mnis;

509 5371 900 5454 arabat
916 5371 1333 5454 pertransiit;
1356 5371 1457 5440 ἦὸῖ
1471 5371 1700 5454 542%}.
1714 5371 1825 5454 "vi,
1837 5371 1877 5381 ”
1894 5371 1904 5380 ’
1921 5371 2055 5386 mw
2072 5371 2089 5398 ⁸

575 5451 595 5481 ³
619 5456 755 5499 t.ov.:
784 5457 889 5520 Nox
914 5448 1125 5520 recessit,
1148 5450 1253 5520 dies
1268 5448 1429 5520 autem
1448 5448 1844 5520 appropinquavit
1862 5453 2096 5520 gabjicia-

509 5510 1212 5625 mimeggealgggtg’a‘?
1224 5510 1491 5624 ingenuus
1508 5510 1754 5568 nos'arn'ta
1775 5514 1896 5569 lucis
1911 5556 1926 5582 ,
1946 5510 2022 5571 'sic
2045 5526 2097 5571 ut

581 5656 598 5673 '
628 5661 864 5716 ttepcrtus
886 5663 962 5706 est
985 5657 1033 5706 in
1056 5656 1119 5708 cl.
1144 5670 1187 5707 r.
1212 5671 1260 5709 ι’.
1284 5666 1396 5711 Lov.

570 5737 654 5798 (1:)
681 5737 820 5798 Alias,
842 5739 907 5789 de
930 5742 1137 5792 Diversis
1159 5741 1236 5793 61.

1676 311 1732 368 8.
1774 308 1909 366 AUC
1920 302 2140 365 USTlNl
2180 304 2477 363 EPISCOP!

3578 304 3712 366 ιιαι

2136 435 2308 496 patre.
2342 425 2397 481 Si
2438 425 2591 480 istam
2631 438 2740 479 non
2777 422 3299 493 comprehendimus,
3331 422 3476 479 illam
3499 426 3713 495 quando

2134 517 2489 571 enarramus?
2537 514 3123 586 Quiscomprehendat
3166 517 3459 570 novitatem
3498 533 3710 586 novam,

2135 607 2462 673 inusitatam,
2496 608 2705 661 unicam
2736 607 2790 662 in
2828 606 3048 672 mundo,
3092 606 3451 662 incredibilem
3477 608 3714 663 credibi-

2136 699 2241 754 lem
2274 697 2464 755 factam
2489 740 2503 765 ,
2530 710 2584 755 et
2617 708 2729 754 toto
2765 699 2968 755 mundo
3010 698 3391 755 incredibiliter
3422 700 3715 756 creditam.

2138 802 2196 847 ut
2243 792 2392 863 virgo
2440 793 2778 861 conciperet,
2822 792 2973 862 virgo
3017 801 3265 862 pareret,
3309 790 3461 860 virgo
3504 792 3718 862 pariens

2137 885 2512 954 permaneret?
2555 883 2707 953 Quod
2742 882 2973 938 humana
3003 883 3139 938 ratio
3172 897 3275 937 nou
3305 880 3504 937 invenit
3525 924 3539 945 .
3585 883 3724 939 ﬁdes

2138 976 2320 1044 capit:
2365 983 2419 1030 et
2461 974 2547 1029 ubi
2594 974 2823 1029 humana
2871 976 3008 1029 ratio
3048 973 3261 1041 deficit,
3312 974 3445 1030 fides
3488 974 3719 1045 proficit.

2139 1066 2268 1133 Quis
2310 1065 2452 1121 enim
2493 1065 2637 1121 dicat
2664 1080 2771 1120 non
2804 1066 3041 1135 petuisse
3071 1064 3165 1119 Dei
3197 1063 3428 1120 Verbum
3458 1080 3553 1135 per
3580 1065 3725 1135 quod

2140 1157 2279 1213 facta
2305 1167 2429 1212 sunt
2454 1157 2653 1224 omnia,
2693 1155 2869 1212 facere
2894 1155 2995 1211 sibi
3021 1170 3236 1210 carnem
3262 1156 3425 1215 etiam
3450 1156 3567 1211 sine
3603 1171 3724 1210 ma-

2143 1257 2246 1315 tre,
2268 1249 2398 1304 sicut
2422 1246 2649 1319 primum
2674 1246 2944 1302 hominem
2970 1247 3086 1301 sine
3113 1255 3262 1317 patre
3291 1245 3415 1302 fecit
3434 1256 3487 1301 et
3516 1246 3730 1302 matre?

2144 1340 2247 1397 Sed
2274 1341 2523 1412 quoniam
2569 1348 2850 1410 utrumque
2891 1354 3075 1395 sexum
3102 1379 3117 1401 .
3166 1338 3217 1394 id
3247 1347 3359 1406 est,
3407 1340 3631 1394 masculi
3678 1348 3732 1393 et

2146 1432 2357 1511 feminae
2376 1473 2391 1498 ,
2436 1432 2550 1503 ipse
2579 1431 2760 1502 utique
2788 1430 2990 1485 ereavit
3013 1447 3028 1496 ;
3054 1429 3198 1485 ideo
3226 1439 3509 1499 utrumque
3536 1443 3733 1484 sexum

2147 1526 2307 1581 etiam
2337 1525 2603 1581 nascendo
2631 1524 2796 1579 voluit
2822 1525 3088 1579 honorare
3107 1564 3121 1587 ,
3152 1537 3310 1593 quem
3340 1531 3561 1578 venerat
3595 1522 3736 1578 libe-

2148 1632 2288 1674 rare.
2317 1617 2548 1687 Lapsum
2589 1624 2733 1672 certe
2764 1615 2921 1686 primi
2948 1614 3179 1669 hominis
3217 1614 3422 1679 nostis,
3463 1614 3585 1684 quia
3625 1627 3734 1668 non

2149 1717 2234 1766 est
2274 1724 2434 1764 ausus
2471 1722 2691 1778 serpens
2726 1706 2870 1777 loqui
2905 1706 3056 1771 viro,
3099 1703 3196 1760 sed
3221 1704 3290 1759 ad
3314 1719 3438 1760 eum
3476 1702 3738 1773 dejicien-

2151 1803 2276 1860 dum
2319 1802 2547 1858 femineo
2581 1815 2707 1856 usus
2745 1809 2828 1856 est
2855 1798 3171 1853 ministerio.
3218 1797 3320 1852 Per
3358 1796 3736 1862 infirmiorem,

2153 1895 2379 1951 obtinuit
2424 1893 2696 1949 fortiorem
2728 1909 2743 1946 :
2774 1898 2831 1947 et
2868 1890 2956 1961 qui
2999 1905 3093 1960 per
3133 1888 3364 1944 alterum
3413 1887 3739 1958 penetravit,

2154 1986 2223 2042 de
2248 1994 2473 2055 utroque
2498 1981 2864 2052 triumphavit.
2912 1979 3035 2035 Ideo
3064 1989 3123 2034 ut
3152 1994 3257 2034 non
3290 1993 3567 2049 possemus
3594 1993 3745 2033 mor-

2158 2087 2263 2133 tem
2288 2085 2523 2132 nostram
2556 2075 2607 2129 in
2639 2074 2831 2129 femina
2859 2071 3004 2127 velut
3029 2078 3174 2126 metu
3201 2070 3330 2140 justi
3360 2069 3564 2125 doloris
3609 2068 3743 2124 hor-

2158 2184 2279 2225 rere
2297 2210 2312 2234 ,
2356 2181 2582 2237 eamque
2607 2164 2830 2221 credere
2862 2164 2977 2219 siue
3019 2163 3356 2232 reparatione
3383 2160 3695 2216 damnatam
3725 2175 3742 2225 ;

2160 2258 2415 2315 Dominus
2443 2258 2663 2311 veniens
2709 2269 2947 2326 quaerere
2989 2253 3130 2324 quod
3163 2240 3427 2323 perierat,
3460 2262 3748 2322 utrumque

2162 2349 2327 2405 voluit
2365 2347 2677 2403 honorando
2713 2345 3111 2412 commendare,
3162 2345 3281 2415 quia
3310 2354 3592 2415 utrumque
3620 2358 3745 2417 per-

2165 2444 2320 2499 ierat.
2349 2442 2404 2497 la
2434 2440 2579 2495 nullo
2617 2439 2775 2511 igitur
2802 2453 2932 2493 sexu
2971 2438 3228 2493 debemus
3274 2437 3522 2505 iujuriam
3567 2434 3750 2490 facere

2164 2533 2404 2589 Creatori
2432 2551 2445 2587 :
2475 2541 2759 2600 utrumque
2786 2530 2851 2584 ad
2883 2528 3198 2597 sperandam
3224 2529 3448 2583 salutem
3473 2543 3751 2583 commen-

2166 2624 2310 2679 davit
2337 2622 2593 2677 Nativitas
2622 2620 2849 2675 Domini.
2884 2619 3064 2674 llonor
3092 2618 3368 2674 masculini
3397 2633 3556 2673 sexus
3583 2626 3675 2671 est
3700 2617 3753 2671 in
3830 2638 3840 2655 π

2168 2731 2327 2773 carne
2356 2713 2551 2770 Christi
2583 2731 2596 2766 :
2629 2712 2801 2766 honor
2844 2710 3085 2766 feminini
3130 2720 3212 2765 est
3241 2711 3294 2764 in
3333 2721 3501 2764 matre
3529 2708 3753 2764 Christi.

2173 2807 2313 2863 Vicit
2338 2804 2600 2875 serpentis
2628 2803 2877 2858 astutiam
2905 2802 3071 2872 gratia
3100 2800 3226 2856 Jesu
3252 2800 3465 2855 Christi.

2242 2895 2470 2953 CAPUT
2509 2894 2596 2949 Ill.
2628 2925 2702 2935 —
2743 2895 2795 2949 5.
2829 2892 3058 2949 Christus
3105 2902 3311 2964 propter
3351 2906 3443 2946 nos
3486 2891 3668 2962 infans
3708 2890 3760 2945 in

2175 2988 2405 3061 praesepi.
2454 2986 2688 3057 Uterque
2716 3000 2844 3055 ergo
2890 2998 3051 3039 sexus
3078 2984 3129 3038 in
3173 2998 3238 3038 eo
3267 2983 3357 3054 qui
3402 2981 3561 3036 hodie
3598 2990 3762 3036 natas

2174 3089 2257 3137 est
2284 3088 2611 3143 renascatur,
2641 3086 2697 3135 et
2722 3078 2956 3132 celebret
2984 3075 3297 3130 hodiernum
3324 3074 3465 3129 diem
3497 3091 3511 3128 :
3542 3089 3661 3144 quo
3679 3072 3763 3128 die

2176 3189 2281 3229 non
2311 3172 2563 3227 Dominus
2589 3170 2830 3226 Christus
2859 3183 2978 3225 esse
3018 3168 3199 3238 erepit,
3233 3165 3328 3221 sed
3356 3166 3443 3237 qui
3470 3174 3590 3220 erat
3621 3180 3764 3220 sem-

2179 3283 2272 3336 per
2308 3264 2446 3334 apud
2492 3264 2738 3329 Patrem,
2787 3277 3001 3317 carnem
3032 3276 3187 3331 quam
3223 3259 3426 3330 accepit
3468 3273 3533 3313 ex
3568 3267 3760 3323 matre,

2181 3359 2232 3414 in
2262 3358 2399 3412 hanc
2426 3357 2594 3411 lucem
2625 3354 2882 3426 protulit;
2913 3353 3065 3407 matri
3104 3351 3476 3407 fecunditatem
3506 3349 3762 3417 τῖσαι-ρεαδ,

2181 3451 2535 3523 integritatem
2565 3463 2670 3502 non
2701 3446 2965 3501 auferens.
3014 3444 3341 3513 Concipitur,
3385 3442 3647 3506 nascitur,
3686 3440 3764 3495 in-

2180 3540 2295 3597 fans
2333 3550 2435 3596 est.
2487 3539 2616 3607 Quis
2645 3547 2724 3593 est
2767 3538 2864 3592 iste
2904 3535 3119 3591 infans?
3162 3534 3344 3590 Infans
3374 3535 3514 3589 enim
3546 3535 3764 3598 dicitur,

2180 3631 2321 3703 quod
2365 3646 2472 3685 non
2519 3629 2682 3701 possit
2723 3626 2854 3693 fari,
2905 3626 2957 3682 id
2987 3636 3069 3682 est
3100 3626 3263 3697 loqui.
3306 3625 3449 3697 Ergo
3473 3634 3526 3680 et
3569 3625 3766 3692 infans,

2182 3732 2237 3779 ct
2260 3721 2488 3776 Verbum
2517 3729 2619 3775 est.
2652 3719 2754 3775 Per
2779 3734 2993 3773 carnem
3023 3728 3180 3784 tacet,
3211 3732 3306 3788 per
3332 3717 3564 3788 Angelos
3588 3717 3765 3772 docet.

2182 3814 2463 3869 Nuntiatur
2490 3810 2790 3881 pastoribus
2816 3810 3089 3880 ‘princeps
3122 3819 3405 3881 pastorque
3450 3818 3722 3878 pastorum
3751 3822 3767 3860 :

2184 3913 2237 3959 et
2279 3905 2330 3959 in
2381 3902 2607 3975 prtesepi
2649 3888 2795 3972 jacet
2846 3899 3076 3955 fidelium
3127 3900 3324 3955 cibaria
3375 3899 3770 3970 jumentorum.

2187 3994 2503 4050 Prasdielum
2528 3993 2669 4048 enim
2701 3991 2873 4048 fuerat
2917 4007 3012 4062 per
3036 3990 3359 4061 Prophetam
3387 4009 3400 4045 :
3437 3990 3651 4061 Agnorit
3688 3990 3774 4045 bos

2187 4103 2519 4161 possessorem
2546 4103 2715 4149 suum,
2744 4094 2792 4139 ct
2819 4085 2993 4139 asinus
3021 4100 3245 4156 prtcsepe
3271 4080 3479 4161 Domini
3495 4085 3588 4156 sui
3618 4081 3771 4155 (Isai.

2187 4157 2238 4245 ι,
2270 4179 2349 4248 3).
2381 4178 2504 4232 Ideo
2548 4177 2600 4231 in
2641 4175 2807 4230 asello
2853 4175 3023 4239 sedit,
3064 4173 3275 4245 quando
3298 4157 3604 4229 .lerusalem
3650 4188 3773 4229 cum

2190 4269 2435 4324 laudibus
2486 4265 2837 4322 multitudinis
2887 4265 3238 4338 prmcedentis
3288 4274 3343 4319 et
3391 4263 3776 4336 consequentis

2190 4360 2404 4416 intravit
2449 4358 2660 4429 (Matth.
2691 4372 2798 4425 xxi,
2846 4357 2984 4427 1-9).
3034 4355 3103 4411 Et
3132 4369 3228 4411 nos
3269 4369 3664 4427 agnoscamus,
3711 4353 3778 4410 ad

2190 4466 2430 4522 praesepe
2454 4449 2789 4514 accedamus,
2822 4448 3017 4502 cibaria
3048 4430 3459 4513 manducemus,
3489 4444 3776 4502 Dominum

2193 4551 2561 4611 rectoremque
2593 4550 2903 4611 portemus;
2957 4549 3016 4594 ut
3055 4538 3120 4594 ad
3163 4538 3435 4594 caelestem
3475 4538 3779 4594 Jerusalem

2193 4636 2284 4691 illo
2308 4635 2537 4689 ducente
2565 4633 2861 4687 veniamus.
2909 4629 3123 4686 lnﬁrma
3159 4640 3241 4687 cst
3264 4630 3465 4686 Christi
3500 4645 3569 4685 ex
3609 4640 3781 4685 matre

2194 4727 2478 4791 nativitas;
2534 4723 2630 4779 sed
2673 4740 2737 4779 ex
2779 4724 2936 4779 Patre
2973 4723 3157 4794 ampla
3193 4724 3463 4793 majestas.
3512 4722 3692 4779 liabet
3732 4723 3781 4778 in

2193 4816 2382 4873 diebus
2412 4814 2792 4886 temporalibus
2824 4816 3167 4885 temporalem
3197 4812 3380 4880 diem;
3425 4812 3518 4869 sed
3550 4812 3672 4885 ipse
3705 4822 3787 4869 est

2194 4909 2309 4966 dies
2337 4923 2569 4965 aeternus
2601 4924 2665 4964 ex
2694 4890 2897 4963 interno
2921 4905 3030 4962 die.

2266 5005 2320 5060 4.
2347 5001 2657 5060 Celebranda
2683 4999 2871 5056 Christi
2908 4998 3164 5053 natioitas.
3204 4994 3392 5051 Merito
3428 4993 3625 5065 psalmi
3667 4993 3786 5064 ejus

2197 5105 2445 5166 tanquam
2478 5106 2610 5148 voce
2650 5091 2789 5146 tubae
2825 5089 3059 5146 ctelesns
3096 5086 3458 5149 accendimur.
3501 5083 3595 5138 ubi
3633 5082 3788 5137 audi-

2197 5206 2318 5246 mus
2350 5207 2364 5240 :
2391 5186 2602 5244 Cantate
2626 5183 2847 5239 Domino
2886 5188 3135 5236 canticum
3173 5193 3394 5244 norum;
3438 5183 3646 5231 cantate
3677 5172 3787 5227 Do-

2200 5286 2369 5344 mino,
2417 5276 2582 5332 omnis
2631 5284 2785 5330 terra.
2839 5271 3053 5328 Cantate
3100 5270 3358 5335 Domino,
3412 5278 3459 5324 et
3508 5265 3794 5322 benedici“

2201 5390 2380 5429 nomen
2405 5372 2515 5443 ejus
2547 5367 2719 5443 (Psal.
2744 5383 2866 5432 xcv,
2900 5367 2922 5422 l
2955 5375 3001 5423 et
3027 5364 3109 5439 2).
3139 5367 3505 5435 Agnoscamus
3539 5377 3700 5434 ergo,
3737 5368 3796 5416 et

2201 5464 2574 5520 annuntiemus
2608 5461 2742 5514 diem
2771 5474 2834 5513 ea:
2856 5458 2957 5522 die,
2999 5457 3088 5527 qui
3122 5456 3175 5511 in
3199 5470 3361 5510 carne
3390 5461 3547 5510 natus
3572 5462 3668 5509 est
3691 5452 3799 5508 isto

2202 5557 2307 5612 die.
2340 5556 2463 5610 Dies
2483 5553 2648 5609 Filius
2673 5568 2737 5607 ex
2767 5549 2854 5606 die
2883 5550 3059 5611 Patre,
3093 5547 3232 5603 Deus
3260 5561 3325 5601 ex
3352 5546 3483 5613 Deo,
3511 5544 3702 5599 lumen
3728 5557 3797 5599 ex

2204 5648 2423 5704 lumine.
2457 5645 2567 5701 lloc
2597 5654 2673 5699 0:1
2704 5643 2847 5699 enim
2877 5641 3129 5704 salutare.
3172 5638 3239 5693 de
3262 5653 3367 5708 quo
3395 5637 3519 5693 alibi
3545 5635 3745 5691 dicitur
3777 5648 3796 5691 :

2211 5740 2347 5795 Deus
2397 5740 2689 5792 titisereamr
2731 5733 2919 5801 nostri,
2965 5739 3012 5785 et
3057 5732 3312 5786 benedice!
3356 5743 3486 5795 nos;
3532 5727 3799 5783 illum“
