4108 6336
449 317 579 372 1011

453 433 756 502 incorrupta
783 427 1081 500 virginitate
1103 435 1393 498 procreata:
1419 423 1651 496 virgines
1672 431 1891 488 sanctaa,
1917 435 2035 491 qua:

454 535 696 579 terrenas
720 520 929 591 nuptias
951 527 1383 584 contemnentes,
1413 531 1534 573 esse
1559 517 1718 573 etiam
1747 530 1910 571 carne
1931 514 2039 569 vir-

453 608 606 685 gines
643 612 908 683 elegistis,
945 610 1237 683 gaudentes
1277 609 1545 667 celebrate
1587 609 1898 665 solemniter
1935 608 2037 663 ho-

453 706 640 760 dierno
680 704 766 759 die
790 702 1024 777 Virginis
1053 712 1281 773 partum.
1315 701 1408 758 Ille
1441 700 1636 773 quippe
1678 710 1760 756 est
1789 708 1943 756 natus
1970 713 2037 754 ex

455 795 669 859 femina,
697 796 787 868 qul
821 809 927 852 non
966 803 1050 851 est
1084 809 1116 848 a
1153 793 1391 849 masculo
1424 801 1570 848 satus
1596 793 1647 846 in
1691 790 1904 845 femina.
1937 789 2038 857 Qui

450 886 608 942 vobis
640 885 818 940 attulit
845 885 985 957 quod
1011 886 1290 954 amaretis,
1323 885 1478 939 matri
1499 898 1607 938 non
1643 882 1863 938 abstulit
1896 879 2038 950 quod

451 977 663 1031 amatis.
686 975 785 1045 Qui
808 985 960 1031 sanat
989 976 1041 1031 in
1067 977 1217 1032 vobis
1235 975 1376 1047 quod
1402 975 1635 1030 traxistis
1654 989 1720 1029 ex
1749 973 1878 1039 Eva,
1900 971 2039 1026 absit

457 1078 514 1124 ut
537 1070 749 1124 vitiaret
771 1069 910 1140 quod
932 1069 1192 1124 dilexistis
1223 1070 1274 1123 in
1303 1068 1484 1123 Maria.

527 1163 755 1221 CAPUT
800 1163 1053 1219 IIIp—4.
1100 1161 1375 1234 Virginilas
1409 1161 1592 1217 Mariae
1637 1159 1899 1215 imitanda.
1943 1157 2037 1213 Illa

459 1256 618 1327 igitur
643 1257 795 1327 cujus
818 1257 1036 1328 vestigia
1062 1256 1365 1322 sectamini,
1391 1263 1447 1311 et
1473 1263 1530 1310 ut
1552 1255 1886 1324 conciperet,
1917 1266 2038 1308 cum

457 1349 571 1403 viro
618 1363 724 1402 non
752 1350 978 1414 mansit;
1016 1357 1069 1403 et
1104 1363 1224 1403 cum
1252 1356 1492 1417 pareret,
1538 1345 1687 1417 virgo
1726 1343 2036 1416 permansit.

459 1437 738 1495 l’mitamini
782 1455 900 1496 eam
945 1449 1198 1511 quantum
1245 1439 1499 1510 potestis;
1535 1453 1641 1494 non
1686 1437 2034 1504 fecunditate,

457 1531 578 1602 quia
609 1535 709 1587 hoc
738 1548 841 1588 non
874 1533 1095 1602 potestis
1115 1573 1130 1599 ,
1158 1533 1300 1588 salva
1324 1529 1644 1602 virginitate.
1672 1529 1796 1586 Sola
1833 1540 2042 1585 utrum-

457 1642 561 1696 que
590 1627 792 1695 potuit,
822 1641 1048 1697 quorum
1078 1639 1175 1680 vos
1201 1639 1364 1680 unum
1394 1623 1592 1680 habere
1617 1622 1889 1688 voluistis;
1918 1622 2041 1693 quia

459 1717 560 1772 hoc
586 1717 828 1786 perditis,
857 1718 899 1772 si
927 1725 1212 1786 utrumque
1240 1715 1438 1771 habere
1460 1714 1652 1770 velitis.
1685 1713 1808 1770 Sola
1835 1721 2042 1768 utrum-

456 1825 559 1877 que
598 1808 789 1877 potttil,
834 1824 951 1878 qua:
989 1809 1406 1878 omnipotentem
1451 1805 1696 1877 peperit,
1740 1821 1836 1876 per
1880 1819 2045 1875 quem

458 1901 648 1971 potuit.
688 1900 869 1956 Solum
913 1901 1054 1957 enim
1094 1901 1308 1956 unicum
1336 1899 1430 1955 Dei
1468 1899 1694 1964 Filium,
1741 1898 1844 1954 isto
1886 1897 2046 1952 unico

462 1993 620 2047 modo
658 1993 770 2047 fieri
800 1993 1078 2063 oportebat
1103 1992 1270 2048 lilium
1299 1992 1551 2048 hominis.
1577 1991 1688 2047 Nec
1714 2001 1888 2046 tamen
1923 1989 2045 2044 ideo

460 2101 565 2140 non
591 2094 672 2141 est
684 2086 833 2141 vobis
849 2086 1044 2156 aliquid
1063 2085 1327 2152 Christus,
1347 2085 1469 2157 quia
1500 2085 1658 2140 unius
1674 2086 1691 2116 ί
1721 2093 1802 2140 est
1825 2081 2045 2155 virginis

456 2179 619 2234 fetus.
669 2178 846 2249 Ipsum
871 2181 1065 2250 quippe
1092 2194 1208 2246 vos,
1239 2195 1397 2250 quem
1445 2178 1609 2234 lilium
1634 2179 1794 2234 edere
1821 2193 1927 2234 non
1952 2193 2046 2248 po-

459 2271 638 2326 tuistis
661 2285 818 2327 carne
837 2313 852 2338 ,
881 2286 1136 2341 Sponsum
1165 2271 1446 2326 invenistis
1473 2271 1526 2325 in
1556 2270 1718 2327 corde
1747 2287 1759 2323 :
1804 2279 1860 2325 et
1885 2270 2046 2325 talem

461 2378 740 2432 sponsum,
776 2379 932 2434 quem
975 2372 1030 2418 et
1065 2363 1456 2434 redemptorem
1489 2364 1567 2419 sic
1603 2371 1782 2419 teneat
1825 2363 2046 2420 felicitas

460 2463 638 2510 vestra
657 2455 701 2520 ³,
728 2464 784 2509 ιιι
808 2463 1202 2525 peremptorem
1226 2470 1332 2511 non
1349 2455 1530 2511 timeat
1552 2455 1824 2526 virginitas
1846 2462 2042 2510 vestra.

461 2544 560 2614 Qui
604 2545 745 2603 enim
793 2546 946 2601 matri
983 2545 1334 2618 virginitatem
1376 2562 1477 2603 nec
1519 2547 1782 2616 corporali
1827 2545 2048 2604 abstulit

461 2644 637 2708 partu,
666 2636 838 2693 multo
859 2637 1025 2709 magis
1053 2637 1108 2693 in
1136 2637 1286 2694 vobis
1308 2653 1427 2694 eam
1452 2638 1710 2709 spirituali
1731 2648 1908 2694 servat
1933 2655 2048 2694 am-

464 2729 644 2800 plexu.
674 2728 784 2785 Nec
809 2738 1089 2802 propterea
1116 2745 1212 2786 vos
1230 2730 1439 2787 steriles
1463 2731 1759 2802 deputetis,
1788 2733 1909 2803 quia
1938 2733 2048 2787 vir-

462 2820 614 2891 gines
635 2819 976 2890 permanetis.
1000 2819 1133 2876 Nam
1155 2828 1211 2877 et
1230 2821 1341 2892 ipsa
1362 2822 1447 2892 pia
1469 2822 1740 2893 integritas
1759 2823 1954 2891 carnis,
1977 2823 2044 2880 ad

465 2913 838 2970 fecunditatem
866 2914 1095 2984 pertinet
1123 2914 1336 2970 mentis.
1366 2914 1523 2986 Agite
1549 2915 1689 2986 quod
1716 2914 1792 2970 ait
1818 2916 2047 2986 Aposto-

463 3004 584 3060 lus:
617 3003 866 3076 quoniam
895 3020 1002 3060 non
1029 3005 1270 3076 cogitatis
1291 3019 1354 3061 ea
1377 3021 1497 3076 qua:
1522 3014 1645 3060 sunt
1670 3005 1886 3071 mundi,
1909 3022 2049 3078 quo-

464 3093 628 3149 modo
658 3093 909 3164 placeatis
933 3095 1171 3162 maritis;
1202 3095 1428 3166 cogitate
1452 3111 1571 3166 qua:
1607 3096 1699 3151 Dei
1730 3105 1881 3162 sunt,
1913 3113 2048 3167 quo-

464 3183 627 3239 modo
652 3183 725 3239 illi
752 3184 804 3238 in
835 3185 1082 3240 omnibus
1107 3185 1362 3256 placeatis
1388 3184 1410 3258 (
1434 3186 1454 3241 1
1483 3185 1601 3240 Cor.
1625 3203 1697 3242 vu
1715 3231 1728 3252 ,
1754 3187 1964 3259 52-54);
1993 3195 2051 3244 ut

464 3289 575 3329 non
603 3281 813 3330 uterum
845 3273 1074 3341 fetibus,
1101 3275 1194 3331 sed
1237 3275 1474 3331 animum
1516 3276 1801 3333 fecundum
1835 3280 2050 3349 possitis

466 3363 666 3420 habere
687 3365 990 3422 virtutibus.
1014 3365 1290 3422 Postremo
1309 3381 1496 3423 omnes
1516 3369 1779 3440 alloquor,
1803 3370 2054 3428 omnibus

465 3456 622 3523 dico;
654 3457 956 3512 universam
985 3457 1242 3529 virginem
1273 3469 1499 3528 castam,
1528 3475 1687 3532 quam
1712 3461 2053 3533 desponsavit

466 3548 754 3618 Apostolus
787 3548 1034 3618 Christo,
1066 3549 1163 3605 ista
1203 3565 1334 3606 voce
1376 3553 1655 3622 compello.
1698 3553 1848 3621 Quod
1885 3557 2050 3610 mira-

467 3641 596 3695 mini
620 3641 670 3696 in
696 3657 857 3698 carne
875 3641 1078 3708 Marim,
1101 3643 1241 3714 agite
1261 3643 1313 3697 in
1341 3645 1702 3712 penetralibus
1717 3646 1928 3702 animae.
1951 3647 2053 3716 Qui

469 3731 629 3788 corde
651 3731 822 3787 credit
849 3732 915 3787 ad
939 3732 1219 3802 justitiam,
1249 3735 1479 3805 concipit
1504 3735 1770 3792 Christum
1797 3755 1810 3792 :
1841 3739 1930 3808 qui
1960 3755 2058 3796 ore

469 3821 753 3877 confitetur
780 3822 848 3878 ad
882 3823 1105 3879 salutem
1139 3824 1312 3892 (Rom.
1343 3842 1411 3892 ι,
1445 3825 1558 3897 10),
1593 3829 1732 3898 parit
1755 3827 2054 3886 Christum.

471 3914 564 3969 Sic
588 3915 639 3968 in
671 3914 935 3970 mentibus
959 3916 1151 3971 vestris
1175 3925 1229 3972 et
1249 3916 1542 3974 fecunditas
1567 3921 1839 3990 exuberet,
1869 3931 1924 3978 et
1945 3923 2053 3977 vir-

472 4005 666 4075 ginitas
690 4015 1014 4075 perseveret.

965 4119 1191 4176 SERMO
1210 4121 1392 4177 CXCII
1423 4126 1440 4145 ⁴
1459 4121 1558 4196 (α).

945 4217 994 4259 In
1025 4211 1173 4262 Natali
1194 4213 1392 4274 Domini,
1417 4227 1466 4263 rx
1492 4213 1582 4278 (ὸ).

546 4313 771 4369 CAPUT
811 4313 1090 4372 PRIMUM.
1114 4319 1247 4373 -1.
1287 4317 1582 4376 Incarnatio
1621 4321 1749 4378 Filii
1805 4325 1898 4380 Dei
1935 4345 2057 4399 pro-

475 4416 587 4474 pter
634 4404 892 4472 homines,
945 4422 1096 4477 quam
1143 4409 1465 4466 admiranda.
1519 4413 1688 4470 Hodie
1749 4415 1942 4473 Veritas
1997 4420 2061 4474 de

474 4506 610 4552 terra
646 4506 758 4552 orta
785 4506 858 4552 est
901 4497 1071 4570 (Psal.
1101 4515 1340 4568 univ,
1368 4503 1480 4576 12),
1525 4504 1770 4565 Christus
1798 4510 1865 4566 de
1897 4525 2062 4570 carne

475 4598 634 4646 natus
660 4597 764 4646 est.
789 4588 1028 4647 Gaudete
1057 4592 1368 4650 solemniter
1385 4637 1400 4661 ,
1429 4605 1485 4652 et
1509 4601 1891 4669 sempiternum
1917 4603 2060 4660 diem

479 4679 740 4736 hodierno
779 4695 992 4751 quoque
1016 4681 1270 4740 admoniti
1305 4686 1555 4756 cogitate,
1581 4699 1780 4746 aeterna
1801 4693 1939 4748 dona
1965 4710 2061 4764 spe

479 4769 786 4826 ﬁrmissima
827 4773 1220 4842 concupiscite;
1251 4774 1344 4832 lilii
1374 4776 1470 4833 Dei
1505 4795 1624 4835 esse
1665 4792 1881 4854 accepta
1909 4795 2060 4854 pote-

478 4867 620 4917 state
647 4862 975 4932 pra‘sumite.
1008 4863 1233 4935 Propter
1255 4881 1352 4923 vos
1391 4873 1696 4940 temporalis
1722 4875 1942 4933 eﬂ'eetus
1979 4887 2064 4935 est

479 4959 784 5023 temporum
825 4953 1077 5023 effector,
1123 4967 1342 5028 propter
1386 4976 1482 5016 vos
1521 4962 1573 5016 in
1611 4978 1774 5023 carne
1820 4971 2065 5040 apparuit

546 5106 566 5176 ξ
591 5110 658 5176 Ita
677 5106 852 5176 Regius
885 5109 1087 5176 Μετιιῇ⁸
1107 5123 1216 5161 cum
1252 5113 1412 5176 editis,
1432 5101 1586 5169 unus.

543 5167 566 5234 ξ
591 5167 780 5230 Aliquot
803 5177 928 5229 Mss,
951 5167 1178 5234 ﬁdelitas.

548 5231 1018 5314 ‘.(_;‘or'r;ect§_es'tad
1043 5242 1147 5286 tres
1165 5237 1242 5286 ch.
1269 5243 1322 5288 et
1353 5237 1478 5290 duos
1508 5255 1556 5291 n.
1596 5245 1655 5294 ad
1677 5259 1722 5297 c.
1757 5248 1789 5297 f.
1814 5264 1888 5314 gr.
1913 5266 1955 5304 r.
1981 5256 2060 5306 vd.

483 5298 536 5339 et
559 5299 657 5339 Am.
685 5297 759 5339 Er.
785 5301 885 5343 Par.
912 5301 1020 5344 [ιον.

544 5351 618 5476 ξαζ
641 5351 780 5412 Alias,
802 5352 866 5404 de
883 5364 1116 5421 Tempore
1143 5359 1216 5434 id.

567 5412 596 5461 ὁ
641 5420 773 5476 nunc
793 5429 1070 5469 sermonem
1092 5421 1216 5472 dubu

486 5412 624 5492 υ
641 5420 773 5492 illius
793 5412 1070 5492 sermonem
1092 5421 1291 5492 dubium
1323 5423 1597 5492 habuerunt
1631 5437 1977 5492 Lovanienses:
2001 5443 2066 5492 oh

649 5475 1029 5553 ytg‘liuusjacile
1051 5483 1258 5553 credidit
1279 5472 1690 5553 spuriumralvieuiv

407 5582 421 5596 ο
481 5536 1084 5626 ξέξξξεξιξῑξξὲξςξρξξὲξξιςυίδς
1102 5546 1261 5626 irae
1279 5536 1358 5626 liis
1371 5536 2063 5626 τεθέίῆιῑιὲἑῇὲὶοῐθέῖιὲὀὸοιίὲῗξ

482 5597 1009 5676 ι-εξιλιξςξιξᾳυξιλςυυωῂᾲ.
1025 5613 1081 5656 Αι
1102 5597 1362 5676 ﬁndingus

481 5663 704 5753 ﬁnitimum
741 5663 1021 5740 allirmavit,
1047 5680 1138 5718 nec
1171 5663 1410 5746 ulla'sane
1434 5663 1695 5740 Augustino
1718 5663 2066 5753 injuria:

614 5735 676 5753 nn
702 5735 992 5753 manu“..-
1011 5743 1056 5753 ...
1082 5742 1342 5753 ..-κωκυ

482 5730 677 5771 nomine
701 5735 992 5786 praenotatur
1011 5730 1058 5778 in
1082 5733 1432 5796 uiantiseriptis.

1684 309 1741 364 S.
1783 298 2148 363 AUGUSTINI
2185 298 2487 360 ΕΡιεεοΡι

3591 314 3738 371 ﬂii?

2144 417 2328 472 mundi
2375 418 2664 489 Conditor,
2713 433 2929 495 propter
2967 439 3062 481 vos
3103 434 3317 483 creatus
3350 435 3434 483 est
3477 427 3725 484 Creator.

2142 507 2278 576 Quid
2306 509 2481 566 adhuc
2501 515 2752 570 mortales
2773 515 3083 572 mortalibus
3107 517 3266 573 rebus
3287 519 3651 587 oblectamini,
3676 529 3730 576 et

2141 599 2410 672 fugitivam
2444 604 2639 670 vitam,
2688 606 2732 660 si
2771 606 2884 662 ﬁeri
2932 616 3146 677 posset,
3197 617 3378 664 tenere
3419 612 3732 665 conamini?

2143 693 2277 763 Spes
2319 695 2474 766 longe
2518 696 2712 751 clarior
2740 698 2935 753 ell'nlsit
2962 700 3012 754 in
3051 700 3228 765 terris,
3262 709 3321 754 ut
3348 703 3578 757 terrenis
3622 703 3736 757 vita

2143 785 2542 854 promitteretur
2568 788 2618 842 in
2641 789 2811 845 caelis.
2838 789 2950 846 Hoc
2985 800 3041 845 ut
3065 792 3406 860 crederetur,
3435 809 3523 850 res
3551 796 3732 850 incre-

2143 878 2357 934 dihilior
2399 891 2690 952 praarogata
2729 890 2831 938 est.
2883 873 3022 940 Deos
3071 885 3304 942 facturus
3348 889 3437 957 qui
3483 889 3738 943 homines

2143 978 2295 1025 erant
2315 1013 2330 1038 ,
2361 971 2522 1028 homo
2551 973 2722 1028 factus
2751 983 2832 1030 est
2865 976 2953 1046 qui
2987 977 3126 1033 Deus
3153 987 3302 1032 erat:
3338 995 3440 1034 nec
3476 980 3729 1035 amittens

2145 1063 2295 1132 quod
2333 1074 2484 1132 erat,
2529 1066 2643 1120 fieri
2685 1067 2852 1121 voluit
2878 1067 2990 1138 ipse
3029 1069 3168 1140 quod
3212 1071 3429 1126 fecerat.
3457 1070 3576 1142 Ipse
3607 1071 3735 1128 feci:

2143 1154 2283 1222 quod
2314 1165 2486 1220 esset,
2511 1158 2634 1228 quia
2659 1157 2927 1214 hominem
2952 1159 3065 1216 Deo
3089 1161 3326 1229 addidit,
3360 1179 3462 1218 non
3493 1166 3655 1219 Deum
3680 1166 3732 1220 it

2144 1243 2360 1300 homine
2387 1249 2617 1320 perdidit
2647 1251 2685 1304 ¹.
2727 1251 2980 1306 Miramur
3005 1253 3221 1325 virginis
3254 1266 3461 1324 partum
3484 1299 3499 1322 ,
3528 1267 3583 1313 et
3630 1273 3732 1312 no-

2143 1352 2268 1392 vum
2309 1339 2480 1408 ipsum
2522 1343 2771 1397 nascendi
2811 1344 3026 1399 modum
3074 1347 3361 1402 incredulis
3408 1349 3736 1419 persuadere

2145 1445 2431 1498 conamur,
2460 1435 2598 1505 quod
2631 1435 2684 1489 in
2712 1444 2860 1491 utero
2887 1453 2995 1492 non
3025 1439 3286 1494 seminato
3318 1433 3538 1511 germen
3566 1443 3734 1513 prolis

2145 1532 2387 1580 exortum
2417 1535 2518 1592 est,
2559 1537 2613 1583 et
2651 1543 2681 1582 a
2710 1531 2986 1599 complexu
3014 1532 3189 1588 carnis
3226 1534 3431 1590 viscera
3476 1535 3734 1590 immunia

2146 1613 2313 1669 tilium
2349 1615 2578 1672 hominis
2621 1620 2982 1689 protulerunt,
3021 1623 3170 1693 cujus
3219 1634 3421 1694 patrem
3462 1626 3735 1682 hominem

2147 1719 2255 1760 non
2283 1707 2553 1762 tulerunt:
2594 1711 2735 1780 quod
2765 1712 3079 1783 virginitatis
3118 1717 3393 1786 integritas
3419 1727 3472 1773 et
3510 1719 3560 1772 in
3598 1734 3737 1773 cou-

2147 1807 2302 1867 eeptu
2330 1799 2508 1853 clausa
2527 1841 2543 1866 ,
2575 1809 2630 1855 et
2660 1802 2710 1855 in
2737 1811 2890 1871 partu
2927 1805 3228 1876 incorrupta
3260 1808 3572 1877 permansit.
3602 1809 3742 1865 Mira

2149 1895 2231 1942 est
2259 1887 2357 1942 ista
2388 1891 2647 1959 potentia,
2676 1892 2768 1947 sed
2801 1893 2920 1964 plus
2949 1904 3030 1950 est
3058 1896 3295 1951 miranda
3327 1899 3694 1954 misericordia
3719 1941 3736 1964 ,

2149 1978 2289 2049 quod
2333 1980 2422 2034 ille
2463 1981 2552 2052 qui
2578 1983 2655 2038 sic
2692 1985 2838 2040 nasci
2882 1987 3085 2056 potuit,
3133 1989 3276 2043 nasci
3323 1990 3488 2044 voluit
3515 1992 3556 2044 '.
3604 1992 3740 2046 Erat

2151 2072 2290 2126 enim
2314 2071 2423 2143 jam
2454 2074 2644 2130 unicus
2671 2075 2851 2144 Patri,
2882 2078 2970 2149 qui
3009 2079 3196 2134 unicus
3226 2089 3378 2135 natus
3411 2091 3492 2137 est
3535 2083 3692 2137 matri
3720 2100 3738 2138 :

2152 2174 2205 2220 et
2232 2165 2347 2235 ipse
2371 2175 2451 2221 est
2476 2167 2645 2224 factus
2672 2171 2722 2224 in
2752 2180 2941 2237 matre,
2968 2173 3058 2241 qui
3084 2173 3184 2228 sibi
3206 2172 3405 2229 fecerat
3427 2185 3648 2231 matrem
3673 2175 3696 2208 ³
3719 2194 3736 2230 :

2151 2259 2504 2328 sempiternus
2547 2276 2666 2316 cum
2700 2263 2886 2330 Patre,
2926 2263 3216 2320 hodiernus
3255 2281 3321 2320 ex
3359 2275 3571 2322 matre:
3617 2276 3746 2336 post

2151 2361 2373 2407 matrem
2396 2353 2462 2408 de
2489 2363 2656 2409 matre
2677 2350 2870 2422 fac'tus,
2894 2367 3016 2412 ante
3041 2358 3216 2412 omnia
3244 2358 3309 2414 de
3337 2360 3491 2415 Patre
3518 2376 3624 2414 non
3653 2359 3739 2413 fa-

2151 2452 2306 2500 ctus:
2346 2445 2461 2502 sine
2487 2463 2592 2518 quo
2629 2449 2787 2504 Pater
2816 2467 3086 2523 nunquam
3115 2453 3232 2522 fuit,
3269 2455 3385 2510 sine
3431 2470 3539 2525 quo
3563 2465 3742 2512 mater

2152 2555 2418 2611 nunquam
2452 2542 2656 2600 fuisset.
2694 2548 2702 2557 '

2220 2629 2447 2688 CAPUT
2482 2631 2546 2688 11.
2575 2665 2648 2674 -
2667 2636 2723 2690 2.
2771 2635 3078 2709 Virginibus,
3107 2640 3269 2695 viduis
3297 2649 3345 2694 et
3370 2642 3651 2712 conjugatis
3677 2657 3745 2696 ex

2151 2721 2340 2791 Christi
2375 2727 2633 2784 nativitate
2671 2729 2859 2785 lwtitite
2883 2749 3056 2785 causa.
3086 2733 3348 2801 Ecclesia,
3393 2743 3552 2787 mater
3576 2744 3648 2788 est
3689 2744 3741 2788 et

2153 2814 2312 2886 uirgo.
2348 2815 2620 2873 Exsultate
2639 2860 2657 2884 ,
2693 2821 2925 2891 virgines
2949 2821 3180 2890 Christi,
3208 2839 3427 2879 consors
3453 2833 3625 2880 vestra
3655 2834 3745 2878 est

2152 2917 2324 2962 mater
2361 2907 2577 2964 Christi.
2622 2910 2890 2968 Christum
2943 2931 3127 2983 parere
3171 2931 3280 2970 non
3320 2919 3592 2987 potuistis,
3641 2917 3738 2970 sed

2152 3007 2371 3068 prapter
2405 2999 2675 3056 Christum
2701 3019 2888 3072 parere
2925 3007 3190 3063 noluistis.
3221 3009 3320 3074 Qui
3348 3024 3454 3062 non
3493 3024 3559 3062 ex
3589 3007 3742 3062 vobis

2153 3100 2308 3146 natus
2328 3101 2456 3162 est,
2482 3095 2634 3150 vobis
2660 3105 2814 3152 natus
2843 3106 2945 3154 est.
2974 3097 3349 3154 Verumtamen
3377 3100 3421 3154 si
3448 3099 3595 3153 verbi
3623 3099 3740 3168 ejus

2153 3185 2525 3254 memineritis,
2554 3189 2692 3244 sicut
2717 3192 3026 3248 meminisse
3049 3191 3290 3258 debetis;
3311 3194 3440 3248 estis
3459 3195 3618 3249 etiam
3642 3209 3740 3248 vos

2154 3285 2351 3332 matres
2379 3277 2526 3346 ejus,
2557 3281 2679 3350 quia
2709 3283 3032 3340 voluntatem
3063 3283 3232 3339 facitis
3260 3284 3432 3338 Patris
3455 3286 3590 3353 ejus.
3621 3285 3741 3354 Ipse

2155 3367 2298 3422 enim
2328 3367 2469 3424 dixit
2497 3387 2509 3424 :
2558 3369 2872 3443 Quicumque
2899 3373 3022 3442 facit
3063 3373 3368 3428 voluntatem
3399 3373 3571 3429 Patris
3599 3376 3699 3428 mei
3719 3415 3740 3439 ,

2154 3461 2264 3532 ipse
2290 3462 2414 3516 milii
2439 3462 2596 3531 frater
2625 3473 2670 3516 et
2711 3480 2854 3518 soror
2887 3474 2936 3518 et
2961 3475 3118 3519 mater
3144 3475 3217 3519 est
3243 3463 3453 3536 (Matth.
3482 3482 3554 3522 xu
3576 3507 3591 3530 ,
3620 3463 3737 3534 50).

2157 3551 2457 3619 Exsultate,
2486 3553 2656 3608 viduae
2686 3555 2877 3610 Christi
2904 3574 2916 3610 :
2945 3557 3032 3626 qui
3063 3555 3344 3612 fecundam
3373 3557 3494 3612 fecit
3524 3557 3741 3627 virgini-

2158 3653 2342 3712 tatem,
2373 3645 2447 3699 illi
2479 3645 2700 3702 vovistis
2721 3645 2744 3678 ⁵
2773 3648 3112 3703 continentia:
3135 3649 3488 3703 sanctitatem.
3522 3649 3748 3704 Exsulta.

2157 3737 2338 3802 etiam,
2362 3737 2577 3792 castitas
2607 3737 2874 3807 nuptialis,
2899 3754 3084 3794 omnes
3108 3738 3332 3794 ﬁdeliter
3356 3739 3592 3794 viventes
3613 3753 3753 3793 cum-

2159 3827 2472 3898 conjugibus
2516 3831 2743 3884 vestris:
2792 3829 2935 3900 quod
2971 3829 3220 3886 amisistis
3273 3830 3324 3884 in
3377 3845 3633 3900 corpore,
3687 3830 3754 3884 in.

2159 3920 2320 3975 corde
2357 3931 2584 3975 servate.
2617 3921 2718 3977 Ubi
2748 3922 2855 3992 jam
2888 3938 2992 3976 non
3035 3929 3208 3992 potest
3236 3937 3355 3978 esse
3379 3938 3411 3977 a
3456 3921 3743 3977 concubitu

2160 4025 2284 4068 caro
2314 4013 2538 4083 integra,
2576 4013 2642 4066 sit
2682 4012 2732 4067 in
2759 4013 2862 4069 ﬁde
2900 4014 3049 4085 virgo
3073 4014 3418 4082 conscientia,
3447 4012 3742 4069 secundum

2159 4119 2317 4174 quam
2348 4105 2496 4175 virgo
2526 4114 2607 4160 est
2641 4106 2814 4161 omnis
2856 4106 3117 4162 Ecclesia.
3159 4105 3218 4160 In
3261 4107 3424 4162 Maria
3471 4105 3744 4161 Christum

2162 4197 2246 4266 pia
2268 4197 2538 4266 virginitas
2559 4199 2801 4266 peperit:
2833 4198 2884 4252 in
2908 4199 3059 4252 Anna
3084 4197 3352 4253 Christum
3376 4197 3602 4252 viduitas
3624 4212 3750 4265 par—

2162 4303 2286 4342 vum
2320 4288 2601 4359 grandaeva
2628 4290 2909 4359 cognovit:
2944 4291 2994 4343 in
3026 4289 3292 4344 Elisabeth
3321 4289 3529 4344 Christo
3554 4290 3746 4357 conju-

2161 4381 2294 4452 galis
2338 4383 2554 4438 castitas
2593 4390 2648 4438 et
2693 4383 2853 4438 anilis
2899 4383 3192 4439 fecunditas
3236 4384 3501 4438 militavit.
3547 4383 3749 4438 Omnes

2162 4473 2356 4544 gradus
2383 4474 2614 4530 fidelium
2645 4478 3005 4532 membrorum
3033 4476 3189 4546 capiti
3219 4477 3576 4544 contulerunt,
3603 4475 3757 4544 quod

2165 4565 2330 4634 ipsius
2354 4567 2522 4638 gratia
2553 4567 2578 4599 ⁸
2595 4569 2839 4624 conferre
2864 4576 3166 4637 potuerunt.
3197 4568 3427 4624 Proinde
3450 4569 3572 4638 quia
3601 4567 3748 4622 veri-

2165 4665 2246 4711 tas
2266 4667 2320 4712 et
2345 4673 2443 4727 pax
2471 4666 2523 4714 et
2541 4658 2744 4728 justitia
2764 4659 3005 4714 Christus
3023 4667 3102 4714 est
3116 4700 3132 4725 ,
3155 4658 3298 4714 hunc
3321 4659 3423 4713 fide
3451 4658 3716 4728 concipite
3734 4700 3753 4723 ,

2165 4749 2416 4818 operibus
2457 4749 2635 4814 edite;
2665 4759 2724 4804 ut
2755 4749 2895 4820 quod
2919 4751 3028 4820 egit
3071 4758 3252 4805 uterus
3287 4751 3465 4806 Maria:
3505 4752 3556 4804 in
3587 4766 3754 4805 carne

2151 4839 2388 4907 Christi,
2416 4851 2537 4913 agat
2567 4857 2662 4898 cor
2690 4855 2926 4898 vestrum
2961 4844 3012 4898 in
3056 4843 3172 4914 lege
3207 4843 3422 4898 Christi.
3471 4844 3755 4912 Quomodo

2166 4942 2344 4989 autem
2383 4948 2492 4990 non
2543 4933 2610 4989 ad
2660 4945 2867 5003 partum
2912 4935 3141 5004 Virginis
3181 4935 3492 5006 pertinetis.
3538 4937 3757 5006 quando

2166 5026 2363 5082 Christi
2392 5028 2631 5083 membra
2661 5027 2828 5082 estis?
2848 5028 3018 5098 Caput
3045 5038 3280 5084 vestrum
3317 5029 3522 5099 peperit
3545 5029 3708 5083 Maria
3739 5070 3756 5092 ,

2166 5135 2263 5174 vos
2289 5121 2548 5176 Ecclesia.
2577 5119 2706 5175 Nam
2732 5121 2842 5190 ipsa
2866 5137 3076 5191 quoque
3101 5130 3157 5176 et
3182 5129 3349 5176 mater
3375 5131 3430 5177 et
3455 5123 3602 5191 virgo
3630 5134 3708 5175 est
3738 5141 3752 5175 :

2231 5261 2249 5294 ί
2276 5258 2447 5327 [flores
2462 5257 2770 5327 manuscripti
2791 5257 3019 5327 omittunt
3037 5255 3206 5327 verba,
3339 5263 3488 5305 Deum
3505 5253 3554 5304 in
3569 5252 3763 5327 hmrrine

2169 5320 2384 5387 perdidit
2397 5328 2489 5381 ;._et
2509 5322 2680 5369 horum
2704 5317 2812 5367 loco
2834 5320 3036 5379 habent,
3060 5325 3110 5390 ut
3131 5317 3396 5368 hominibus
3419 5325 3690 5381 apparent.

2233 5385 2252 5415 ²
2276 5390 2408 5441 t.0v.,
2430 5382 2500 5432 sic
2522 5381 2656 5432 nasci
2676 5380 2837 5432 uoluit.
2864 5383 3026 5442 Abest,
3053 5393 3144 5440 sic,
3166 5382 3227 5429 ab
3251 5389 3351 5428 Am.
3377 5387 3453 5428 Er.
3495 5387 3545 5429 et
3567 5392 3595 5427 a
3635 5392 3762 5442 [nac-

2235 5414 2248 5415 η
2277 5414 2408 5441 wn,
2430 5414 2498 5432 οιυ
2522 5414 2656 5432 ..νοω
2677 5414 2837 5432 μιν-ι...
2864 5414 3026 5442 auem,
3053 5414 3144 5440 ...η
3166 5414 3227 5429 ..υ
3251 5414 3351 5428 ιη...
3377 5414 3453 5428 ι...

2167 5446 2323 5507 cipuis
2343 5446 2690 5504 manuscriptis.
2795 5505 2802 5507 ξ
3217 5506 3225 5507 7

2155 5536 2158 5538 ν
2213 5503 2252 5539 ⁷³
2277 5503 2591 5557 Floriaceusis
2607 5505 2806 5569 διε,φή
2826 5517 2920 5556 non
2940 5507 3115 5570 factus,
3139 5506 3226 5557 sed
3244 5507 3452 5571 genitus,
3467 5503 3560 5556 sibi
3577 5505 3762 5566 fecerat

2491 5636 2566 5696 Er.
2593 5639 2645 5680 et
2665 5638 2774 5696 arm.
2812 5637 2864 5678 At
2896 5637 3028 5690 t.ov.,
3056 5631 3169 5690 quia
3191 5631 3451 5694 [tenariam
3471 5628 3585 5696 fecit
3609 5624 3763 5688 rimi-

2169 5691 2363 5743 m'tatem
2389 5691 2472 5742 ille
2487 5692 2565 5742 cui
2590 5694 2790 5749 l‘Ol'iSiia‘,
2817 5704 2910 5742 etc.

2237 5756 2258 5785 ⁵
2283 5755 2418 5814 ιίᾱὶιί,
2441 5755 2626 5818 graliw.
2655 5756 2818 5805 Melius
2839 5763 2962 5816 Vss.,
2984 5754 3156 5818 gratia.
