4108 6336
345 293 484 352 ισιδ

348 416 521 467 mater
553 397 843 459 visceribus
866 388 1140 451 cbaritatis
1161 427 1180 455 ,
1208 382 1361 454 virgo
1384 372 1687 447 integritate
1726 365 1848 467 fidei
1873 371 1928 417 et

349 497 586 574 pietatis.
611 491 842 563 Popalos
864 485 1023 558 parit,
1054 480 1148 539 sed
1175 478 1331 535 unius
1358 470 1595 527 membra
1621 470 1745 521 sunt
1766 462 1808 525 ί,
1837 473 1931 512 cu-

351 554 432 657 ius
462 592 575 662 ipsa
603 554 909 653 est-corpus
930 587 987 636 et
1018 574 1208 645 conjux
1228 611 1244 639 ,
1275 568 1431 624 etiam
1464 565 1516 618 in
1546 560 1648 616 hoc
1683 554 1928 612 similitu-

347 650 528 743 dinem
554 692 744 752 gerens
784 650 927 730 illius
961 666 1209 739 virginis,
1239 660 1357 733 quia
1387 665 1442 713 et
1478 657 1531 711 in
1560 650 1740 708 multis
1762 653 1934 702 mater

350 789 433 836 est
462 772 700 831 unitatis.
1727 834 1733 836 ἒ
1796 826 1803 834 _

421 831 646 925 CAPUT
683 860 770 917 III.
795 885 870 901 —-
890 857 945 913 ‘5.
993 852 1190 908 Veritas
1219 846 1281 901 de
1305 854 1457 909 terra,
1482 836 1677 913 iustitia
1701 834 1765 887 de
1789 831 1930 885 coelo.

353 964 453 1019 Die
495 959 702 1013 minimo
744 952 865 1007 anni
906 965 996 1004 cur
1030 955 1179 1000 natus
1223 939 1472 995 Christus.
1524 932 1721 988 Omnes
1760 926 1937 995 itaque

352 1052 663 1113 unanimes,
692 1045 853 1101 castis
881 1038 1145 1096 mentibus
1173 1042 1228 1089 et
1249 1026 1524 1088 atiectibus
1546 1020 1763 1083 sanctis,
1793 1016 1935 1072 diem

352 1146 553 1205 Natalis
582 1139 790 1197 Domini
815 1135 1177 1193 celebremus:
1201 1140 1307 1198 quo
1332 1122 1450 1186 die,
1473 1119 1606 1174 sicut
1633 1116 1790 1169 istum
1818 1124 1959 1179 εει-ιο,
1996 1151 2002 1157 .

355 1251 569 1293 ιιιοιιειιι
596 1230 771 1287 exorsi
812 1241 1024 1289 sumus,
1065 1219 1258 1275 Veritas
1288 1215 1350 1269 de
1391 1223 1524 1267 terra
1550 1216 1663 1263 orta
1698 1212 1791 1260 est.
1818 1201 1938 1258 Jam
1996 1242 2004 1265 τ

357 1328 499 1383 enim
527 1332 582 1380 et
606 1320 745 1393 quod
774 1319 827 1373 in
853 1316 1041 1373 eodem
1075 1310 1279 1381 psalmo
1308 1304 1546 1374 sequitur
1567 1340 1583 1365 ,
1612 1299 1807 1353 factum
1834 1300 1936 1349 est.

357 1419 490 1476 Nam
522 1415 610 1470 ille
634 1412 723 1483 qui
753 1410 819 1464 de
847 1417 984 1463 terra
1010 1380 1159 1457 ortus
1183 1407 1287 1465 est,
1317 1396 1418 1450 hoc
1438 1400 1539 1457 est,
1567 1388 1636 1445 de
1661 1400 1822 1444 carne
1842 1398 1939 1441 na-

362 1522 448 1565 tus
475 1515 576 1573 est,
606 1504 725 1575 quia
749 1501 816 1556 de
843 1499 979 1554 caelo
998 1494 1163 1559 venit,
1189 1500 1245 1548 et
1261 1502 1422 1559 super
1439 1497 1627 1541 omnes
1652 1488 1733 1537 est
1758 1476 1938 1549 (Joan.
1962 1464 1996 1557 ’,ξῖ

362 1617 454 1666 ιιι,
482 1561 811 1667 ὅιίςιρτοειιι
840 1590 1002 1645 dubio
1029 1601 1149 1641 cum
1172 1579 1409 1638 ascendit
1429 1576 1493 1632 ad
1519 1576 1751 1636 Patrem,
1781 1569 1941 1624 etiam
1976 1561 2000 1649 ἕ.

364 1657 793 1761 ίιιεὶίιῑάὰεόωιο
826 1678 1103 1752 prospexit.
1136 1673 1282 1728 lianc
1318 1669 1473 1725 enim
1484 1663 1743 1735 justitiam
1766 1657 1945 1715 verbis
1985 1733 1991 1740 _

365 1750 477 1836 sitis
500 1781 615 1849 ipse
632 1750 990 1835 commendat,
1013 1762 1371 1840 promittendo
1390 1760 1644 1831 Spiritum
1667 1762 1940 1810 sanctum:

366 1805 477 1836 suis
501 1805 513 1834 Ι
555 1805 615 1834 3t:
632 1805 990 1835 υυιιιιιιυιιυαι,
1017 1805 1370 1840 pum-unm“...
1391 1805 1500 1831 κγ..
1516 1805 1644 1813 .-.μη
1667 1805 1758 1810 ____
1774 1805 1786 1807 -
1991 1805 1994 1811 ,
2016 1809 2023 1815 δ

366 1805 745 1945 ngcfinquit’
768 1872 943 1935 arguet
967 1860 1209 1916 mundum
1230 1856 1291 1910 de
1316 1860 1538 1925 peccato,
1571 1857 1615 1903 ει
1638 1847 1706 1921 vde
1719 1843 1942 1916 jusliu'a,
1994 1825 2012 1915 ἴ
2046 1841 2188 1893 mus,
2218 1837 2408 1895 pacem
2434 1835 2555 1877 cum
2581 1819 2719 1874 bona
2744 1816 3015 1872 voluntate
3055 1820 3340 1868 sectemur.
3369 1807 3426 1863 In
3455 1805 3635 1862 OXCCI-

1737 1938 1766 1945 --
1791 1936 1802 1945 -
1938 1942 1945 1945 .
2049 1919 2120 1945 ..2η
2151 1917 2345 1945 ιρι-ἔκηα
2373 1914 2478 1945 mila
2544 1911 2665 1945 ηιιῖιι
2711 1910 2779 1945 Πὶῖ
2820 1907 2975 1945 rnain
3013 1904 3282 1945 \vivnrnmt
3323 1910 3380 1945 PI.
3521 1897 3635 1945 dies

369 1936 417 2022 el
444 1966 507 2019 de
522 1936 739 2034 judicio.
774 1952 849 2012 De
875 1949 1327 2025 peccatoquidem,
1358 1944 1475 2015 quia
1503 1958 1602 1996 non
1631 1936 1947 1995 crediderunt

369 2058 421 2111 in
445 2026 560 2109 me':
587 2054 648 2106 de
664 2051 885 2123 justitia,
904 2047 1022 2111 quia
1042 2044 1108 2096 ad
1138 2041 1338 2094 Patrem
1365 2034 1525 2098 vado;
1548 2041 1595 2086 et
1614 2033 1729 2102 jam
1754 2044 1855 2082 non
1874 2026 1949 2079 vi-

371 2148 550 2204 debitis
574 2117 855 2215 melJaan.
883 2155 970 2194 xvr
990 2179 1005 2204 ,
1032 2134 1207 2204 8-10).
1239 2134 1362 2187 llaec
1389 2138 1472 2184 est
1486 2125 1711 2196 jnstitia,
1735 2134 1854 2192 qua:
1882 2117 1951 2175 de

372 2238 509 2294 caelo
539 2212 825 2306 prospexit.
864 2230 908 2283 Λ
936 2241 1129 2283 summo
1154 2223 1294 2278 enim
1322 2219 1445 2274 caelo
1487 2214 1701 2288 egressio
1730 2212 1838 2282 ejus
1857 2249 1871 2273 ,
1904 2215 1953 2262 et

374 2343 611 2384 occursus
627 2326 733 2395 ejus
756 2338 910 2393 usth
931 2319 996 2372 ad
1015 2330 1265 2372 summum
1286 2312 1414 2368 caeli.
1437 2308 1514 2365 Ne
1529 2321 1656 2363 vero
1676 2304 1952 2375 quisquam

376 2424 745 2475 contemneret
778 2412 1049 2467 veritatem
1072 2448 1086 2473 ,
1119 2406 1239 2476 quia
1264 2403 1332 2459 de
1369 2411 1508 2456 terra
1533 2406 1647 2453 orta
1674 2405 1790 2461 est,
1831 2406 1954 2448 cum

377 2514 517 2570 sicut
560 2522 785 2579 sponsus
816 2502 1073 2575 processit
1109 2499 1176 2555 de
1221 2497 1452 2552 thalamo
1487 2507 1620 2558 suo,
1654 2489 1705 2545 id
1747 2496 1860 2554 est,
1888 2485 1957 2540 de

382 2613 533 2659 utero
571 2598 845 2670 virginali,
879 2595 966 2651 ubi
1006 2592 1234 2648 Verbum
1278 2587 1371 2643 Dei
1408 2594 1665 2641 creatura:
1713 2581 1957 2634 humanae

380 2692 607 2764 quodam
633 2687 881 2744 ineffabili
897 2682 1143 2753 conjugio
1162 2679 1463 2749 copulatum
1483 2683 1564 2730 est
1586 2692 1597 2727 :
1626 2687 1690 2727 ne
1711 2671 1813 2725 hoc
1832 2682 1959 2738 ergo

381 2783 656 2854 quisquam
677 2783 1061 2841 contemneret,
1088 2781 1141 2827 et
1161 2768 1401 2841 quamvis
1426 2764 1737 2821 mirabiliter
1755 2768 1957 2826 natum,

383 2850 440 2929 et
465 2850 621 2928 dictis
648 2870 902 2939 factisque
927 2863 1245 2925 mirabilem,
1275 2868 1448 2914 tamen
1476 2864 1689 2927 propter
1711 2850 1960 2907 similitu-

384 2966 559 3021 dinem
607 2961 784 3017 carnis
828 2956 1025 3029 peccati
1068 2953 1200 3010 nihil
1247 2951 1473 3021 amplius
1508 2945 1780 3002 Christum
1805 2954 1963 3011 quam

387 3056 653 3109 hominem
676 3051 921 3107 crederet
943 3065 956 3101 :
985 3061 1103 3101 cum
1125 3044 1323 3098 dictum
1345 3048 1505 3103 esset,
1532 3037 1792 3103 Tanquam
1810 3046 1967 3101 spon-

385 3166 472 3203 sus
512 3144 784 3219 procedens
821 3141 882 3195 de
922 3138 1145 3194 thalamo
1173 3150 1284 3200 suo,
1316 3129 1580 3188 exsultavit
1621 3135 1676 3180 ut
1720 3124 1862 3197 gigas
1899 3120 1968 3175 ad

388 3237 684 3293 currendum
708 3235 873 3299 viam;
923 3230 1177 3286 continuo
1219 3223 1558 3294 subjunctum
1583 3226 1685 3283 est,
1713 3219 1756 3271 Α
1774 3229 1969 3270 summa

389 3331 511 3384 τωιυ
533 3328 747 3400 egressio
769 3327 880 3392 eius
902 3321 1070 3397 (Psal.
1096 3335 1223 3375 xvtu
1243 3360 1258 3386 ,
1287 3316 1342 3382 6,
1374 3316 1450 3386 7).
1473 3311 1625 3383 Quod
1650 3325 1778 3381 ergo
1795 3307 1967 3375 audis,

402 3421 597 3475 Veritas
626 3420 687 3473 de
707 3428 839 3471 terra
867 3424 978 3470 orta
1006 3422 1109 3475 est,
1144 3410 1378 3481 dignatio
1404 3416 1520 3473 est,
1548 3419 1654 3459 non
1698 3400 1968 3465 conditio;

392 3510 754 3567 misericordia
782 3516 882 3571 εει,
912 3520 1016 3560 non
1040 3502 1274 3558 miseria.
1302 3498 1511 3554 Veritas
1536 3504 1594 3551 ut
1616 3495 1683 3551 de
1704 3502 1842 3549 terra
1864 3491 1975 3547 ori-

392 3613 559 3666 retur,
588 3602 654 3656 dc
681 3601 816 3655 coelo
844 3595 1151 3653 descendit:
1180 3605 1406 3663 sponsus
1436 3598 1493 3645 ut
1520 3587 1589 3643 de
1616 3585 1849 3642 thalamo
1878 3597 1976 3639 suo

395 3693 735 3764 procederet,
776 3706 803 3743 a
852 3702 1063 3745 summo
1102 3685 1241 3741 coelo
1269 3681 1503 3753 egressio
1545 3679 1679 3749 ejus.
1718 3676 1858 3733 inde
1896 3665 2029 3730 est”

394 3784 538 3855 quod
565 3783 721 3838 hodie
764 3790 920 3836 natus
962 3787 1074 3843 εει,
1101 3790 1206 3847 quo
1243 3774 1328 3829 die
1354 3772 1527 3827 minor
1563 3770 1678 3825 dies
1710 3767 1883 3822 nullus
1924 3765 1978 3821 in

399 3877 588 3943 terris,
628 3890 658 3927 a
706 3889 810 3944 quo
852 3882 1027 3926 tamen
1061 3869 1387 3924 incrementa
1433 3863 1550 3919 dies
1592 3868 1827 3918 sumunt.
1879 3858 1983 3926 Qui

398 3984 527 4037 ergo
566 3966 845 4020 inclinatus
875 3972 987 4027 est,
1021 3968 1075 4016 et
1114 3974 1213 4014 nos
1254 3956 1464 4023 erexit,
1510 3953 1785 4009 minimum
1822 3949 1983 4019 elegit

399 4061 561 4125 diem,
586 4059 677 4115 sed
703 4058 840 4112 unde
860 4057 947 4112 lux
978 4054 1170 4110 crescit
1194 4070 1206 4107 :
1236 4052 1350 4121 ipso
1375 4064 1473 4105 suo
1495 4047 1585 4103 tali
1605 4046 1856 4109 adventu,
1884 4056 1983 4098 nos

401 4156 561 4209 etiam
593 4152 781 4206 tacitus
809 4158 1055 4218 tanquam
1086 4144 1261 4199 sonitu
1296 4140 1472 4211 magni
1499 4136 1749 4194 clamoris
1785 4134 1983 4190 exhor-

404 4256 551 4311 tans,
582 4252 637 4298 ut
666 4242 750 4313 qui
783 4255 982 4311 pauper
1009 4245 1226 4307 propter
1253 4247 1351 4288 nos
1377 4231 1542 4286 factus
1569 4237 1671 4291 est,
1700 4228 1753 4282 in
1779 4226 1870 4281 illo
1900 4224 1983 4280 di-

406 4338 542 4392 vites
582 4349 700 4390 esse
736 4333 1043 4394 discamus;
1073 4328 1163 4399 qui
1205 4332 1422 4395 propter
1448 4336 1546 4378 nos
1582 4320 1805 4375 formam
1846 4315 1987 4372 servi

407 4429 631 4497 accepit,
661 4427 711 4481 in
735 4426 826 4480 illo
848 4424 1146 4479 libertatem
1167 4419 1517 4489 accipiamus;
1544 4416 1633 4487 qui
1655 4421 1870 4484 propter
1889 4424 1988 4467 nos

406 4521 473 4576 de
500 4529 638 4575 terra
668 4527 813 4574 ortus
837 4526 939 4582 est,
971 4516 1022 4569 in
1051 4514 1141 4569 illo
1165 4512 1358 4569 caelum
1386 4508 1774 4581 possideamus.

885 4628 1113 4685 sermo
1148 4626 1349 4683 cxcut
1370 4630 1387 4649 ο
1415 4626 1513 4700 (a).

932 4726 980 4769 in
1001 4718 1147 4769 Natali
1170 4719 1379 4781 Domini,
1413 4731 1465 4767 x.

485 4830 537 4883 ι.
578 4826 900 4896 Angelorum
952 4839 1159 4889 vocem,
1208 4838 1300 4893 per
1329 4837 1485 4892 quam
1534 4822 1794 4876 Dominus
1838 4821 1991 4875 Jesus

412 4920 657 4977 Christus
696 4927 849 4973 natus
896 4916 1126 4987 Virginis
1168 4924 1340 4985 partu,
1379 4912 1676 4984 pastoribus
1720 4913 1993 4967 nuntiatus

410 5022 513 5074 cst,
543 5026 662 5064 cum
695 5006 1036 5078 Evangelium
1066 5007 1348 5076 legeretur,
1380 5004 1674 5059 audivimus
1704 5021 1715 5055 :
1743 5002 1917 5055 Gloria
1942 5003 1993 5056 in

412 5106 622 5160 excelsis
652 5103 774 5164 Deo,
805 5113 849 5157 et
872 5104 924 5155 in
956 5110 1086 5155 terra
1115 5116 1216 5170 paa:
1241 5099 1523 5152 hominibus
1557 5096 1700 5152 bona
1728 5096 1996 5152 voluntatis
2036 5142 2037 5145 η

414 5200 565 5271 (Luc.
597 5215 652 5264 ιι,
687 5198 797 5268 lt).
827 5195 983 5251 Festa
1006 5210 1104 5248 vox
1128 5203 1179 5248 et
1207 5192 1568 5262 gratulatoria.
1595 5208 1700 5246 non
1732 5191 1821 5246 uni
1844 5189 1999 5245 femi-

416 5306 521 5352 uze,
546 5291 695 5359 cujus
716 5299 897 5343 uterus
920 5286 1119 5356 prolem
1143 5284 1378 5339 ediderat
1397 5301 1409 5347 ;
1430 5282 1521 5337 sed
1540 5284 1720 5353 generi
1744 5284 1995 5347 humano,

419 5383 506 5439 cui
536 5382 699 5453 Virgo
722 5389 1002 5454 pepererat
1035 5378 1386 5434 Salvatorem.
1420 5376 1647 5447 Dignum
1687 5375 1828 5431 enim
1864 5383 1996 5442 erat,

484 5537 508 5608 ε,
534 5542 601 5586 ita
624 5531 1197 5608 inlmanuscriptis.__h_tin
1222 5530 1435 5608 excusis.
1458 5526 1729 5608 integritate
1748 5526 1882 5594 ﬁdei.
1904 5528 2003 5580 Pie-

419 5596 531 5648 tatis
553 5595 747 5661 populos
769 5594 915 5660 parit,
937 5593 1023 5645 sed
1044 5593 1149 5655 ejus
1170 5593 1384 5644 membra
1403 5599 1530 5652 sinit,
1555 5600 1649 5643 etc.

485 5682 501 5699 ‘
527 5684 779 5731 correctus
801 5684 878 5727 est
897 5676 955 5726 ad
977 5675 1022 5725 cl
1065 5677 1143 5725 ch.
1169 5674 1202 5725 f.
1233 5688 1274 5725 r.
1301 5689 1347 5726 v.
1370 5680 1478 5725 ιον.
1556 5724 1561 5727 ,

485 5742 557 5803 (a)
582 5740 724 5801 Alias,
746 5739 810 5788 de
834 5739 1043 5788 Diversis
1064 5738 1142 5789 58.

1729 245 1956 309 SERMO
1991 242 2215 302 CXCIII.

3480 224 3617 282 ιοιι

2030 367 2084 413 ει
2124 356 2226 412 hoc
2264 367 2483 426 prorsus
2518 348 2764 419 decebat,
2804 356 2867 408 ut
2907 346 2957 405 ei
3003 345 3125 403 fetae
3173 343 3293 414 qua
3332 339 3619 397 Dominum

2031 448 2153 505 caeli
2191 457 2248 503 et
2273 455 2428 500 terrae
2454 450 2843 515 procreaverat,
2876 448 2931 497 et
2967 446 3087 510 post
3117 433 3319 491 editum
3350 431 3515 487 fetum
3543 430 3620 484 in-

2034 550 2178 611 tegra
2202 538 2527 605 manserat‘,
2552 551 2659 593 non
2689 532 3019 591 mulierculae
3044 527 3289 584 humanis
3310 522 3621 580 solemnita-

2037 634 2199 701 tibus,
2229 631 2325 688 sed
2354 629 2543 701 Angeli
2567 628 2757 685 divinis
2778 624 3043 689 laudibus,
3068 620 3248 677 fetalia
3269 616 3621 673 celebrarent.

2040 726 2291 782 Dicamus
2317 739 2445 794 ergo
2466 731 2521 779 et
2546 736 2663 789 nos,
2694 728 2748 775 et
2771 726 2967 790 quanta
2994 726 3277 787 possumus
3297 724 3417 765 cum
3446 705 3624 764 exsul-

2040 817 2241 873 tatione
2282 816 2544 878 dicamus,
2595 812 2685 883 qui
2723 825 2830 865 non
2869 821 3121 879 pecorum
3164 800 3465 874 pastoribus
3501 814 3622 854 eum

2041 920 2224 967 natum
2254 908 2580 973 nuntiamus,
2614 903 2706 961 sed
2732 902 2845 972 ejus
2870 898 3114 957 Natalitia
3139 911 3261 953 cum
3295 894 3412 965 ejus
3437 892 3625 947 ovibus

2039 1002 2370 1057 celebramus
2401 1015 2415 1053 :
2445 998 2703 1060 dicamus,
2742 995 2975 1064 inquam,
3026 998 3083 1047 et
3123 1004 3221 1045 nos
3249 986 3391 1043 tideli
3432 983 3618 1050 corde,

2042 1092 2235 1148 devota
2265 1105 2416 1155 voce,
2450 1086 2627 1145 Gloria
2667 1086 2721 1139 in
2765 1084 2971 1139 excelsis
3000 1080 3129 1149 Deo,
3175 1090 3223 1136 et
3262 1078 3317 1132 in
3347 1087 3481 1132 terra
3522 1090 3624 1145 pas:

2045 1183 2322 1239 hominibus
2355 1181 2497 1236 bona:
2531 1177 2822 1234 voluntatis.
2856 1175 2921 1231 Et
2948 1174 3062 1230 hazc
3089 1170 3254 1229 verba
3297 1169 3497 1235 divina,
3531 1166 3627 1220 has

2041 1277 2141 1333 Dei
2182 1274 2387 1341 laudes,
2434 1273 2539 1330 hoc
2579 1268 2877 1341 angelicum
2932 1264 3204 1337 gaudium,
3242 1269 3436 1334 quanta
3484 1257 3627 1314 vale.

2041 1384 2164 1427 mus
2184 1365 2607 1425 consideratione
2634 1367 2997 1434 perspectum,
3025 1355 3129 1411 ﬁde
3152 1362 3207 1411 et
3243 1368 3339 1425 Spe
3363 1361 3418 1410 et
3453 1349 3625 1406 chari-

2044 1468 2155 1516 tate
2188 1458 2527 1515 meditemur.
2562 1454 2711 1511 Sicut
2734 1452 2877 1508 enim
2901 1448 3168 1505 credimus
3193 1454 3246 1502 et
3273 1456 3548 1515 speramus
3576 1449 3631 1496 et

2044 1550 2431 1615 desideramus,
2463 1545 2665 1602 erimus
2706 1553 2761 1600 et
2799 1556 2897 1597 nos
2938 1538 3107 1612 gloria
3145 1536 3199 1591 in
3242 1532 3470 1591 excelsis
3497 1532 3628 1595 Deo,

2047 1658 2168 1700 cum
2213 1647 2526 1711 resurgente
2562 1649 2787 1707 corpore
2824 1629 3084 1704 spirituali
3115 1626 3252 1698 rapti
3296 1624 3549 1681 fuerimus
3578 1623 3630 1677 in

2046 1734 2276 1791 nubibus
2311 1729 2523 1787 obviam
2562 1726 2809 1784 Christo:
2839 1724 2885 1778 si
2922 1721 3082 1777 modo
3127 1733 3249 1774 cum
3288 1715 3340 1771 in
3370 1724 3508 1771 terra
3544 1728 3634 1769 su-

2048 1919 2122 1975 sis
2149 1917 2345 1988 quippe
2373 1914 2502 1980 vita,
2530 1911 2668 1987 quia
2711 1910 2782 1965 ibi
2820 1907 2975 1977 regio
3000 1904 3287 1977 ,vivorum;
3323 1910 3381 1957 et
3422 1899 3491 1954 ibi
3521 1897 3635 1953 dies

2049 2009 2236 2075 boni',
2267 2006 2357 2062 ubi
2398 2001 2656 2059 Dominus
2684 1999 2824 2055 idem
2862 1998 2975 2068 ipse
3014 2003 3117 2062 est,
3142 2004 3197 2050 et
3232 1991 3357 2047 anni
3387 1990 3501 2060 ejus
3531 2003 3634 2044 non

2051 2099 2327 2156 deficiunt.
2357 2093 2610 2164 Quisquis
2635 2098 2811 2146 autem
2838 2086 2951 2142 vult
2973 2088 3158 2152 vitam,
3188 2093 3242 2140 et
3263 2082 3432 2152 diligit
3457 2079 3639 2135 videre

2052 2190 2168 2247 dies
2192 2189 2381 2253 bonos,
2412 2183 2664 2241 cohibeat
2690 2182 2918 2252 linguam
2958 2192 3111 2234 suam
3141 2191 3171 2229 a
3215 2173 3375 2240 malo,
3413 2179 3467 2227 et
3503 2171 3638 2225 labia

2055 2283 2173 2354 ejus
2209 2296 2317 2335 non
2342 2278 2631 2349 loquantur
2655 2273 2836 2330 dolum
2860 2289 2874 2338 ;
2905 2270 3136 2326 declinet
3158 2282 3189 2321 a
3217 2266 3381 2331 malo,
3408 2271 3462 2319 ct
3487 2262 3643 2317 faciat

2057 2375 2253 2431 bonum
2279 2389 2293 2426 :
2323 2380 2377 2427 et
2416 2370 2486 2425 ita
2521 2368 2592 2424 sit
2625 2368 2784 2422 homo
2825 2364 2980 2419 bona:
3009 2359 3319 2416 voluntatis.
3352 2357 3418 2412 Et
3440 2363 3644 2426 quaerat

2024 2482 2267 2540 —pacem,
2307 2479 2370 2520 ac
2411 2469 2664 2533 sequatur
2690 2473 2810 2516 eam
2841 2456 3009 2528 (Psal.
3039 2468 3230 2516 χχχιιι,
3261 2450 3454 2520 15-15)
3483 2465 3496 2503 :
3522 2446 3642 2518 quia

2059 2563 2113 2617 in
2135 2571 2267 2617 terra
2293 2574 2398 2629 pax
2423 2552 2705 2611 hominibus
2725 2552 2869 2605 bona:
2892 2546 3182 2603 voluntatis.

2129 2654 2187 2708 2.
2225 2649 2377 2719 Quod
2412 2649 2459 2704 si
2487 2646 2643 2713 dicis,
2672 2660 2705 2699 o
2732 2643 2917 2708 homo,
2947 2640 3086 2695 Ecce
3122 2636 3248 2692 velle
3275 2634 3472 2706 adjacet
3498 2630 3642 2695 mihi,

2064 2745 2308 2817 perﬁcere
2348 2749 2515 2795 autem
2545 2737 2728 2792 bonum
2767 2750 2867 2788 non
2900 2731 3137 2795 invenio;
3177 2736 3231 2783 et
3264 2722 3650 2782 condelectaris

2066 2838 2165 2910 legi
2208 2834 2302 2889 Dei
2344 2830 2621 2889 secundum
2661 2827 2947 2882 interiorem
2988 2823 3255 2885 hominem,
3289 2817 3437 2873 vides
3482 2824 3650 2868 autem

2066 2905 2224 2983 aliaat
2254 2926 2409 2997 legem
2438 2923 2492 2978 in
2520 2920 2753 2976 membris
2802 2917 2905 2971 tuis
2943 2920 3304 2985 repugnantem
3334 2908 3432 2979 legi
3472 2905 3651 2959 mentis

2069 3029 2192 3086 iure,
2223 3026 2277 3073 et
2296 3015 2551 3087 captivum
2574 3021 2626 3067 te
2653 3011 2916 3064 ducentem
2938 3008 2989 3060 in
3018 3008 3125 3075 lege
3157 3002 3349 3074 peccati
3367 3014 3480 3070 qua:
3504 3007 3573 3051 est
3599 2997 3653 3048 in

2068 3110 2303 3168 membris
2329 3108 2432 3163 tuis
2456 3123 2471 3161 :
2500 3105 2727 3177 persiste
2765 3104 2819 3156 in
2844 3101 2982 3155 bona
3013 3097 3302 3158 voluntate,
3329 3101 3383 3147 et
3410 3090 3653 3145 exclama

2071 3201 2214 3277 quod
2254 3199 2513 3272 sequitur,
2548 3195 2707 3252 Miser
2748 3208 2839 3264 ego
2868 3191 3040 3254 ltomo,
3083 3188 3193 3257 quis
3219 3201 3298 3239 me
3326 3181 3549 3237 liberabit
3592 3181 3659 3235 de

2073 3274 2284 3367 corpore
2310 3293 2486 3348 mortis
2510 3288 2705 3361 hujus?
2731 3284 2908 3341 Gratia
2940 3282 3057 3345 Dei,
3089 3297 3175 3351 per
3202 3278 3378 3333 Jesum
3405 3274 3659 3333 Christum

2075 3365 2351 3443 Dominum
2376 3392 2602 3438 nostrum
2642 3379 2816 3450 (Rom.
2848 3391 2946 3443 vn,
2980 3372 3192 3442 l8-25).
3240 3369 3358 3439 Ipse
3399 3375 3481 3422 est
3517 3365 3663 3421 enim

2078 3495 2178 3552 pax
2210 3478 2262 3533 in
2286 3484 2427 3532 terra
2454 3470 2761 3527 hominibus
2789 3468 2941 3522 house
2969 3461 3277 3527 voluntatis,
3308 3467 3429 3531 post
3466 3457 3661 3513 bellum

2078 3572 2136 3626 in
2166 3584 2273 3640 quo
2300 3583 2419 3622 caro
2450 3562 2759 3634 concupiscit
2802 3560 3041 3613 adversus
3082 3555 3335 3625 spiritum,
3373 3561 3419 3606 et
3458 3551 3666 3623 spiritus

2079 3662 2321 3717 adversus
2339 3673 2540 3713 carnem
2563 3671 2581 3721 ;
2596 3664 2649 3709 ut
2671 3670 2769 3708 non
2786 3667 2898 3723 qua:
2910 3651 3057 3704 vultis
3074 3649 3163 3702 illa
3184 3645 3381 3717 faciatis
3398 3642 3593 3717 (Galat.
3612 3657 3664 3705 v,

2082 3754 2171 3825 i7)
2200 3772 2213 3807 :
2239 3751 2493 3825 quoniam
2532 3750 2639 3820 ipse
2679 3756 2753 3802 est
2801 3762 2902 3817 pax
2951 3751 3145 3807 nostra,
3183 3741 3268 3810 qui
3302 3739 3418 3808 fecit
3460 3744 3670 3805 utraque

2083 3862 2240 3902 unum
2273 3843 2489 3917 (Ephes.
2521 3857 2580 3905 ιι,
2616 3839 2733 3909 Μ).
2776 3836 3032 3892 Persistat
3074 3833 3230 3903 igitur
3258 3830 3395 3884 bona
3424 3828 3671 3882 voluntas

2085 3940 2344 3996 adversus
2369 3931 2822 4004 concupiscentias
2847 3928 3033 3992 malas,
3061 3934 3115 3979 et
3153 3922 3446 3994 persistens
3476 3918 3669 3988 implo-

2086 4039 2171 4088 ret
2193 4028 2451 4085 auxilium
2485 4024 2668 4096 gratize
2697 4021 2814 4088 Dei,
2855 4035 2949 4089 per
2972 4018 3153 4074 Jesum
3180 4014 3451 4070 Christum
3492 4010 3673 4065 Domi-

2087 4137 2214 4178 num
2253 4128 2517 4175 nostrum.
2554 4116 2901 4186 Repugnatur
2948 4110 3022 4164 illi
3064 4123 3094 4161 a
3143 4107 3259 4175 lege
3313 4103 3673 4159 membrorum

2089 4212 2405 4276 carnalium,
2446 4216 2500 4264 et
2541 4221 2666 4262 ecce
2713 4204 2823 4274 jam
2862 4211 3022 4256 etiam
3060 4198 3354 4268 captivatur
3383 4212 3395 4248 :
3429 4193 3683 4263 imploret

2090 4305 2369 4369 auxilium,
2392 4316 2499 4356 non
2527 4298 2655 4353 ﬁdat
2684 4295 2884 4350 viribus
2909 4293 3055 4357 suis;
3085 4298 3141 4344 et
3166 4289 3354 4345 saltem
3378 4285 3539 4350 fessa,
3571 4298 3680 4337 non

2092 4396 2411 4466 dedignetur
2439 4404 2558 4447 esse
2599 4385 2864 4443 confessa.
2899 4382 3083 4438 Aderit
3120 4381 3261 4436 enim
3306 4379 3395 4449 qui
3433 4375 3567 4431 dixit
3602 4374 3679 4428 cis

2094 4464 2242 4560 quos
2251 4486 2362 4556 jam
2391 4481 2616 4537 videbat
2636 4478 2917 4533 credentes
2948 4475 3001 4528 in
3027 4488 3145 4527 eum
3172 4488 3184 4524 :
3221 4471 3279 4525 Si
3308 4464 3681 4539 permanseritis

2092 4579 2149 4633 in
2182 4576 2328 4632 uerbo
2364 4590 2498 4642 meo,
2529 4587 2643 4625 vere
2672 4567 2907 4638 discipuli
2946 4565 3042 4620 mei
3080 4562 3250 4628 eritis;
3290 4568 3334 4614 et
3377 4556 3683 4628 cognoscetis

2096 4672 2368 4732 ueritatem,
2408 4674 2454 4720 et
2487 4665 2668 4719 ueritas
2691 4659 2919 4716 liberabit
2943 4674 3028 4713 eos
3057 4654 3234 4728 (Joan.
3265 4667 3381 4717 vni,
3412 4650 3473 4705 5i
3506 4647 3679 4716 (2:32).

2096 4766 2284 4822 Aderit
2327 4771 2382 4819 et
2406 4758 2655 4816 liberabit
2681 4756 2878 4813 veritas
2907 4753 2973 4809 de
3018 4762 3241 4819 corpore
3283 4744 3469 4801 mortis
3506 4741 3682 4812 hujus.

2098 4860 2224 4915 Ideo
2265 4858 2458 4928 quippe
2496 4852 2723 4918 Veritas,
2759 4849 2911 4918 cujus
2949 4842 3193 4900 Nataiitia
3230 4838 3584 4900 celebramus,
3628 4834 3689 4886 de

2100 4962 2233 5007 terra
2271 4957 2382 5004 orta
2420 4955 2491 5001 est
2518 4943 2689 5017 (Psal.
2724 4954 2945 5001 Lxxxw,
2976 4934 3088 5006 19.),
3122 4942 3179 4989 ut
3204 4932 3274 4985 sit
3304 4944 3411 5000 pax
3459 4929 3511 4982 in
3542 4936 3687 4981 terra

2102 5040 2407 5098 hominibus
2449 5038 2604 5092 bonae
2649 5031 2956 5087 voluntatis.
3008 5027 3137 5080 Nam
3178 5024 3296 5092 quis
3336 5020 3559 5075 idoneus
3611 5028 3691 5069 cst

2102 5136 2241 5192 velle
2266 5142 2321 5188 et
2344 5145 2523 5201 posse,
2568 5128 2669 5183 nisi
2703 5121 3007 5195 inspirando
3047 5119 3260 5188 adjuvet
3304 5125 3361 5169 ut
3406 5116 3690 5183 possimus,

2104 5223 2449 5301 quivoeando
2471 5222 2719 5293 praistitit
2747 5227 2802 5272 ut
2826 5214 3090 5269 velimus?
3110 5212 3240 5279 Quia
3268 5209 3461 5277 ubique
3491 5206 3683 5258 miseri

2171 5363 2189 5395 ⁸
2231 5362 2304 5410 sic
2338 5356 2668 5417 manuscripti.
2709 5351 2829 5401 Editi
2888 5363 3043 5407 vero,
3094 5353 3144 5397 ut
3187 5357 3256 5417 Aet
3298 5342 3537 5408 gignenti.
3569 5354 3695 5417 "qn:

2117 5402 2819 5475 Donnintm-wcmlinierrwque
2863 5402 3195 5475 procreaverat
3215 5442 3230 5463 ,
3275 5402 3319 5456 et
3348 5402 3466 5467 "post
3518 5402 3647 5475 edita
3667 5416 3698 5448 ιι

2107 5465 2531 5553 ὦῦὄὶἕήἷξξιιὲῄὲἁ
2551 5465 2792 5553 manseth
2815 5486 2832 5524 :
2857 5465 3101 5537 pauloque
3123 5480 3247 5546 post,
3272 5465 3463 5553 partum
3480 5465 3695 5553 fciebra-

2108 5529 2593 5598 iibi"édsiisstinum.
2634 5548 2733 5597 Quo
2757 5529 2872 5587 loco'
2904 5529 3213 5598 manuscripti
3236 5529 3448 5595 quidam,
3475 5529 3657 5591 festatia
3684 5539 3697 5575 :

2115 5596 2205 5675 sed
2224 5606 2448 5670 plerique
2472 5611 2525 5653 et
2549 5596 2782 5675 potiores,
2803 5596 2966 5675 letalia
2984 5597 3295 5675 celebrarent.

2179 5653 2205 5703 ἶ
2226 5653 2654 5725 ίιὲινιιιὶιιιιιεειιίνιι.
2691 5653 2978 5725 stagni
3001 5658 3133 5709 caelis
3157 5659 3331 5725 quippe
3353 5654 3531 5725 erimus
3550 5653 3704 5723 glori:

2179 5671 2199 5703 ⁸
2226 5676 2291 5719 ita
2325 5670 2654 5725 manuscripti.
2691 5670 2745 5710 At
2765 5670 2897 5717 L0v.,
2929 5670 2978 5707 m
3001 5670 3133 5709 cwtts
3157 5671 3271 5721 qmp
3353 5670 3531 5706 erimus
3550 5670 3699 5713 qwrzi

2113 5735 2163 5785 in
2181 5728 2384 5782 excelsis
2408 5735 2521 5789 Deo,
2543 5724 2655 5789 quia
2678 5723 2757 5775 ubi
2778 5721 2906 5789 regis
2924 5722 3149 5781 rivorum,
3170 5727 3211 5771 et
3247 5670 3437 5771 dies
3459 5708 3580 5775 boni,
3606 5724 3699 5763 etc.
