4108 6336
373 236 512 294 1οι1
603 256 608 260 ·

369 356 474 408 ruit
501 349 620 422 quid
663 348 867 405 erimus.
906 344 974 404 Et
1008 347 1194 404 scimus
1227 348 1466 420 quoniam
1493 363 1607 402 cum
1634 350 1946 419 apparuerit,

371 439 558 497 similes
602 440 648 496 ei
690 441 898 506 erimus,
946 443 1184 512 quoniam
1225 441 1498 495 videbimus
1536 458 1652 497 eum
1693 441 1840 495 sicuti
1881 451 1952 494 est

372 532 418 601 (l
439 533 595 586 Jomt.
621 549 700 599 ttt,
723 532 801 603 2).
829 533 956 587 Nam
977 533 1064 603 qui
1086 543 1210 590 sunt
1229 534 1302 588 illi
1325 534 1595 604 sapientia:
1612 533 1952 603 scientiwque

372 626 630 690 thesauri,
662 643 778 696 quae
806 627 905 681 illa:
935 626 1129 682 divitia:
1159 626 1372 691 divinae,
1399 627 1498 682 nisi
1525 627 1646 697 quia
1683 625 1954 681 sufﬁciunt

369 717 562 772 nobis?
590 717 655 770 Et
683 733 800 786 quae
831 718 914 771 illa
942 718 1217 772 multitudo
1239 717 1556 782 dulcedinis,
1582 719 1682 772 nisi
1711 719 1830 787 quia
1857 733 1947 771 sa-

371 810 469 864 tiat
507 811 639 865 n0s?
669 810 888 864 Ostende
926 826 1052 880 ergo
1082 812 1223 866 nobis
1268 810 1492 875 Patrem,
1518 822 1564 866 et
1594 812 1772 881 sufﬁcit
1811 811 1952 865 nobis

371 900 548 970 (Joan.
581 918 692 965 xtv,
725 901 800 971 8).
834 903 897 955 Et
933 902 984 956 in
1009 901 1240 972 quodam
1279 903 1484 972 psalmo
1521 902 1734 972 quidam
1761 918 1828 956 ex
1857 917 1952 955 no-

368 991 473 1060 his,
498 992 579 1045 vel
603 993 652 1046 in
681 993 854 1056 nobis,
881 995 963 1048 vel
990 1009 1082 1062 pro
1110 995 1280 1059 nobis,
1311 995 1384 1048 ait
1409 994 1480 1048 illi
1507 1013 1520 1048 :
1553 994 1810 1059 Satiabor,
1831 995 1952 1046 dum

369 1085 772 1154 manifeslnbilur
810 1085 972 1156 gloria
1014 1095 1100 1139 tua
1128 1084 1295 1156 (Psal.
1329 1101 1441 1150 xvt,
1474 1085 1583 1156 15).
1615 1085 1731 1155 Ipse
1773 1094 1949 1138 autem

368 1189 421 1233 et
451 1175 609 1231 Pater
648 1193 810 1231 unum
842 1186 965 1232 sunt
987 1175 1166 1247 (Joan.
1211 1193 1264 1242 κ,
1303 1176 1392 1247 50)
1425 1193 1440 1230 :
1467 1185 1521 1230 et
1549 1177 1636 1246 qui
1667 1176 1838 1244 ipsum
1869 1175 1950 1229 vi-

366 1269 478 1330 det.
509 1269 651 1325 videt
677 1281 728 1326 el
757 1270 967 1325 Patrem
1000 1269 1114 1339 (Id.
1147 1285 1259 1336 xw,
1296 1270 1370 1339 9).
1405 1269 1546 1339 Ergo
1576 1268 1823 1324 Dominus
1847 1269 1951 1322 vir-

367 1369 551 1421 tutum.
579 1361 686 1430 ipse
725 1371 798 1415 est
833 1377 924 1416 rea:
969 1361 1144 1433 gloria:
1185 1361 1354 1434 (Psal.
1382 1377 1530 1425 χχιιι,
1562 1360 1675 1431 10).
1719 1361 1954 1416 Conver-

368 1462 488 1509 tens
533 1469 651 1519 nos,
680 1453 925 1509 ostendet
963 1454 1115 1510 nobis
1160 1453 1349 1509 faciem
1383 1469 1566 1519 suam;
1613 1462 1668 1509 et
1693 1454 1822 1508 salvi
1847 1454 1954 1509 eri-

368 1560 490 1600 mus
544 1545 726 1617 (Psal.
757 1561 947 1612 nam,
990 1545 1086 1618 4),
1141 1552 1198 1600 et
1238 1545 1572 1612 satiabimur,
1627 1554 1683 1602 et
1728 1545 1955 1601 sufﬁciet

369 1637 542 1692 nobis.

439 1727 664 1784 CAPUT
705 1728 792 1784 IV.
822 1759 894 1769 —
920 1731 972 1784 4.
1001 1729 1290 1784 Conclusio.
1337 1729 1489 1785 Dicat
1535 1728 1710 1800 itaque
1755 1728 1830 1783 illi
1860 1743 1955 1784 cor

370 1832 611 1878 nostrum
638 1839 651 1874 :
677 1823 894 1889 Quwsivi
929 1823 1120 1876 vultum
1148 1832 1324 1887 tuum;
1353 1823 1545 1876 vultum
1575 1832 1735 1888 tuum,
1775 1821 1954 1875 Domi—

371 1931 454 1979 ne,
478 1915 760 1983 requiram;
789 1931 852 1968 ne
875 1924 1066 1969 avertas
1093 1916 1272 1987 [aciem
1295 1924 1433 1969 tuam
1457 1932 1490 1969 a
1509 1932 1587 1971 me
1606 1913 1779 1986 (Psal.
1803 1930 1950 1980 xxvi,

371 2007 426 2070 8,
455 2005 529 2077 9).
563 2007 628 2061 Et
670 2007 990 2076 respondeat
1035 2007 1149 2076 ipse
1192 2007 1340 2062 cordi
1388 2017 1608 2065 nostro:
1644 2006 1745 2072 Qui
1788 2006 1955 2078 diligit

377 2113 470 2164 me,
494 2099 733 2152 mandata
756 2115 867 2152 mea
889 2100 1102 2154 custodit
1131 2115 1150 2154 .'
1169 2110 1214 2153 et
1233 2101 1321 2170 qui
1353 2100 1519 2171 diligit
1546 2117 1642 2167 me,
1675 2101 1955 2171 diligetura

370 2188 532 2246 Patre
555 2207 695 2257 meo;
723 2200 768 2244 et
797 2208 888 2262 ego
909 2192 1117 2263 diligam
1147 2209 1278 2257 eum,
1316 2203 1363 2246 et
1388 2195 1648 2247 ostendam
1677 2209 1754 2247 me
1789 2193 1957 2263 ipsum

370 2281 448 2335 illi
491 2281 669 2353 (Joan.
717 2299 828 2348 xlv,
870 2283 986 2353 2|).
1018 2283 1275 2340 Videbant
1312 2288 1492 2355 utique
1533 2301 1654 2340 eum
1685 2286 1854 2341 oculis
1883 2287 1956 2342 illi

370 2373 565 2444 quibus
592 2373 691 2428 hoc
717 2374 944 2439 dicebat,
971 2383 1024 2429 et
1062 2389 1251 2430 sonum
1280 2375 1426 2431 vocis
1463 2375 1580 2446 ejus
1617 2377 1834 2432 auribus
1857 2392 1954 2431 au-

373 2463 609 2529 diebant,
641 2473 694 2518 et
721 2463 953 2519 humano
985 2465 1145 2520 corde
1185 2465 1453 2522 hominem
1481 2467 1783 2545 cogitabant
1813 2484 1826 2520 :
1859 2465 1954 2523 sed

373 2555 514 2624 quod
553 2556 738 2609 oculus
781 2570 886 2611 non
924 2556 1072 2622 vidit,
1105 2572 1205 2611 nec
1240 2558 1384 2612 auris
1409 2557 1628 2624 audivit,
1652 2574 1751 2614 nec
1782 2558 1834 2613 in
1862 2573 1958 2614 cor

373 2646 608 2702 hominis
670 2649 948 2715 ascendit,
998 2651 1246 2705 eumdem
1300 2653 1470 2720 ipsum
1518 2667 1577 2707 se
1619 2652 1960 2721 promittebat

373 2740 662 2798 ostendere.
702 2741 1040 2814 diligentibus
1076 2757 1136 2798 se
1173 2744 1214 2812 (Ι
1243 2743 1360 2798 Cor.
1391 2761 1448 2810 tt,
1482 2744 1558 2814 9).
1595 2745 1747 2814 Quod
1790 2746 1962 2802 donec

375 2831 490 2899 ﬂat,
517 2832 688 2888 donec
711 2833 958 2889 ostendat
985 2835 1139 2889 nobis
1163 2835 1303 2905 quod
1333 2835 1561 2892 sufﬁciat
1585 2837 1756 2902 nobis,
1789 2837 1961 2893 donec

376 2939 497 2979 eum
538 2925 734 2980 fontem
779 2927 896 2982 vita:
933 2920 1175 2996 petemus
1197 2938 1252 2983 et
1277 2930 1560 2996 satiemtrr;
1595 2931 1802 2985 interim
1833 2932 1961 2987 dum

377 3015 709 3071 ambulantes
741 3033 833 3086 per
863 3017 1018 3073 ﬁdem
1057 3019 1454 3088 peregrinantur
1486 3021 1554 3074 ab
1584 3036 1667 3086 eo,
1693 3021 1816 3076 dum
1841 3038 1964 3078 esu-

379 3120 546 3160 rtmus
574 3115 629 3162 et
659 3108 868 3162 sitimus
898 3107 1176 3176 justitiam,
1208 3110 1298 3163 et‘
1327 3109 1511 3164 fortine
1544 3110 1633 3164 Dei
1673 3112 1965 3180 pulchritu-

380 3197 558 3253 dinem
609 3201 859 3256 incll'abili
904 3202 1094 3256 ardore
1145 3201 1534 3270 desideramus,
1585 3203 1770 3258 forma:
1825 3206 1962 3261 servi

378 3287 616 3344 Natalem
655 3291 847 3346 devoto
876 3293 1132 3362 obsequio
1166 3271 1520 3350 celebremus.
1551 3295 1794 3349 Nondum
1832 3312 1966 3350 con-

381 3383 622 3451 templari
670 3399 952 3452 possumus
995 3386 1133 3454 quod
1164 3386 1374 3454 genitus
1404 3397 1484 3440 est
1526 3397 1649 3442 ante
1689 3388 1966 3444 luciferum

380 3485 412 3526 a
455 3473 630 3540 Patre,
683 3474 1079 3542 frequentemus
1126 3477 1146 3506 ²
1191 3476 1333 3545 quod
1382 3478 1652 3532 nocturnis
1704 3479 1848 3534 horis
1886 3491 1970 3536 est

380 3573 537 3617 natus
564 3579 631 3618 ex
656 3564 880 3633 virgine.
909 3565 1150 3619 Nondum
1189 3568 1448 3634 capimus,
1479 3569 1618 3637 quod
1651 3579 1774 3624 ante
1797 3572 1970 3626 solem

381 3663 661 3723 permanet
700 3670 894 3708 nomen
931 3656 1046 3724 ejus
1076 3654 1247 3726 (Psal.
1280 3673 1424 3723 um,
1467 3658 1578 3728 17).
1621 3674 1972 3728 agnoscamus

383 3745 436 3799 itt
479 3746 592 3800 sole
629 3747 854 3815 positum
887 3748 1283 3802 hibernaculum
1314 3749 1450 3818 ejus.
1481 3751 1724 3806 Nondutn
1754 3762 1974 3809 contue-

384 3857 507 3896 mur
537 3840 760 3897 Unicqu
792 3852 1189 3911 permanentem
1217 3844 1267 3897 in
1301 3844 1458 3899 Patre
1482 3859 1602 3911 suo,
1633 3847 1975 3902 recordemur

387 3949 643 4002 sponsum
691 3933 1065 4002 procedentem
1103 3936 1174 3992 de
1215 3937 1448 3991 thalamo
1485 3953 1583 3992 suo
1626 3937 1795 4007 (Psal.
1827 3956 1971 4003 xvtu,

389 4023 463 4096 6).
516 4025 759 4079 Nondum
811 4026 987 4081 idooei
1041 4043 1223 4082 smnus
1271 4029 1514 4082 convivio
1563 4030 1734 4095 Patris
1782 4032 1971 4096 nostri,

388 4131 737 4186 agnoscamus
768 4133 1014 4188 prtcsepe
1039 4120 1241 4173 Domini
1274 4123 1438 4175 nostri
1461 4121 1586 4176 Jesu
1613 4119 1830 4176 Christi.

873 4252 1104 4307 sentio
1139 4251 1318 4305 cxcv
1351 4257 1367 4275 ο
1398 4251 1494 4323 ((ι).

864 4350 911 4392 ιιι
935 4343 1076 4392 Natali
1102 4343 1299 4405 Domini,
1328 4357 1391 4392 xu
1415 4343 1507 4407 (ὑ).

462 4470 512 4524 1.
562 4467 814 4523 Nntivitas
867 4469 1052 4523 Christi
1098 4470 1310 4539 duplex,
1353 4479 1565 4540 utraque
1607 4471 1976 4525 inenarrabilis.

393 4557 555 4614 Filius
611 4561 700 4613 Dei
753 4561 995 4628 idemque
1045 4561 1180 4613 illius
1226 4562 1454 4614 hominis
1498 4563 1750 4616 Dominus
1799 4572 1980 4618 noster

389 4649 544 4708 Jesas
571 4651 830 4712 Christus,
882 4653 996 4705 sine
1041 4663 1210 4705 matre
1256 4651 1322 4706 de
1366 4652 1525 4708 Patre
1565 4663 1740 4716 natus,
1780 4654 1984 4708 creavit

389 4759 603 4797 omnem
633 4744 772 4797 diem
796 4759 810 4806 ;
838 4743 951 4796 sine
981 4752 1127 4811 patre
1155 4743 1223 4798 de
1247 4752 1415 4797 matre
1441 4753 1619 4809 natus,
1647 4746 1982 4800 consecravit

393 4836 538 4890 hunc
568 4836 744 4898 diem;
773 4835 948 4888 divina
994 4835 1267 4890 nativitate
1305 4836 1602 4902 invisibilis,
1643 4835 1874 4891 humana
1903 4838 1982 4892 vi-

391 4929 591 4992 sibilis,
619 4938 840 4998 ntraque
883 4927 1156 4980 mirabilis.
1204 4927 1431 4981 Proinde
1458 4927 1598 4997 quod
1637 4927 1704 4982 de
1735 4929 1824 4982 illo
1865 4944 1984 4997 pro.

393 5019 551 5088 pheta
582 5019 842 5088 pra-dixit,
870 5017 1248 5072 Generationem
1274 5019 1384 5088 ejus
1415 5018 1526 5088 quis
1552 5019 1802 5072 enarrabit
1829 5018 1980 5092 (lsai.

456 5196 478 5258 ς’
510 5194 808 5254 Particulam,
831 5201 878 5245 et
898 5195 1180 5258 commitunt
1203 5191 1370 5254 plures
1391 5203 1494 5244 Mss.
1518 5194 1602 5258 qui
1625 5192 1883 5256 iniralooo,
1902 5194 1988 5246 de-

391 5256 684 5321 sideramus,
713 5259 914 5321 habent,
929 5255 1276 5321 desideremus.

456 5322 476 5350 ²
495 5319 922 5376 Floriaconsisi‘srs.,
952 5329 1223 5381 pensamus.

453 5382 472 5400 ‘
495 5387 749 5429 Correetus
771 5389 848 5430 est
863 5381 922 5428 ad
947 5378 1050 5429 tres
1061 5379 1122 5428 cli
1164 5379 1226 5427 ad
1245 5378 1276 5427 f.
1296 5393 1348 5428 u.
1364 5386 1401 5430 t.
1429 5387 1481 5430 et
1503 5387 1604 5429 Am.
1623 5387 1698 5430 Fx.
1735 5387 1820 5429 Par
1843 5387 1952 5430 Lov.

381 5441 396 5448 “
456 5441 530 5503 (a)
554 5441 694 5500 Alias,
720 5441 784 5503 de
807 5451 1043 5503 Teuqore
1079 5439 1153 5488 12.

455 5501 527 5564 (b)
548 5511 714 5552 Sermo
735 5501 822 5553 'Lste
844 5501 1218 5553 lm‘aniensihus
1234 5502 1412 5552 dubius
1435 5503 1519 5554 fuit
1541 5517 1628 5558 :ae
1648 5502 1857 5552 subinde
1873 5516 1988 5564 Spu-

391 5566 496 5615 rius
519 5567 708 5615 Veriuo.
739 5565 972 5628 Vindiugo
1003 5573 1166 5614 autem
1197 5578 1460 5628 germanus
1492 5567 1683 5614 videtur
1705 5579 1719 5622 ;
1743 5573 1795 5614 et
1826 5575 1989 5614 nostra

388 5629 624 5738 spinione
657 5627 949 5692 Augustino.
962 5629 1041 5677 cui
1065 5627 1378 5689 manuscripti
1410 5629 1485 5678 tril
1506 5635 1774 5686 uuut,non
1807 5635 1882 5676 est
1920 5629 1996 5676 in-

443 5703 588 5738 auus.

443 5703 588 5753 guns.

1767 233 1999 292 SERMO
2034 235 2235 296 CXCV.

3457 311 3460 316 ι
3507 239 3644 296 ints

2063 363 2173 413 LIII,
2199 347 2292 418 8)?
2318 346 2386 404 de
2426 363 2527 420 qua
2578 350 2753 420 potius
2795 351 2992 408 dictum
3035 351 3124 417 sit,
3163 350 3403 423 judicare
3427 351 3643 410 difﬁcile

2058 450 2172 504 eSt;
2203 449 2375 494 tttrum
2397 440 2464 497 de
2488 442 2574 497 illa
2601 443 2688 497 ubi
2713 459 2978 514 nunquam
3007 459 3112 498 non
3138 453 3294 499 natus
3316 452 3640 500 comternttm

2060 531 2221 588 habet
2247 533 2476 600 Patrem,
2507 551 2572 588 an
2600 535 2666 590 de
2694 537 2790 591 ista
2813 537 2901 590 ubi
2931 537 3217 606 aliquando
3247 544 3424 601 natus,
3458 536 3510 590 in
3537 553 3642 607 qua

2059 621 2229 689 ﬁeret,
2251 623 2360 692 jam
2390 623 2589 680 fecerat
2616 636 2836 683 matrem
2869 645 2884 681 :
2911 637 3084 682 utrum
3106 628 3171 682 de
3199 629 3285 682 illa
3317 628 3402 682 ubi
3431 643 3645 698 semper

2059 725 2215 770 natus
2239 725 2340 783 est,
2365 719 2451 786 qui
2487 734 2700 788 semper
2720 729 2862 784 erat;
2903 723 3021 792 quis
3049 723 3191 776 enim
3219 723 3485 777 enarrabit
3512 737 3644 790 quo-

2059 807 2220 862 modo
2267 819 2444 863 natum
2489 811 2570 866 sit.
2599 812 2776 868 lumen
2820 814 2888 868 de
2939 816 3156 878 lumine,
3189 825 3240 870 et
3271 832 3431 870 unum
3463 817 3641 870 lumen

2059 909 2342 969 utrumque
2385 902 2492 954 sit?
2519 903 2784 971 quomodo
2813 914 2965 959 natus
3009 905 3076 959 sit
3113 905 3254 961 Deus
3281 906 3349 960 de
3390 907 3516 969 Deo,
3545 922 3642 962 nec

2058 989 2278 1044 deorum
2331 1006 2583 1047 numerus
2637 995 2900 1048 creverit?
2953 995 3221 1064 quomodo
3274 996 3419 1050 velut
3465 996 3532 1048 de
3582 1011 3643 1052 re

2060 1088 2322 1136 transacta
2362 1081 2567 1136 dicatur
2593 1084 2731 1153 quod
2764 1095 2915 1138 natus
2941 1094 3042 1149 est,
3073 1101 3194 1140 cum
3225 1096 3433 1155 tempus
3471 1087 3521 1140 in
3555 1087 3642 1142 illa

2058 1170 2333 1226 nativitate
2379 1187 2476 1226 nec
2522 1175 2808 1240 transierit,
2859 1191 2964 1244 quo
3015 1177 3281 1245 praeterita
3329 1185 3497 1242 esset;
3544 1192 3642 1232 nec

2058 1266 2411 1334 praecesserit,
2439 1281 2543 1336 quo
2591 1265 2765 1322 futura
2806 1278 2981 1333 esset;
3033 1284 3131 1323 nec
3174 1285 3410 1339 praesens
3460 1269 3638 1334 fuerit,

2058 1357 2206 1424 quasi
2231 1355 2403 1412 adhuc
2435 1358 2602 1424 ﬁeret,
2635 1367 2690 1413 et
2729 1359 2957 1428 perfecta
2986 1362 3303 1416 non'esset?
3330 1362 3476 1417 lianc
3513 1378 3643 1434 ergo

2057 1450 2454 1518 generationem
2484 1452 2602 1521 quis
2642 1452 2948 1517 enarrabit;
2978 1467 3098 1506 cum
3129 1453 3179 1506 id
3208 1454 3348 1524 quod
3387 1470 3643 1510 enarran-

2057 1538 2182 1594 dum
2211 1550 2292 1596 est
2317 1557 2475 1612 supra
2507 1552 2745 1613 tempora
2773 1554 3004 1610 maneat,
3034 1545 3224 1599 ‘sermo
3261 1555 3436 1600 autetn
3483 1563 3643 1601 enar-

2058 1629 2227 1685 rantis
2250 1631 2302 1686 in
2333 1641 2574 1703 tempore
2602 1635 2869 1689 transeat?
2897 1635 3054 1690 Istam
3085 1651 3295 1706 quoque
3333 1653 3395 1692 ex
3441 1639 3643 1709 virgine

2056 1723 2453 1791 generationem
2480 1725 2600 1794 quis
2623 1727 2909 1792 enarrabit,
2934 1728 3083 1795 cujus
3105 1736 3393 1797 conceptus
3414 1728 3465 1782 in
3487 1744 3646 1784 carne

2059 1827 2165 1866 non
2190 1814 2475 1868 carnaliter
2498 1815 2686 1880 factus,
2715 1817 2867 1886 cujus
2887 1827 3036 1872 ortus
3064 1832 3130 1873 ex
3157 1833 3319 1874 carne
3350 1819 3644 1874 ubertatem

2059 1905 2315 1960 nutrienti
2361 1907 2568 1974 attulit,
2615 1909 2969 1978 integritatem
3010 1910 3232 1979 parienti
3273 1925 3376 1964 non
3402 1910 3650 1965 abstulit?

2058 1995 2362 2064 Quamlibet
2391 1998 2569 2069 itaque
2597 2015 2805 2068 earum,
2828 2001 2944 2057 sive
2980 2011 3257 2073 utramque
3280 2004 3648 2074 generationem

2059 2091 2170 2159 ejus
2192 2091 2301 2160 quis
2325 2092 2580 2146 enarrabit
2596 2092 2622 2145 1’

2129 2177 2184 2235 2.
2198 2180 2427 2238 Christus
2447 2183 2654 2253 uirginis
2675 2182 2832 2254 ﬁlius,
2855 2185 3061 2256 virginis
3079 2203 3308 2255 sponsus.
3327 2186 3421 2240 1110
3443 2195 3522 2240 est
3546 2186 3647 2239 Do-

2060 2271 2237 2326 minus
2263 2273 2404 2328 Deus
2431 2283 2631 2341 noster,
2665 2275 2750 2331 hic
2774 2286 2855 2331 εει
2881 2277 3141 2330 mediator
3163 2277 3255 2332 Dei
3287 2287 3338 2330 et
3367 2277 3642 2330 hominum

2062 2362 2224 2418 homo
2239 2363 2484 2420 Salvator
2500 2375 2697 2430 noster,
2715 2367 2803 2437 qui
2820 2374 2977 2422 natus
2990 2367 3058 2423 de
3078 2368 3233 2421 Patre
3248 2383 3368 2422 crea
3377 2367 3446 2422 vit
3461 2379 3510 2421 et
3535 2382 3646 2420 ma-

2064 2462 2232 2520 trem;
2260 2465 2470 2510 creatus
2497 2455 2565 2511 de
2589 2467 2760 2512 matre
2795 2457 3108 2527 gloriﬁcavit
3150 2469 3200 2513 et
3242 2459 3452 2514 Patrem
3485 2476 3498 2512 :
3532 2459 3647 2514 sino

2063 2545 2294 2601 femineo
2311 2555 2462 2616 partu
2483 2547 2671 2602 unicus
2697 2548 2862 2611 Patri,
2884 2549 2999 2603 sine
3015 2549 3150 2604 virili
3166 2549 3444 2618 complexu
3463 2550 3648 2604 unicus

2065 2635 2240 2690 matri.
2258 2636 2353 2691 1110
2365 2646 2448 2692 est
2462 2637 2735 2706 speciosus
2751 2637 2918 2692 forma
2936 2654 3046 2708 pra:
3062 2639 3182 2693 ﬁliis
3196 2637 3644 2710 hominum(Psal.

2067 2745 2213 2796 xuv,
2237 2730 2313 2801 5),
2351 2739 2548 2784 sancta:
2581 2730 2722 2785 ﬁlius
2746 2731 2943 2795 Marire,
2975 2743 3171 2786 sancta:
3203 2746 3428 2801 sponsus
3466 2732 3649 2786 I-chle-

2067 2821 2178 2885 sire,
2221 2837 2380 2892 quam
2423 2837 2534 2876 suae
2573 2823 2816 2892 genitrici
2854 2823 3083 2878 similem
3129 2823 3358 2878 reddidit
3391 2841 3403 2875 :
3437 2839 3556 2875 nam
3596 2831 3651 2877 et

2067 2913 2222 2967 nobis
2245 2928 2364 2968 eam
2397 2921 2617 2968 matrem
2668 2913 2812 2980 fecit,
2857 2924 2912 2968 et
2955 2914 3211 2984 virginem
3255 2915 3353 2969 sibi
3399 2914 3648 2968 custodit.

2068 3001 2149 3056 Ad
2178 3001 2314 3056 hanc
2340 3001 2533 3072 quippe
2570 3002 2700 3058 dicit
2730 3005 3016 3071 Apostolus
3047 3021 3060 3058 :
3098 3005 3274 3073 Αριηυί
3300 3021 3383 3058 vos
3408 3020 3495 3057 nm
3523 3006 3650 3068 viro,

2069 3095 2310 3166 uirginem
2354 3105 2545 3148 castam
2589 3095 2818 3150 exhibere
2855 3095 3056 3149 Christo
3101 3095 3162 3163 (ll
3195 3098 3311 3150 Cor.
3345 3112 3418 3158 tu,
3461 3094 3538 3162 9).
3577 3095 3656 3151 De

2071 3200 2172 3254 qua
2202 3199 2386 3239 rursus
2411 3185 2558 3248 dicit,
2603 3194 2826 3240 matrem
2858 3196 3091 3240 nostram
3129 3202 3232 3240 non
3270 3187 3538 3251 ancillam,
3561 3187 3653 3240 sed

2073 3277 2316 3343 liberam,
2344 3278 2497 3347 cujus
2527 3279 2676 3332 mulli
2725 3279 2813 3333 lilii
2859 3281 3084 3333 deserta:
3129 3281 3294 3348 magis
3337 3296 3493 3348 quant
3541 3279 3656 3347 ejus

2074 3383 2190 3436 qua:
2220 3366 2379 3422 habet
2430 3369 2598 3422 virum
2641 3367 2837 3434 (Colat.
2886 3385 2957 3433 tv,
2990 3369 3060 3422 ‘26
3099 3381 3145 3422 et
3173 3369 3284 3437 Ἦ).
3335 3371 3426 3424 list
3455 3386 3581 3438 ergo
3606 3377 3657 3423 et

2077 3458 2352 3523 Ecclesite,
2402 3459 2537 3512 sicut
2566 3458 2765 3521 Marize,
2797 3468 3047 3527 perpetua
3077 3460 3369 3528 integritas,
3403 3469 3455 3512 et
3487 3463 3660 3512 incor—

2076 3559 2228 3617 rupta
2279 3548 2594 3602 fecunditas.
2625 3549 2776 3614 Quod
2819 3551 2960 3604 enim
3010 3550 3096 3604 illa
3145 3551 3338 3604 meruit
3384 3551 3433 3604 in
3477 3566 3658 3618 carne,

2078 3639 2196 3694 ιιωο
2221 3641 2454 3694 servavit
2484 3641 2534 3694 in
2569 3651 2750 3696 mente
2779 3659 2792 3694 :
2822 3641 2920 3695 nisi
2949 3642 3089 3710 quod
3131 3643 3215 3696 illa
3247 3643 3451 3712 peperit
3477 3659 3658 3707 unum,

2079 3728 2193 3784 haec
2233 3731 2370 3800 parit
2399 3731 2614 3794 multos,
2648 3732 2700 3786 in
2741 3748 2902 3786 unum
2929 3735 3327 3804 congregandos
3354 3751 3448 3804 per
3477 3753 3658 3790 tmtnn.

2151 3821 2204 3874 5.
2229 3819 2334 3876 Cur
2363 3821 2591 3877 Christus
2611 3823 2664 3876 in
2683 3839 2839 3877 carne
2859 3825 3009 3878 venit.
3035 3824 3130 3878 1110
3159 3833 3242 3879 est
3269 3841 3396 3894 ergo
3425 3825 3539 3880 dies
3559 3842 3665 3894 quo

2080 3914 2226 3968 venit
2261 3913 2314 3967 in
2349 3914 2622 3980 mundum,
2663 3931 2762 3986 per
2784 3931 2941 3984 quem
2968 3915 3137 3971 factus
3161 3927 3244 3972 est
3270 3918 3532 3980 mundus;
3561 3936 3665 3988 quo

2081 4019 2240 4058 carne
2279 4003 2448 4059 factus
2480 4014 2564 4059 est
2607 4021 2856 4074 praisens,
2889 4007 3078 4060 virtute
3121 4023 3388 4077 nunquam
3431 4011 3619 4063 absens
3651 4030 3664 4064 :

2083 4097 2201 4162 quia
2233 4096 2282 4147 in
2331 4095 2428 4148 hoc
2461 4097 2658 4152 mundo
2701 4107 2832 4160 erat,
2882 4107 2936 4152 et
2975 4099 3023 4151 in
3056 4115 3149 4153 sua
3191 4102 3352 4154 venit.
3389 4101 3439 4154 ln
3471 4103 3667 4156 mutulo

2082 4197 2219 4255 erat,
2245 4182 2340 4243 scd
2384 4192 2638 4244 tnundum
2678 4191 2873 4246 latebat
2900 4207 2912 4244 :
2941 4193 3061 4261 quia
3091 4192 3176 4246 lux
3205 4193 3412 4247 lucebat
3439 4196 3490 4247 itt
3525 4205 3672 4249 tene-

2084 4279 2217 4344 bris,
2249 4287 2306 4335 et
2335 4295 2451 4334 eam
2477 4281 2712 4336 tenebrtn
2740 4297 2846 4337 non
2870 4283 3396 4352 comprehendebant
3421 4283 3598 4354 (Joan.
3629 4302 3668 4348 t,

2086 4371 2174 4436 10,
2209 4373 2294 4436 11,
2335 4372 2415 4445 5).
2441 4372 2598 4429 Venit
2621 4391 2748 4443 ergo
2779 4375 2830 4429 in
2870 4391 3050 4438 carne,
3078 4378 3256 4430 carnis
3296 4377 3419 4431 vitia
3449 4379 3667 4431 munda-

2085 4471 2255 4517 turus.
2291 4463 2444 4518 Venit
2479 4465 2528 4518 in
2558 4465 2857 4520 ntedicinali
2886 4475 3025 4522 terra
3055 4469 3095 4533 ¹,
3122 4469 3262 4522 ιιιι(10
3294 4479 3499 4521 curaret
3530 4470 3669 4522 intc-

2084 4554 2256 4608 riores
2298 4555 2481 4610 oculos
2530 4563 2764 4621 nostros,
2808 4572 2942 4625 quos
2967 4559 3198 4612 exterior
3227 4568 3400 4611 nostra
3434 4574 3669 4610 exezrea—

2084 4656 2233 4702 verat
2259 4657 2399 4702 terra
2423 4665 2435 4701 :
2459 4657 2518 4702 ut
2543 4648 2622 4703 eis
2649 4649 2870 4714 sanatis,
2899 4650 2986 4718 qui
3012 4651 3203 4703 fuimus
3227 4659 3379 4703 antea
3411 4649 3667 4716 teuehrm,

2087 4737 2174 4792 lux
2203 4737 2495 4793 efﬁciamur
2524 4739 2574 4794 in
2616 4740 2842 4795 Domino
2889 4740 3100 4810 (Ep/tes.
3143 4758 3191 4806 v,
3226 4741 3314 4809 8);
3348 4752 3399 4794 et
3429 4759 3530 4794 non
3562 4743 3669 4809 jam

2087 4828 2174 4882 lux
2211 4829 2263 4882 in
2289 4829 2525 4884 tenebris
2548 4831 2723 4886 luceat
2759 4847 2993 4900 prtesens
3026 4832 3353 4897 absentibus,
3385 4832 3474 4884 sed
3507 4848 3671 4901 appa-

2087 4930 2202 4975 reat
2237 4932 2381 4977 certa
2411 4925 2775 4980 cernentibus.
2806 4925 2886 4980 Ad
2919 4925 3018 4978 hoc
3054 4927 3310 4994 processit
3349 4943 3576 4994 sponsus
3607 4927 3674 4980 de

2089 5016 2326 5070 thalamo
2368 5031 2488 5081 suo,
2534 5027 2588 5071 et
2632 5017 2913 5071 exsultavit
2957 5025 3014 5070 ιιι
3056 5017 3202 5086 gigas
3249 5017 3312 5070 ad
3357 5018 3672 5071 currendum

2088 5108 2230 5161 viam
2265 5105 2433 5178 (Psal.
2465 5123 2614 5172 xvttt,
2643 5107 2721 5178 6).
2749 5106 3030 5177 Speciosus
3067 5116 3123 5159 ut
3165 5121 3410 5175 sponsus,
3445 5106 3593 5160 fortis
3621 5118 3676 5160 ut

2087 5199 2256 5269 gigas,
2287 5198 2533 5252 amabtlis
2561 5207 2618 5254 et
2655 5198 2925 5262 terribilis,
2959 5212 3177 5253 severus
3203 5207 3258 5252 et
3286 5214 3527 5265 serenus,
3557 5201 3677 5270 pul-

2089 5289 2218 5344 cher
2243 5289 2416 5354 bonis,
2445 5303 2601 5360 asper
2628 5289 2802 5352 malis,
2844 5303 3066 5343 manens
3109 5289 3160 5342 in
3199 5289 3320 5343 sinu
3352 5289 3542 5356 Patris,
3577 5293 3678 5345 im-

2155 5444 2171 5474 ¹
2193 5441 2330 5505 aditi,
2354 5440 2595 5505 medicine.
2615 5439 2665 5491 in
2689 5446 2885 5490 terram.
2914 5449 2968 5491 At
2989 5443 3181 5505 optimm
3205 5449 3332 5492 noue
3367 5443 3689 5496 Floriaceusis

2090 5509 2193 5556 Με..
2236 5502 2286 5552 in
2310 5502 2585 5568 medieinali
2607 5510 2755 5552 terra.
2778 5506 2920 5568 cujus
2959 5502 3102 5568 etiam
3131 5505 3308 5568 codicis
3337 5518 3450 5568 ope,
3480 5507 3528 5554 in
3548 5509 3684 5556 'erius

2092 5569 2261 5639 verba,
2288 5565 2530 5639 Speciosus
2568 5572 2615 5614 ut
2635 5564 2869 5639 Δ(ςρᾳηιιηηῇ,
2894 5564 3031 5628 fartis
3057 5573 3104 5616 ut
3125 5567 3291 5639 gigas;
3315 5564 3532 5639 itemque
3558 5568 3684 5628 lucc,

2092 5624 2326 5694 labitur-ct
2350 5627 2398 5675 in
2422 5624 2571 5694 nobis,
2598 5633 2646 5694 i't
2667 5627 2730 5676 ml
2763 5624 2952 5678 Putrem
2975 5624 3289 5690 prmeéiléns;
3323 5642 3432 5694 qua:
3452 5624 3509 5678 in
3531 5624 3684 5680 excu-

2091 5702 2160 5736 Sis
2181 5690 2410 5747 deerant,
2428 5703 2510 5738 res
2533 5690 2742 5739 ituitutts.
