3996 6454
419 300 553 357 1019

414 415 575 484 ptcvit
603 421 811 469 uterum
834 411 1034 468 matris.
1063 411 1121 467 In
1139 424 1245 483 quo
1264 408 1519 477 thalamo,
1550 408 1609 466 id
1629 417 1732 478 est,
1756 408 1989 481 Virginis

413 515 587 570 utero,
635 516 820 558 natura
867 503 1044 558 divina
1091 502 1194 557 sibi
1235 502 1504 572 copulavit
1544 501 1874 556 humanam:
1903 499 1997 561 ubi

416 596 655 652 Verbum
674 611 801 651 caro
829 596 1021 650 factum
1044 603 1126 651 est
1155 610 1253 666 pro
1279 594 1453 663 nobis,
1480 602 1585 651 uta
1610 602 1784 652 matre
1802 608 1996 669 proce-

410 687 566 750 dens,
595 686 857 740 habitaret
886 686 938 739 in
978 685 1132 742 nobis
1157 682 1338 758 (Joan.
1369 700 1407 752 I,
1447 685 1571 757 Ib);
1596 694 1654 742 ut
1676 685 1745 744 ad
1783 688 1997 744 Patrem

412 774 742 845 praecedens,
769 774 853 830 ubi
884 774 1183 831 habitamus
1210 782 1475 846 praeparet
1492 775 1669 835 nobis.
1691 779 1842 835 lluoc
1867 793 2001 850 ergo

409 867 549 921 dicm
594 866 701 921 limi
733 866 1044 922 solemniter
1069 866 1441 937 celebremus;
1477 878 1532 927 et
1550 880 1805 928 aeternum
1832 872 1995 940 diem,

410 973 507 1027 per
554 973 675 1012 eum
723 958 813 1028 qui
861 958 1014 1013 nobis
1055 964 1294 1019 mternus
1335 959 1388 1019 in
1433 970 1671 1036 tempore
1705 972 1860 1019 natus
1892 973 1997 1032 est,

410 1048 639 1105 ﬁdeliter
664 1057 997 1120 cmptemus.

853 1141 1087 1202 senato
1148 1144 1353 1202 cxcvu
1394 1150 1414 1172 ·
1458 1144 1554 1220 (a).

917 1241 968 1286 In
989 1235 1135 1287 Natali
1157 1238 1356 1299 Domini,
1383 1251 1484 1288 xm.

477 1313 711 1376 CAPUT
749 1319 1030 1378 PRIMUM.
1051 1350 1125 1363 —
1142 1323 1192 1377 I.
1225 1320 1411 1376 Christi
1429 1322 1707 1377 nativitates
1726 1322 1842 1377 dum
1858 1330 1995 1377 sunt.

413 1409 583 1466 Filius
626 1412 734 1465 sine
772 1411 918 1466 initio
949 1428 1145 1484 semper
1183 1413 1378 1482 genitus
1415 1429 1448 1464 α
1483 1411 1657 1488 Patre.
1706 1413 1998 1467 llodiernus

414 1501 530 1557 dies
552 1500 753 1557 Natalis
792 1502 1002 1558 Domini
1048 1504 1214 1556 nostri
1254 1502 1380 1558 Jesu
1419 1502 1615 1559 Christi
1645 1503 1796 1557 nobis
1837 1502 2003 1559 festus

417 1594 609 1651 illuxit.
633 1593 835 1650 Natalis
851 1594 986 1660 dies,
1008 1610 1115 1663 quo
1140 1602 1293 1649 natus
1318 1602 1400 1648 est
1424 1592 1558 1648 dies.
1590 1594 1659 1648 Et
1682 1594 1801 1648 ideo
1822 1594 2001 1660 hodie,

415 1685 539 1754 quia
586 1702 650 1739 ex
705 1686 962 1742 hodierno
1008 1687 1203 1741 crescit
1248 1686 1383 1740 dics.
1438 1686 1749 1741 Nativitates
1795 1688 2002 1742 Domini

417 1777 582 1831 nostri
608 1776 735 1832 Jesu
762 1778 978 1843 Christi,
1010 1777 1129 1831 dum
1149 1785 1309 1842 sunt;
1336 1792 1441 1831 una
1468 1777 1666 1842 divina,
1700 1778 1862 1832 altera
1899 1778 2001 1831 hu-

417 1882 572 1927 mana
600 1886 614 1922 :
645 1868 814 1922 amhm
843 1868 1139 1931 mirabiles;
1170 1868 1258 1922 illa
1302 1869 1421 1923 sine
1459 1866 1650 1923 femina
1682 1877 1871 1934 matre,
1904 1870 2003 1922 ista

418 1960 537 2015 sine
560 1960 675 2013 viro
702 1968 870 2028 patre.
903 1959 1054 2025 Quod
1084 1961 1159 2015 ait
1178 1970 1394 2015 sanctus
1417 1960 1574 2015 Isaias
1602 1962 1877 2029 propheta,
1906 1959 2008 2014 Ge-

418 2052 725 2106 nerationem
749 2051 858 2123 ejus
887 2052 1000 2123 quis
1023 2050 1275 2105 enarrabit
1296 2051 1450 2121 (lsai.
1473 2068 1584 2119 LIII,
1614 2051 1705 2124 8)?
1726 2053 1792 2107 ad
1820 2053 2004 2109 ambas

423 2142 792 2211 generationes
826 2141 1009 2196 referri
1048 2152 1242 2213 potest.
1269 2143 1397 2211 Quis
1422 2143 1578 2214 digne
1605 2154 1813 2199 enarret
1839 2160 2002 2215 gene-

420 2242 629 2288 rautem
660 2232 828 2288 Deum
856 2233 911 2288 ³2
937 2233 1069 2301 Quis
1093 2233 1251 2302 digne
1275 2245 1489 2288 enarret
1515 2235 1730 2305 virginis
1759 2236 2005 2305 partum?

422 2324 555 2378 Illud
592 2325 710 2380 sine
730 2324 836 2391 die,
867 2324 966 2381 hoc
994 2334 1142 2381 certo
1167 2326 1290 2382 die:
1320 2334 1604 2397 utrumque
1632 2328 1745 2383 sine
1775 2328 2003 2383 humana

422 2418 794 2482 aestimatione,
821 2427 875 2472 ot
901 2432 1022 2473 cum
1067 2433 1256 2488 magna
1297 2418 1660 2473 admiratione.
1706 2419 1853 2475 Illam
1902 2421 2008 2489 pri-

423 2522 565 2565 mam
591 2509 843 2563 attendite
871 2510 1267 2578 generationem
1313 2528 1327 2564 :
1358 2508 1424 2563 In
1452 2510 1700 2581 principio
1738 2522 1843 2565 erat
1879 2510 2008 2566 Ver-

425 2598 562 2665 bum,
584 2609 631 2654 et
670 2599 880 2656 Verbum
906 2610 1014 2655 erat
1041 2602 1183 2672 apud
1215 2601 1394 2665 Detmt,
1423 2613 1469 2656 et
1494 2601 1632 2658 Deus
1657 2616 1765 2659 erat
1792 2603 2010 2659 Verbum

428 2690 609 2763 (Joan.
655 2706 693 2755 ι,
740 2692 815 2760 I).
864 2692 1026 2761 Cujus
1072 2692 1337 2748 Verbum!
1394 2694 1562 2762 Ipsius
1612 2696 1803 2752 Patris.
1858 2697 2011 2765 Quod

425 2782 699 2840 Verbum?
734 2781 853 2852 Ipse
884 2783 1068 2839 Filius.
1111 2784 1387 2856 Nunquam
1417 2786 1573 2841 Pater
1599 2789 1713 2843 sine
1752 2788 1903 2842 Filio.
1946 2789 2011 2844 Et

426 2886 605 2933 tamen
635 2876 722 2945 qui
756 2892 1024 2945 nunquam
1054 2879 1172 2933 sine
1198 2878 1353 2942 Filio,
1393 2880 1570 2949 genuit
1598 2879 1811 2934 Filium.
1841 2880 1906 2934 Et
1929 2897 2012 2951 ge-

428 2967 564 3027 nuit,
597 2974 651 3018 et
690 2980 796 3019 non
839 2967 1019 3035 coepit.
1061 2965 1189 3023 Sine
1226 2968 1374 3022 initio
1409 2979 1660 3037 generato
1701 2970 1902 3024 nullum
1930 2981 2014 3027 est

428 3057 659 3112 initium.
690 3058 759 3112 Et
795 3068 972 3115 tamen
1006 3060 1189 3124 Filius,
1222 3070 1275 3116 et
1305 3069 1480 3116 tamen
1512 3064 1737 3131 genitus.
1768 3065 2013 3120 Dicturus

428 3155 514 3209 est
558 3147 717 3202 homo
761 3167 772 3200 :
804 3148 1084 3217 Quomodo
1111 3152 1339 3220 genitus.
1371 3161 1424 3205 et
1453 3169 1558 3206 non
1587 3154 1743 3208 habet
1773 3155 2015 3210 initium?

427 3236 483 3293 Si
511 3237 739 3306 genitus,
764 3237 923 3294 habet
948 3241 1150 3295 initium
1184 3260 1196 3294 :
1229 3243 1274 3296 si
1307 3258 1410 3297 non
1440 3244 1598 3298 habet
1627 3245 1852 3315 initium,
1882 3265 2014 3319 quo-

428 3328 591 3384 modo
618 3329 861 3399 genitus?
886 3331 1184 3400 Quomodo,
1223 3335 1422 3389 nescio.
1462 3336 1666 3404 Quaeris
1703 3338 1770 3392 ab
1800 3338 2014 3396 homine

430 3420 699 3491 quomodo
727 3421 796 3476 sit
818 3422 1025 3492 genitus
1054 3423 1228 3480 Deus?
1251 3425 1665 3498 Interrogatione
1688 3440 1769 3484 tua
1801 3431 2009 3498 laboro;

428 3510 523 3565 sed
550 3510 867 3580 Propltetam
894 3513 1101 3581 appello
1125 3531 1139 3565 :
1164 3513 1541 3570 Generationem
1567 3520 1675 3589 ejus
1692 3522 1802 3589 quis
1818 3539 2017 3577 enarra-

430 3600 537 3654 bit?
552 3600 679 3657 Veni
698 3616 904 3657 mecum
920 3603 985 3658 ad
1005 3604 1157 3659 istam
1174 3608 1566 3675 generationem
1588 3609 1741 3665 Imma
1750 3615 2014 3679 nam,veni

429 3707 640 3748 mecum
667 3693 734 3748 ad
762 3694 939 3761 istam,
965 3696 1018 3750 in
1051 3712 1152 3766 qua
1182 3712 1240 3752 se
1285 3698 1454 3767 ipsum
1479 3701 1766 3756 esinauivit
1794 3704 2013 3760 formam

428 3785 571 3840 servi
612 3786 879 3857 accipiens
909 3806 921 3839 :
952 3788 995 3842 si
1027 3787 1164 3844 forte
1194 3791 1273 3845 vel
1306 3792 1472 3861 ipsam
1507 3809 1698 3861 capere
1729 3797 2011 3864 possimus,

430 3875 476 3935 si
522 3874 659 3932 forte
686 3876 769 3931 vel
808 3876 878 3933 de
921 3879 1033 3947 ipsa
1076 3879 1270 3949 aliquid
1301 3882 1441 3951 loqui
1471 3885 1757 3939 valeamus.
1809 3887 2013 3941 Etenim

429 3969 549 4038 quis
582 3969 777 4039 capiat,
810 3970 910 4036 Qui
933 3987 1046 4024 cum
1075 3972 1129 4027 in
1161 3972 1326 4041 forma
1357 3973 1448 4027 Dei
1475 3985 1618 4040 esset,
1652 3992 1752 4030 non
1788 3978 2013 4048 rapinam

430 4059 702 4115 arbitratus
753 4070 827 4116 est
875 4078 982 4118 esse
1027 4064 1236 4131 manalis
1288 4064 1444 4119 Deo?
1485 4066 1612 4135 Quis
1662 4069 1763 4124 hoc
1813 4072 2017 4139 capiat?

432 4152 553 4220 quis
583 4151 685 4208 hoc
709 4151 866 4222 digne
894 4154 1129 4224 cogitet?
1153 4156 1319 4228 Cujus
1353 4173 1504 4212 mens
1545 4160 1645 4213 hoc
1671 4160 1865 4215 audeat
1891 4178 2013 4232 per-

432 4243 700 4298 scrutari?
726 4242 887 4313 Cujus
917 4244 1089 4315 lingua
1113 4247 1305 4302 audeat
1333 4250 1714 4317 pronuntiare?
1737 4251 1901 4320 Cujus
1926 4268 2015 4304 va-

433 4332 542 4388 lcat
580 4333 830 4403 cogitatio
862 4336 1088 4404 capere?
1135 4337 1347 4391 Interim
1379 4338 1480 4393 hoc
1506 4340 1850 4399 omittamus;
1883 4342 2017 4395 mul-

433 4435 545 4480 tum
575 4425 743 4481 estad
769 4442 888 4482 nos.
930 4427 998 4483 Ut
1020 4436 1201 4484 autem
1239 4445 1342 4484 non
1381 4431 1602 4485 multum
1630 4440 1771 4488 esset
1807 4432 1871 4487 ad
1896 4448 2011 4499 nos,

432 4517 756 4587 semetipsum
778 4518 1066 4583 exinanivit,
1099 4519 1318 4588 formant
1344 4521 1474 4575 servi
1501 4524 1773 4594 accipiens,
1801 4524 1853 4577 in
1877 4524 2018 4577 simi-

432 4607 697 4664 litudinem
725 4608 987 4665 honustum
1012 4614 1177 4682 factus
1212 4610 1469 4683 (Philipp.
1513 4629 1571 4680 tt,
1601 4614 1656 4681 6,
1684 4615 1762 4685 7).
1792 4614 1933 4671 Ubi?
1958 4615 2013 4671 In

433 4698 640 4769 virgine
681 4698 864 4754 Maria.
914 4698 1041 4757 Inde
1078 4715 1207 4772 ergo
1242 4702 1436 4774 aliquid
1486 4704 1781 4774 loquamur,
1809 4706 1852 4759 si
1880 4706 2017 4763 forte

434 4804 737 4859 possumus.
784 4792 1017 4862 Angelus
1060 4795 1285 4859 nuntiat,
1335 4794 1490 4866 virgo
1530 4796 1695 4861 audit,
1728 4798 1913 4865 credit,
1960 4809 2021 4855 et-

434 4882 685 4951 concipit.
719 4882 878 4940 Fides
909 4885 960 4939 in
989 4895 1190 4954 mente,
1229 4886 1473 4943 Christus
1520 4887 1572 4941 in
1617 4897 1822 4944 ventre.
1854 4890 2017 4962 Virgo

435 4974 701 5049 concepit,
753 4975 1023 5032 miramini
1054 4994 1068 5031 :
1100 4978 1250 5048 virgo
1292 4979 1517 5049 peperit,
1547 4979 1666 5049 plus
1699 4981 1963 5038 miramini
1999 5004 2011 5039 :

435 5074 558 5135 post
607 5075 839 5136 partum,
889 5069 1038 5140 virgo
1087 5071 1394 5140 permansit.
1439 5070 1846 5131 Generationem
1888 5092 2015 5148 ergo

437 5155 593 5212 istam
624 5158 743 5227 quis
762 5161 1068 5216 enarrabit?

504 5246 732 5304 CAPUT
766 5249 833 5304 ll.
859 5277 931 5293 --
955 5250 1008 5304 2.
1058 5248 1180 5305 Tres
1202 5251 1318 5306 vitta
1335 5293 1350 5317 ,
1380 5254 1684 5326 conjugalis,
1704 5256 1941 5323 vidualis,
1970 5267 2015 5311 et

434 5339 716 5410 virginalis,
740 5339 941 5397 Christo
965 5350 1287 5398 attestaretur.
1317 5345 1446 5401 Dico
1473 5347 1614 5416 quod
1641 5363 1735 5403 vos
1752 5348 1974 5405 delectet
1993 5392 2007 5417 ,

500 5476 516 5505 ι
541 5473 678 5532 mliti,
700 5482 980 5545 generatim;
1021 5484 1190 5528 Deum
1218 5484 1275 5545 at
1313 5478 1514 5545 Regium
1550 5479 1801 5543 exemplar
1826 5515 1842 5540 ,
1886 5485 2013 5545 quod

431 5544 583 5605 unum
604 5537 878 5605 reperimus
897 5538 1041 5601 hujus
1062 5541 1317 5601 sermonis,
1336 5537 1502 5605 ha'bet,
1519 5537 2013 5605 quaerentem/seum.

500 5600 517 5615 '
537 5594 727 5670 anitum
748 5597 889 5670 hugus
909 5594 1149 5670 sermonis
1178 5594 1429 5667 exemplar
1451 5594 1683 5667 scriptun
1724 5605 2010 5667 invenimus,

433 5664 759 5724 pra-terquem
775 5662 827 5724 in
852 5663 998 5724 Regio
1016 5662 1160 5724 libro.

495 5719 567 5782 (α)
592 5719 729 5781 Alias,
757 5720 820 5769 de
845 5719 1053 5773 Diversis
1073 5724 1153 5775 59.

1649 292 1706 351 δ.
1737 284 2105 351 Αυϐυετικι
2140 288 2451 353 EPISCOI’I

2105 409 2425 467 eharissimi.
2463 407 2598 465 Tres
2635 408 2758 464 vitae
2791 415 2915 464 sunt
2957 408 3012 465 in
3040 406 3276 466 Ecclesia
3321 410 3686 469 membrorum

2099 501 2692 573 Christizconjugalis,
2736 500 2997 570 vidualis,
3041 502 3332 573 virginalis.
3372 503 3509 572 Quia
3556 505 3688 574 ipsa:

2098 593 2256 663 vltra,
2284 595 2414 665 ipsae
2440 593 2703 666 pudicitia:
2723 592 2913 648 futurie
2941 601 3095 649 erant
3121 593 3176 648 in
3204 594 3401 649 sanctis
3429 594 3690 650 membris

2099 685 2335 752 Christi;
2366 700 2553 742 omnes
2595 684 2712 740 ista:
2751 685 2874 739 vitae
2921 693 3031 740 tres
3073 692 3336 739 attestatm
3374 692 3499 739 sunt
3528 683 3688 739 Chri-

2099 785 2261 834 stum.
2285 778 2461 833 Prima
2480 820 2496 845 ,
2528 778 2820 849 coniugalis
2846 795 2860 831 :
2888 777 3100 850 quando
3132 776 3295 832 Maria
3315 777 3465 848 virgo
3489 792 3686 832 conce-

2100 869 2208 940 pit,
2239 869 2510 924 Elisabeth
2559 884 2695 924 uxor
2748 868 3016 923 Zachariae
3061 876 3119 922 et
3172 868 3283 938 ipsa
3327 877 3684 938 conceperat;

2102 961 2261 1032 hujus
2287 961 2493 1017 Judicis
2521 976 2821 1031 praeconem
2863 959 3068 1016 ferebat
3110 960 3166 1015 iu
3211 966 3383 1017 utero.
3425 956 3588 1017 Venit
3617 961 3689 1016 ad

2101 1069 2221 1110 eam
2247 1064 2428 1110 sancta
2455 1055 2617 1109 Maria
2635 1095 2649 1116 ,
2679 1062 2930 1123 tanquam
2960 1052 3026 1107 ad
3050 1060 3329 1123 cognatam
3358 1066 3511 1107 suam
3541 1053 3691 1107 salu-

2103 1145 2336 1200 tandam.
2391 1143 2687 1200 Exsultavit
2733 1143 2906 1198 infans
2955 1143 3008 1198 in
3057 1152 3209 1197 utero
3252 1141 3545 1197 Elisabeth.
3594 1141 3693 1197 Illo

2102 1235 2415 1296 exsultavit,
2447 1234 2535 1290 illa
2564 1233 2916 1303 prophetavit.
2950 1231 3127 1287 Habes
3153 1239 3491 1287 attestantem
3533 1231 3693 1302 pudi-

2102 1325 2279 1380 citiam
2318 1324 2673 1395 coniugalem.
2717 1322 2818 1381 Ubi
2863 1321 3207 1378 vidualian
3247 1324 3421 1377 Anna.
3450 1322 3692 1377 Audistis

2103 1418 2262 1473 modo
2299 1431 2417 1472 cum
2462 1415 2801 1486 Evangelium
2833 1413 3114 1484 legeretur,
3145 1412 3288 1484 quod
3328 1421 3472 1468 esset
3497 1421 3689 1469 sancta

2105 1507 2437 1578 prophetissa
2464 1506 2514 1559 vi
2534 1508 2616 1559 tua
2642 1505 2910 1576 octoginta
2931 1513 2984 1560 et
3006 1514 3237 1574 quatuor
3256 1518 3543 1570 annorum,
3564 1518 3689 1574 qum

2105 1608 2307 1668 septem
2337 1598 2491 1654 annis
2516 1598 2719 1652 vixerat
2744 1611 2865 1651 cum
2882 1596 3000 1650 viro
3021 1612 3154 1663 suo;
3180 1597 3523 1667 frequentans
3549 1607 3690 1651 tem-

2106 1691 2252 1760 plum
2275 1689 2502 1753 Domini,
2525 1688 2762 1743 serviens
2788 1688 2841 1741 in
2869 1688 3200 1743 orationibus
3226 1696 3381 1744 nocte
3407 1698 3462 1743 et
3481 1687 3591 1743 die.
3621 1687 3694 1743 Et

2107 1780 2219 1848 ipsa
2249 1778 2404 1832 vidua
2445 1778 2658 1847 agnovit
2684 1776 2976 1831 Christum.
3010 1776 3152 1831 Vidit
3192 1791 3444 1846 parvum,
3471 1778 3697 1847 agnovit

2105 1885 2375 1939 magnum.
2410 1870 2473 1923 Et
2498 1869 2607 1938 ipsa
2638 1877 2881 1923 attestata
2913 1877 3012 1924 est.
3043 1868 3216 1923 Ilabes
3240 1870 3376 1925 et'in
3398 1869 3497 1924 ista
3526 1871 3695 1925 vitam

2106 1960 2392 2015 vitlualem.
2439 1960 2496 2014 In
2538 1960 2698 2014 Maria
2718 2002 2733 2026 ,
2761 1960 3071 2030 virginalem
3116 1958 3267 2029 (Luc.
3298 1969 3382 2014 tet
3409 1960 3493 2029 tt).
3520 1960 3699 2031 Eligat

2107 2052 2207 2106 sibi
2236 2052 2457 2121 quisque
2480 2050 2549 2105 de
2570 2051 2687 2105 istis
2708 2051 2876 2104 tribus
2904 2066 3060 2120 quam
3084 2052 3329 2105 voluerit.
3362 2046 3464 2118 Qui
3496 2061 3699 2120 praeter

2108 2145 2235 2200 istas
2253 2160 2372 2200 esse
2394 2144 2639 2209 voluerit,
2667 2144 2719 2197 in
2746 2143 2997 2198 membris
3016 2141 3215 2197 Christi
3239 2156 3359 2198 esse
3379 2158 3484 2197 non
3507 2142 3697 2211 dispo-

2111 2239 2207 2293 nit.
2254 2236 2370 2293 Non
2413 2235 2598 2291 dicant
2650 2235 3116 2305 conjugatze:Nos
3159 2234 3224 2288 ad
3267 2233 3533 2289 Christum
3587 2251 3699 2290 non

2112 2329 2459 2398 pertinemus.
2490 2326 2801 2381 Ilabuerunt
2841 2324 3061 2379 maritos
3089 2335 3289 2379 sancta:
3316 2325 3547 2379 feminas.
3576 2325 3699 2380 Non

2111 2435 2171 2475 se
2194 2419 2449 2473 extollant
2477 2418 2727 2486 virgines.
2757 2416 2967 2484 Quanto
2996 2424 3381 2485 magnmgsunt,
3410 2415 3705 2472 humilient

2115 2529 2174 2569 se
2196 2516 2247 2568 in
2278 2513 2528 2569 omnibus
2559 2511 2744 2584 (Ecch'.
2777 2529 2834 2567 ut
2854 2556 2870 2579 ,
2894 2512 3007 2583 20).
3030 2511 3218 2567 Omnia
3244 2511 3484 2582 exempla
3510 2511 3705 2566 salutis

2114 2605 2381 2674 proposita
2420 2614 2546 2659 sunt
2582 2612 2706 2658 ante
2733 2604 2917 2659 oculos
2952 2611 3187 2658 nostros.
3215 2601 3384 2658 Nemo
3407 2602 3702 2657 exorbitet.

2116 2695 2282 2750 Nemo
2322 2703 2515 2763 prtetcr
2542 2708 2803 2749 uxorem:
2837 2693 3023 2748 melius
3054 2694 3175 2748 sine
3218 2708 3404 2749 uxore.
3447 2693 3502 2749 Si
3541 2693 3709 2763 pudi-

2115 2787 2291 2840 citiam
2336 2786 2666 2856 coniugalem
2712 2785 2938 2856 quaeris;
2967 2784 3132 2841 habes
3171 2786 3470 2840 Susannam
3502 2787 3588 2842 :si
3618 2788 3708 2842 vi-

2115 2877 2356 2941 dualem;
2382 2877 2546 2931 habes
2573 2877 2777 2931 Annam
2800 2876 2876 2931 :si
2896 2876 3238 2947 virginalem;
3272 2877 3434 2932 habes
3457 2876 3716 2933 Mariam.

2187 2969 2413 3026 CAPUT
2439 2967 2523 3022 IlI.
2544 2999 2617 3010 -—
2634 2969 2688 3025 3.
2719 2967 2852 3023 Deus
2872 2968 3033 3022 nostri
3052 2984 3205 3022 causa
3224 2969 3411 3039 infans.
3445 2967 3710 3024 Dominus

2117 3060 2272 3116 Jesus
2301 3059 2462 3114 homo
2489 3074 2611 3113 esse
2638 3059 2805 3113 voluit
2835 3070 3048 3129 propter
3075 3074 3189 3113 nos.
3218 3058 3333 3113 Non
3361 3059 3581 3114 vilescat
3606 3060 3712 3116 mi-

2118 3149 2406 3204 sericordia
2438 3167 2450 3201 :
2474 3138 2618 3216 jacet
2638 3150 2692 3203 in
2721 3159 2858 3203 terra
2891 3147 3181 3219 Sapientia.
3210 3147 3277 3204 In
3310 3151 3563 3221 principio
3590 3161 3706 3206 erat

2130 3241 2363 3306 Verbum,
2388 3250 2435 3295 et
2464 3240 2679 3295 Verbum
2699 3249 2806 3295 erat
2827 3242 2966 3312 apud
2989 3240 3170 3307 Deum,
3197 3251 3245 3295 et
3268 3240 3406 3296 Deus
3432 3221 3545 3296 erat
3574 3240 3711 3296 Ver-

2120 3334 2254 3388 bum.
2301 3332 2347 3388 0
2374 3334 2524 3387 cibus
2565 3342 2621 3389 et
2662 3333 2813 3402 panis
2839 3334 3159 3403 Angelorum
3188 3333 3292 3389 :de
3321 3343 3373 3388 te
3416 3335 3716 3405 implentur

2120 3424 2339 3495 Angeli,
2367 3425 2435 3479 de
2481 3435 2531 3479 te
2577 3424 2856 3487 satiantur,
2881 3433 2936 3480 et
2970 3424 3399 3489 nonfastidiunt;
3432 3426 3499 3481 de
3544 3436 3598 3481 te
3623 3428 3710 3481 vi-

2117 3525 2276 3577 vunt,
2304 3515 2372 3570 de
2399 3524 2451 3569 te
2477 3516 2719 3584 sapiunt,
2751 3514 2820 3570 de
2849 3527 2900 3571 te
2930 3515 3068 3570 beati
3103 3525 3246 3571 sunt.
3276 3516 3375 3572 Ubi
3402 3532 3462 3572 es
3488 3527 3715 3588 propter

2121 3608 2243 3662 me?
2270 3605 2326 3660 In
2356 3606 2655 3660 diversorio
2701 3617 2955 3675 angusto,
2989 3605 3042 3660 in
3088 3607 3277 3675 pannis
3299 3648 3312 3672 ,
3340 3607 3389 3660 in
3419 3609 3711 3677 praesepio.

2122 3698 2344 3766 Propter
2368 3697 2564 3766 quem?
2590 3696 2689 3763 Qui
2718 3697 2850 3766 regit
2890 3695 3065 3750 sidera
3087 3737 3101 3761 ,
3125 3696 3265 3766 sugit
3290 3697 3452 3750 ubera
3478 3713 3492 3749 :
3518 3697 3715 3767 implet

2118 3789 2384 3857 Angelos,
2414 3789 2552 3842 fatur
2597 3788 2649 3842 iu
2695 3788 2813 3842 sinu
2844 3787 3019 3842 Patris
3039 3829 3052 3851 ,
3081 3796 3217 3841 tacet
3262 3787 3314 3840 in
3345 3788 3465 3841 sinu
3495 3791 3711 3846 matris.

2119 3880 2223 3936 Sed
2249 3882 2519 3937 locuturus
2542 3890 2622 3934 est
2642 3888 2977 3948 competente
2998 3887 3176 3944 atate,
3198 3880 3509 3950 impleturus
3533 3881 3715 3935 Evan-

2117 3972 2311 4042 gelium
2342 3973 2515 4027 nobis.
2541 3970 2760 4038 Propter
2784 3984 2886 4023 nos
2910 3984 3185 4040 passurus,
3216 3978 3433 4039 propter
3459 3986 3560 4025 nos
3589 3988 3716 4029 mo-

2123 4065 2347 4127 riturus,
2374 4061 2446 4130 ad
2487 4059 2789 4128 exemplum
2834 4060 3038 4129 praemii
3080 4061 3245 4115 nostri
3276 4070 3713 4129 resurrecturus,

2119 4163 2246 4207 ante
2289 4151 2475 4208 oculos
2520 4151 2900 4220 discipulorum
2949 4152 3002 4205 in
3029 4152 3220 4207 caelum
3247 4166 3572 4208 ascensurus
3594 4196 3610 4221 ,
3644 4156 3718 4209 ad

2116 4243 2372 4312 judicium
2395 4243 2463 4296 de
2483 4242 2621 4297 coelo
2646 4251 2924 4299 venturus.
2953 4242 3092 4297 Ecce
3111 4242 3279 4312 quiin
3310 4245 3537 4313 praesepi
3560 4243 3718 4313 jace-

2119 4337 2241 4400 hat,
2271 4334 2565 4389 diminutus
2586 4343 2667 4389 est
2685 4376 2700 4401 ,
2732 4333 2823 4389 scd
2845 4349 2950 4388 non
2979 4333 3205 4404 perdidit
3230 4336 3545 4403 sezacccpit
3564 4337 3717 4405 quod

2121 4443 2225 4483 non
2251 4435 2385 4494 erat,
2413 4426 2507 4481 sed
2535 4428 2730 4481 mansit
2753 4427 2893 4497 quod
2920 4436 3055 4481 erat.
3088 4426 3221 4482 Ecce
3251 4427 3505 4483 habemus
3534 4427 3720 4484 infan-

2121 4528 2226 4575 tem
2251 4517 2542 4582 Christum,
2572 4533 2875 4574 crescamus
2893 4534 3015 4575 cum
3042 4519 3151 4575 illo.

2187 4610 2415 4667 CAPUT
2456 4610 2546 4664 IV.
2589 4639 2664 4652 ι-
2704 4610 2765 4664 4:
2795 4608 3132 4665 Calendarum
3169 4610 3536 4665 Ianuariarum
3573 4614 3719 4668 sole-

2121 4703 2301 4757 mnitas
2324 4701 2687 4774 superstitiosa.
2716 4700 2857 4757 Salis
2887 4701 3002 4756 haec
3045 4703 3151 4756 sint
3195 4701 3456 4757 Charitati
3484 4713 3711 4760 vestrm.

2119 4793 2254 4860 Quia
2282 4793 2480 4847 multos
2506 4793 2592 4846 hic
2616 4791 2772 4846 video
2800 4798 3017 4861 propter
3039 4792 3453 4859 solemnitatem,
3484 4805 3712 4865 oportet

2121 4894 2180 4937 ut
2232 4885 2425 4939 dicam.
2467 4884 2714 4940 Calendis
2759 4884 3024 4939 lanuarim
3067 4895 3303 4941 ventura-
3344 4895 3489 4942 sunt.
3544 4886 3728 4943 Citri-

2120 4977 2414 5032 stianiestis
2425 4992 2633 5043 omnes;
2656 4977 2763 5031 Deo
2778 4978 3025 5048 propitio,
3044 4976 3327 5033 christiana
3353 4988 3436 5033 est
3450 4979 3643 5035 civitas
3663 4982 3684 5013 ⁸
3707 5019 3723 5033 .

2186 5117 2201 5147 ι
2229 5115 2403 5179 negius
2443 5120 2547 5173 Ms.,
2584 5112 2846 5179 (lirium
2867 5112 3017 5176 estis;
3059 5113 3329 5179 onmisrL‘eo
3356 5115 3577 5179 propitio,
3601 5127 3713 5170 etc.

2139 5178 2210 5223 οι)
2232 5176 2336 5239 ha-c
2354 5189 2384 5239 a
2421 5176 2666 5224 nonnullis
2707 5177 2991 5233 dubitatum,
3030 5189 3144 5239 nam
3172 5178 3250 5225 hic
3289 5176 3530 5239 genuinus
3564 5176 3717 5234 Esset

2121 5236 2366 5300 augustini
2410 5250 2600 5296 sermo,
2653 5243 2681 5281 α’
2708 5242 2771 5286 Eo
2809 5239 2938 5345 quod
2969 5254 2992 5283 ι
3032 5238 3253 5301 inquiunt
3275 5236 3359 5295 [ι
3404 5241 3548 5289 etiam
3587 5250 3718 5297 tunc

2129 5317 2150 5345 ι
2175 5301 2465 5345 Μειιιὶριιίῡος.
2489 5301 2770 5345 Donatistas.
2796 5313 2822 5345 a
2846 5301 2975 5345 i:.sve
3014 5299 3270 5345 haereticos
3291 5299 3504 5345 Hippone
3545 5314 3717 5345 msh-

2129 5317 2150 5345 ι
2175 5301 2465 5362 tinnientem,
2489 5301 2770 5362 Donatistas,
2796 5299 2975 5347 aliisve
3014 5299 3270 5349 haereticos
3291 5299 3504 5362 Hippone
3545 5314 3717 5357 crsu-

2128 5361 2290 5424 {lisse
2331 5358 2581 5424 probabile
2632 5362 2709 5409 sit.
2739 5377 2761 5405 ι)
2816 5367 2957 5424 Recte
3001 5362 3061 5424 id
3096 5362 3293 5424 quidem
3334 5358 3392 5410 si
3424 5360 3501 5413 hic
3541 5372 3720 5418 catho-

2121 5421 2233 5481 lica,
2267 5419 2381 5479 non,
2412 5419 2676 5472 carissima
2702 5427 2772 5472 est
2808 5421 2989 5480 civitas,
3034 5419 3296 5472 diceretur.
3331 5423 3422 5475 sed
3458 5425 3576 5475 nihil
3613 5441 3719 5480 ve-

2123 5492 2190 5555 tat
2211 5485 2487 5555 _quominus
2526 5484 2763 5555 stanicltmi
2786 5519 2801 5544 ,
2834 5485 3105 5555 Donatista:
3143 5484 3285 5555 aliive
3326 5486 3717 5555 hzerctici,_qm

2118 5546 2285 5609 Christi
2308 5558 2482 5595 nomen
2508 5553 2592 5609 aut
2615 5552 2912 5609 venerantur
2931 5556 3012 5609 aut
3033 5547 3175 5609 susci;
3194 5547 3315 5605 ium,
3336 5551 3426 5597 sub
3441 5546 3717 5605 chrisitia'no

2122 5608 2313 5655 nomine
2347 5607 2834 5673 comprehendantur.
2861 5612 2956 5673 {mo
2992 5608 3081 5655 hoc
3103 5607 3191 5673 eos
3218 5610 3391 5673 lassim
3412 5614 3719 5673 augustioris

2119 5675 2283 5715 uenat.
2310 5670 2625 5738 Quotlautetn
2652 5676 2835 5731 lutant,
2865 5671 3063 5738 fortasse
3088 5669 3238 5738 etiam
3256 5671 3318 5718 ibi
3340 5669 3551 5733 t‘agan'os
3569 5678 3715 5738 egis-

2122 5742 2197 5787 se,
2222 5741 2355 5777 ItlL‘l‘il
2385 5737 2457 5778 est
2488 5730 2779 5793 conjectura.
2811 5732 2900 5781 and
2926 5739 2974 5781 ut
3010 5734 3097 5781 hoc
3121 5730 3571 5794 largistnur,vccrte
3600 5730 3718 5797 {ne
