3996 6436
495 300 634 358 1035

492 433 730 502 lucrum,
761 442 816 491 et
859 433 1293 507 quadrupedum,
1324 443 1377 491 et
1424 438 1772 508 serpentium.
1808 452 1847 494 ἰ
1896 441 1963 498 Ει
2010 458 2078 498 ne

493 529 772 599 quisquam
803 542 988 583 eorum
1024 526 1258 595 diceret,
1287 527 1401 584 Non
1432 529 1773 587 simulacrum
1795 533 1913 588 colo
1933 576 1949 600 ,
1983 535 2078 591 sed

493 616 637 687 quod
664 616 964 686 signiﬁcant
988 617 1268 673 simulacra
1293 635 1307 684 ;
1340 618 1564 687 subjecit
1587 622 1763 677 statim
1785 665 1799 684 .
1825 623 1889 678 Et
1907 625 2078 680 colue-

494 715 634 770 runt,
659 716 705 761 et
726 708 1002 762 servierunt
1022 717 1267 764 creatura:
1291 710 1461 781 potius
1481 729 1633 781 quant
1654 713 1880 769 Creatori
1898 716 2074 787 (Rom.

491 813 533 867 ι,
566 798 633 854 i8
664 798 776 870 25).
802 798 1086 871 lntelligite
1107 800 1413 872 prudenter.
1438 804 1544 860 Aut
1569 806 1911 862 simulacrum
1934 809 2075 864 enim

490 889 699 958 colunt,
728 900 820 946 aut
840 901 1160 947 creaturam.
1187 893 1285 961 Qui
1306 894 1649 950 simulacrum
1673 898 1818 963 colit,
1852 914 2077 954 conver-

490 981 555 1035 tit
584 983 862 1037 veritatem
905 984 1002 1039 Dei
1050 984 1101 1038 in
1146 985 1501 1040 mendacium.
1536 985 1669 1042 Nam
1700 1004 1847 1044 mare
1886 990 2078 1044 veritas

490 1080 601 1138 est;
632 1071 906 1143 Neptunus
926 1084 1126 1141 autem,
1155 1076 1487 1132 mendacium
1520 1076 1713 1132 factum
1739 1078 1807 1134 ab
1840 1078 2074 1149 homine,

492 1175 749 1217 conversa
777 1164 1001 1219 veritate
1029 1165 1120 1220 Dei
1147 1164 1199 1220 in
1228 1165 1560 1221 mendacium
1590 1185 1603 1220 :
1632 1169 1752 1239 quia
1786 1168 1926 1224 Deus
1954 1170 2078 1227 fecit

491 1267 672 1319 mare;
706 1254 866 1315 homo
904 1265 1113 1320 autem,
1146 1256 1486 1313 simulacrum
1511 1257 1759 1329 Neptuni.
1786 1260 1905 1325 Sic,
1937 1261 2076 1318 Deus

491 1343 620 1401 fecit
647 1346 815 1401 solem
848 1346 1047 1402 :homo
1074 1357 1251 1403 autem
1282 1349 1622 1406 simulacrum
1646 1351 1772 1405 solis
1800 1351 2038 1408 iaciendo
2057 1393 2074 1421 ,

490 1435 757 1490 convertit
781 1436 1053 1491 veritatem
1071 1437 1165 1493 Dei
1187 1439 1238 1493 in
1268 1437 1623 1494 mendacium.
1657 1440 1761 1496 Sed
1786 1457 1853 1496 ne
1874 1441 2072 1511 dicant,

500 1522 618 1579 Non
660 1525 779 1581 colo
821 1526 1202 1596 simulacrum,
1234 1528 1329 1584 sed
1367 1529 1534 1585 solem
1562 1530 1866 1605 colo,_ideo
1905 1532 2070 1602 dixit,

493 1612 767 1668 Coluerunt
791 1625 1069 1669 creaturam
1089 1618 1256 1687 potius
1281 1634 1430 1689 quam
1453 1617 1739 1675 Creatorem
1767 1620 1869 1693 (a).

562 1703 620 1758 2.
658 1703 766 1761 Sed
805 1706 1022 1761 forsitan
1058 1706 1198 1763 dicet
1237 1708 1469 1779 aliquis:
1496 1710 1609 1766 Etsi
1652 1712 1765 1782 ipse
1807 1711 2076 1770 humiliter

491 1804 652 1851 natus
672 1806 775 1860 est,
804 1796 861 1851 in
883 1797 1263 1868 discipulorum
1287 1799 1562 1857 nobilitate
1582 1801 1787 1871 jactare
1811 1819 1868 1858 se
1887 1803 2071 1859 voluit.

491 1885 609 1942 Non
640 1888 801 1958 elegit
829 1904 1002 1959 reges,
1029 1898 1119 1944 aut
1147 1899 1443 1959 senatores,
1471 1898 1562 1948 aut
1592 1894 1951 1966 philosophos,
1984 1906 2075 1953 aut

491 1986 734 2034 oratores
764 1996 777 2034 :
807 1979 913 2034 imo
950 1995 1079 2036 vero
1122 1981 1282 2053 elegit
1323 1983 1577 2055 plebeios,
1611 2000 1892 2056 pauperes,
1925 1988 2073 2042 indo-

491 2078 629 2135 ctos,
670 2070 979 2141 piscatores.
1016 2062 1206 2128 Petrus
1250 2075 1502 2144 piscator,
1543 2077 1834 2148 Cyprianus
1870 2090 2069 2137 orator.

490 2155 602 2213 Nisi
646 2158 872 2216 ﬁdeliter
910 2161 1236 2230 praecederet
1265 2164 1511 2233 piscator,
1548 2180 1651 2221 non
1683 2167 1952 2225 humiliter
1988 2186 2073 2226 se-

491 2258 745 2317 queretur
772 2260 973 2305 orator.
1000 2250 1117 2306 Non
1153 2252 1221 2309 de
1250 2268 1308 2309 se
1332 2255 1608 2326 quisquam
1644 2255 1890 2328 deSperet
1923 2261 2071 2331 ahje-

474 2324 611 2393 ﬁctus
640 2356 654 2392 :
686 2347 865 2395 teneat
899 2339 1203 2410 Christum,
1236 2351 1293 2399 et
1330 2358 1453 2414 spes
1472 2324 1602 2416 chus
1640 2324 1771 2402 falsa
1808 2364 1912 2403 non
1947 2324 2067 2418 erit,

494 2436 601 2483 etc.
631 2428 729 2499 (ιι).
1844 2432 1847 2435 ’

558 2519 614 2574 5.
654 2519 791 2587 Quid
829 2520 1039 2576 volebat
1062 2522 1265 2590 Simon,
1304 2524 1406 2580 nisi
1447 2525 1648 2583 laudari
1687 2528 1739 2583 in
1778 2530 2068 2600 miraculis,

486 2609 669 2665 extolli
706 2612 990 2681 superbia?
1011 2612 1125 2684 Ipsa
1154 2615 1295 2670 enim
1326 2632 1447 2671 eum
1473 2619 1743 2689 compulit,
1768 2632 1822 2675 ut
1847 2624 2068 2693 pecunia

487 2700 771 2755 emendum
794 2711 1005 2773 putaret
1027 2703 1223 2759 donum
1249 2704 1474 2777 Spiritus
1499 2709 1666 2763 sancti
1691 2708 1824 2781 (Act.
1845 2727 1956 2776 vni,
1980 2713 2066 2777 l8,

487 2788 603 2860 19).
625 2789 721 2845 Cui
749 2792 1011 2861 superbiae
1039 2794 1339 2851 contrarius
1365 2798 1671 2867 Apostolus,
1696 2799 1746 2853 in
1775 2799 2070 2858 humilitate

486 2882 770 2947 manendo,
798 2882 850 2936 in
880 2884 1100 2939 meridie
1129 2884 1343 2941 fervens
1372 2889 1580 2958 spiritu,
1605 2890 1812 2961 fulgens
1836 2894 2068 2962 pruden-

488 2971 585 3035 tia,
612 2972 741 3026 dicit
767 2990 779 3027 :
806 2973 983 3042 Neque
1008 2977 1092 3044 qui
1118 2978 1312 3045 plantat
1350 2990 1421 3033 est
1450 2982 1668 3051 aliquid,
1705 3000 1861 3053 neque
1886 2988 1970 3055 qui
1999 2989 2070 3041 ri-

488 3068 616 3129 gat;
640 3060 728 3114 sed
747 3062 835 3132 qui
858 3064 1217 3119 incrementum
1239 3069 1327 3121 dat
1350 3067 1505 3123 Deus.
1532 3072 1662 3136 Quia
1692 3072 1895 3129 dixerat
1921 3095 1934 3130 :
1959 3076 2068 3149 Ego

487 3147 744 3218 plantavi,
777 3151 959 3221 Apollo
987 3154 1207 3225 rigavit;
1235 3158 1324 3210 sed
1351 3156 1490 3212 Deus
1529 3160 1886 3217 incrementum
1933 3147 2067 3222 dedit

491 3238 533 3309 (I
558 3236 677 3294 Cor.
699 3256 774 3304 Ill,
800 3243 852 3309 7,
876 3243 954 3313 6).
974 3244 1042 3299 Et
1066 3248 1255 3302 iterum
1280 3265 1293 3302 :
1319 3248 1586 3323 Numquid
1606 3251 1803 3310 Paulus
1822 3274 1914 3327 pro
1933 3261 2068 3317 vobis

493 3332 767 3401 cruci/ins
797 3343 869 3389 est
885 3336 912 3390 7
934 3346 1023 3390 aut
1050 3339 1102 3392 in
1130 3342 1331 3395 nomine
1356 3339 1510 3397 Pauli
1539 3344 1775 3416 baptizuti
1798 3351 1914 3405 estis
1941 3351 2063 3425 (Id.

486 3434 528 3489 ι,
559 3420 686 3495 l3)?
715 3423 843 3481 Vide
869 3429 1135 3497 quomodo
1173 3446 1232 3486 se
1268 3433 1369 3489 coli
1409 3437 1612 3506 respuit
1638 3453 1735 3509 pro
1755 3420 1983 3509 Christo,
2013 3453 2068 3501 et

487 3528 595 3569 non
632 3516 746 3571 vult
789 3532 848 3573 se
890 3520 1166 3577 fornicauti
1198 3525 1388 3579 animm
1426 3536 1693 3585 ostentare
1724 3547 1818 3601 pro
1845 3548 2062 3605 sponso.

487 3602 675 3660 Nonne
699 3623 945 3679 magnum
972 3611 1182 3668 videtur
1209 3613 1448 3685 plantare
1472 3626 1527 3672 et
1554 3620 1760 3689 rigare?
1780 3602 1890 3679 Sed
1912 3643 2067 3699 neque

485 3698 576 3767 qui
614 3700 809 3770 plantat
836 3712 908 3757 est
952 3703 1174 3775 aliquid,
1212 3723 1370 3777 neque
1393 3709 1481 3780 qui
1509 3711 1658 3782 rigat.
1687 3713 1964 3782 Quomodo
1988 3698 2065 3775 ti-

484 3791 655 3845 muit?
679 3791 795 3848 Non
827 3809 885 3850 se
914 3794 1041 3850 dicit
1069 3798 1266 3868 aliquid
1295 3799 1361 3854 ad
1391 3800 1613 3858 salutem
1640 3819 1826 3862 eorum
1848 3825 1982 3881 quos
2010 3812 2062 3867 in

483 3880 698 3939 Christo
720 3886 984 3943 :ediﬁcare
1009 3890 1257 3959 cupiebat
1295 3892 1389 3963 (ε).

555 3973 609 4027 4.
651 3973 758 4029 Nec
787 3976 898 4045 ipse
929 3977 1214 4048 Apostolus
1239 3981 1403 4036 voluit
1432 3981 1484 4037 in
1515 3997 1572 4040 se
1598 3987 1721 4055 poni
1757 4004 1935 4058 spem,
1968 3993 2061 4049 sed

487 4060 542 4117 in
574 4064 793 4120 veritate
819 4082 975 4136 quam
1004 4061 1369 4127 annuntiabat.
1401 4074 1550 4140 Quod
1584 4093 1679 4146 per
1708 4080 1876 4150 ipsum
1913 4084 2060 4141 dice-

482 4155 639 4210 batur
655 4160 843 4213 melius
860 4173 993 4226 erat,
1013 4179 1168 4232 quam
1197 4165 1309 4233 ipse
1337 4156 1430 4237 per
1455 4185 1611 4238 quem
1634 4154 2059 4234 adnuntiabatur.

480 4243 623 4301 Licet
660 4249 704 4303 si
744 4266 864 4312 nos.
902 4252 1088 4322 inquit.
1125 4246 1316 4310 Parum
1346 4267 1456 4324 est,
1490 4260 1610 4315 audi
1640 4267 1910 4334 sequentia
1936 4285 1949 4322 :
1974 4279 2062 4325 aut

480 4338 718 4407 angelus,
734 4340 923 4410 inquit,
946 4344 1009 4397 de
1028 4346 1151 4400 coelo
1170 4350 1541 4405 annuntiaverit
1557 4353 1691 4409 vobis
1714 4357 1909 4429 aliquid
1930 4378 2061 4431 pra:-

481 4438 708 4493 terquam
736 4433 872 4500 quod
896 4436 1177 4502 accepistis,
1207 4439 1473 4494 anathema
1499 4444 1562 4495 sit
1588 4443 1784 4513 (Colat.
1810 4465 1845 4515 I,
1868 4450 1945 4522 8).
1976 4451 2062 4507 Vi-

478 4517 636 4573 debat
678 4532 835 4589 posse
879 4523 1068 4579 falsum
1115 4529 1460 4585 mediatorem
1502 4536 1872 4607 transﬁgurare
1903 4517 1968 4595 se
2005 4541 2057 4597 in

478 4610 721 4679 angelum
767 4610 922 4679 lucis,
966 4622 1021 4669 et
1064 4617 1263 4687 aliquid
1308 4621 1495 4676 falsum
1540 4628 1874 4683 annuntiare.
1915 4631 2061 4688 Sicut

481 4717 610 4771 ergo
639 4705 852 4774 superbi
881 4706 1123 4764 homines
1149 4711 1334 4767 volunt
1363 4729 1420 4769 se
1440 4716 1646 4771 adorari
1680 4736 1772 4788 pro
1800 4722 1926 4789 Deo,
1958 4724 2058 4780 sibi

479 4809 729 4866 arrogare
758 4800 1012 4870 quidquid
1049 4814 1302 4873 possunt,
1344 4822 1403 4862 se
1444 4809 1732 4879 nominari,
1772 4821 1825 4867 et
1862 4815 1907 4868 si
1945 4815 2057 4874 ﬁeri

477 4894 671 4954 potest,
695 4887 963 4946 Christum
982 4893 1153 4962 ipsum
1175 4896 1340 4966 gloria
1367 4901 1587 4954 transire
1613 4920 1625 4954 :
1649 4902 1716 4956 ita
1742 4904 1980 4963 diabolus
2003 4919 2059 4967 et

481 4976 646 5046 angeli
688 4979 821 5047 ejus.
862 4983 1119 5038 Donatum
1152 4987 1437 5043 Donatista:
1468 5006 1562 5059 pro
1589 4991 1799 5048 Christo
1840 4995 2052 5056 habent.

472 5067 529 5125 Si
581 5072 797 5128 audiant
843 5077 1072 5146 aliquem
1118 5096 1379 5151 paganum
1429 5076 1791 5144 detrahentem
1822 5090 2053 5165 Christo,

476 5160 693 5215 forsitan
714 5166 976 5232 patienter
1002 5168 1191 5240 ferant,
1214 5188 1369 5242 quam
1390 5172 1436 5228 si
1456 5177 1671 5232 audiant
1691 5160 2054 5243 detrahentth

474 5247 677 5305 Donato
716 5255 816 5325 (d).
911 5265 921 5275 ‘

543 5342 598 5398 5.
638 5344 769 5413 Quia
812 5348 925 5419 ipse
954 5349 1203 5409 Christus
1233 5355 1464 5427 loquitur
1497 5358 1547 5416 in
1578 5364 1779 5421 sanctis
1807 5367 1936 5438 suis,
1967 5369 2050 5426 di-

627 5564 692 5630 l_£x
720 5562 893 5630 eodem
907 5555 1077 5624 serm.,
1101 5555 1226 5618 Beda
1250 5555 1304 5620 et
1322 5555 1569 5624 ndidi

558 5623 607 5689 ρ)
629 5626 692 5689 Bx
720 5623 892 5689 eodem
915 5623 1086 5686 εει-ηιξ,
1111 5630 1231 5680 Beda
1257 5640 1307 5681 et
1329 5632 1448 5684 Flor.
1473 5623 1533 5686 ad
1548 5623 1708 5689 mihi.

552 5500 609 5570 ξι)
628 5503 694 5570 gs
714 5500 888 5570 eodem
910 5515 1080 5564 serm.,
1104 5506 1228 5570 Beda
1254 5516 1305 5559 et
1327 5508 1491 5561 Florus
1511 5513 1570 5563 ad
1592 5521 1730 5566 tcor.
1757 5534 1792 5570 ι.

531 5495 612 5744 ii

634 5687 698 5733 Ex
733 5688 909 5735 eodem
928 5699 1099 5749 senm,
1128 5692 1250 5742 Beda
1273 5700 1323 5745 et
1346 5695 1466 5746 Flor.
1487 5699 1546 5747 ad
1567 5687 1749 5754 Gal.rv.

1730 302 1783 361 s.
1826 286 2191 363 AUGUSTth
2230 303 2536 369 EPISCOPI

3634 315 3752 375 i021

2188 432 2344 480 cente
2368 424 2649 495 Apostolo,
2683 425 2760 480 An
2790 426 3179 495 experimentum
3206 429 3430 501 φατε-ἰῆς
3457 431 3565 502 ejus
3592 433 3677 502 qui
3700 435 3748 489 in

2186 530 2267 569 me
2296 517 2519 587 loquitur
2551 516 2776 573 Christus
2803 519 2822 589 (
2847 519 2887 574 11
2915 519 3032 575 Cor.
3067 536 3179 588 xm,
3206 523 3309 594 3)?
3336 524 3397 578 Et
3436 524 3560 579 licet
3590 526 3742 594 dicat,

2188 604 2368 679 Neque
2391 608 2478 678 qui
2505 609 2701 679 plantat
2727 621 2803 665 est
2831 611 3044 682 aliquid,
3072 629 3228 685 neque
3253 615 3341 685 qui
3365 617 3534 686 rigat;
3564 616 3653 671 sed
3673 624 3749 688 qui

2183 695 2540 752 incrementum
2566 699 2653 752 dat
2687 699 2859 766 Deus;
2889 716 2992 756 non
3022 703 3141 773 quia
3181 719 3240 759 se
3279 705 3473 774 ipsum,
3503 707 3598 762 sed
3635 710 3747 777 quia

2185 786 2334 843 illum
2379 790 2429 844 in
2475 805 2534 847 se
2573 791 2717 862 diligi
2759 792 2965 850 volebat
2994 811 3009 848 :
3039 794 3280 863 perhibet
3307 805 3487 852 tamen
3517 800 3749 853 testimo-

2183 877 2328 932 nium
2362 879 2698 949 quibnsdam,
2727 880 2932 948 dicens,
2963 881 3094 948 Quia
3118 884 3249 937 sicut
3276 887 3509 955 angelum
3538 885 3636 941 Dei
3662 905 3745 943 er-

2183 966 2386 1035 cepistis
2419 984 2516 1033 me,
2543 970 2667 1022 sicut
2695 968 2953 1024 Christum
2984 971 3205 1043 Jesum(
3236 972 3405 1027 Galat.
3438 991 3509 1043 Iv,
3540 978 3608 1033 H
3631 976 3672 1050 ).
3704 978 3750 1033 lu

2182 1055 2433 1111 omnibus
2464 1071 2592 1127 ergo
2619 1059 2816 1113 sanctis
2844 1061 2954 1116 suis
2980 1061 3095 1130 ipse
3121 1072 3205 1117 est
3227 1064 3512 1133 amandus,
3530 1068 3618 1136 qui
3646 1069 3751 1124 ait:

2186 1143 2406 1213 Esuriri,
2435 1155 2482 1201 et
2509 1148 2715 1204 dedistis
2741 1136 2864 1203 mihi
2886 1152 3191 1207 manducare
3213 1153 3234 1224 (
3259 1153 3443 1209 Matth.
3469 1174 3603 1224 xxv,’
3621 1159 3691 1215 35
3710 1159 3745 1228 ).

2181 1234 2295 1290 Non
2337 1238 2479 1292 enim
2524 1238 2617 1313 ait,
2667 1239 2893 1299 Dedistis
2940 1242 3043 1297 illis
3094 1261 3107 1297 :
3160 1245 3290 1313 sed,
3333 1246 3553 1303 Dedistis
3607 1252 3748 1305 mihi.

2181 1325 2347 1381 Tanta
2377 1337 2457 1383 est
2485 1330 2713 1386 Charitas
2735 1332 2923 1402 capitis
2947 1348 3069 1404 erga
3096 1348 3289 1404 corpus
3316 1352 3469 1393 suum
3511 1340 3622 1410 (a)!

2252 1416 2304 1470 6.
2345 1416 2481 1484 Quid
2526 1427 2608 1473 est
2647 1419 2822 1475 Juno?
2846 1421 3004 1489 Juno,
3051 1424 3315 1494 inquiunt,
3358 1416 3441 1483 est
3490 1444 3601 1485 aer.
3633 1427 3748 1487 Jatn

2179 1504 2380 1562 dudum
2410 1509 2663 1565 invitabat
2687 1520 2743 1565 ut
2770 1527 2917 1567 mare
2934 1513 3236 1571 coleremus
3259 1516 3312 1571 in
3335 1518 3622 1575 simulacro
3653 1523 3749 1577 tel-

2179 1596 2311 1653 luris
2337 1616 2351 1652 :
2374 1615 2521 1655 nunc
2543 1601 2728 1657 invitat
2753 1612 2809 1657 ut
2835 1618 3013 1659 aerem
3042 1607 3297 1662 colamus.
3325 1609 3599 1665 Elementa
3629 1620 3752 1669 sunt

2179 1688 2297 1754 ista,
2330 1691 2519 1760 quibus
2544 1693 2780 1749 mundus
2818 1695 2918 1751 iste
2953 1697 3215 1753 consistit.
3249 1698 3358 1754 Hoc
3385 1715 3513 1772 ergo
3539 1713 3751 1772 aposto-

2178 1780 2262 1836 lus
2285 1782 2479 1838 Paulus
2509 1784 2560 1839 in
2592 1786 2828 1855 Epistola
2853 1803 2943 1843 sua
2973 1805 3275 1861 proponens
3297 1808 3311 1845 :
3333 1790 3530 1860 Cavete,
3559 1796 3749 1867 inquit,

2178 1888 2244 1929 ne
2262 1876 2374 1945 quis
2395 1891 2482 1929 vos
2509 1877 2726 1947 decipiat
2753 1896 2843 1950 per
2871 1881 3241 1952 philosophiam
3277 1893 3324 1937 et
3359 1886 3559 1940 inanem
3592 1888 3752 1959 falla-

2177 1966 2328 2033 ciam,
2359 1969 2630 2023 secundum
2656 1969 2900 2025 elementa
2929 1973 3103 2027 mundi
3130 1973 3285 2044 hujus
3310 1974 3328 2044 (
3354 1975 3546 2031 Coloss.
3569 1993 3629 2041 tt,
3662 1978 3695 2034 8
3714 1980 3751 2049 ).

2179 2055 2327 2127 Ipsos
2350 2060 2489 2115 enim
2520 2061 2782 2131 tangebat,
2813 2063 2900 2132 qui
2929 2065 3076 2134 quasi
3105 2066 3449 2135 prudentibus
3486 2068 3623 2123 idola
3662 2086 3753 2124 ex-

2177 2159 2397 2218 ponunt.
2448 2151 2570 2206 Ideo
2615 2166 2735 2207 cum
2781 2153 2980 2209 diceret
3023 2147 3429 2226 philosophiam;
3465 2158 3517 2212 in
3558 2159 3753 2215 eodem

2176 2239 2295 2293 loco
2323 2241 2424 2308 ait,
2451 2242 2724 2296 secundum
2758 2244 2999 2299 elementa
3028 2240 3187 2317 hujus
3224 2249 3431 2305 mundi:
3463 2266 3568 2305 non
3598 2255 3750 2321 quasi

2175 2331 2587 2403 qualescumque
2636 2335 2942 2392 adoratores
2992 2338 3415 2406 simulacrorum,
3460 2342 3553 2398 sed
3598 2346 3752 2415 quasi

2175 2421 2442 2478 doctiores
2496 2425 2930 2497 interpretatores
2989 2429 3259 2502 signorum
3312 2433 3578 2491 cavendos
3641 2452 3756 2494 esse

2174 2513 2484 2569 adtnnnens.

2618 2606 2847 2663 SERMO
2881 2607 3133 2666 CXCVIII
3159 2614 3177 2635 θ
3203 2612 3302 2683 (ὁ).

2639 2747 2706 2790 De
2722 2740 2942 2792 Calendis
2957 2744 3205 2807 Januariis,
3236 2759 3287 2794 ιι.

2248 2860 2301 2914 1.
2344 2860 2651 2916 Solemuitus
2690 2861 3026 2918 Calendarum
3058 2864 3450 2923 Ianuariarum.
3484 2868 3755 2927 Admone-

2173 2964 2293 3004 mus
2318 2951 2639 3006 Charitatem
2668 2962 2915 3018 vestram,
2947 2954 3169 3023 fratres,
3200 2960 3447 3026 quoniam
3478 2975 3578 3015 vos
3603 2962 3753 3033 quasi

2171 3043 2481 3099 solemnitcr
2506 3043 2665 3099 hodie
2693 3048 3004 3102 convenisse
3026 3050 3406 3118 conspicimus,
3435 3062 3488 3106 et
3511 3053 3585 3107 ad
3618 3055 3753 3110 hunc

2172 3135 2311 3190 diem
2356 3137 2514 3190 solito
2551 3135 2877 3207 frequentius
2905 3152 3290 3212 congregatos;
3316 3154 3379 3199 ut
3401 3146 3754 3204 memineritis

2172 3224 2313 3295 quod
2344 3227 2502 3280 modo
2530 3228 2803 3296 cantastis,
2837 3244 2904 3285 ne
2931 3230 3000 3285 sit
3025 3231 3199 3302 lingua
3226 3242 3571 3304 perstrepens
3593 3238 3753 3293 corde

2171 3325 2356 3380 muto;
2384 3316 2476 3391 sed
2503 3317 2645 3386 quod
2671 3320 2924 3376 sonuistis
2945 3337 3074 3377 voce
3108 3323 3173 3378 ad
3211 3339 3367 3380 aures
3393 3326 3626 3383 invicem
3665 3344 3753 3384 ve—

2170 3413 2331 3470 stras,
2358 3406 2598 3462 clametis
2626 3409 2818 3464 aﬁectu
2845 3409 2913 3465 ad
2941 3427 3094 3480 aures
3116 3412 3227 3467 Dei.
3255 3414 3367 3472 Hoc
3389 3417 3531 3471 enim
3564 3427 3752 3475 canta-

2169 3493 2309 3549 batis
2334 3514 2348 3549 :
2373 3495 2531 3550 Salva
2550 3513 2661 3563 nos,
2683 3496 2900 3554 Domine
2923 3499 3061 3556 Deus
3086 3512 3270 3567 noster,
3295 3521 3548 3579 congrege:
3573 3524 3667 3563 nos
3686 3508 3749 3564 de

2170 3588 2429 3657 Gentibus,
2460 3601 2513 3644 ut
2541 3593 2870 3661 conﬁteantur
2893 3595 3083 3651 nomini
3116 3608 3291 3655 sancto
3319 3607 3405 3653 tuo
3440 3600 3460 3671 (
3486 3599 3638 3656 Psat.
3665 3617 3751 3667 cv,

2166 3680 2281 3753 47).
2306 3681 2371 3736 Et
2396 3681 2558 3741 modo
2586 3683 2629 3736 si
2661 3684 2971 3757 solemnitas
2996 3685 3264 3754 Gentium,
3296 3706 3415 3761 qua:
3445 3691 3503 3745 lit
3532 3691 3754 3747 hodier-

2168 3786 2239 3826 no
2264 3771 2350 3828 die
2380 3774 2432 3827 in
2471 3774 2649 3828 laetitia
2687 3777 2868 3831 saeculi
2895 3788 3053 3849 atque
3077 3781 3296 3849 carnali,
3324 3783 3375 3836 in
3405 3785 3636 3854 strepitu
3666 3801 3758 3840 va-

2167 3864 2502 3919 nissimarum
2529 3874 2583 3921 et
2614 3866 3039 3936 turpissimarum
3062 3873 3388 3939 cantionum,
3411 3875 3464 3929 in
3486 3877 3754 3932 conviviis

2167 3965 2226 4014 et
2252 3956 2620 4014 saltationibus
2647 3960 2909 4031 turpibus,
2940 3962 2991 4016 in
3019 3964 3374 4021 celebratione
3401 3967 3575 4037 ipsius
3600 3968 3756 4025 falsa:

2166 4046 2487 4111 festivitatis,
2510 4050 2553 4104 si
2578 4065 2640 4105 ea
2664 4066 2784 4121 qua:
2804 4063 2968 4124 agunt
2987 4055 3187 4112 Gentes
3208 4072 3313 4114 non
3334 4074 3430 4114 vos
3452 4059 3753 4127 delectent,

2166 4138 2609 4210 congregabimini
2641 4156 2704 4195 ex
2730 4143 3003 4201 (Sentibus.

2238 4230 2294 4282 2.
2335 4228 2602 4298 Separatio
2635 4241 2808 4286 nostra
2844 4249 2877 4285 a
2906 4233 3142 4290 Gentibus
3167 4235 3453 4292 Christiana
3478 4239 3609 4308 ﬁde,
3643 4256 3755 4310 spe,

2166 4329 2216 4376 et
2258 4319 2520 4375 charitate.
2554 4319 2661 4376 Vos
2704 4332 2850 4378 certe
2892 4326 3216 4395 cantavistis,
3255 4337 3312 4383 et
3355 4329 3533 4385 adhuc
3585 4331 3759 4386 divini

2167 4413 2358 4469 cantici
2374 4429 2534 4468 sonus
2560 4428 2751 4471 recens
2779 4423 2860 4469 est
2884 4416 2936 4470 in
2963 4417 3177 4473 auribus
3201 4420 3412 4487 vestris,
3442 4420 3610 4477 Salva
3641 4438 3756 4486 nos,

2164 4504 2384 4560 Domine
2409 4504 2547 4561 Deus
2573 4515 2759 4573 noster,
2786 4517 2833 4562 et
2860 4524 3108 4581 congrege
3132 4527 3222 4565 nos
3240 4512 3304 4565 de
3323 4511 3590 4570 Gentibus.
3626 4515 3763 4583 Quis

2164 4603 2343 4663 potest
2380 4597 2685 4666 congregari
2723 4595 2792 4652 de
2824 4597 3102 4667 Gentibus,
3133 4600 3231 4655 nisi
3270 4617 3393 4657 cum
3439 4605 3497 4657 ﬁt
3534 4606 3763 4661 salvus?

2165 4684 2265 4753 Qui
2294 4700 2422 4756 ergo
2449 4686 2741 4742 miscentur
2767 4687 3044 4755 Gentibus,
3070 4691 3202 4745 salvi
3227 4708 3332 4748 nun
3357 4703 3508 4758 sunt;
3539 4697 3765 4752 salvan-

2165 4782 2249 4828 tur
2274 4785 2451 4830 autem
2480 4776 2570 4845 qui
2600 4788 2989 4849 congregantur
3011 4781 3077 4836 de
3096 4780 3375 4848 Gentibus,
3395 4783 3576 4842 salute
3608 4787 3763 4852 ﬁdei,

2162 4865 2334 4921 salute
2379 4867 2516 4938 spei,
2567 4868 2739 4924 salute
2793 4871 3166 4927 sincerissima:
3214 4874 3523 4942 charitatis,
3581 4879 3769 4934 salute.

2163 4957 2422 5025 spirituali
2448 5000 2462 5023 ,
2506 4959 2673 5014 salute
2702 4960 3081 5030 promissorum
3124 4965 3237 5019 Dei.
3266 4966 3363 5033 Qui
3391 4983 3519 5037 ergo
3553 4971 3763 5034 credit,

2160 5057 2371 5117 Sperat,
2410 5060 2465 5104 et
2504 5060 2667 5118 amat,
2701 5068 2805 5106 non
2837 5056 3088 5110 continuo
3129 5058 3306 5112 salvus
3344 5056 3618 5116 dicendus
3658 5073 3765 5118 est.

2161 5137 2386 5194 Interest
2410 5141 2549 5195 enim
2579 5142 2701 5212 quid
2731 5144 2933 5211 credat,
2962 5146 3087 5214 quid
3115 5157 3313 5216 speret,
3342 5158 3397 5204 et
3424 5150 3554 5220 quid
3586 5163 3764 5209 amet.

2159 5228 2330 5285 Nemo
2344 5231 2540 5301 quippe
2562 5232 2686 5287 vivit
2714 5233 2763 5288 in
2793 5250 3124 5306 quacumque
3144 5238 3266 5301 vita,
3292 5240 3408 5294 sine
3432 5241 3617 5298 tribus
3647 5243 3771 5298 istis

2159 5320 2349 5374 animm
2391 5322 2776 5388 aﬁ‘ectionihns,
2810 5326 3082 5391 credendi,
3121 5329 3389 5399 sperandi,
3420 5334 3676 5387 amandi.
3710 5334 3768 5390 Si

2159 5425 2267 5467 non
2314 5412 2490 5468 credis
2533 5414 2675 5484 quod
2719 5415 2946 5472 credunt
2970 5416 3189 5484 Gentes,
3225 5436 3328 5477 non
3371 5437 3566 5493 speras
3613 5427 3767 5497 quod

2225 5568 2242 5589 ⁰
2265 5576 2543 5619 Sermonem
2563 5572 2693 5622 hunc
2714 5575 2764 5623 in
2789 5576 3123 5638 manuscriptis
3142 5575 3311 5626 i‘mstra
3335 5577 3689 5641 quaesivimus.

2243 5651 2295 5712 α)
2318 5657 2380 5700 Ex
2403 5651 2577 5701 eodem
2600 5666 2747 5703 Serm.
2775 5657 2897 5707 Beda
2921 5662 2972 5707 et
2993 5657 3115 5708 Flor.
3143 5658 3203 5709 ad
3224 5657 3399 5712 calcas.
3432 5676 3482 5711 ιι.

2243 5665 2273 5699 a
2318 5657 2380 5700 Ex
2403 5651 2577 5701 eodem
2600 5666 2747 5703 serm.
2775 5657 2897 5707 Beda
2921 5662 2972 5707 et

2222 5649 2296 5775 Et);
2319 5711 2462 5772 Alias,
2488 5726 2548 5764 ex
2573 5716 2910 5769 Sirmondianis
2923 5719 2973 5767 7.

2320 5808 2327 5819 \
