4070 6330
327 282 464 339 1025

322 406 540 473 sperant
569 397 796 460 Gentes,
826 406 931 447 non
966 401 1114 446 amas
1138 380 1278 456 quod
1307 384 1487 436 amant
1509 374 1737 439 Gentes;
1767 385 1903 426 con-

321 460 560 564 gregaris
583 487 651 543 de
672 484 949 548 Gentibus,
973 475 1290 550 segregaris,
1316 472 1418 525 hoc
1444 477 1528 524 est
1551 463 1816 535 separaris
1843 460 1910 516 de

323 556 600 640 Gentibus.
620 577 731 634 Nec
751 587 804 632 te
830 582 1024 630 terreat
1049 565 1356 624 commixtio
1375 558 1664 630 corporalis
1688 556 1740 610 in
1767 561 1910 608 tanta

322 672 659 742 separatione
689 667 902 722 mentis.
934 661 1070 732 Quid
1097 658 1240 715 enim
1272 665 1378 710 tam
1405 657 1730 721 separatum,
1751 658 1911 715 quam

323 740 400 822 ut
421 764 644 820 credant
684 761 756 816 illi
798 759 1068 814 dmmones
1094 753 1254 813 deos,
1285 745 1472 802 credas
1499 753 1552 796 tu
1579 740 1667 812 qui
1693 754 1828 793 unus
1855 743 1913 790 et

322 871 480 912 verus
505 865 586 910 est
614 851 793 908 Deus?
819 854 1037 919 sperent
1078 844 1151 898 illi
1183 840 1355 896 inania
1398 834 1577 891 sazculi
1599 873 1612 897 ,
1642 843 1827 900 speres
1857 836 1914 882 ιιι

323 958 580 1004 aeternam
627 943 788 997 vitam
835 917 954 994 cum
995 931 1245 991 Christo?
1285 934 1465 983 ament
1511 924 1586 977 illi
1615 917 1909 984 .mundum,

325 1053 479 1094 ames
499 1046 553 1092 tu
579 1034 836 1089 artiﬁcem
865 1025 1081 1084 mundi?
1106 1024 1207 1090 Qui
1236 1035 1366 1090 ergo
1391 1015 1532 1071 aliud
1557 1010 1748 1076 credit,
1769 1007 1914 1063 aliud

323 1137 522 1199 sperat,
546 1124 694 1181 aliud
724 1130 888 1183 amat,
910 1120 1016 1174 vita
1043 1116 1252 1187 probet,
1279 1109 1434 1165 lactis
1459 1103 1726 1161 ostendat.
1753 1102 1915 1154 Actu-

325 1236 417 1277 rus
445 1235 506 1275 es
534 1215 949 1273 celebrationem
981 1219 1301 1266 strenarum,
1325 1202 1464 1256 sicut
1492 1207 1745 1266 paganus,
1772 1191 1915 1245 lusu-

324 1331 417 1371 rus
459 1316 595 1379 alea,
640 1320 694 1366 et
734 1307 1088 1363 incbriaturus
1132 1310 1220 1353 te:
1251 1291 1518 1365 quomodo
1545 1287 1686 1342 aliud
1716 1284 1911 1350 credis,

325 1407 468 1462 aliud
490 1418 695 1474 Speras,
721 1400 865 1455 aliud
889 1396 1074 1452 amas?
1095 1389 1372 1460 Quomodo
1397 1386 1562 1441 libera
1590 1383 1762 1436 fronte
1783 1394 1914 1434 can-

327 1512 428 1565 tas,
463 1498 620 1554 Salva
647 1513 767 1558 nos,
807 1491 1026 1546 Domine
1054 1487 1194 1541 Deus
1237 1492 1424 1544 noster,
1467 1487 1512 1532 et
1549 1488 1797 1546 congrege
1823 1486 1915 1525 nos

327 1597 390 1647 de
419 1563 1030 1655 Ceutibus?Segregaris
1075 1578 1217 1633 enim
1265 1573 1334 1628 de
1381 1567 1669 1631 Gentibus,
1717 1563 1916 1618 mixtus

329 1699 557 1754 corpore
577 1677 857 1741 Gentibus,
878 1671 1125 1729 dissimili
1151 1670 1276 1722 vita.
1305 1666 1378 1720 Et.
1393 1669 1588 1733 quanta
1618 1659 1687 1712 sit
1710 1658 1808 1711 ista
1833 1669 1917 1710 sc-

329 1747 584 1849 grdgatio,
619 1772 826 1834 videte,
864 1769 908 1822 si
953 1765 1112 1820 modo
1148 1760 1338 1822 facitis,
1375 1756 1420 1812 si
1463 1753 1622 1810 modo
1661 1747 1916 1821 probatis.

333 1871 450 1926 Jam
480 1868 621 1923 enim
655 1863 1122 1919 Dominusnoster
1147 1854 1305 1910 .Iesus
1332 1847 1574 1904 Christus
1605 1843 1697 1898 Dei
1727 1840 1915 1906 Filius,

335 1963 422 2033 qui
455 1969 668 2031 propter
699 1970 797 2009 uos
827 1954 985 2006 homo
1013 1948 1180 2002 lactus
1207 1953 1308 2009 est,
1331 1939 1476 1996 dedit
1501 1950 1598 2006 pro
1628 1931 1780 1988 nobis
1803 1944 1921 2000 pre-

335 2020 486 2107 tium.
511 2020 696 2118 Itaque
717 2059 872 2099 suum
895 2040 1041 2096 dedit
1063 2037 1150 2091 ille
1172 2033 1395 2104 pretium
1422 2046 1435 2081 :
1457 2027 1523 2082 ad
1548 2025 1647 2079 hoc
1675 2020 1840 2086 dedit,
1865 2025 1922 2074 ut

334 2145 581 2205 redimat,
605 2110 662 2194 ut
690 2143 976 2205 congreget
1003 2130 1072 2185 de
1094 2126 1370 2184 Gentibus.
1396 2120 1451 2176 Si
1481 2126 1658 2171 autem
1679 2110 1920 2168 misceris

335 2236 616 2297 Gentibus,
642 2245 746 2297 non
769 2227 849 2281 vis
875 2226 1023 2292 sequi
1056 2233 1176 2275 eum
1204 2215 1292 2285 qui
1317 2224 1368 2267 te
1393 2207 1654 2264 redemit:
1682 2199 1920 2258 misceris

335 2336 509 2382 autem
552 2296 810 2378 Gentibus
852 2290 980 2377 vita,
1025 2311 1194 2372 lactis,
1242 2303 1423 2366 corde,
1471 2299 1593 2353 talia
1632 2290 1918 2356 credendo,

335 2419 459 2474 talia
503 2413 766 2485 sperando
785 2451 799 2475 ,
835 2407 956 2462 talia
987 2399 1257 2472 diligendo
1285 2413 1298 2450 :
1329 2397 1566 2465 ingratus
1592 2405 1651 2443 es
1687 2385 1918 2441 Redem-

337 2510 473 2582 ptori
515 2517 640 2572 tuo,
679 2517 782 2558 nec
822 2495 1066 2568 agnoscis
1115 2490 1341 2561 pretium
1393 2497 1538 2538 tuum
1561 2521 1575 2545 ,
1611 2477 1921 2547 sanguinem

337 2571 473 2671 :Agui
529 2571 872 2652 immaculati.
919 2588 985 2643 Ut
1043 2597 1170 2653 ergo
1224 2575 1463 2647 sequaris
1509 2571 1921 2638 Redemptorem

339 2705 509 2758 tuum,
539 2692 628 2762 qui
676 2698 730 2743 te
770 2683 1000 2741 redemit
1038 2676 1294 2747 sanguine
1324 2685 1442 2734 suo,
1474 2668 1581 2721 noli
1620 2674 1672 2720 te
1702 2663 1924 2716 miscere

339 2756 596 2842 Gentibus
634 2775 983 2836 similitudine
1028 2784 1235 2826 morum
1280 2775 1437 2832 atque
1483 2759 1758 2814 laetorum.
1789 2756 1926 2808 Dant

340 2880 412 2935 illi
443 2888 665 2937 strenas,
691 2872 814 2926 date
841 2881 935 2922 vos
961 2865 1348 2929 eleemosynas.
1373 2858 1675 2911 Avocantur
1701 2849 1775 2903 illi
1800 2862 1927 2901 can-

342 2969 572 3026 tionibus
617 2962 966 3023 luxuriarum,
1012 2960 1232 3008 avocate
1273 2963 1367 3003 vos
1409 2941 1746 3000 sermonibus
1778 2937 1926 2992 Scri-

342 3070 615 3132 pturarum
656 3072 670 3108 :
711 3059 936 3108 currunt
980 3046 1056 3101 illi
1099 3044 1167 3099 ad
1197 3042 1482 3103 theatrum,
1518 3050 1613 3089 vos
1647 3031 1713 3087 ad
1749 3029 1926 3086 eccle-

342 3124 475 3208 siam
503 3169 516 3204 :
542 3147 870 3204 inebriantur
896 3139 993 3205 illi,
1022 3151 1118 3191 vos
1143 3134 1399 3205 jejunate.
1431 3128 1489 3184 Si
1519 3124 1676 3181 hodie
1703 3137 1808 3177 non
1836 3136 1928 3190 po-

345 3243 494 3299 testis
532 3239 793 3312 jejunare,
823 3234 1010 3288 saltem
1039 3243 1161 3284 cum
1203 3223 1490 3280 sobrietate
1517 3215 1791 3288 prandete.
1819 3211 1931 3267 Hoc

345 3336 388 3390 si
432 3303 686 3392 feceritis.
721 3328 858 3382 bene
886 3321 1160 3382 cantastis,
1199 3316 1356 3372 Salva
1393 3329 1505 3378 nos,
1544 3308 1756 3369 Domine
1790 3303 1931 3358 Deus

349 3433 533 3485 noster,
560 3430 605 3476 ct
629 3432 876 3489 congrega
903 3429 992 3467 nos
1018 3411 1079 3464 de
1103 3406 1360 3464 Gentibus.

418 3517 472 3570 5.
518 3513 626 3567 Piis
673 3485 904 3578 operibus
952 3491 1591 3557 secernuntur'Cltrt'stiani
1624 3506 1656 3542 a
1685 3485 1929 3558 Paganis.

353 3608 435 3662 Dii
475 3606 591 3675 falsi
631 3602 778 3656 malis
817 3596 1036 3651 moribus
1075 3593 1325 3647 cultorum
1360 3603 1566 3644 suorum
1599 3584 1930 3638 delectantur.

351 3704 535 3769 Itaque
578 3695 728 3750 multi
779 3688 1120 3744 Iuctabuntur
1170 3681 1327 3736 hodie
1371 3679 1424 3733 in
1467 3675 1629 3732 corde
1673 3688 1772 3729 suo
1811 3686 1932 3726 cum

355 3767 520 3846 verbo
557 3785 699 3857 quod
736 3781 1037 3856 audierunt.
1076 3775 1314 3830 Diximus
1339 3771 1503 3834 enim,
1525 3767 1700 3822 Nolite
1725 3773 1934 3820 strenas

354 3881 502 3944 lare,
530 3854 652 3932 date
697 3854 1038 3944 pauperibus.
1069 3865 1261 3921 Parum
1306 3868 1390 3916 est
1435 3867 1494 3913 ut
1531 3866 1734 3911 tantum
1773 3854 1932 3919 detis,

352 3970 580 4040 amplius
615 3966 776 4021 etiam
811 3961 953 4016 date.
975 3957 1093 4012 Non
1123 3952 1282 4008 vultis
1319 3948 1582 4020 amplius?
1611 3946 1695 4001 vel
1731 3952 1934 3999 tantum

353 4036 494 4122 date.
535 4057 640 4116 Sed
674 4056 808 4111 dicis
838 4051 967 4107 mihi
998 4067 1010 4104 :
1045 4045 1268 4116 Quando
1291 4052 1499 4099 strenas
1525 4039 1614 4105 do,
1642 4038 1768 4092 mihi
1797 4036 1938 4091 acci-

357 4161 442 4231 pio
467 4169 522 4213 et
545 4171 664 4226 ego.
686 4151 824 4222 Quid
849 4163 994 4219 ergo,
1017 4143 1228 4217 quando
1247 4141 1342 4196 das
1369 4136 1608 4208 pauperi,
1640 4132 1770 4187 nihil
1795 4133 1936 4185 accl-

357 4224 469 4322 pis?
511 4224 667 4305 Certe
705 4259 810 4300 non
857 4243 958 4296 hoc
1001 4238 1208 4297 credas,
1248 4232 1389 4304 quod
1433 4230 1633 4286 Gentes
1673 4224 1933 4288 credunt;

355 4312 500 4398 certe
545 4356 648 4394 non
691 4338 791 4391 hoc
830 4347 1034 4404 speres,
1067 4327 1208 4400 quod
1235 4325 1433 4380 Gentes
1462 4327 1695 4392 sperant.
1725 4317 1863 4371 Ecce
1891 4312 1937 4368 si

358 4433 490 4489 dicis
517 4441 569 4487 te
596 4428 727 4483 nihil
750 4402 990 4493 recipere
1017 4435 1136 4475 cum
1169 4414 1386 4487 pauperi
1424 4402 1659 4474 dederis,
1688 4407 1854 4460 lactus
1879 4416 1938 4458 es

360 4539 482 4595 pars
517 4520 803 4578 Gentilium
834 4533 847 4569 :
878 4515 993 4569 sine
1015 4525 1175 4566 causa
1205 4505 1450 4569 cantasti,
1489 4501 1646 4556 Salva
1679 4513 1790 4564 nos,
1825 4494 1937 4548 Do-

363 4585 492 4668 inine
531 4611 666 4666 Deus
711 4617 900 4669 noster,
933 4612 980 4658 et
1009 4615 1256 4672 congrega
1293 4613 1385 4650 nos
1427 4595 1488 4648 de
1529 4589 1788 4654 Gentibus,
1823 4585 1940 4641 Noli

363 4704 598 4761 oblivisci
647 4702 787 4756 illius
833 4691 1268 4768 prmscriptionis,
1299 4688 1385 4743 ubi
1425 4685 1619 4740 dicitur
1657 4699 1670 4734 :
1711 4679 1813 4746 Qui
1853 4677 1942 4730 dat

365 4795 685 4868 pauperibus,
707 4805 965 4859 nunquam
991 4785 1149 4856 egebit
1174 4781 1354 4854 (Prov.
1377 4793 1561 4841 xxvut,
1587 4772 1702 4846 26).
1734 4770 1943 4826 Oblitus

363 4862 422 4947 es
449 4862 556 4960 jam
583 4886 708 4959 quid
733 4885 974 4940 dicturus
997 4877 1250 4933 Dominus
1275 4873 1374 4936 eis,
1397 4872 1484 4940 qui
1512 4865 1829 4938 pauperibus
1848 4862 1944 4917 de-

361 4953 578 5046 derunt,
602 4953 806 5041 l’enite,
835 4969 1082 5028 benedicti
1106 4966 1275 5020 Patris
1302 4963 1416 5025 mei,
1445 4959 1684 5032 percipite
1704 4953 1946 5026 regnum?

364 5083 422 5128 et
461 5062 594 5142 quid
624 5069 830 5125 dicetur
860 5064 940 5119 eis
975 5061 1064 5132 qui
1111 5073 1216 5112 non
1253 5051 1530 5116 dederint,
1565 5048 1752 5104 Mittite
1776 5062 1858 5101 eos
1892 5045 1946 5099 in

365 5137 533 5239 ignem
557 5173 797 5219 cateruam
825 5154 1040 5227 (ιιαηι.
1070 5167 1193 5216 xxv,
1219 5148 1308 5214 st,
1330 5145 1455 5214 tt)?
1476 5140 1631 5196 Modo
1657 5139 1743 5210 qui
1772 5137 1946 5192 liben-

371 5230 456 5314 ter
480 5256 766 5312 audierunt
792 5249 918 5320 quid
949 5245 1101 5308 dixit,
1127 5256 1248 5297 cum
1279 5236 1360 5293 his
1387 5247 1534 5292 certe
1559 5242 1700 5289 stant
1726 5230 1815 5299 qui
1842 5242 1950 5283 non

368 5351 599 5407 libenter
624 5346 927 5401 audierunt.
953 5340 1064 5410 Ego
1085 5349 1224 5392 nunc
1245 5330 1560 5388 Christianis
1582 5327 1720 5382 veris
1740 5326 1948 5394 loquor.

369 5439 426 5497 Si
467 5437 608 5494 aliud
646 5434 885 5500 creditis,
918 5428 1058 5484 aliud
1099 5425 1344 5496 speratis,
1376 5421 1516 5476 aliud
1548 5417 1769 5483 amatis;
1798 5415 1953 5470 aliter

368 5531 551 5594 vivite,
594 5535 650 5582 et
691 5525 976 5580 distantem
1025 5519 1202 5583 ﬁdem,
1230 5530 1402 5585 spem,
1430 5523 1482 5567 ct
1519 5509 1830 5566 charitatem
1863 5521 1956 5562 ve-

375 5631 540 5679 stiam
573 5618 896 5675 distantibus
923 5613 1157 5669 moribus
1181 5608 1487 5680 approbato.
1513 5605 1701 5660 Audite
1723 5603 1953 5672 Aposto-

373 5714 484 5771 Ium
514 5715 943 5770 commonentem
971 5723 986 5762 :
1019 5722 1038 5756 ι
1071 5703 1273 5770 Nolite,
1305 5720 1322 5752 ι
1357 5702 1551 5770 inquit,
1583 5716 1604 5750 «ι
1629 5697 1810 5767 jugum
1853 5691 1952 5747 du-

1756 253 1987 314 SERMO
2024 253 2248 311 CXCIX.

3470 241 3600 300 ιοειι

2012 383 2136 425 cere
2161 384 2281 424 cum
2318 365 2637 423 inﬁdelibus.
2658 363 2789 434 Quae
2825 363 2968 420 enim
3002 359 3344 435 participatio
3380 357 3602 428 iustitiae

2014 475 2135 516 cum
2164 459 2476 530 iniquitate?
2499 466 2590 511 aut
2608 472 2726 528 quas
2749 439 2980 510 societas
3001 452 3215 508 luminis
3231 449 3296 505 ad
3316 447 3597 504 tenebras!

2013 552 2143 620 Qua:
2184 566 2305 621 pars
2353 550 2493 606 ﬁdeli
2535 565 2658 605 cum
2700 547 2934 603 inﬁdeli?
2959 547 3048 612 qui
3090 555 3266 600 autem
3307 556 3602 598 consensus

2016 645 2197 714 templi
2241 644 2448 699 Domini
2495 658 2616 699 cum
2660 641 2816 697 idolis
2849 660 2868 693 ι
2904 639 2985 712 (II
3010 637 3127 693 Cor.
3152 653 3229 700 vi,
3253 636 3416 692 {446
3439 633 3494 706 )2
3535 634 3604 687 Et

2015 736 2139 790 alibi
2166 735 2331 790 dicit:
2361 754 2379 786 ι
2409 734 2538 802 Qum
2581 734 2722 789 enim
2767 732 3042 787 immolant
3076 729 3293 792 Gentes,
3321 727 3599 783 daemoniis

2017 827 2337 892 immolant,
2360 835 2414 881 et
2458 842 2562 880 non
2605 827 2734 880 Deo.
2775 825 2909 879 Nolo
2937 838 3051 889 vos,
3091 841 3110 874 ι
3143 822 3341 892 inquit,
3373 837 3393 872 ι
3427 820 3603 874 socios

2017 920 2132 976 ﬁeri
2158 918 2544 975 daemoniorum
2575 918 2796 990 »(1οοτ.
2820 934 2880 984 ι,
2899 917 3012 987 20).
3037 917 3176 986 Ergo
3199 915 3334 969 Deos
3365 914 3600 983 ipsorum

2015 1010 2475 1067 delectantmores
2487 1024 2694 1064 eorum.
2722 1008 2817 1063 llIe
2843 1018 3018 1062 autem
3045 1007 3137 1077 qui
3165 1006 3317 1070 dixit,
3348 1002 3489 1058 Nolo
3513 1018 3600 1057 vos

2017 1104 2127 1173 ﬁeri
2152 1104 2313 1158 socios
2339 1102 2723 1168 dannoniorum,
2750 1101 2916 1155 voluit
2937 1109 2993 1154 ut
3015 1100 3083 1154 ab
3109 1099 3215 1154 illis
3232 1098 3322 1169 qui
3341 1096 3604 1153 daemoni-

2017 1193 2116 1246 bus
2157 1194 2438 1258 servirent,
2477 1192 2582 1244 vita
2611 1199 2664 1246 et
2699 1190 2938 1244 moribus
2969 1199 3360 1259 separarentur.
3389 1188 3600 1242 Etenim

2019 1285 2109 1338 illa
2136 1285 2396 1338 daemonia
2423 1285 2754 1338 delectantur
2782 1283 3000 1336 canticis
3033 1280 3297 1345 vanitatis,
3327 1281 3600 1334 delectan-

2022 1386 2110 1433 tur
2164 1379 2834 1448 nugatorio-spcetaculo,
2886 1385 2938 1430 et
2982 1373 3393 1444 turpitudinibus
3441 1372 3600 1427 variis

2018 1468 2374 1534 theatrorum,
2415 1466 2619 1522 insania
2661 1465 2812 1532 circi,
2851 1463 3168 1520 crudelitate
3200 1462 3597 1534 amphitheatri,

2017 1558 2397 1614 certaminibus
2440 1557 2696 1612 animosis
2741 1570 2925 1610 eorum
2966 1553 3057 1624 qui
3099 1568 3194 1622 pro
3236 1550 3602 1621 pestilentibus

2019 1650 2326 1706 hominibus
2368 1651 2488 1705 lites
2528 1659 2582 1705 et
2617 1648 2986 1704 contentiones
3013 1660 3178 1716 usque
3207 1645 3270 1698 ad
3303 1645 3604 1699 inimicitias

2019 1744 2336 1813 suscipiunt,
2361 1757 2461 1813 pro
2490 1742 2671 1806 mimo,
2704 1756 2800 1811 pro
2826 1739 3083 1794 histrione
3118 1752 3213 1808 pro
3253 1736 3599 1805 pantomimo,

2020 1849 2119 1906 pro
2158 1835 2370 1904 auriga,
2409 1850 2505 1904 pro
2542 1843 2816 1888 venatore.
2841 1831 2942 1886 Ista
2973 1830 3246 1892 facientes,
3273 1827 3423 1898 quasi
3451 1827 3605 1881 thura

2023 1934 2227 1997 ponunt
2253 1925 2527 1980 dmmoniis
2555 1924 2622 1980 de
2651 1923 2903 1979 cordibus
2927 1923 3058 1976 suis.
3087 1920 3316 1991 Spiritus
3343 1919 3484 1974 enim
3516 1932 3604 1973 se-

2023 2019 2272 2074 ductores
2313 2016 2546 2087 gaudent
2586 2015 2855 2080 seductis;
2897 2023 2954 2069 ct
2989 2028 3174 2078 eorum
3216 2027 3350 2082 quos
3377 2010 3608 2065 seduxe-

2025 2111 2133 2165 rint
2159 2119 2316 2180 atque
2344 2110 2674 2179 deceperint,
2701 2108 2858 2162 malis
2883 2105 3121 2160 moribus
3150 2113 3205 2159 et
3225 2105 3327 2157 vita
3357 2102 3492 2172 turpi
3519 2102 3606 2156 in-

2026 2200 2254 2270 famique
2278 2209 2583 2271 pascuntur.
2614 2219 2632 2252 ‹
2662 2199 2770 2253 Vos
2789 2207 2988 2261 autem,
3023 2217 3042 2249 ι
3068 2197 3198 2252 sicut
3228 2195 3355 2250 dicit
3380 2197 3609 2265 Aposto-

2025 2291 2144 2356 lus,
2185 2311 2203 2343 ι
2241 2307 2344 2346 non
2393 2292 2461 2346 ita
2509 2290 2768 2345 didicistis
2810 2289 3078 2344 Christum
3115 2306 3129 2340 :
3166 2287 3210 2341 si
3260 2294 3436 2340 tamen
3483 2286 3633 2338 eum'

2025 2383 2266 2447 audistis,
2294 2393 2349 2438 et
2383 2383 2436 2438 in
2479 2384 2594 2451 ipso
2621 2381 2796 2437 edocti
2826 2382 2957 2435 estis
2983 2381 3001 2449 (
3034 2379 3223 2449 Ephes.
3250 2394 3320 2442 iv,
3346 2376 3437 2441 20,
3463 2375 3524 2430 2|
3563 2373 3605 2447 ).

2026 2476 2199 2561 Nolite
2241 2491 2367 2546 ergo
2403 2474 2540 2530 efﬁci
2587 2475 2869 2544 participes
2897 2488 3104 2528 eorum.
3138 2472 3309 2526 Eratis
3338 2470 3479 2525 enim
3508 2469 3608 2523 ali-

2026 2568 2238 2638 quando
2285 2569 2546 2632 tenehne,
2586 2581 2726 2620 nunc
2767 2573 2942 2618 autem
2975 2565 3059 2618 lux
3103 2564 3155 2618 in
3187 2563 3442 2626 Domino;
3472 2563 3612 2618 sicut

2029 2657 2121 2713 ﬁlii
2149 2658 2280 2714 lucis
2303 2658 2570 2712 ambulate
2597 2677 2616 2708 ι
2641 2655 2754 2726 (Id.
2773 2673 2828 2718 v,
2852 2656 2905 2719 7,
2928 2655 2983 2725 8)
3007 2673 3019 2709 :
3043 2662 3097 2708 ut
3121 2664 3170 2710 et
3201 2669 3318 2720 nos,
3345 2653 3435 2723 qui
3461 2653 3612 2709 vobis

2027 2749 2250 2804 verbum
2288 2749 2496 2802 Domini
2539 2747 2914 2819 prmdicamus,
2952 2747 3215 2816 possimus
3250 2745 3519 2801 vobiscum
3557 2751 3614 2800 et

2030 2840 2099 2897 de
2122 2840 2274 2896 vobis
2304 2841 2356 2895 in
2385 2839 2470 2896 illa
2498 2850 2756 2910 perpetua
2785 2839 2901 2893 luce
2924 2837 3177 2909 gaudere.

2510 2991 2739 3048 SERMO
2775 2991 2982 3048 CXCIX
3007 2996 3025 3014 ο
3050 2991 3146 3063 (η).

2463 3135 2512 3179 ιιι
2529 3129 2793 3192 Epiphania
2813 3128 3016 3187 Domini,
3053 3141 3070 3176 ι
3094 3125 3182 3189 (b).

2103 3237 2327 3294 CAPUT
2378 3234 2659 3291 PRIMUM.
2699 3264 2770 3276 -—
2801 3234 2851 3288 l.
2891 3225 3119 3288 Christus
3155 3229 3363 3284 Judwos
3399 3238 3447 3285 et
3482 3227 3616 3284 Gen-

2034 3341 2106 3386 tes
2127 3332 2180 3384 in
2207 3346 2259 3383 se
2283 3345 2399 3384 mox
2428 3328 2652 3398 copulat.
2689 3327 2869 3396 Nuper
2898 3325 3286 3380 celebravimus
3329 3321 3468 3378 diem
3509 3337 3616 3394 quo

2033 3439 2099 3480 ex
2123 3423 2322 3478 Judzeis
2364 3422 2616 3476 Dominus
2663 3428 2817 3473 natus
2867 3426 2949 3472 est
2991 3415 3195 3472 :hodic
3247 3415 3610 3479 celebramus,

2034 3529 2141 3584 quo
2169 3529 2197 3567 a
2219 3511 2476 3569 Gentibus
2504 3511 2754 3564 adoratus
2781 3518 2888 3563 cst.
2917 3507 3165 3575 Quoniam
3189 3506 3325 3559 salus
3346 3503 3617 3558 exludwis

2039 3602 2216 3676 (Joan.
2248 3618 2325 3666 tv,
2350 3601 2442 3672 22)
2478 3619 2490 3656 :
2520 3600 2613 3654 sed
2663 3599 2776 3652 hinc
2826 3599 2963 3652 salus
3006 3596 3262 3666 usquead
3299 3597 3425 3664 ﬁnes
3472 3605 3618 3649 terra!

2040 3694 2192 3766 (Isai.
2217 3709 2356 3758 χιιι,
2383 3693 2461 3763 6).
2485 3691 2613 3745 Nam
2641 3699 2694 3745 ct
2720 3689 2811 3744 illo
2837 3689 2921 3742 die
2952 3695 3193 3757 pastores
3218 3685 3572 3739 adoravcruut
3597 3727 3613 3752 ,

2039 3787 2198 3842 hodie
2226 3785 2377 3854 Magi.
2409 3784 2515 3838 Illis
2558 3781 2738 3850 Angeli
2759 3823 2773 3845 ,
2809 3780 2922 3834 istis
2950 3787 3124 3832 autem
3157 3777 3304 3831 stella
3336 3777 3612 3830 nuntiavit.

2037 3877 2257 3946 Utrique
2286 3875 2352 3930 de
2388 3875 2522 3930 caelo
2547 3872 2863 3937 didicerunt,
2895 3885 3012 3922 cum
3042 3883 3218 3938 regem
3252 3868 3370 3920 curii
3399 3868 3448 3920 in
3479 3876 3618 3921 terra

2038 3967 2310 4031 viderunt,
2335 3974 2391 4018 ut
2415 3972 2557 4019 esset
2581 3963 2743 4034 gloria
2769 3963 2821 4014 in
2847 3960 3056 4014 excelsis
3079 3958 3206 4022 Deo,
3229 3969 3275 4013 et
3296 3959 3346 4011 in
3371 3969 3500 4012 terra
3517 3975 3620 4028 prta:

2041 4059 2320 4115 hominibus
2345 4057 2488 4112 bona:
2523 4054 2788 4108 voluntatis
2831 4050 2977 4124 (an.
3011 4068 3070 4119 ιι,
3097 4051 3202 4120 Η).
3237 4049 3354 4121 Ipse
3391 4059 3463 4104 est
3488 4051 3619 4103 enim

2043 4167 2148 4222 pax
2165 4159 2358 4214 nostra,
2387 4148 2471 4219 qui
2510 4147 2623 4216 fecit
2666 4154 2883 4215 utraque
2927 4160 3102 4196 unum.
3135 4143 3248 4196 Jain
3280 4143 3400 4195 hinc
3450 4143 3621 4196 infans

2041 4253 2195 4298 natus
2211 4249 2368 4310 atque
2393 4237 2734 4292 annuntiatus
2753 4233 3050 4289 ostenditur
3072 4233 3202 4302 lapis
3225 4233 3308 4287 ille
3329 4232 3618 4302 angnlaris,

2036 4333 2146 4404 jam
2175 4333 2226 4386 in
2273 4333 2389 4401 ipso
2421 4325 2711 4398 primordio
2765 4323 3053 4379 nativitatis
3084 4324 3342 4393 apparuit.
3392 4323 3528 4376 Duos
3556 4337 3622 4376 ex

2044 4423 2257 4478 diverso
2285 4421 2514 4490 parietes
2544 4418 2594 4471 in
2628 4431 2685 4470 se
2715 4416 2964 4485 copulare
2988 4415 3095 4483 jam
3123 4415 3304 4483 cmpit,
3331 4423 3566 4483 pastores
3591 4425 3622 4466 a

2043 4514 2247 4580 Judara,
2280 4512 2457 4582 Magos
2481 4509 2548 4563 ab
2575 4508 2789 4564 Oriente
2818 4508 3113 4578 perducens
3135 4517 3215 4560 :ut
3244 4507 3367 4559 duos
3393 4506 3624 4558 conderet

2043 4608 2096 4661 in
2136 4622 2188 4660 se
2214 4607 2264 4658 in
2291 4619 2446 4656 unum
2483 4617 2663 4656 novum
2688 4600 2959 4659 hominem,
2997 4599 3190 4668 faciens
3219 4609 3424 4667 pacem;
3451 4610 3624 4665 pacem

2047 4698 2125 4752 his
2146 4697 2230 4769 qui
2256 4696 2423 4766 longe,
2444 4704 2490 4747 et
2513 4709 2684 4764 pacem
2707 4691 2784 4743 liis
2810 4691 2895 4760 qui
2914 4705 3072 4760 prope
3087 4687 3298 4758 (Ep/tes.
3329 4701 3384 4752 tt,
3406 4683 3622 4755 ιιι-20).

2047 4793 2276 4862 Ideoque
2306 4789 2378 4844 illi
2406 4789 2522 4858 ipso
2547 4787 2632 4841 die
2652 4785 2719 4840 de
2754 4785 3004 4855 proximo
3033 4781 3347 4835 accedentes
3367 4820 3381 4844 ,
3414 4777 3479 4831 de
3506 4777 3625 4831 lon-

2049 4885 2246 4956 ginquo
2281 4881 2368 4936 isti
2397 4879 2553 4934 hodie
2583 4878 2888 4943 venientes,
2935 4876 3067 4929 duos
3119 4873 3232 4928 dies
3280 4870 3628 4925 celebrandos

2051 4976 2281 5050 posteris
2331 4975 2703 5044 signaverunt,
2779 4985 2938 5027 unam
2995 4976 3172 5023 tamen
3227 4965 3395 5020 lucem
3449 4963 3630 5018 mundi

2051 5070 2260 5140 utrique
2287 5065 2551 5121 viderunt.

2128 5218 2131 5223 ·
2161 5214 2432 5253 .nvemmus
2455 5213 2582 5250 nunc
2603 5209 2878 5249 sermonem
2902 5209 2951 5244 iu
2966 5201 3169 5256 quatuor
3191 5189 3266 5242 cb.
3293 5199 3345 5243 et
3361 5191 3552 5243 duobus
3579 5205 3631 5242 ιι.

2052 5269 2103 5317 in
2123 5264 2155 5314 l.
2181 5278 2257 5325 gr.
2285 5278 2325 5312 r.
2347 5276 2438 5312 rm.
2465 5269 2500 5312 t.
2523 5261 2603 5311 vd.
2631 5269 2683 5310 et
2707 5268 2804 5325 15m.
2827 5263 2900 5306 Er.
2925 5264 3027 5305 Par.
3057 5261 3166 5311 boy.

2117 5329 2168 5388 (α
2183 5320 2353 5383 "Alias,
2372 5325 2437 5396 de
2448 5331 2654 5396 Itempor
2667 5335 2696 5370 e
2710 5320 2788 5368 54.

2117 5330 2190 5448 (ὺέ
2213 5393 2262 5436 ιιι
2287 5387 2478 5435 Posstdn
2499 5382 2725 5440 lodicula,
2743 5393 2788 5430 ea

2213 5373 2478 5436 tnCPo'ssidii
2499 5373 2725 5440 lodicula,
2743 5393 2848 5443 cap.
2878 5378 2953 5436 IO,
2973 5385 3202 5449 tractatus
3219 5377 3283 5449 d_e
3300 5377 3390 5448 hac
3410 5373 3638 5449 solemni-

2055 5439 2156 5501 tate
2172 5439 2388 5511 septem,
2411 5459 2466 5495 ac
2491 5439 2730 5511 praeterea
2751 5439 2974 5511 quatuor,
3001 5452 3104 5500 cap.
3132 5441 3194 5511 I_:
3222 5441 3290 5488 sic
3300 5439 3354 5510 in
3378 5439 3639 5487 manuscri-

2055 5499 2152 5576 ptis
2174 5499 2417 5566 noiautur,
2449 5526 2471 5552 ιι
2493 5499 2574 5576 be_
2595 5499 2844 5576 Epiphania
2867 5503 2980 5576 duo.
3009 5499 3124 5550 Item
3146 5502 3209 5550 de
3233 5499 3504 5564 Epiphania,
3527 5510 3641 5570 con~

2065 5559 2503 5634 iitrarquossupra,
2546 5559 2706 5634 duo.)
2739 5567 2783 5614 id
2810 5572 2884 5634 est
2927 5571 3092 5612 eorum
3132 5559 3358 5634 vagantis.
3385 5567 3518 5608 Hunc
3541 5559 3642 5634 pri-

2057 5649 2188 5746 piluiu
2206 5625 2506 5745 fitcétlteiium
2541 5629 2763 5691 proxime
2803 5628 3188 5689 subsequentem
3225 5625 3340 5674 citat
3382 5625 3642 5682 Facundos,

2082 5714 2093 5746 I
2129 5711 2182 5746 ro
2231 5731 2245 5746 .
2329 5709 2372 5746 υ.

2082 5706 2182 5746 Ibl‘O
2206 5706 2245 5756 I,
2269 5706 2372 5756 cap.
