3996 6450
463 296 481 348 I
494 295 596 348 027

524 409 582 461 2.
612 404 883 476 Magorum
898 404 1026 473 [idea
1045 412 1092 459 et
1113 413 1290 458 contra
1309 403 1584 472 inﬁdelitas
1597 401 1922 456 Judworum.
1935 399 2040 456 Sed

457 496 619 552 hodie
637 495 706 551 de
727 494 849 550 istis
873 479 1197 564 loquendum
1224 505 1307 550 est
1322 535 1338 562 ,
1363 508 1498 564 quos
1520 493 1590 549 de
1619 494 1837 549 remotis
1885 492 2041 546 terris

455 587 590 642 ﬁdes
615 586 766 640 duxit
786 585 852 640 ad
882 583 1174 640 Christum.
1205 584 1483 640 Venerunt
1519 586 1659 639 enim
1683 625 1698 650 ,
1730 593 1783 638 et
1817 582 2044 653 quaesie-

457 687 580 732 runt
606 691 727 730 cum
746 717 762 742 ,
793 676 1030 732 dicentes
1055 694 1070 732 :
1095 674 1281 732 (Ibiest
1315 677 1402 746 qui
1445 687 1596 731 natus
1615 685 1690 730 est
1714 691 1806 730 rea:
1831 674 2036 729 ludam.

456 769 607 826 rum?
649 767 875 822 Vidimus
897 768 1030 822 enim
1048 769 1249 824 uellam
1277 771 1388 839 ejus
1407 770 1461 822 in
1494 767 1717 836 Oriente,
1749 777 1796 822 et
1822 768 2044 821 venimus

458 863 675 914 adorare
707 876 822 914 eum
859 859 1075 930 (Matth.
1108 877 1162 924 tt,
1193 861 1272 933 2).
1318 861 1571 916 Nuntiant
1599 871 1657 916 et
1691 862 2042 930 interrogant,

457 952 683 1008 credunt
717 961 772 1007 et
819 961 1096 1023 quarunt;
1136 963 1386 1024 tanquam
1416 954 1777 1025 signiﬁcantes
1813 967 1909 1008 eos
1954 952 2044 1022 qui

459 1041 736 1096 ambulant
767 1057 861 1111 per
891 1041 1048 1098 ﬁdem
1069 1084 1084 1108 ,
1129 1052 1184 1097 et
1222 1043 1530 1099 desiderant
1569 1043 1824 1114 speciem.
1856 1041 2046 1097 Nonne

458 1133 549 1187 alii
577 1147 730 1204 reges
758 1133 1064 1188 Judaeorum
1088 1134 1199 1204 jam
1239 1137 1397 1191 toties
1422 1137 1476 1190 in
1502 1136 1686 1192 Judma
1714 1136 1823 1190 nati
1846 1135 2046 1191 erant?

458 1224 598 1293 Quid
625 1235 741 1290 est,
769 1225 908 1296 quod
935 1227 1036 1281 iste
1058 1225 1128 1280 ab
1149 1227 1465 1296 alienigenis
1489 1228 1544 1282 in
1561 1227 1699 1282 caelo
1716 1225 2044 1296 agnoscitur,

459 1317 515 1370 in
549 1326 688 1372 terra
715 1320 1009 1388 quaeritur;
1043 1319 1094 1374 in
1125 1320 1236 1374 alto
1272 1320 1467 1391 fulget,
1499 1322 1552 1375 in
1583 1319 1773 1375 humili
1801 1319 1968 1374 latet?
1987 1317 2046 1373 ln

460 1406 679 1462 Oriente
708 1407 840 1478 Magi
868 1408 1052 1464 vident
1089 1411 1321 1474 stellam,
1350 1420 1405 1466 et
1445 1411 1498 1465 in
1546 1409 1728 1465 Judma
1758 1418 1938 1464 natum
1960 1409 2046 1464 in-

465 1499 702 1569 telligunt
737 1515 938 1569 regem.
984 1500 1116 1568 Quis
1144 1510 1226 1556 est
1254 1501 1356 1556 iste
1398 1517 1493 1556 rex
1546 1510 1650 1556 tam
1678 1515 1906 1571 parvus,
1939 1511 2048 1555 tam

463 1607 721 1662 magnus;
780 1593 1017 1649 nondum
1061 1596 1114 1650 in
1169 1597 1324 1652 terris
1361 1595 1618 1667 loquens,
1646 1596 1757 1666 jam
1803 1597 1856 1651 in
1897 1596 2049 1651 callis

461 1684 636 1740 edicta
663 1687 1009 1755 proponens?
1043 1687 1418 1743 Verumtamen
1443 1697 1662 1759 propter
1699 1703 1818 1756 nos,
1856 1689 2050 1760 quibus

463 1775 532 1830 de
561 1775 854 1846 Scripturis
898 1777 1009 1833 suis
1058 1779 1260 1833 sanctis
1299 1779 1643 1835 innotescere
1664 1781 1849 1848 voluit,
1904 1781 2050 1850 ipsos

463 1865 624 1920 etiam
651 1866 829 1937 Magos
849 1868 1042 1938 quibus
1073 1878 1178 1923 tam
1219 1870 1424 1925 clarum
1451 1873 1662 1942 signum
1690 1875 1744 1927 in
1772 1873 1912 1929 celo
1956 1873 2051 1926 de-

465 1958 650 2024 derat,
681 1968 736 2013 et
778 1976 1006 2030 quorum
1036 1962 1288 2016 cordibus
1325 1977 1386 2018 se
1416 1964 1468 2017 in
1499 1964 1684 2019 Judtea
1718 1971 1901 2018 natum
1930 1977 2051 2020 esse

465 2051 815 2118 revelaverat,
847 2052 1128 2122 Prophetis
1173 2062 1351 2109 tamen
1382 2056 1494 2109 suis
1517 2055 1585 2110 de
1619 2070 1679 2110 se
1717 2056 1938 2110 credere
1957 2070 2053 2109 vo-

467 2143 584 2198 luit.
614 2144 916 2211 Quzerendo
958 2145 1101 2200 enim
1149 2147 1424 2202 civitatem
1463 2147 1519 2202 in
1554 2163 1658 2218 qua
1701 2156 1857 2202 natus
1897 2157 2048 2214 erat,

467 2251 627 2307 quem
657 2235 838 2292 videre
865 2243 922 2292 et
961 2237 1187 2293 adorare
1225 2238 1540 2309 cupiebant,
1592 2253 1813 2295 necesse
1849 2238 2052 2294 habue-

448 2336 595 2383 ‘runt
619 2329 915 2398 percontari
941 2330 1207 2400 principes
1231 2330 1577 2397 Judmorum;
1605 2342 1662 2387 ut
1680 2333 1751 2386 illi
1781 2331 1850 2386 de
1871 2341 2051 2386 sancta

469 2419 766 2489 Scriptura,
799 2436 956 2490 quam
996 2421 1049 2474 in
1079 2436 1192 2487 ore,
1221 2438 1326 2476 non
1354 2423 1405 2476 in
1438 2423 1600 2478 corde
1642 2425 1940 2494 gestabant,
1973 2424 2056 2478 in-

471 2511 656 2567 ﬁdeles
681 2511 925 2567 ﬁdelibus
957 2512 1025 2568 de
1058 2514 1225 2584 gratia
1253 2514 1375 2570 ﬁdei
1404 2515 1420 2546 ‘
1461 2515 1867 2585 responderent,
1898 2530 2053 2570 men-

471 2605 632 2661 daces
676 2620 707 2659 a
747 2621 828 2668 se,
859 2621 1075 2661 veraces
1112 2617 1297 2661 contra
1345 2623 1423 2662 se.
1454 2607 1716 2674 Quantum
1744 2585 2051 2674 enim‘erat,

473 2705 530 2749 ut
549 2696 655 2751 illis
683 2698 1046 2766 quzerentibus
1069 2697 1340 2752 Christum
1365 2698 1588 2753 comites
1611 2700 1819 2766 ﬁerent,
1848 2713 1968 2753 cum
1988 2699 2056 2754 ab

473 2786 551 2842 eis
578 2785 856 2842 audissent
881 2788 1022 2857 quod
1055 2789 1166 2842 visa
1193 2789 1347 2843 stella
1373 2788 1490 2858 ejus
1520 2789 1763 2844 venirent
1785 2803 1906 2843 eum
1927 2787 2057 2843 ado-

427 2910 438 2915 -
473 2892 596 2933 rare
622 2879 930 2946 cupientes;
963 2879 1060 2950 ipsi
1086 2893 1180 2934 eos
1221 2879 1288 2934 ad
1331 2879 1641 2935 Bethlehem
1689 2879 1867 2943 Judae,
1897 2894 2056 2950 quam

475 2968 543 3023 de
568 2968 741 3023 Libris
769 2968 959 3022 divinis
1004 2969 1387 3034 indicaverunt,
1419 2971 1695 3038 ducerent,
1749 2973 1948 3042 pariter
1974 2971 2055 3025 vi-

476 3058 686 3124 derent,
723 3059 918 3127 pariter
943 3060 1318 3129 intelligerent,
1344 3061 1542 3130 pariter
1559 3061 1884 3115 adorarent?
1910 3062 2060 3115 Nunc

476 3163 605 3203 vero
647 3150 763 3202 aliis
791 3149 1154 3204 demonstrato
1191 3150 1313 3204 vita:
1360 3151 1526 3216 fonte,
1565 3151 1664 3220 ipsi
1703 3159 1828 3205 sunt
1864 3152 2059 3206 mortui

475 3238 734 3292 siccitate.
776 3237 922 3292 Facti
962 3250 1085 3292 sunt
1108 3242 1187 3294 eis
1222 3247 1469 3309 tanquam
1523 3241 1721 3311 lapides
1776 3243 1844 3296 ad
1873 3243 2062 3299 millia-

476 3332 556 3386 ria
587 3332 607 3362 ²
639 3349 652 3386 :
684 3331 973 3386 viatoribus
1011 3331 1402 3387 ambulantibus
1446 3333 1646 3403 aliquid
1679 3333 2056 3403 ostenderunt,

478 3423 572 3477 sed
602 3422 702 3490 ipsi
728 3421 904 3476 stolidi
951 3430 1110 3492 atque
1152 3423 1452 3478 imtnobiles
1491 3435 1879 3480 remanserunt.
1923 3425 2061 3498 Magi

477 3514 808 3584 quaerebant,
838 3523 896 3568 ut
915 3514 1256 3569 invenirent:
1284 3515 1521 3570 llerodes
1543 3517 1833 3586 qnzercbat,
1857 3528 1914 3572 ut
1942 3534 2062 3588 per-

477 3605 866 3662 deretzludazi
909 3606 1174 3660 civitatem
1222 3608 1492 3662 nascentis
1542 3608 1806 3678 legebant,
1854 3618 2061 3680 tempus

478 3700 740 3754 venientis
793 3713 898 3752 non
953 3699 1340 3770 intelligebant.
1385 3699 1529 3755 Inter
1587 3701 1859 3772 Magorum
1912 3706 2061 3774 pium

479 3806 716 3845 antorem
735 3831 750 3854 ,
782 3799 838 3844 et
863 3790 1089 3846 llerodis
1118 3791 1389 3846 crudelem
1417 3793 1683 3860 timorem,
1711 3793 1788 3848 illi
1826 3809 2061 3852 evanueo

482 3895 605 3938 runt
634 3883 942 3937 Bethlehetn
971 3882 1397 3938 demonstrantes
1425 3882 1737 3939 :lChristnm
1765 3896 1941 3941 autem
1970 3888 2061 3958 qui

480 3975 554 4029 ibi
581 3983 736 4028 natus
759 3982 873 4040 est,
906 3991 1011 4029 non
1039 3985 1164 4030 tunc
1191 3976 1495 4045 quaesitum,
1535 3977 1628 4031 sed
1676 3977 1846 4033 visum
1878 3987 2060 4049 postea

483 4067 723 4136 negaturi
752 4065 792 4131 ⁸,
827 4082 924 4121 nec
952 4076 1074 4121 tunc
1115 4066 1388 4131 infantem,
1419 4067 1516 4123 sed
1547 4068 1848 4138 loquentem
1877 4079 2062 4139 postea

483 4158 744 4213 nccaturi.
774 4157 918 4211 Felix
943 4159 1119 4227 potius
1147 4157 1406 4212 infantum
1434 4158 1751 4228 ignorantia,
1795 4177 1929 4230 quos
1957 4161 2058 4216 lle-

481 4247 641 4302 rodes
669 4257 976 4317 persecutus
1006 4257 1088 4303 est
1124 4250 1358 4317 territus,
1395 4265 1552 4320 quam
1596 4251 1816 4306 istorum
1841 4253 2060 4309 scientia

481 4355 618 4410 quos
637 4340 900 4394 consuluit
926 4341 1282 4408 perturbatus.
1307 4339 1383 4395 llli
1413 4357 1510 4412 pro
1538 4345 1751 4400 Christo
1777 4355 2063 4415 potuerunt

483 4431 590 4502 pati
615 4473 630 4497 ,
657 4445 815 4500 quem
845 4431 1076 4484 nondum
1109 4441 1355 4502 poterant
1395 4435 1636 4490 conliteri
1667 4454 1681 4490 :
1709 4437 1797 4491 isti
1820 4438 2061 4495 docentis

480 4536 589 4578 non
619 4519 789 4576 secuti
817 4529 942 4575 sunt
969 4522 1275 4591 veritatem,
1307 4524 1461 4594 cujus
1489 4527 1756 4583 nascentis
1775 4538 2063 4598 potuerunt

481 4628 640 4670 nosse
659 4614 949 4670 civitatem.

553 4707 778 4763 CAPUT
816 4707 881 4763 ιι.
908 4708 1054 4764 -5.
1110 4708 1271 4764 Error
1319 4710 1382 4765 de
1434 4713 1642 4768 sidereis
1689 4717 1830 4787 fatis.
1880 4715 2063 4787 Magos

480 4814 610 4856 sane
645 4799 711 4855 ad
757 4801 928 4872 ipsum
975 4802 1188 4872 proprie
1238 4801 1445 4871 locum,
1499 4805 1585 4860 ubi
1639 4806 1777 4862 Deus
1828 4807 2060 4864 Verbum

481 4889 658 4946 infans
687 4900 833 4958 erat,
883 4892 972 4949 illa
1009 4894 1160 4947 stella
1192 4892 1454 4964 perduxit.
1503 4897 1600 4952 l-ltc
1634 4897 1746 4968 jam
1782 4901 2063 4956 erubescat

480 4984 706 5040 stultitia
743 4985 1019 5058 sacrilega,
1047 4994 1100 5041 et
1126 4991 1396 5056 quwdan't,
1432 4989 1589 5043 utsic
1613 4990 1820 5058 dicam,
1848 4991 2061 5049 indocta

478 5078 740 5144 doctrina,
773 5094 894 5148 qua:
919 5079 1038 5134 ideo
1065 5087 1216 5149 putat
1238 5080 1504 5136 Christum
1536 5082 1638 5137 sub
1659 5084 1938 5140 stellarum
1963 5086 2060 5143 de-

477 5179 628 5225 creto
665 5183 787 5224 esse
815 5179 996 5224 natum
1017 5209 1032 5236 ,
1079 5171 1202 5240 quia
1237 5172 1496 5242 scriptum
1531 5183 1615 5228 est
1653 5175 1704 5229 in
1737 5176 2057 5248 Evangelio,

476 5262 691 5334 quando
716 5269 870 5318 natus
889 5271 971 5319 est
989 5304 1007 5333 ,
1034 5263 1242 5319 stellam
1282 5264 1399 5334 ejus
1426 5265 1603 5337 Magos
1633 5267 1685 5322 in
1725 5267 1942 5326 Oriente
1978 5272 2060 5326 vi-

543 5475 560 5538 ?
591 5476 666 5538 sic
687 5476 1028 5538 manuscripti.
1054 5476 1187 5538 ,Editi,
1218 5489 1358 5538 vero,
1381 5477 1444 5529 de
1485 5479 1645 5538 gratia
1674 5479 1781 5530 Dei.

540 5536 564 5568 ³
579 5536 717 5606 aditi,
739 5535 924 5606 lapides
943 5535 974 5587 it
994 5537 1234 5606 nulliqrio.
1261 5548 1317 5590 Al.
1335 5535 1440 5591 atas.
1462 5535 1542 5590 alii
1560 5577 1574 5603 ,
1599 5540 1784 5606 lapides
1800 5542 1866 5593 ad
1888 5543 2063 5594 millia-

478 5595 556 5648 ria
576 5611 593 5658 ;
615 5596 710 5658 alii,
739 5595 932 5661 lapidea
947 5599 1190 5650 milliaria.

545 5662 567 5731 ἦ
587 5661 658 5731 sic
680 5662 1004 5731 manuscripti.
1027 5669 1085 5731 at
1103 5664 1218 5731 editi
1243 5663 1321 5712 hic
1341 5664 1586 5731 omittunt,
1619 5673 1778 5731 postea
1807 5668 2061 5730 negaturi;

482 5723 532 5771 et
560 5724 676 5770 intra
698 5736 802 5786 pro,
824 5723 1054 5783 nocituri,
1075 5725 1270 5786 habent,
1290 5727 1525 5787 negaturi.

1683 289 1739 345 S.
1773 285 2135 344 AUGUSTINI
2175 284 2478 343 EPISCOPI

2147 399 2308 454 disse.
2333 399 2483 467 Quod
2507 413 2689 454 verum
2715 413 2818 454 non
2842 409 3017 468 esset,
3044 414 3144 457 nec
3171 400 3218 457 si
3241 400 3486 458 homines
3510 404 3613 458 sub
3637 405 3727 462 de-

2145 501 2294 545 creto
2322 490 2582 560 ejusmodi
2605 500 2947 547 nascerentur
2971 508 2988 545 ~:
3009 493 3134 563 quia
3162 506 3267 547 non
3290 493 3428 548 sicut
3444 493 3541 548 Dei
3563 493 3730 551 Filius

2147 581 2360 649 propria
2399 580 2706 646 voluntate,
2747 581 2844 636 sed
2895 592 3103 637 natura:
3136 583 3379 638 mortalis
3423 583 3729 640 conditione

2147 680 2458 725 nascuntur.
2489 670 2640 726 Nunc
2659 681 2836 726 autem
2865 680 3068 728 tantum
3097 672 3349 730 abhorret
3372 689 3404 729 a
3432 690 3564 730 vero
3587 717 3604 742 ,
3627 675 3726 733 sub

2148 762 2362 817 stellato
2385 762 2492 818 lato
2523 764 2540 794 ί
2570 772 2752 818 natum
2792 779 2911 819 esse
2954 765 3248 830 Christum,
3296 775 3354 821 ut
3396 768 3594 823 nullout
3629 768 3730 824 ho-

2150 859 2353 910 minum
2381 857 2453 909 ita
2480 857 2626 911 nasci
2649 857 2836 912 credat
2860 858 3098 927 quisquis
3118 868 3264 913 recte
3286 859 3455 912 credit
3479 861 3531 912 in
3571 857 3729 914 Chri-

2151 957 2314 1002 stum.
2345 947 2451 1012 Sed
2498 948 2566 1004 de
2590 949 2848 1020 genituris
2884 948 3158 1004 hominum
3199 950 3318 1005 vani
3361 949 3607 1005 homines
3655 951 3735 1006 Io-

2149 1047 2379 1108 quantur
2398 1040 2541 1109 quod
2586 1039 2896 1110 insipienter
2917 1040 3222 1110 opinantur,
3253 1049 3447 1111 negent
3479 1040 3734 1095 volunta-

2151 1138 2258 1185 tem
2283 1145 2386 1200 qua
2402 1142 2644 1202 peccant,
2662 1132 2968 1202 conﬁngant
2987 1133 3355 1188 necessitatem
3382 1147 3486 1202 qua
3512 1143 3733 1203 peccata

2150 1222 2464 1289 defendant;
2497 1225 2732 1295 perditos
2762 1239 2938 1280 mores
2961 1266 2978 1292 ,
3010 1241 3106 1295 per
3133 1240 3266 1296 quos
3295 1225 3349 1280 in
3376 1235 3516 1281 terra
3541 1227 3613 1281 ab
3635 1224 3736 1281 lto-

2149 1314 2384 1369 minibns
2403 1314 2757 1382 detestantur,
2788 1316 2840 1370 in
2869 1317 3009 1372 caelo
3037 1317 3197 1372 etiam
3242 1316 3406 1388 ﬁgere
3431 1326 3734 1386 conentur,

2149 1412 2208 1460 et
2249 1419 2280 1458 a
2323 1405 2588 1462 sideribus
2643 1421 2862 1462 manare
2915 1407 3241 1462 mentiantur
3277 1425 3291 1461 :
3321 1406 3498 1462 videat
3554 1417 3737 1462 tame

2153 1498 2519 1568 unusquisque
2558 1513 2743 1553 eorum
2782 1499 3230 1569 quemadmodum
3259 1515 3369 1555 non
3408 1500 3596 1566 vitam,
3643 1500 3741 1556 sed

2152 1589 2406 1645 familiam
2433 1605 2582 1646 suam
2621 1592 2994 1663 qualicumque
3019 1601 3279 1662 potestate
3325 1593 3612 1663 regendam
3643 1609 3743 1663 pu-

2155 1689 2263 1747 tet;
2291 1681 2718 1752 quandoquidem
2748 1683 2847 1737 ista
2873 1683 3151 1738 sentiendo
3180 1697 3368 1739 servos
3393 1698 3521 1738 suos
3559 1685 3612 1738 in
3639 1684 3744 1738 do-

2155 1786 2244 1826 mo
2281 1779 2568 1844 peccantes
2595 1772 2886 1828 verberare
2914 1789 3020 1828 non
3049 1774 3262 1841 sinitur,
3295 1775 3398 1828 nisi
3426 1776 3575 1844 prius
3603 1774 3740 1832 deos

2153 1877 2281 1918 suos
2307 1863 2360 1917 in
2387 1863 2527 1918 celo
2552 1863 2821 1919 radiantes
2857 1864 3229 1934 blasphemare
3270 1876 3512 1936 cogatur.
3548 1866 3738 1922 Chris-

2155 1965 2268 2010 tum
2295 1964 2468 2011 tamen
2515 1957 2604 2011 isti
2627 1971 2728 2012 nec
2773 1957 3065 2012 secundum
3092 1973 3217 2013 suas
3257 1959 3574 2013 vanissimas
3607 1974 3739 2014 cou-

2149 2047 2420 2117 jecturas,
2459 2058 2514 2104 et
2542 2064 2648 2104 non
2689 2065 2820 2105 sane
2847 2050 3110 2118 fatidicos,
3141 2051 3235 2107 sed
3266 2052 3422 2122 plane
3468 2052 3745 2108 falsidicus

2157 2138 2342 2206 libros,
2394 2149 2616 2210 possunt
2665 2140 2787 2197 ldeo
2839 2150 3026 2211 putare
3068 2141 3170 2196 sub
3205 2142 3476 2198 stellarum
3522 2142 3746 2199 decreto

2155 2241 2277 2283 esse
2300 2237 2503 2293 natum,
2526 2230 2650 2300 quia
2665 2245 2733 2287 eo
2758 2241 2884 2286 nato
2900 2232 3110 2287 stellam
3133 2232 3269 2303 Magi
3291 2234 3344 2287 in
3364 2233 3583 2314 Qriente
3603 2235 3748 2288 vide.

2156 2331 2300 2378 runt.
2324 2321 2458 2377 Hinc
2486 2325 2630 2378 enim
2663 2324 2838 2394 potius
2875 2323 3122 2381 Christus
3165 2340 3272 2380 non
3322 2327 3423 2380 sub
3464 2327 3746 2381 dominatu

2159 2412 2296 2480 ejus,
2345 2412 2441 2468 sed
2483 2414 2738 2470 Dominus
2781 2415 2897 2485 ejus
2937 2416 3214 2486 apparuit;
3261 2419 3382 2487 quia
3423 2418 3511 2472 illa
3541 2435 3655 2473 non
3695 2421 3744 2474 in

2159 2504 2298 2558 cmlo
2317 2503 2556 2560 sidereas
2573 2505 2686 2560 vias
2716 2507 2904 2572 tenuit,
2927 2507 3022 2562 sed
3049 2506 3357 2562 hominibus
3378 2511 3747 2578 quaerentibus

2159 2594 2433 2650 Christum
2456 2595 2594 2648 viam
2623 2611 2790 2667 usque
2819 2596 2887 2651 ad
2908 2596 3082 2652 locum
3097 2637 3114 2664 ,
3139 2597 3189 2652 in
3217 2613 3324 2668 quo
3348 2608 3503 2654 natus
3527 2599 3740 2666 fuerat,

2160 2685 2565 2742 demonstravit.
2587 2687 2736 2743 Unde
2765 2703 2871 2743 non
2899 2690 3012 2759 ipsa
3037 2690 3310 2745 Christum
3340 2691 3463 2747 fecit
3487 2694 3749 2748 mirabili-

2161 2785 2244 2832 ter
2268 2777 2447 2832 vivere
2465 2815 2481 2842 ,
2509 2778 2604 2833 sed
2627 2778 2794 2849 ipsam
2816 2779 2942 2835 fecit
2965 2779 3210 2836 Christus
3228 2782 3545 2839 mirabiliter
3569 2799 3746 2854 appa-

2161 2885 2282 2926 rere
2309 2889 2324 2924 :
2347 2885 2450 2926 nec
2479 2871 2591 2942 ipsa
2617 2872 2816 2928 Christi
2856 2872 3116 2928 mirabilia
3158 2874 3415 2940 decrevit,
3443 2875 3536 2930 sed
3563 2876 3742 2946 ipsam

2160 2961 2408 3017 Christus
2437 2964 2576 3019 inter
2602 2979 2697 3019 sua
2727 2964 2989 3021 mirabilia
3015 2965 3421 3022 demonstravit.
3451 2967 3568 3038 Ipse
3592 2971 3742 3024 enim

2163 3063 2317 3110 natus
2341 3071 2408 3110 ex
2437 3065 2635 3123 matre,
2669 3055 2737 3112 de
2759 3057 2898 3114 caelo
2919 3067 3074 3114 terras
3097 3073 3294 3112 novum
3314 3059 3462 3115 sidus
3482 3059 3746 3129 ostendit,

2163 3148 2257 3221 qui
2284 3160 2439 3207 natus
2471 3165 2538 3207 ex
2564 3151 2726 3209 Patre
2761 3153 2958 3209 emittm
2999 3163 3305 3225 terramque
3337 3153 3614 3210 fumavit.
3671 3156 3750 3211 Eo

2164 3253 2420 3297 nasute
2445 3243 2537 3298 lux
2567 3258 2704 3300 nova
2725 3255 2808 3300 est
2837 3245 2890 3300 in
2916 3245 3066 3300 stella
3080 3245 3333 3312 revelata,
3355 3261 3462 3316 quo
3481 3247 3750 3302 moriente

2163 3334 2252 3390 lux
2303 3337 2517 3408 antiqua
2558 3347 2641 3393 est
2685 3337 2740 3392 in
2793 3338 2907 3394 sole
2960 3338 3152 3394 velata.
3218 3339 3297 3394 Eo
3345 3347 3604 3395 nascente
3661 3355 3752 3394 su-

2163 3428 2277 3498 peri
2315 3443 2453 3483 novo
2507 3427 2712 3485 honore
2757 3429 3080 3495 claruerunt,
3131 3444 3238 3500 quo
3274 3431 3536 3485 moriente
3582 3431 3740 3486 inferi

2165 3532 2304 3571 novo
2353 3517 2542 3573 timore
2589 3528 2955 3587 tremuerunt,
2993 3533 3098 3589 quo
3149 3529 3458 3590 resurgente
3490 3519 3747 3590 discipuli

2166 3621 2306 3662 novo
2343 3623 2526 3664 amore
2550 3619 2896 3675 exarserunt,
2943 3625 3050 3682 quo
3090 3609 3412 3666 ascendente
3442 3612 3566 3666 (ξαειί
3605 3627 3751 3667 novo

2166 3702 2422 3772 obsequio
2448 3711 2756 3771 patuerunt.
2783 3701 3125 3758 Celebremns
3158 3717 3285 3774 ergo
3323 3703 3513 3758 devota
3544 3706 3751 3760 solem.

2166 3793 2329 3846 nitate
2357 3802 2411 3847 et
2436 3792 2578 3848 hunc
2599 3793 2738 3848 diem
2757 3835 2772 3858 ,
2796 3809 2902 3864 quo
2923 3793 3192 3864 cognitum
3217 3792 3484 3848 Christum
3513 3793 3652 3865 Magi
3684 3811 3750 3851 ex

2166 3880 2425 3937 Gentibus
2451 3882 2806 3938 adoravernnt
2829 3883 3040 3954 (Matth.
3070 3899 3129 3950 tt,
3155 3885 3301 3955 l-ll)
3325 3901 3340 3950 ;
3361 3885 3499 3939 sicut
3518 3887 3752 3941 celebra-

2166 3972 2340 4026 vimus
2361 3971 2508 4026 illum
2543 3971 2705 4036 diem,
2737 3988 2844 4043 quo
2877 3983 3059 4028 natum
3087 3973 3364 4028 Christum
3390 3985 3647 4043 pastores
3686 3991 3753 4030 ex

2165 4061 2347 4117 Indica
2370 4063 2612 4118 viderunt
2641 4063 2790 4136 (Lur.
2826 4079 2884 4131 tt,
2930 4063 3111 4139 8-20).
3158 4063 3277 4135 Ipse
3315 4066 3458 4120 enim
3491 4065 3754 4121 Dominus

2169 4155 2312 4211 Deus
2340 4165 2522 4210 noster
2548 4155 2712 4226 elegit
2731 4157 3017 4226 Apostolos
3042 4171 3109 4212 ex
3145 4156 3325 4213 Judaza
3359 4166 3628 4226 pastores,
3659 4174 3755 4229 per

2171 4259 2306 4316 quos
2334 4256 2680 4316 congregaret
2720 4246 3003 4302 salvandos
3037 4247 3198 4304 etiam
3240 4263 3305 4303 ex
3335 4247 3600 4305 Gentibus
3631 4263 3758 4320 pec.-

2166 4351 2226 4392 ca
2233 4346 2394 4391 lOl‘CS.

2692 4428 2924 4485 διεπιΜο
2959 4427 3042 4486 cc
3082 4435 3098 4454 θ
3140 4430 3238 4503 (α).

2644 4525 2697 4570 In
2722 4520 2977 4584 Epiphania
2995 4522 3197 4582 Domini,
3210 4535 3262 4571 tt.

2239 4622 2392 4677 CAP.
2422 4621 2835 4679 PRIMUM—1.
2859 4622 3286 4697 Manifutationis
3303 4623 3490 4680 Christi
3514 4627 3758 4681 solemni-

2167 4718 2266 4766 tas.
2296 4711 2374 4766 Ad
2403 4720 2609 4782 partum
2650 4713 2880 4784 Virginis
2905 4714 3232 4769 adorandum
3265 4715 3398 4786 Magi
3437 4716 3504 4770 ab
3533 4717 3760 4774 Oriente

2166 4813 2446 4858 venerunt.
2477 4803 2629 4858 Mune
2650 4803 2791 4860 diem
2823 4804 2979 4860 hodie
2997 4805 3347 4874 celebramus,
3373 4807 3493 4862 huic
3513 4807 3758 4863 debitam

2166 4894 2554 4948 solemnitatem
2605 4909 3015 4968 sermonemque
3057 4896 3428 4966 persolvimus.
3477 4898 3593 4954 Illis
3643 4900 3763 4955 dies

2170 4985 2269 5040 iste
2300 4985 2502 5056 primus
2539 4986 2744 5053 illuxit,
2771 4987 3130 5041 anniversaria
3159 4989 3310 5043 nobis
3339 4986 3637 5046 festivitate
3665 5004 3759 5046 re-

2169 5075 2284 5132 diit.
2317 5077 2395 5131 llli
2434 5086 2587 5132 erant
2630 5077 2872 5146 primitiae
2903 5078 3183 5144 Gentium,
3221 5095 3317 5136 nos
3341 5073 3568 5151 populus
3611 5081 3766 5139 Cen-

2177 5171 2331 5225 tium.
2359 5169 2523 5225 Nobis
2549 5169 2654 5225 hoc
2677 5169 2853 5240 lingua
2883 5171 3138 5226 nuntiavit
3161 5173 3571 5242 Apostolorum,
3598 5173 3761 5229 stella

2173 5263 2279 5317 illis
2301 5272 2552 5333 tanquam
2584 5262 2759 5333 lingua
2788 5263 3044 5318 cmlorum
3075 5281 3089 5319 :
3121 5275 3175 5319 et
3203 5265 3356 5320 nobis
3380 5264 3538 5320 iidem
3577 5268 3764 5337 Apos-

2175 5355 2267 5409 toli
2303 5395 2318 5421 ,
2376 5363 2626 5424 tanquam
2695 5356 2820 5410 cmli
2847 5396 2863 5423 ,
2925 5365 3308 5411 enarraverunt
3368 5354 3598 5426 gloriam
3667 5355 3765 5413 Dei

2232 5481 2492 5608 :ntvgltgulli
2515 5489 2644 5544 Mss,
2669 5486 2754 5535 sub
2777 5483 2914 5536 stella
2935 5492 2981 5536 et
3001 5487 3098 5549 fato
3112 5499 3132 5549 ,'
3157 5493 3209 5537 et
3240 5486 3451 5551 quidam,
3474 5485 3566 5536 sub
3589 5485 3761 5539 stella-

2167 5558 2278 5595 rum
2300 5558 2413 5595 Ιωο.

2232 5609 2247 5624 ⁸
2271 5613 2538 5674 Castigatus
2569 5614 2646 5656 est
2665 5608 2725 5656 ad
2749 5616 2852 5658 tres
2873 5609 2949 5659 ch.
2975 5609 3032 5659 ad
3052 5609 3085 5659 f.
3121 5623 3196 5674 gr.
3220 5623 3269 5659 u.
3313 5621 3356 5659 ι’.
3383 5622 3475 5659 rm.
3502 5616 3538 5660 t.
3595 5625 3649 5662 v.
3679 5609 3762 5662 vd.

2171 5676 2221 5718 et
2259 5669 2317 5716 ad
2360 5669 2457 5716 Ain.
2490 5675 2565 5716 Er.
2605 5677 2706 5717 t‘at‘.
2745 5677 2849 5718 Lov.

2232 5731 2304 5794 (tt)
2331 5729 2464 5789 Alias,
2487 5729 2551 5779 de
2577 5739 2707 5794 'l'etn‘
2725 5747 2810 5780 ore
2831 5734 2908 5783 50.
