4070 6330
374 284 511 344 1029

371 401 545 473 (Psal.
580 415 737 466 xvnt,
772 398 849 472 l).
877 397 983 454 Cur
1008 397 1149 453 enim
1193 410 1297 452 non
1336 408 1683 466 agnoscamus
1710 406 1804 447 eos
1839 406 1949 446 etn-

369 496 483 560 los,
530 494 618 563 qui
663 491 787 547 facti
826 500 949 546 sunt
983 489 1139 545 sedes
1187 487 1319 542 Dei?
1356 489 1490 541 sicut
1537 484 1790 555 scriptum
1843 491 1945 549 est,

369 588 553 640 Anima
602 584 769 654 justi,
834 584 975 637 sedes
1030 589 1102 636 est
1167 579 1428 650 sapientia:
1484 572 1803 651 (Sap.vtt
1844 574 1947 628 Per

367 677 467 731 hos
496 676 637 730 enim
663 674 829 730 oculos
866 674 952 728 ille
988 673 1242 729 calorum
1274 670 1555 724 fabricator
1583 677 1638 724 et
1682 666 1945 722 habitator

364 765 608 827 intonuit,
635 779 740 834 quo
768 763 964 817 tonitru
990 761 1219 816 mundus
1247 759 1585 824 contremuit,
1608 766 1664 813 et
1682 772 1806 812 ecce
1831 756 1940 825 jam

360 855 547 909 credit.
575 854 817 924 Magnum
846 862 1257 907 sacramentum.
1295 850 1349 904 lu
1380 850 1601 919 prmscpi
1647 859 1769 903 tunc
1791 847 1941 917 jace-

359 944 470 1010 hat,
491 954 545 999 et
569 944 748 1014 Magos
772 944 840 998 ab
865 942 1080 998 Oriente
1117 940 1361 997 ducebat.
1401 937 1841 993 Abseondebatur
1886 937 1941 991 itt

358 1036 566 1090 stabulo
585 1078 601 1102 ,
628 1046 681 1091 et
708 1035 1092 1106 agnoscebatur
1129 1034 1180 1087 in
1210 1033 1379 1098 caelo;
1410 1040 1467 1085 ut
1488 1030 1696 1101 agnitus
1722 1032 1773 1083 in
1803 1028 1940 1083 coelo

357 1125 786 1180 manifestaretur
815 1125 866 1178 in
898 1125 1137 1190 stabulo,
1169 1131 1224 1177 et
1252 1122 1605 1192 appellaretur
1642 1117 1939 1187 Epiphania

358 1216 475 1272 dies
502 1218 605 1271 iste
630 1218 670 1282 ¹,
694 1215 833 1285 quod
863 1216 1024 1270 latine
1048 1214 1403 1269 manifestatio
1426 1212 1527 1267 dici
1546 1219 1751 1281 potest:
1780 1209 1939 1265 simul

352 1311 475 1379 ejus
517 1306 887 1363 celsitudinem
930 1307 1384 1376 humilitatemque
1429 1302 1837 1368 commendans,
1879 1310 1939 1357 ut

354 1399 445 1468 qui
472 1399 524 1452 iu
565 1408 751 1467 aperto
788 1397 928 1452 caelo
956 1397 1121 1465 signis
1161 1396 1384 1451 sidereis
1410 1393 1806 1449 monstrabatur
1828 1434 1844 1461 ,
1881 1393 1935 1448 in

353 1497 577 1558 angusto
597 1487 895 1542 diversorio
918 1487 1174 1557 quaesitus
1201 1486 1544 1549 inveniretur;
1569 1483 1829 1539 invalidus
1855 1485 1937 1538 in-

349 1580 622 1635 fantilibus
652 1580 939 1645 membris,
984 1579 1251 1634 involutus
1288 1577 1622 1633 infantilibus
1664 1578 1892 1649 pauuis'
1914 1612 1931 1646 ,

346 1671 663 1727 adoreretur
689 1688 720 1726 a
753 1674 914 1742 Magis
933 1713 947 1737 ,
978 1673 1252 1727 timeretur
1280 1687 1309 1725 a
1336 1671 1509 1726 malis.

418 1762 475 1817 2.
508 1762 729 1818 Herodis
757 1772 933 1817 trrror.
967 1763 1164 1817 Timuit
1202 1761 1344 1817 enim
1374 1777 1494 1817 eum
1531 1777 1623 1817 rex
1658 1760 1929 1828 Herodes,

343 1855 553 1911 eisdem
584 1855 682 1909 sibi
712 1854 875 1925 Magis
903 1854 1265 1909 nuntiantibus
1296 1895 1310 1920 ,
1351 1868 1475 1909 cum
1509 1852 1683 1907 adhuc
1721 1866 1931 1921 qurere-

348 1955 467 2001 rent
520 1946 792 2015 parvulum
818 1988 833 2013 ,
873 1960 1033 2016 quem
1075 1952 1433 2015 cognoverant
1470 1944 1609 1998 coelo
1648 1952 1784 1997 teste
1822 1943 1931 2012 jam

346 2047 550 2094 natum.
582 2038 718 2106 Quid
767 2039 867 2094 erit
890 2039 1113 2093 tribunal
1137 2038 1421 2108 judicantis
1444 2079 1457 2102 ,
1508 2036 1719 2107 quando
1748 2050 1934 2104 super-

349 2133 445 2187 bos
470 2147 626 2201 reges
652 2147 801 2186 cuna:
823 2134 1092 2187 terrebant
1115 2130 1367 2186 infantis?
1403 2132 1611 2196 Quanto
1640 2130 1932 2185 consultius

343 2238 489 2278 nunc
517 2238 669 2292 rcges
689 2264 705 2289 ,
735 2238 839 2277 non
873 2222 1010 2277 sicut
1036 2220 1304 2286 Herodes,
1336 2221 1632 2275 inter-licere
1654 2226 1928 2289 qumrunt;

346 2314 442 2370 sed
467 2316 605 2369 sicut
632 2314 766 2384 Magi
794 2315 1000 2384 potius,
1027 2314 1250 2368 adorare
1275 2313 1625 2378 delectantur,
1650 2311 1757 2379 jam
1789 2325 1929 2379 prae-

344 2406 527 2461 sertim
553 2420 674 2459 eum
710 2405 799 2475 qui
826 2414 882 2460 et
906 2404 1074 2474 ipsam
1105 2412 1329 2457 mortem
1364 2417 1520 2472 quam
1557 2400 1803 2470 cupiebat
1832 2399 1932 2453 ini-

344 2498 514 2552 micas
537 2496 753 2561 inferre,
779 2499 939 2551 etiam
962 2511 1057 2566 pro
1083 2498 1209 2565 ipsis
1228 2495 1458 2550 inimicis
1478 2494 1544 2547 ab
1566 2493 1793 2546 inimicis
1814 2505 1931 2545 sus-

344 2590 500 2644 tinuit
519 2629 535 2657 ,
564 2604 791 2659 eamque
819 2590 870 2643 in
901 2603 999 2642 suo
1025 2603 1248 2656 corpore
1274 2587 1481 2641 occisus
1508 2584 1721 2638 occidit.
1747 2584 1836 2637 Pie
1866 2582 1930 2635 ti-

345 2695 524 2741 meant
548 2701 687 2739 nunc
716 2699 868 2753 reges
889 2684 953 2737 ad
983 2671 1153 2737 Patris
1176 2682 1453 2735 dexteram
1480 2679 1587 2747 jam
1619 2676 1892 2731 sedentem
1912 2708 1928 2741 ,

340 2792 500 2847 quem
530 2791 623 2831 rex
649 2776 736 2831 ille
761 2777 956 2845 impius
999 2774 1173 2829 timuit
1196 2773 1370 2827 adhuc
1398 2772 1582 2825 matris
1604 2771 1763 2824 ubera
1800 2770 1932 2822 lam-

343 2869 576 2924 bentem.
604 2868 836 2922 Audiant
855 2866 997 2937 ίιυυᾱ
1019 2862 1271 2935 scriptum
1312 2872 1394 2918 est
1421 2881 1434 2917 :
1463 2863 1528 2916 Et
1558 2877 1689 2915 nunc
1712 2901 1726 2926 ,
1753 2877 1892 2931 reges
1912 2902 1927 2926 ,

339 2946 624 3032 itttelliqite;
653 2961 943 3027 eruditm'ui,
971 2960 1056 3027 qui
1086 2959 1331 3029 judicatis
1360 2966 1544 3011 terram
1575 2972 1592 3010 :
1622 2958 1798 3010 servile
1822 2954 1931 3008 Do-

345 3052 480 3105 mino
508 3052 561 3104 in
591 3053 784 3114 timore,
810 3062 855 3105 et
896 3051 1140 3105 exsultate
1164 3051 1207 3104 ei
1242 3066 1354 3103 eum
1396 3058 1607 3103 tremore
1637 3046 1816 3119 (Psal.
1849 3062 1888 3103 tt
1910 3087 1926 3113 ,

346 3142 469 3198 l0et
490 3142 598 3212 ll).
631 3142 722 3198 Ille
747 3144 887 3198 enim
912 3159 1023 3209 rex,
1046 3143 1187 3197 ultor
1206 3142 1484 3212 impiorum
1505 3157 1710 3211 regum,
1738 3149 1792 3196 et
1814 3155 1932 3195 ree-

348 3242 430 3289 tor
458 3235 661 3304 piorum
684 3276 699 3301 ,
731 3250 837 3289 non
862 3235 930 3288 ita
959 3243 1113 3288 natus
1137 3241 1222 3288 est
1243 3274 1257 3299 ,
1286 3242 1344 3287 ut
1374 3247 1527 3303 reges
1553 3240 1843 3285 nascuntur
1876 3232 1928 3285 in

342 3325 573 3391 smculo;
603 3328 724 3397 quia
746 3334 801 3382 et
831 3326 920 3381 ille
948 3336 1104 3382 natus
1132 3336 1212 3381 est
1233 3368 1248 3392 ,
1280 3326 1428 3397 cujus
1451 3341 1670 3395 regnum
1718 3339 1820 3378 non
1847 3333 1929 3379 est

338 3415 408 3472 de
438 3417 538 3472 hoc
563 3418 777 3472 sacculo.
806 3416 1062 3472 Nobilitas
1094 3417 1189 3472 fuit
1223 3419 1488 3473 nascentis
1509 3460 1522 3480 ,
1547 3418 1599 3482 in
1628 3418 1928 3487 virginitate

344 3509 629 3579 parientis;
655 3520 708 3563 ct
739 3511 982 3564 nobilitas
1011 3512 1264 3580 parientis
1283 3553 1297 3575 ,
1328 3511 1380 3564 in
1409 3510 1681 3564 divinitate
1707 3526 1929 3565 nascen-

342 3602 431 3655 tis.
464 3601 697 3669 Denique
727 3617 846 3655 cum
888 3611 994 3655 tam
1030 3602 1182 3655 multi
1222 3602 1329 3670 jam
1371 3603 1478 3656 nati
1509 3612 1666 3671 atque
1694 3603 1925 3657 defuncti

338 3702 521 3746 essent
552 3708 702 3761 reges
729 3691 1033 3746 Judreorum
1055 3733 1069 3757 ,
1099 3708 1366 3761 nunquam
1396 3708 1712 3762 quemquam
1737 3708 1924 3746 eorum

338 3782 667 3837 adorandum
706 3782 841 3854 Magi
871 3783 1198 3853 qua‘sierunt
1237 3800 1250 3835 :
1294 3782 1416 3852 quia
1462 3798 1561 3838 nec
1603 3799 1925 3853 quemquam

341 3889 527 3927 eorum
554 3873 692 3927 cmlo
718 3874 967 3943 loquente
1000 3874 1317 3928 didicerunt.

410 3965 640 4021 CAPUT
670 3965 730 4020 ll.
758 3995 831 4006 —
855 3967 907 4021 5.
938 3964 1239 4021 Judaaorum
1284 3967 1483 4022 cwcitas
1510 3967 1562 4020 in
1600 3967 1711 4035 ipsa
1736 3967 1925 4021 illumi-

342 4058 543 4110 natione
562 4056 854 4128 Magorum.
875 4058 1157 4129 Scriptum
1174 4059 1314 4129 apud
1334 4058 1543 4113 Judwos
1565 4071 1768 4129 propter
1792 4059 1924 4113 Geu-

340 4150 465 4202 tium
494 4149 645 4219 ﬁdem
673 4151 881 4205 relictw.
912 4150 1312 4217 Verumtamen,
1338 4152 1475 4221 quod
1500 4153 1920 4221 prmtcreundum

343 4256 449 4294 non
472 4250 580 4304 est,
609 4241 725 4297 hare
748 4241 1017 4312 Magorum
1052 4242 1368 4297 illuminatio
1406 4258 1654 4312 magnum
1679 4245 1919 4298 testimo-

341 4331 485 4385 nium
512 4333 763 4388 ea-citatis
789 4333 990 4390 exstitit
1013 4332 1339 4389 Judteorum.
1371 4334 1425 4388 ln
1457 4345 1592 4389 terra
1618 4350 1801 4390 eorum
1834 4336 1918 4391 isti

346 4424 709 4494 requirebant,
740 4441 895 4495 quem
925 4426 997 4481 illi
1020 4426 1070 4480 in
1099 4442 1193 4481 sua
1220 4443 1324 4482 non
1364 4429 1737 4498 agnoscebant.
1768 4431 1918 4498 Apud

336 4531 433 4571 eos
452 4517 534 4571 isti
568 4518 816 4573 infantem
835 4520 885 4573 iu
907 4531 1184 4583 venerunt,
1209 4537 1365 4590 quem
1383 4522 1453 4575 illi
1471 4522 1606 4591 apud
1633 4537 1692 4576 se
1720 4521 1917 4577 docen-

337 4615 442 4660 tem
471 4619 800 4677 negaverunt
827 4618 867 4661 ³.
896 4609 951 4664 1η
979 4609 1061 4664 his
1080 4612 1233 4665 terris
1258 4612 1322 4665 de
1351 4612 1635 4682 longinquo
1660 4613 1741 4666 isti
1765 4628 1919 4683 pere-

337 4698 473 4766 grini
523 4713 741 4767 puerum
793 4698 1060 4754 Christum
1108 4702 1340 4755 nondum
1382 4703 1539 4756 verba
1583 4713 1913 4771 promentem

333 4788 724 4856 adoraverunt,
756 4790 846 4845 ubi
878 4792 1020 4846 cives
1046 4793 1117 4845 tlli
1149 4793 1403 4861 juvenem
1436 4794 1682 4848 miracula
1712 4794 1913 4850 facien-

335 4892 445 4937 tem
468 4883 867 4939 crucifixerunt.
895 4884 983 4940 Isti
1014 4885 1063 4939 in
1082 4886 1333 4940 membris
1360 4888 1535 4956 parvis
1566 4887 1729 4941 Deum
1752 4904 1915 4958 agno-

334 4984 526 5029 verunt
552 4974 592 5040 ις
618 4976 693 5031 illi
717 4978 767 5031 in
801 4977 950 5032 factis
976 4979 1180 5047 magnis
1202 4994 1299 5033 nec
1322 4990 1568 5049 tanquam
1599 4980 1795 5035 homini
1826 4999 1914 5051 pe-

331 5078 616 5135 perceruut
649 5085 662 5122 :
689 5070 837 5139 quasi
863 5069 980 5139 plus
1015 5069 1170 5124 fuerit
1203 5070 1381 5125 videre
1408 5087 1595 5125 novam
1622 5072 1829 5127 stellam
1859 5073 1909 5127 in

391 5202 413 5272 ξ
436 5201 747 5274 Floriacensis
770 5212 871 5265 δίδη
904 5202 1100 5268 Agnitus
1138 5210 1208 5255 est
1245 5218 1272 5255 ε
1308 5204 1443 5268 εωιο,
1493 5212 1544 5257 ut
1588 5205 1911 5271 appellaretur

330 5264 590 5313 Emuhama
614 5266 715 5313 dies
738 5266 843 5313 iste.
1460 5288 1467 5295 -

331 5272 590 5327 Epiphania
614 5272 715 5316 dies
738 5272 843 5316 iste.
1460 5288 1467 5295 ·

331 5327 510 5401 utsic
535 5335 635 5401 aut.
660 5335 734 5376 Er.
763 5335 936 5398 etatss.
964 5334 1017 5401 at
1051 5334 1182 5397 ιρι,
1215 5328 1567 5401 monstrabatur
1602 5344 1820 5401 magnus,
1839 5331 1910 5401 “in

323 5395 525 5460 uugusto
543 5388 1052 5460 diversoriaqutesitus
1065 5388 1361 5460 inueniretur
1380 5390 1637 5460 invalidus,
1677 5388 1910 5455 infantili-

326 5448 410 5516 (ηιξ
427 5448 718 5516 in_ntetttlrris
743 5448 899 5516 natus,
923 5450 1306 5516 infmttilibusque
1324 5454 1492 5516 pannis
1516 5448 1763 5515 involutus,
1790 5466 1885 5507 etc.

388 5511 409 5541 ³
433 5511 548 5560 Editi
572 5515 812 5582 omittunt,
838 5511 1095 5564 docentem.
1116 5511 1436 5577 Habent,'.\tss.
1454 5525 1503 5566 et
1522 5530 1584 5566 ex
1603 5518 1678 5567 his
1696 5511 1906 5582 quidam,

325 5581 605 5640 necaturum
626 5610 640 5633 ,
667 5588 751 5635 pro
769 5609 783 5633 ,
807 5583 1107 5640 negavermtt.
1410 5618 1428 5627 -

387 5641 405 5662 ⁸
433 5634 577 5744 mliti,
626 5634 770 5685 Deum
796 5634 1127 5687 ederatmrtmt.
1156 5645 1206 5687 At
1232 5642 1555 5702 manttseripti,
1586 5649 1730 5691 Deum
1768 5656 1909 5707 agno.

387 5708 473 5743 run
499 5731 510 5743 .

326 5704 510 5743 ωνωιι.

1826 278 2050 334 SERMO
2086 278 2190 334 CC.

3497 296 3634 353 1030

2059 388 2173 457 ejus
2202 392 2471 448 nativitate
2502 392 2784 465 fulgentem
2808 437 2824 462 ,
2851 412 3007 467 quam
3032 399 3197 455 solem
3239 402 3354 471 ejus
3383 402 3436 458 iu
3464 418 3639 463 morte

2058 478 2345 547 lugentem.
2369 482 2485 537 .latn
2515 501 2641 539 vero
2680 487 2820 555 quod
2859 487 3046 544 eadem
3072 490 3221 544 stella
3246 531 3263 558 ,
3296 508 3413 562 qum
3451 494 3639 566 Magos

2058 570 2304 637 perduxit
2331 572 2395 626 ad
2432 574 2606 629 locum
2636 576 2722 631 ubi
2756 588 2870 633 erat
2906 594 3025 633 cum
3062 592 3232 637 matre
3261 584 3462 654 virgine
3494 586 3641 641 Dens

2056 660 2248 727 infans,
2277 678 2393 732 qua:
2424 665 2602 735 utique
2624 676 2831 736 poterat
2864 684 2956 724 eos
2978 680 3031 725 et
3051 672 3115 724 ad
3148 673 3316 742 ipsam
3341 675 3639 746 perducere

2053 754 2317 809 civitatem
2348 798 2362 819 ,
2387 773 2443 813 se
2471 766 2643 815 tamen
2678 762 2973 831 subtraxit,
2999 780 3097 820 nec
3120 767 3197 820 eis
3224 783 3439 836 prorsus
3467 786 3599 840 appa
3616 800 3637 810 -

2052 848 2176 910 ruit,
2212 846 2383 902 donec
2411 848 2477 903 de
2521 851 2734 907 civitate
2758 895 2771 919 ,
2801 854 2853 907 in
2881 869 2981 923 qua
3011 854 3255 911 Christus
3281 869 3589 914 nasceretur
3623 902 3639 927 ,

2050 935 2208 990 iidem
2240 937 2338 1006 ipsi
2368 940 2818 1011 interrogarentur
2845 944 3011 1000 Judaei
3040 987 3054 1012 ,
3084 957 3139 1001 ut
3164 949 3261 1017 ipsi
3288 965 3404 1004 eam
3433 965 3636 1006 secun-

2048 1028 2174 1083 dum
2198 1030 2388 1085 divina:
2420 1032 2710 1104 Scripturce
2741 1037 3099 1094 testimonium
3130 1042 3497 1111 nominarent,
3528 1046 3627 1115 ipsi

2047 1120 2313 1187 dicerent,
2339 1123 2406 1178 In
2434 1123 2717 1206 Betltleltem
2746 1127 2919 1183 ludas.
2950 1130 3039 1185 Sic
3064 1134 3196 1186 enim
3222 1136 3469 1204 scriptum
3508 1146 3580 1189 est
3609 1151 3629 1189 :

2046 1211 2114 1266 Et
2143 1223 2197 1268 tu
2223 1215 2531 1285 Bel/atellam,
2547 1228 2680 1272 terra
2700 1218 2737 1271 Ι
2740 1221 2861 1287 uda,
2888 1238 2985 1275 non
3005 1238 3057 1276 es
3086 1224 3290 1277 minima
3312 1224 3363 1279 in
3386 1226 3629 1295 principi-

2044 1304 2135 1359 bus
2189 1304 2329 1360 Juda
2364 1325 2383 1362 :
2425 1326 2487 1362 ea:
2534 1319 2581 1363 te
2624 1311 2758 1364 enim
2783 1313 2912 1366 exiet
2951 1313 3058 1367 dux
3095 1317 3180 1384 qui
3205 1328 3339 1387 reget
3378 1319 3627 1388 populum

2043 1412 2208 1452 meum
2236 1398 2399 1454 Israel
2422 1399 2636 1479 (Matth.
2666 1417 2739 1470 ιι,
2772 1403 2894 1475 1-6)
2929 1422 2942 1458 :
2974 1407 3098 1476 quid
3135 1408 3274 1463 aliud
3316 1410 3400 1464 hic
3425 1410 3629 1479 signiti-

2043 1490 2180 1543 cavit
2209 1490 2383 1545 divina
2412 1477 2761 1562 providentia,
2790 1495 2892 1550 nisi
2914 1496 3049 1567 apud
3076 1497 3286 1555 Judaeos
3316 1501 3455 1555 solas
3476 1477 3623 1556 divi-

2043 1595 2139 1637 nas
2167 1581 2394 1639 Litteras
2423 1600 2762 1642 remansuras
2787 1629 2802 1654 ,
2835 1587 3025 1658 quibus
3066 1588 3260 1646 Gentes
3296 1594 3624 1649 instrueren-

2042 1682 2149 1741 tur,
2182 1676 2257 1730 illi
2286 1689 2702 1747 excaecarentur;
2733 1696 2863 1750 quas
2893 1690 3168 1747 portarent
3198 1699 3301 1737 non
3324 1684 3389 1738 ad
3411 1686 3623 1756 adjuto-

2040 1769 2177 1823 rium
2206 1769 2389 1824 salutis
2415 1785 2546 1837 sure,
2576 1773 2668 1826 sed
2691 1772 2756 1826 ad
2787 1774 3147 1827 testimonium
3177 1775 3363 1829 salutis
3391 1776 3624 1830 nostrm?

2038 1861 2169 1916 Nam
2199 1862 2357 1919 hodie
2383 1879 2503 1917 cum
2524 1865 2824 1933 praemissas
2854 1866 3158 1936 pr0phetias
3183 1866 3250 1921 de
3269 1866 3481 1921 Christo
3503 1884 3623 1936 pro-

2040 1954 2277 2015 ferimus.
2304 1955 2413 2024 jam
2440 1971 2618 2011 rerum
2648 1957 3030 2026 completarum
3063 1958 3180 2013 luce
3211 1958 3501 2013 dcclaratas
3523 2001 3535 2021 ,
3576 1961 3621 2015 si

2043 2042 2176 2099 forte
2203 2046 2395 2115 Pagani
2422 2088 2436 2111 ,
2466 2061 2598 2116 quos
2624 2046 2817 2101 lucrari
2847 2048 3087 2102 volumus
3107 2090 3121 2113 ,
3145 2047 3375 2103 dixerint
3400 2064 3504 2103 non
3534 2063 3623 2103 eas

2040 2144 2184 2189 tanto
2205 2146 2326 2190 ante
2352 2136 2651 2205 praedictas,
2677 2137 2767 2191 sed
2794 2148 2910 2207 post
2932 2154 3108 2192 rerum
3136 2149 3404 2203 eventum,
3432 2150 3487 2193 ut
3508 2139 3623 2193 haec

2038 2244 2157 2296 qua:
2188 2226 2320 2282 facta
2353 2237 2476 2281 sunt
2526 2228 2835 2298 prophetata
2866 2238 3177 2298 putarentur
3205 2270 3218 2295 ,
3246 2246 3274 2282 a
3323 2230 3474 2284 nobis
3504 2246 3622 2287 esse

2037 2318 2294 2371 Conlictas
2320 2333 2335 2382 ;
2361 2317 2665 2372 Judzeorum
2717 2319 2928 2374 codices
2973 2321 3260 2375 reeitamus
3280 2359 3296 2386 ,
3326 2330 3381 2375 ut
3410 2322 3623 2375 tollatur

2038 2409 2296 2464 dubitatio
2344 2411 2673 2481 Paganoruut
2705 2428 2717 2465 :
2749 2412 2835 2481 qui
2861 2413 2969 2482 jam
3009 2414 3061 2466 in
3109 2413 3272 2483 Magis
3304 2414 3405 2468 illis
3432 2416 3623 2483 ligura-

2037 2505 2247 2568 bantur,
2280 2521 2414 2573 quos
2443 2504 2612 2559 Judaei
2640 2503 2706 2558 de
2731 2505 2940 2559 civitate
2968 2505 3018 2558 in
3042 2522 3141 2576 qua
3167 2516 3319 2560 natus
3341 2516 3421 2561 est
3442 2507 3623 2560 Chris-

2038 2604 2140 2661 tus,
2173 2596 2365 2651 divinis
2385 2597 2609 2667 eloquiis
2640 2597 3005 2662 instruebant,
3037 2609 3091 2653 et
3116 2615 3234 2653 eum
3270 2600 3366 2669 ipsi
3400 2616 3501 2655 nec
3530 2616 3619 2654 re-

2036 2687 2335 2756 quirebant,
2363 2703 2461 2740 nec
2490 2687 2869 2757 agnoscebant.

2108 2777 2331 2832 CAPUT
2386 2776 2569 2832 lll.—
2600 2778 2655 2836 4.
2710 2778 2907 2833 Christo
2955 2780 3200 2849 charitate
3250 2798 3363 2835 cum
3425 2781 3620 2837 Judcris

2039 2866 2219 2921 Gentes
2249 2869 2518 2921 coltwreut.
2549 2868 2699 2922 Nune
2724 2885 2871 2938 ergo,
2900 2870 3221 2936 cltarissitni,
3243 2872 3425 2941 gratiae
3453 2873 3543 2925 lilii
3566 2883 3618 2925 et

2039 2958 2279 3013 lueredes
2302 3001 2316 3026 ,
2350 2959 2524 3014 videte
2555 2960 2886 3014 vocationem
2915 2971 3182 3025 vestram,
3208 2971 3261 3015 et
3284 2961 3620 3015 manifestato

2035 3049 2233 3104 JUll’tl‘lS
2262 3060 2314 3104 et
2343 3049 2600 3104 Gentibus
2641 3050 2853 3104 Christo
2898 3060 3143 3121 tanquam
3174 3053 3411 3119 anguIat-i
3461 3053 3617 3119 lapidi

2036 3142 2566 3212 perseverantissime
2611 3140 2895 3197 dilectione
2941 3142 3224 3196 cohaerete.
3256 3142 3618 3198 Manifestatus

2035 3233 2176 3287 enim
2227 3240 2308 3286 est
2352 3232 2405 3285 in
2455 3232 2585 3301 ipsis
2632 3233 2910 3287 cunabulis
2954 3230 3188 3285 infantia:
3231 3248 3340 3286 sua:
3405 3233 3485 3286 his
3531 3238 3616 3302 qui

2038 3339 2201 3393 prope
2225 3366 2240 3389 ,
2285 3332 2338 3378 et
2366 3324 2447 3377 his
2477 3323 2564 3391 qtti
2615 3323 2771 3393 longe
2800 3331 2952 3379 erant
2980 3340 2994 3389 ;
3023 3323 3223 3378 Iudaeis
3268 3325 3318 3377 in
3350 3336 3616 3393 pastorum

2036 3416 2428 3485 propinquitate
2456 3458 2467 3479 ,
2497 3415 2756 3470 Gentibus
2806 3416 2856 3469 itt
2897 3415 3166 3485 Magorum
3213 3416 3614 3486 longinquitate.

2033 3508 2111 3562 Illi
2163 3509 2277 3577 ipso
2306 3508 2392 3562 die
2420 3524 2524 3577 quo
2552 3518 2704 3560 natus
2744 3516 2826 3561 est
2847 3548 2859 3571 ,
2885 3508 2967 3560 isti
3015 3507 3079 3560 ad
3112 3523 3233 3561 cum
3265 3507 3422 3561 hodie
3462 3511 3622 3561 adve-

2032 3600 2175 3653 uisse
2198 3600 2503 3652 creduntur.
2537 3599 2900 3655 Mattifeslalus
2927 3614 3052 3668 ergo
3077 3609 3159 3653 est
3184 3642 3194 3662 ,
3229 3615 3326 3655 nec
3354 3601 3454 3653 illis
3485 3602 3618 3655 doc-

2033 3691 2133 3755 tis,
2189 3706 2287 3744 nec
2317 3691 2432 3745 istis
2472 3691 2648 3759 justis.
2682 3691 2938 3745 Praevalet
2989 3707 3215 3761 namque
3253 3694 3511 3762 imperitia
3563 3695 3616 3748 in

2034 3783 2325 3837 rusticitate
2356 3792 2651 3850 pastorum,
2681 3790 2734 3837 et
2768 3782 3011 3851 impietas
3038 3782 3089 3835 in
3121 3784 3413 3854 sacrilegiis
3442 3785 3614 3853 Mago-

2033 3890 2171 3929 rum.
2225 3873 2489 3943 Utrosque
2529 3875 2626 3928 sibi
2672 3874 2805 3944 lapis
2858 3874 2947 3930 ille
2988 3875 3254 3944 angttlaris
3298 3876 3551 3945 applicuit.
3598 3895 3612 3930 :

2037 3965 2231 4034 quippe
2256 3964 2345 4033 qui
2374 3965 2515 4017 venit
2539 3964 2696 4018 stulta
2728 3963 2911 4018 mundi
2940 3965 3156 4034 eligere,
3188 3973 3242 4018 ιη
3270 3965 3615 4021 cnnfunderet

2033 4059 2302 4130 sapientes
2329 4057 2381 4127 (Ι
2416 4058 2538 4111 Cor.
2595 4074 2641 4123 t,
2669 4058 2810 4128 27);
2841 4065 2892 4112 et
2923 4072 3025 4112 non
3058 4074 3245 4112 vocare
3284 4057 3457 4125 justos
3478 4101 3491 4122 ,
3520 4059 3612 4112 sed

2032 4160 2338 4220 peceatores
2364 4149 2383 4218 (
2408 4146 2596 4201 Matth.
2627 4165 2699 4215 ιχ,
2731 4148 2829 4221 I5)
2855 4165 2868 4213 ;
2899 4158 2953 4202 ut
2981 4150 3156 4204 nullus
3183 4165 3402 4219 magnus
3428 4165 3613 4219 super-

2026 4241 2196 4304 biret,
2245 4241 2421 4294 nullus
2463 4240 2675 4294 infimus
2722 4240 3097 4310 desperaret‘.
3133 4239 3281 4295 Unde
3325 4241 3523 4295 Scribae
3560 4252 3613 4296 et

2031 4331 2281 4385 Pharisaei
2306 4331 2429 4384 dum
2456 4331 2616 4384 nimis
2641 4330 2781 4385 docti
2812 4340 2863 4383 et
2886 4329 3043 4384 nimis
3068 4330 3195 4399 justi
3214 4330 3311 4383 sibi
3338 4330 3608 4398 videntur,

2025 4423 2176 4492 cujus
2207 4423 2473 4476 nascentis
2491 4422 2761 4477 civitatem
2790 4421 3137 4476 ostenderunt
3168 4422 3474 4489 prophetica
3499 4426 3601 4478 elo-

2026 4515 2144 4583 quia
2177 4514 2481 4577 recitantes,
2517 4514 2657 4568 hunc
2687 4513 3106 4582 reprohaverunt
3134 4514 3475 4568 aediﬁcantes.
3501 4515 3607 4569 Sed

2022 4606 2142 4674 quia
2170 4604 2338 4659 factus
2364 4614 2444 4658 est
2489 4606 2541 4658 in
2572 4614 2726 4675 caput
2765 4605 2938 4675 anguli
2972 4605 3143 4667 (I’sal.
3172 4622 3314 4660 cxvu
3335 4648 3350 4673 ,
3374 4607 3444 4659 ‘22
3469 4607 3487 4675 )
3508 4648 3521 4671 ,
3556 4620 3609 4662 et

2022 4695 2162 4765 qttod
2193 4705 2346 4749 natus
2368 4697 2621 4762 Ostendit,
2658 4712 2842 4766 passus
2866 4698 3128 4767 itnplevit;
3160 4698 3279 4751 huic
3311 4713 3406 4753 nos
3431 4698 3604 4753 iulia:-

2021 4803 2233 4841 reatnus
2269 4802 2397 4841 cum
2440 4788 2545 4842 alio
2590 4790 2790 4857 pariete
2833 4789 3061 4844 habente
3109 4789 3358 4858 reliquias
3402 4791 3559 4846 Israel
3599 4835 3613 4859 ,

2019 4895 2135 4949 qum
2166 4896 2259 4949 per
2275 4880 2588 4935 electiOnem
2610 4881 2791 4949 gratia:
2813 4880 2973 4934 salva:
2994 4878 3145 4933 facta:
3174 4890 3298 4935 sunt
3325 4880 3498 4952 (llam.
3523 4899 3599 4949 XI,

2020 4971 2097 5043 5).
2134 4971 2235 5024 Eos
2265 4973 2405 5026 enim
2447 4981 2686 5041 pastores
2717 4973 2791 5027 illi
2821 4971 3226 5041 pratligurabant
3253 4973 3320 5028 de
3359 4976 3602 5042 proximo

2020 5063 2439 5132 conjungendos,
2471 5072 2527 5117 ut
2556 5074 2605 5118 et
2640 5079 2765 5129 nos,
2791 5077 3011 5133 quorum
3038 5077 3101 5116 ex
3131 5063 3416 5133 longinquo
3435 5081 3599 5119 voca-

2024 5155 2218 5209 tionem
2246 5154 2516 5223 Magorum
2548 5154 2877 5225 significabat
2904 5154 3180 5220 adventus,
3204 5155 3311 5225 jant
3336 5172 3439 5210 non
3472 5172 3596 5225 pcr-

2020 5248 2187 5317 cgrini
2215 5256 2267 5301 et
2294 5248 2569 5317 inquilini,
2599 5247 2690 5301 sed
2734 5248 2876 5301 cives
2906 5257 3209 5301 sanctorum
3241 5257 3293 5301 ct
3320 5249 3595 5304 domestici

2014 5338 2108 5392 Dei
2137 5352 2462 5398 maneamus,
2491 5336 2796 5392 eomdilicati
2824 5352 2985 5406 super
3009 5337 3404 5393 fundamentum
3426 5340 3598 5411 Apos-

2017 5428 2245 5482 tolorum
2272 5438 2326 5483 et
2351 5427 2757 5497 Prophetarum,
2787 5428 2901 5498 ipso
2930 5442 3138 5481 summo
3164 5430 3398 5498 angulari
3421 5430 3595 5499 lapide

2018 5520 2280 5574 existente
2331 5518 2546 5573 Christo
2609 5519 2736 5573 Iesu
2794 5537 2806 5573 :
2857 5519 2944 5590 qui
2985 5518 3108 5574 fecit
3159 5528 3380 5590 utraque
3430 5536 3594 5577 unum

2081 5712 2096 5740 ¹
2125 5718 2195 5756 Stc
2221 5715 2434 5770 potiores
2458 5709 2778 5757 manuscrioti.
2809 5718 2859 5758 At
2885 5709 3019 5767 edttt,
3060 5708 3280 5773 inﬁrmus
