4070 6330
474 257 602 315 1031

469 369 688 441 (Ephes.
716 383 772 433 ιι,
802 367 1013 438 1132),
1042 376 1100 422 ιιι
1121 367 1172 421 in
1203 381 1308 420 uno
1331 379 1569 420 amemus
1591 366 1868 433 unitatem,
1899 373 1954 421 et
1977 365 2045 420 ad

472 459 799 531 colligendos
826 474 1002 513 ramos
1041 459 1128 528 qui
1163 459 1322 513 etiam
1349 458 1415 511 de
1438 458 1668 512 oleastro
1698 459 1915 524 inserti,
1954 472 2048 524 per

471 551 774 619 superbiam
819 547 968 602 fracti
1022 548 1256 602 heretici
1312 557 1435 602 sunt
1470 548 1590 603 laeti
1639 547 1752 618 (a),
1795 547 2045 617 quoniam

475 629 896 710 potensestDeus
926 641 1116 695 iterum
1134 642 1368 696 inserere
1397 642 1514 696 illos
1540 642 1715 711 (Rom.
1739 657 1816 710 ιι,
1834 642 2042 713 17-24),

475 733 767 787 habeamus
791 731 1169 802 infatigabilem
1196 732 1530 788 charitatem.

983 841 1214 898 SERMO
1249 842 1356 898 CCI
1381 847 1398 868 ·
1440 841 1539 916 (α).

946 960 996 1003 ιιι
1018 954 1272 1016 Epiphania
1293 955 1493 1016 Domini,
1512 970 1580 1005 ιιι.

542 1057 767 1113 CAPUT
809 1057 1090 1112 PRIMUM.
1121 1088 1192 1098 -—
1217 1059 1269 1112 1.
1300 1057 1648 1130 Manifestatio
1694 1056 1883 1114 Christi
1911 1062 2049 1131 facta

472 1149 725 1203 Gentibus.
785 1150 944 1203 Stella
996 1149 1168 1218 lingua
1213 1149 1340 1202 (mli.
1390 1152 1524 1205 Ante
1554 1150 1900 1221 paucissimos
1934 1151 2049 1206 dies

469 1240 704 1294 Natalem
753 1240 959 1292 Domini
1003 1241 1386 1295 celebravimus
1415 1258 1428 1293 :
1457 1240 1714 1296 hodierno
1744 1251 1919 1296 autem
1963 1242 2049 1297 die

470 1331 987 1397 nmmfcstationem,
1023 1348 1124 1401 qua
1175 1330 1505 1386 manifestari
1548 1330 1805 1388 Gentibus
1843 1333 2004 1404 etrapit
2030 1375 2047 1400 ,

469 1423 806 1478 solemnitate
837 1439 943 1476 non
986 1423 1162 1478 minus
1206 1424 1381 1479 debita
1423 1423 1777 1479 celebramus.
1817 1425 1912 1480 lllo
1963 1425 2050 1482 die

469 1523 649 1569 natum
712 1523 953 1585 pastores
1010 1514 1180 1570 Jndmi
1233 1516 1480 1572 viderunt
1521 1532 1534 1570 :
1594 1516 1752 1572 hodie
1801 1518 1935 1589 Magi
1983 1518 2050 1575 ab

469 1605 688 1661 Oriente
726 1608 998 1661 venientes
1043 1606 1419 1663 adoraverunt.
1459 1607 1623 1664 Natus
1652 1609 1848 1680 quippe
1875 1610 2051 1666 fuerat

470 1697 603 1764 lapis
634 1697 722 1751 ille
747 1698 1034 1767 angularis,
1065 1698 1163 1768 pax
1192 1698 1417 1752 duorum
1446 1701 1704 1769 parietum
1731 1717 1796 1756 ex
1817 1702 2049 1757 circum-

469 1788 670 1842 cisione
693 1799 747 1843 et
772 1790 1055 1858 pt':t.'puli0,
1081 1805 1186 1842 non
1214 1805 1278 1844 ex
1309 1807 1468 1860 parva
1497 1791 1811 1847 diversitate
1833 1793 2052 1849 venien-

471 1880 636 1945 tium;
669 1890 721 1933 ut
755 1883 804 1933 in
835 1881 924 1934 illo
955 1882 1348 1950 capillarentnr,
1374 1884 1460 1953 qui
1487 1881 1660 1938 factus
1689 1895 1769 1938 est
1791 1901 1886 1954 pax
1921 1899 2049 1940 nos-

473 1980 549 2022 tra
572 2013 586 2034 ,
633 1979 685 2023 et
733 1969 855 2024 fecit
893 1980 1110 2040 utraque
1142 1987 1301 2026 unum
1353 1971 1564 2045 (Ep/tes.
1601 1990 1672 2039 ιι,
1700 1972 1904 2048 11-22).
1939 1975 2051 2031 Hoc

471 2057 523 2112 in
556 2060 852 2129 pastoribus
897 2059 1234 2125 Judzeurum,
1276 2071 1329 2117 et
1359 2062 1521 2132 Magis
1571 2063 1818 2119 Gentium
1861 2067 2048 2136 prmsi-

469 2162 684 2221 gnatum
723 2150 976 2206 est.lnde
1018 2153 1208 2223 C(Bpil,
1261 2153 1400 2223 quod
1452 2154 1504 2208 in
1557 2155 1803 2210 universo
1851 2156 2050 2212 mundo

471 2242 814 2298 fructiﬁcaret
840 2253 894 2298 et
921 2254 1206 2298 cresceret.
1240 2243 1347 2298 Nos
1374 2245 1551 2316 itaque
1579 2246 1712 2302 duos
1733 2247 1868 2314 dies,
1899 2245 2048 2302 Nati-

470 2336 647 2390 vitatis
669 2345 721 2390 et
745 2334 1184 2391 M.mifestationis
1209 2337 1412 2391 Domini
1443 2339 1646 2404 nostri,
1672 2338 1930 2409 spirituali
1957 2338 2049 2394 la:-

471 2426 586 2480 titia
627 2426 957 2496 gratissimos
996 2425 1305 2481 habeamus.
1334 2426 1502 2482 Judaei
1549 2438 1787 2496 pastores
1817 2428 1883 2484 ad
1927 2445 2050 2484 eum

471 2517 660 2589 angelo
709 2518 985 2572 mmtiante
1012 2559 1026 2584 ,
1053 2518 1280 2586 gentiles
1304 2517 1435 2588 Magi
1472 2519 1625 2573 stella
1650 2518 2052 2576 demonstranle

471 2607 712 2678 perducti
740 2617 883 2663 sunt.
910 2607 1033 2662 llarc
1059 2607 1214 2662 stella
1243 2623 1406 2662 vanas
1431 2611 1853 2680 computationes
1881 2622 2052 2666 astro-

470 2699 710 2770 logorum
760 2699 1217 2770 divinationeSque
1267 2700 1544 2766 confudit,
1596 2717 1717 2756 cum
1779 2704 2051 2758 stellarum

469 2792 840 2846 adoratoribus
881 2791 1188 2848 Creatorem
1244 2793 1365 2849 coeli
1411 2803 1465 2848 et
1512 2803 1668 2850 terra:
1723 2796 2052 2851 adorandum

470 2883 647 2954 potius
671 2882 1077 2938 demonstravit.
1106 2883 1238 2938 Nam
1266 2885 1377 2954 ipse
1412 2900 1599 2940 novam
1625 2887 1830 2942 stellam
1870 2886 2052 2942 decla-

470 2976 608 3029 ravit
628 2985 782 3030 natus
801 3016 816 3040 ,
844 2975 934 3046 qui
972 2979 1246 3046 antiquum
1277 2975 1445 3031 solem
1475 2978 1777 3033 obscuravit
1821 2979 2050 3035 occisus.

477 3065 571 3121 Illa
594 3065 711 3120 luce
737 3066 981 3120 inchoata
995 3073 1079 3121 est
1092 3067 1222 3121 ﬁdes
1238 3066 1506 3134 Gentium;
1530 3069 1634 3123 illis
1652 3069 1884 3124 tenebris
1899 3086 2056 3126 accu-

471 3168 586 3214 sata
602 3168 683 3213 est
697 3158 913 3228 perﬁdia
927 3158 1253 3214 Judzeorum.
1266 3159 1400 3226 Quid
1413 3171 1526 3214 erat
1540 3160 1626 3216 illa
1640 3161 1812 3227 stella,
1827 3178 1943 3232 quae
1956 3178 2055 3219 nec

471 3265 702 3321 unquam
733 3258 886 3305 antea
920 3250 1059 3304 inter
1095 3249 1270 3304 sidera
1299 3250 1578 3321 apparuit,
1623 3267 1721 3306 nec
1746 3263 1926 3322 postea
1956 3254 2052 3310 de-

471 3340 812 3396 monstranda
833 3340 1147 3410 permansit?
1161 3341 1295 3408 Quid
1313 3349 1446 3409 erat,
1468 3342 1569 3397 nisi
1589 3343 1862 3414 magniﬁca
1880 3345 2054 3416 lingua

470 3432 614 3500 caeli,
637 3449 755 3505 quae
780 3442 1020 3488 narraret
1041 3432 1263 3503 gloriam
1287 3433 1400 3500 Dei,
1424 3449 1544 3504 qua:
1567 3434 1871 3490 inusitatum
1897 3437 2056 3508 virgi-

471 3526 557 3581 nis
583 3535 787 3596 partum
819 3525 1070 3582 inusitato
1097 3527 1299 3597 fulgore
1324 3527 1600 3592 clamaret,
1625 3529 1707 3582 cui
1738 3540 1918 3600 postea
1949 3547 2054 3586 non

471 3618 744 3687 apparenti
772 3617 1114 3687 Evangelium
1147 3627 1256 3672 toto
1285 3619 1413 3673 urbe
1437 3620 1770 3675 Succedcret?
1798 3621 1931 3691 Quid
1962 3623 2059 3678 de-

473 3709 634 3780 nique
671 3708 803 3779 Magi
842 3711 1119 3764 venientes
1145 3709 1433 3764 dixerunt?
1467 3709 1563 3766 Ubi
1598 3721 1669 3765 est
1698 3713 1781 3782 qui
1810 3723 1956 3766 natus
1983 3721 2056 3768 est

471 3816 563 3855 rex
584 3797 883 3856 Juda'orum
905 3801 928 3854 .9
953 3799 1089 3869 Quid
1114 3811 1196 3855 est
1221 3800 1322 3856 hoc
1340 3802 1363 3855 ?
1383 3800 1571 3858 Nonne
1598 3812 1703 3858 tam
1729 3806 1879 3859 multi
1899 3815 2056 3863 antea

473 3907 627 3962 reges
670 3901 824 3946 erant
866 3893 973 3946 nati
1013 3892 1358 3948 Judaeorum?
1388 3893 1524 3960 Quid
1565 3902 1842 3967 tanmpere
1867 3897 2056 3954 aliena:

473 3986 646 4055 gentis
677 4000 854 4056 regem
901 4000 1058 4041 nosse
1106 3996 1160 4040 et
1197 3978 1420 4042 adorare
1458 3988 1775 4057 cupierunt?
1829 3989 2056 4046 Vidimus

473 4077 644 4143 enim,
672 4077 952 4146 inquiunt,
1000 4077 1200 4132 stellam
1229 4079 1337 4148 ejus
1370 4077 1421 4130 in
1463 4076 1667 4134 Oriente
1689 4121 1704 4145 ,
1745 4088 1790 4134 et
1832 4082 2056 4137 venimus

473 4167 691 4221 adorare
715 4185 827 4221 eum
849 4167 1060 4239 (Matth.
1091 4185 1146 4234 ιι,
1175 4170 1255 4242 ‘2).
1298 4159 1560 4242 Numquid
1591 4172 1690 4226 hoc
1717 4182 1856 4228 tanta
1887 4173 2054 4229 devo-

477 4259 620 4314 tione
647 4261 1011 4330 requirerent,
1042 4271 1187 4318 tanto
1218 4264 1429 4334 pietatis
1452 4264 1640 4320 affectu
1668 4266 2052 4334 desiderarent,

474 4353 578 4408 nisi
607 4369 725 4408 eum
771 4363 1123 4425 agnoscerent
1152 4371 1330 4427 regem
1361 4356 1666 4413 Judazorum
1693 4401 1707 4427 ,
1737 4359 1826 4430 qui
1855 4376 1949 4416 rex
1975 4370 2057 4416 est

473 4446 632 4502 etiam
661 4447 1015 4502 smeulorum?

544 4540 768 4597 CAPUT
800 4542 862 4596 ll.
883 4571 954 4583 ——
974 4542 1027 4596 2.
1050 4540 1117 4596 In
1142 4541 1310 4598 Pilato
1335 4552 1381 4598 et
1406 4543 1572 4614 Magis
1601 4544 1898 4617 signiﬁcata:
1919 4546 2055 4602 Gen-

475 4642 547 4687 tes
576 4635 638 4686 ab
666 4632 870 4687 Oriente
893 4644 939 4687 et
969 4633 1238 4688 Occidente
1266 4637 1647 4707 congregandos.
1679 4636 1811 4690 llinc
1840 4646 1893 4692 et
1919 4637 2059 4692 Pila-

475 4733 559 4778 tus
581 4726 828 4779 nonnulla
852 4725 1030 4795 utique
1051 4741 1177 4780 aura
1201 4727 1436 4781 veritatis
1459 4727 1472 4758 ¹
1493 4726 1700 4781 afﬂatus
1721 4735 1822 4793 est,
1845 4727 2058 4798 quando

476 4816 530 4871 in
573 4816 688 4887 ejus
734 4818 976 4885 passione
1021 4817 1231 4871 titulum
1277 4817 1528 4887 scripsit,
1563 4819 1674 4872 Rex
1708 4816 2005 4872 Judworum
2036 4834 2056 4872 :

474 4923 631 4978 quem
670 4907 835 4962 Judaei
865 4909 1038 4963 conati
1066 4917 1190 4962 sunt
1217 4909 1452 4964 mendosi
1481 4909 1766 4966 emendare
1787 4913 1826 4962 ’.
1856 4911 2058 4977 Quibus

475 5002 564 5057 ille
592 5001 900 5071 respondit,
940 5001 1088 5070 Quod
1123 5001 1342 5069 scripsi,
1374 5002 1552 5072 scripsi
1580 5000 1756 5073 (Joan.
1812 5019 1899 5058 ιλιι
1922 5044 1938 5069 ,
1990 5002 2058 5060 19

474 5092 565 5164 9.2)
601 5111 612 5145 :
647 5092 768 5162 quia
814 5093 1122 5162 prmdictum
1169 5101 1283 5145 erat
1326 5093 1378 5145 in
1404 5091 1613 5146 Psalmo
1637 5135 1652 5158 ,
1687 5091 1846 5147 Tituli
1873 5093 2058 5148 inscri-

475 5186 696 5255 ptionem
724 5199 786 5238 ne
813 5200 1102 5254 corrumpas
1132 5181 1302 5253 (Psal.
1334 5199 1439 5248 LVI,
1472 5184 1546 5255 1).
1579 5185 1932 5240 Advertamus
1959 5186 2060 5242 ita-

474 5290 579 5347 que
605 5289 852 5346 magnum
893 5274 995 5329 hoc
1034 5283 1090 5328 et
1113 5274 1352 5330 mirabile
1377 5286 1786 5331 sacramentum.
1826 5276 1961 5347 Magi
1991 5293 2055 5333 ex

539 5431 559 5506 ε
583 5431 900 5506 armis
925 5431 1276 5506 aream.

538 5493 562 5555 ξ
584 5491 752 5555 Plures
772 5491 1097 5555 annuscrtpti,
1121 5497 1344 5546 mendose
1361 5495 1635 5547 emendare.

539 5552 649 5622 '“Ad
801 5554 926 5604 duos
944 5552 1023 5604 ebl
1051 5563 1104 5606 et
1123 5557 1246 5607 duos
1280 5571 1328 5606 ιι.
1353 5557 1413 5607 ad
1438 5556 1468 5606 f.
1495 5572 1618 5622 gr-t'.
1644 5570 1734 5608 l'm-
1761 5565 1797 5608 ῐ-
1833 5573 1881 5609 ν·
1918 5568 1969 5612 α
1995 5560 2056 5612 ad

477 5615 718 5666 editiones
739 5624 985 5666 correctus
1004 5625 1095 5666 est.

541 5679 615 5739 ta)
636 5675 776 5738 Alias,
798 5677 864 5727 de
886 5685 1123 5741 Tempore
1140 5678 1218 5728 3t.

1695 255 1754 310 ὃ.
1794 250 2159 310 AUGUSTlNl
2196 250 2496 308 EPISCOPI

3596 262 3737 320 1052

2154 364 2415 420 Gentibus
2437 373 2590 422 erant
2607 406 2626 433 ,
2659 366 2773 440 ipse
2799 367 2958 423 etiam
2983 367 3184 425 Pilatus
3223 385 3292 426 ex
3317 371 3578 432 Gentibus
3609 394 3624 431 :
3655 379 3737 433 illi

2153 455 2364 509 stellam
2385 457 2627 512 viderunt
2648 457 2702 512 in
2721 460 2878 526 coelo,
2901 460 2990 515 ille
3014 461 3224 520 titulum
3245 464 3457 536 scripsit
3474 467 3526 522 in
3549 468 3692 539 ligno
3715 489 3733 526 :

2154 547 2364 614 utrique
2410 556 2582 601 tamen
2612 563 2718 603 non
2763 566 2939 620 regem
2983 551 3272 620 Gentium,
3303 557 3396 610 scd
3426 557 3733 616 Judmorum

2153 637 2236 692 vel
2255 638 2564 706 quaarebant
2587 680 2602 704 ,
2631 641 2714 696 vel
2748 645 3124 712 agnoscebant.
3149 644 3318 701 Judazi
3344 664 3470 702 vero
3507 651 3605 720 ipsi
3635 668 3735 708 nec

2151 727 2359 782 stellam
2384 730 2553 783 secuti
2574 741 2698 786 sunt
2719 771 2738 796 ,
2767 747 2866 788 nec
2891 735 3042 789 titulo
3059 749 3464 793 consenserunt.
3489 739 3606 794 Jam
3637 742 3734 812 igio

2154 825 2238 870 tur
2263 818 2682 888 prmsignabatur
2705 822 2846 891 quod
2892 834 3073 894 postea
3118 828 3232 895 ipse
3262 829 3515 884 Dominus
3557 831 3691 886 dixit
3714 851 3731 886 :

2154 905 2306 961 Multi
2328 907 2390 961 ab
2415 906 2613 964 Oriente
2632 921 2680 964 et
2709 910 2976 969 Occidente
3005 917 3218 984 venient,
3241 928 3288 973 et
3308 922 3591 977 recumbent
3613 940 3734 979 cum

2152 997 2408 1053 Abraham
2431 1010 2479 1054 et
2503 1000 2655 1056 Isaac
2677 1012 2725 1056 et
2744 1003 2904 1059 Jacob
2925 1007 2978 1061 in
3013 1024 3170 1079 regno
3194 1011 3433 1066 calorum
3461 1030 3481 1067 :
3507 1015 3606 1080 ﬁlii
3632 1033 3735 1071 au-

2156 1085 2252 1141 tem
2273 1091 2414 1159 regni
2439 1090 2578 1145 ibunt
2602 1093 2654 1146 in
2679 1095 2904 1150 tenebras
2931 1099 3196 1153 exteriores
3227 1100 3437 1170 (Matth.
3465 1119 3576 1168 vm,
3597 1107 3655 1160 11
3683 1112 3736 1161 et

2155 1179 2266 1247 12).
2291 1181 2422 1236 Nam
2452 1183 2584 1254 Magi
2621 1186 2687 1240 ab
2711 1184 2925 1244 Oriente
2949 1229 2964 1253 ,
2996 1189 3195 1245 Pilatus
3219 1193 3286 1247 ab
3319 1191 3607 1250 Occidente
3636 1212 3740 1254 ve-

2153 1282 2324 1329 uerat.
2356 1274 2506 1330 Unde
2535 1277 2611 1331 illi
2640 1279 2870 1347 orienti,
2901 1281 3000 1336 hoc
3024 1291 3106 1337 est
3133 1285 3368 1340 nascenti
3393 1303 3409 1351 ;
3441 1287 3532 1342 ille
3551 1299 3736 1344 autem

2153 1362 2456 1430 occidenti,
2487 1365 2590 1422 hoc
2629 1376 2711 1422 est
2739 1369 3024 1436 morienti,
3055 1373 3438 1431 attestabantur
3481 1377 3593 1447 regi
3634 1377 3734 1432 Ju-

2153 1450 2390 1508 daeorum
2421 1472 2435 1509 :
2466 1464 2520 1510 ut
2545 1471 2665 1511 cum
2691 1457 2959 1514 Abraham
2984 1471 3038 1516 et
3062 1459 3209 1518 Isaac
3231 1472 3286 1518 et
3308 1463 3489 1530 Jacob,
3523 1481 3588 1521 ex
3610 1469 3736 1538 qui-

2153 1541 2254 1598 bus
2276 1543 2445 1600 Judaei
2468 1545 2732 1604 ducebant
2757 1550 3015 1620 originem
3040 1593 3056 1616 ,
3089 1556 3460 1612 recumbereut
3487 1559 3538 1614 in
3567 1575 3735 1630 regno

2153 1637 2410 1693 caelorum
2434 1656 2448 1700 ;
2477 1655 2584 1694 non
2613 1655 2685 1696 ex
2713 1642 2792 1697 eis
2817 1645 3086 1714 propagati
3114 1661 3210 1717 per
3233 1661 3447 1704 carnem
3473 1691 3487 1714 ,
3519 1651 3608 1706 sed
3651 1654 3735 1709 eis

2155 1724 2339 1782 inserti
2371 1743 2467 1798 per
2491 1730 2650 1787 ﬁdem
2681 1750 2694 1786 :
2729 1741 2784 1787 ut
2809 1733 2897 1788 ille
2923 1733 2992 1789 de
3014 1750 3120 1804 quo
3145 1739 3430 1805 Apostolus
3458 1739 3690 1811 loquitur
3711 1783 3731 1811 ,

2154 1818 2309 1873 oliva:
2329 1820 2640 1876 inserendus
2663 1822 2773 1892 jam
2790 1833 3286 1894 pnemonstraretur
3303 1828 3535 1885 oleaster
3553 1831 3732 1901 (Rom.

2155 1926 2207 1965 XI
2231 1951 2246 1976 ,
2279 1910 2393 1982 24).
2423 1911 2709 1983 Propterea
2734 1915 2928 1984 quippe
2953 1930 3060 1970 non
3082 1932 3174 1971 rex
3201 1916 3447 1974 Gentium
3471 1961 3486 1985 ,
3515 1921 3611 1976 sed
3638 1921 3738 1978 Ju-

2153 2000 2388 2055 dasorum
2432 2001 2500 2056 ab
2539 2003 2742 2058 eisdem
2783 2005 3042 2060 Gentibus
3065 2047 3082 2072 ,
3115 2006 3196 2061 vel
3241 2009 3617 2078 quzcrebatur,
3649 2013 3736 2069 vel

2153 2095 2572 2163 agnoscebatur;
2603 2097 2725 2166 quia
2751 2097 2985 2153 oleaster
3007 2098 3076 2154 ad
3100 2099 3290 2155 olivam
3315 2141 3330 2168 ,
3361 2117 3466 2156 non
3491 2102 3558 2158 ad
3583 2104 3736 2159 olea-

2154 2196 2321 2241 Strum
2343 2186 2480 2241 oliva
2507 2187 2771 2244 veniebat.
2796 2189 2948 2244 Rami
2976 2201 3150 2248 tamen
3180 2191 3475 2264 frangendi,
3506 2195 3607 2251 hoc
3629 2207 3734 2264 est,

2155 2277 2395 2333 inﬁdeles
2432 2277 2601 2334 Judtei
2625 2321 2641 2346 ,
2671 2289 2726 2335 et
2753 2280 2917 2352 Magis
2945 2282 3335 2352 inquirentibus
3374 2286 3459 2340 ubi
3487 2285 3739 2343 Christus

2155 2378 2484 2434 nasceretur,
2509 2369 2574 2424 In
2593 2370 2885 2426 Bethletiem
2911 2371 3082 2441 Judw,
3106 2375 3499 2446 respondebant
3517 2377 3736 2450 (Matth.

2155 2473 2195 2513 ιι
2219 2500 2234 2526 ,
2266 2459 2322 2532 5)
2348 2477 2364 2527 ;
2397 2469 2452 2516 et
2475 2462 2645 2518 Pilato
2672 2464 3030 2534 exprobrante
3057 2466 3198 2536 quod
3225 2483 3404 2538 regem
3429 2483 3581 2523 suum
3608 2486 3739 2525 crn-

2155 2551 2295 2622 eiﬁgi
2324 2552 2559 2620 vellent,
2592 2555 3015 2623 pertinacissime
3053 2557 3362 2613 saeviebant.
3393 2559 3573 2630 Itaque
3599 2561 3740 2632 Magi

2156 2641 2534 2712 adoraverunt,
2563 2644 2761 2700 Judtcis
2789 2645 3192 2702 ostendentibus
3221 2647 3395 2703 locum
3421 2649 3614 2705 Christi
3646 2669 3742 2707 na-

2156 2735 2394 2800 scentis;
2425 2735 2545 2805 quia
2575 2735 2628 2789 i‘n
2651 2735 2922 2806 Scriptura
2947 2777 2964 2800 ,
2993 2752 3151 2808 quam
3175 2738 3346 2794 Judaei
3375 2752 3696 2812 acceperunt
3719 2784 3736 2812 ,

2157 2823 2428 2879 Christum
2454 2825 2843 2896 cognoscimus.
2866 2827 3067 2884 Pﬂatus
3087 2844 3156 2884 ex
3176 2829 3432 2886 Gentibus
3453 2849 3642 2888 manus
3664 2835 3742 2888 la-

2157 2915 2470 2983 vit,Jud:eis
2498 2925 2726 2978 mortem
2745 2919 2942 2976 Christi
2973 2921 3272 2990 petentibus
3302 2921 3415 2992 (1d.
3438 2940 3600 2990 xxvn,
3618 2925 3736 2996 24);

2159 3007 2281 3076 quia
2302 3008 2556 3078 sanguine
2569 3023 2724 3078 quem
2739 3007 2908 3064 Judmi
2934 3009 3202 3079 fuderunt,
3225 3022 3405 3068 nostra
3425 3024 3639 3084 peccata
3657 3016 3742 3070 di-

2159 3095 2371 3150 luimus.
2385 3095 2490 3152 Sed
2506 3097 2573 3152 de
2591 3097 2894 3153 testimonio
2906 3099 3057 3154 Pilati
3071 3116 3165 3170 per
3181 3103 3412 3169 titulum,
3426 3104 3480 3158 in
3493 3122 3597 3175 quo
3611 3107 3743 3161 scri-

2161 3187 2268 3257 psit
2286 3202 2464 3258 regem
2492 3187 2796 3243 Judzeorum
2826 3204 2946 3246 esse
2971 3189 3264 3261 Christum,
3291 3192 3429 3249 alius
3451 3205 3534 3250 est
3559 3195 3739 3254 disse-

2159 3280 2308 3336 rendi
2330 3281 2477 3336 locus
2501 3299 2514 3336 :
2535 3297 2640 3352 quo
2661 3282 2924 3353 passionis
2941 3294 3023 3338 est
3045 3291 3272 3354 tempus.

2231 3368 2458 3426 CAPUT
2489 3369 2573 3424 ΙΙΙ.
2595 3402 2667 3411 -
2687 3371 2739 3426 5.
2765 3370 2936 3426 λιιάωί
2975 3374 3045 3426 ad
3088 3372 3322 3428 Gentium
3349 3376 3561 3431 salutem
3589 3377 3740 3432 Scri-

2161 3471 2426 3532 pturarum
2455 3463 2702 3516 custodes.
2742 3462 2894 3518 Nunc
2922 3479 3047 3519 vero
3075 3465 3215 3535 quod
3243 3467 3428 3522 attinet
3454 3467 3520 3522 ad
3562 3471 3738 3524 mani-

2160 3552 2496 3609 festationem
2522 3554 2630 3610 nati
2657 3553 2875 3621 Christi,
2897 3554 2966 3612 de
2992 3557 3142 3627 cujus
3171 3559 3606 3615 manifestationis
3625 3560 3734 3626 die,

2160 3663 2279 3718 qua:
2307 3663 2480 3718 graeco
2511 3648 2768 3702 vocabulo
2800 3648 3090 3719 Epiphania
3119 3652 3422 3706 nominatur
3444 3693 3460 3719 ,
3491 3669 3592 3724 qua
3620 3670 3740 3710 ma-

2161 3741 2399 3796 nifestari
2428 3741 2588 3811 erepit
2615 3741 2871 3798 Gentibus
2896 3757 3018 3797 cum
3048 3759 3168 3798 eum
3197 3744 3333 3815 Magi
3361 3745 3735 3814 adoravcrunt,

2160 3848 2278 3903 qua:
2304 3842 2506 3888 restant
2547 3848 2713 3902 pauca
2743 3832 3002 3888 dicamus.
3033 3833 3164 3889 Nam
3205 3836 3364 3890 etiam
3394 3846 3552 3907 atque
3576 3837 3740 3894 etiam

2159 3928 2501 3984 considerare
2525 3927 2753 3983 delectat
2773 3969 2790 3995 ,
2822 3927 3263 3998 quemadmodum
3293 3928 3456 3999 Magis
3490 3947 3740 4000 quaéren-

2161 4019 2305 4074 tibus
2329 4019 2420 4074 ubi
2445 4019 2688 4074 Christus
2726 4029 3036 4076 nasceretur
3057 4060 3074 4087 ,
3102 4018 3271 4075 Judaei
3312 4021 3701 4091 responderunt
3725 4041 3739 4078 :

2160 4109 2229 4164 1n
2249 4109 2539 4164 Betltlehem
2556 4107 2711 4164 Iuda:
2733 4125 2754 4174 ;
2775 4125 2872 4166 nec
2897 4118 3073 4166 tamen
3095 4110 3160 4164 ad
3187 4127 3310 4166 eum
3340 4122 3598 4167 venerunt
3618 4115 3741 4184 ipsi,

2161 4200 2257 4256 sed
2297 4201 2376 4257 eis
2399 4199 2808 4255 abscedentibus
2829 4241 2845 4268 ,
2877 4200 3052 4271 Magos
3077 4200 3143 4255 ad
3170 4217 3292 4256 eum
3335 4201 3507 4258 locum
3540 4203 3594 4258 in
3633 4220 3744 4274 quo

2164 4297 2338 4352 infans
2361 4305 2474 4352 erat
2497 4337 2512 4362 ,
2545 4296 2731 4352 eadem
2771 4296 2918 4352 stella
2956 4296 3238 4366 perduxit;
3273 4308 3330 4352 ut
3369 4298 3746 4354 ostenderetur

2163 4387 2302 4458 quod
2333 4397 2387 4443 et
2411 4387 2673 4442 civitatem
2699 4395 2904 4456 poterat
2927 4386 3316 4456 demonstrare,
3347 4388 3440 4444 sed
3463 4389 3531 4443 ad
3557 4387 3662 4444 hoc
3683 4405 3743 4446 se

2162 4479 2491 4548 aliquantum
2511 4478 2862 4541 subtraxerat,
2887 4486 2942 4531 ut
2962 4477 3130 4533 Judaei
3161 4488 3378 4548 possent
3403 4480 3740 4550 interrogari.

2161 4570 2244 4625 Ad
2274 4570 2374 4624 hoc
2402 4580 2525 4624 sunt
2547 4579 2721 4624 autem
2747 4569 3052 4640 interrogati
3080 4568 3250 4624 Judaei
3271 4611 3288 4635 ,
3321 4578 3380 4624 ut
3403 4569 3743 4624 demonstra-

2162 4672 2310 4720 retur
2334 4677 2429 4718 eos
2455 4679 2558 4718 non
2581 4663 2648 4717 ad
2687 4677 2836 4718 suam
2861 4705 2876 4728 ,
2907 4665 3002 4719 sed
3047 4664 3114 4719 ad
3140 4664 3386 4720 Gentium
3415 4666 3638 4719 salutem
3685 4674 3746 4721 et
3794 4715 3799 4722 .

2163 4755 2486 4825 agnitionem
2527 4755 2824 4810 testimonia
2868 4755 3045 4810 divina
3091 4765 3321 4825 portare.
3367 4756 3592 4825 Propter
3640 4757 3745 4813 hoc

2163 4849 2305 4903 etiitn
2328 4847 2414 4902 illa
2439 4862 2568 4917 gens
2592 4863 2754 4918 regno
2775 4862 2872 4903 suo
2899 4849 3048 4918 pulsa
3077 4856 3158 4903 est
3182 4855 3238 4902 et
3263 4847 3502 4918 dispersa
3522 4863 3617 4918 per
3637 4858 3748 4904 ter-

2164 4955 2250 4993 ras
2275 4980 2290 5004 ,
2321 4947 2380 4993 ut
2407 4939 2520 5008 ejus
2553 4938 2674 4994 ﬁdei
2714 4939 2863 5009 cujus
2909 4939 3104 4993 inimici
3152 4946 3314 5006 sunt,
3347 4938 3540 5009 ubique
3580 4947 3747 4996 testes

2165 5029 2280 5084 ﬁeri
2309 5037 2644 5099 cogerentur.
2695 5028 2908 5084 Perdite
2937 5029 3130 5100 quippe
3173 5029 3370 5100 templo
3393 5071 3408 5095 ,
3439 5028 3704 5084 sacriﬁcio
3724 5067 3744 5096 ,

2165 5119 2464 5174 sacerdotio
2488 5161 2502 5184 ,
2535 5119 2756 5189 ipsoque
2799 5133 2962 5188 regno
2985 5159 2999 5185 ,
3032 5118 3086 5172 in
3132 5119 3312 5188 paucis
3341 5119 3612 5174 veteribus
3653 5132 3746 5172 sa-

2165 5211 2455 5266 cramentis
2493 5225 2686 5264 nomen
2715 5223 2987 5278 genusque
3023 5209 3362 5274 custodiunt;
3394 5223 3460 5262 ne
3497 5207 3748 5278 permixti

2165 5304 2409 5374 gentibus
2434 5303 2548 5357 sine
2577 5301 2898 5356 discretione
2926 5301 3230 5370 diSpereant
3253 5342 3269 5368 ,
3299 5310 3353 5355 et
3383 5299 3746 5355 testimonium

2164 5398 2406 5452 veritatis
2431 5395 2675 5448 amittant
2707 5411 2720 5447 :
2753 5394 2895 5448 velut
2932 5393 3060 5448 Cain
3091 5395 3381 5464 accipiente
3409 5408 3613 5462 Signum
3638 5433 3653 5458 ,
3689 5401 3748 5446 ut

2163 5505 2288 5545 eum
2314 5489 2490 5542 nullus
2519 5485 2744 5552 occidat,
2766 5486 2855 5555 qui
2882 5486 3094 5540 fratrem
3115 5485 3316 5556 justum
3345 5485 3551 5540 imidus
3575 5493 3628 5539 ct
3653 5499 3751 5538 su-

2167 5583 2361 5653 perhus
2391 5579 2584 5635 occidit
2608 5577 2753 5652 (Gen.
2783 5595 2854 5644 IV,
2885 5577 3059 5649 l-l5).
3096 5577 3206 5634 lloc
3228 5579 3478 5633 nimirum
3505 5577 3661 5633 etiam
3689 5574 3746 5632 in

2167 5672 2601 5745 quinquagesimo
2628 5679 2815 5726 octavo
2849 5671 3053 5741 psalmo
3091 5685 3194 5725 non
3225 5670 3629 5742 incongruenter
3655 5670 3742 5723 in-
