4070 6330
351 277 491 334 I033

349 392 512 462 telligi
539 398 734 462 potest,
756 393 845 449 ubi
870 392 1110 450 Christus
1138 409 1204 452 ex
1230 410 1458 465 persona
1484 394 1568 453 sui
1589 396 1829 467 corporis
1853 396 1931 449 lo-

349 485 526 555 quitur
551 494 603 540 et
629 486 755 540 dIcit
787 504 799 539 :
833 486 970 541 Deus
993 505 1131 543 meus
1155 490 1509 543 demonstravit
1538 489 1659 543 mihi
1682 489 1734 542 in
1762 487 1932 541 inimi-

347 578 419 630 cis
444 577 587 635 meis.
616 595 680 631 ne
698 578 938 634 occideris
977 596 1078 645 eos,
1109 596 1171 633 ne
1192 581 1392 649 quando
1432 582 1786 634 obliviscantur
1808 578 1931 647 legis

349 675 449 721 tuae
477 666 646 739 (Psat.
677 685 822 735 LVIII,
847 668 956 743 12).
980 671 1035 725 In
1061 672 1140 726 eis
1166 672 1359 741 quippe
1384 672 1611 727 inimicis
1638 670 1757 725 ﬁdei
1778 669 1933 724 Chri-

346 759 531 813 stiana:
558 760 952 816 demonstratur
991 762 1248 818 Gentibus
1290 763 1557 831 quomodo
1587 763 1930 833 pr0phetatus

345 857 430 905 est
457 849 701 904 Christus
733 868 746 904 :
779 867 847 906 ne
884 852 1018 907 forte
1042 895 1057 919 ,
1088 868 1210 909 cum
1240 854 1496 908 vidissent
1531 862 1676 907 tanta
1703 850 1928 906 manife-

347 941 573 995 statione
598 942 803 1011 impleri
830 943 1153 1014 prophetias,
1181 954 1427 1014 putarent
1450 945 1664 999 easdem
1692 942 1931 1012 Scriptu-

345 1042 433 1086 I'as
459 1048 489 1086 a
520 1032 833 1087 Christianis
860 1049 978 1089 esse
1003 1035 1278 1098 conﬁctas,
1309 1050 1428 1089 cum
1453 1033 1521 1089 de
1544 1033 1760 1088 Christo
1786 1047 1928 1101 pras-

344 1123 482 1178 dicta
530 1125 881 1179 recitarentur
902 1166 917 1191 ,
951 1141 1068 1194 quae
1097 1125 1361 1194 completa
1390 1133 1699 1178 cernuntur.
1745 1122 1930 1177 Profe-

343 1224 534 1269 runtur
559 1230 686 1285 ergo
712 1216 922 1271 codices
948 1232 977 1271 a
1005 1216 1221 1279 Iudaeis,
1253 1226 1411 1286 atque
1442 1219 1511 1270 ita
1543 1216 1682 1270 Deus
1709 1215 1931 1269 demon-

342 1314 475 1362 strat
498 1308 650 1361 nobis
679 1308 730 1362 in
761 1309 988 1363 inimicis
1018 1309 1245 1376 nostris;
1270 1324 1404 1379 quos
1431 1309 1548 1364 ideo
1579 1324 1683 1362 non
1710 1306 1924 1373 occidit,

342 1397 444 1453 hoc
466 1407 566 1462 est,
596 1399 663 1453 de
696 1401 849 1453 terris
875 1416 978 1454 non
1023 1400 1233 1469 penitus
1262 1399 1511 1469 perdidit,
1543 1414 1609 1453 ne
1640 1398 1927 1452 oblivisce-

343 1496 527 1543 rentur
555 1490 687 1559 legis
717 1490 915 1559 ipsius:
948 1506 1105 1561 quam
1135 1502 1414 1560 pr0pterea
1436 1490 1682 1559 legendo,
1706 1498 1760 1543 et
1784 1505 1930 1559 qum-

340 1578 463 1635 dam
507 1581 624 1649 ejus
665 1583 907 1651 quamvis
932 1582 1216 1638 carnaliter
1258 1582 1591 1637 observando
1614 1623 1629 1645 ,
1664 1582 1926 1636 memine-

339 1684 483 1736 runt,
519 1684 575 1729 ut
603 1675 701 1730 sibi
731 1684 945 1730 sumant
981 1675 1260 1745 judicium,
1293 1676 1446 1730 nobis
1476 1675 1749 1744 prmbeant
1781 1674 1929 1728 testi-

339 1767 597 1821 monium.

854 1836 1085 1894 senno
1122 1836 1251 1893 con
1274 1840 1293 1862 α
1316 1835 1412 1910 (a).

830 1981 879 2026 ln
902 1977 1157 2039 Epiphania
1178 1976 1380 2035 Domini,
1405 1990 1469 2026 tv.

408 2101 634 2157 CAPUT
680 2101 963 2157 PRIMUM.
1025 2133 1095 2143 —
1151 2104 1201 2157 I.
1244 2101 1575 2172 Epiphania,
1626 2105 1925 2172 manifesta-

337 2192 408 2246 tio
448 2190 656 2247 Christi.
711 2192 962 2247 Hodierni
1002 2193 1107 2248 diei
1152 2209 1247 2262 per
1306 2194 1611 2247 universum
1670 2193 1923 2247 mundum

336 2290 462 2337 nota
491 2284 800 2338 solemnitas
826 2284 951 2352 quid
982 2283 1133 2338 nobis
1162 2284 1349 2338 afferat
1378 2282 1701 2345 festivitatis,
1729 2283 1924 2353 quidve

334 2374 693 2429 anniversaria
740 2376 1056 2444 repetitione
1098 2381 1519 2441 commemoret,
1562 2374 1926 2429 anniversario

334 2478 547 2533 quoque
576 2478 826 2519 sermone
856 2472 1066 2534 tempus
1091 2464 1340 2519 admonet
1381 2474 1435 2517 ut
1463 2464 1763 2534 loquamur.
1794 2465 1926 2534 Epi-

334 2555 528 2627 phania
560 2557 754 2627 quippe
784 2572 979 2627 grrece,
1012 2556 1174 2611 latine
1203 2555 1564 2610 manifestatio
1590 2556 1692 2610 dici
1727 2566 1919 2624 potest.

334 2649 448 2704 Hoc
477 2649 617 2704 enim
645 2650 734 2704 die
774 2649 909 2718 Magi
943 2650 1225 2703 Dominum
1254 2649 1508 2703 adorasse
1537 2648 1881 2718 perhibentur
1905 2665 1919 2714 ;

331 2741 483 2794 stella
533 2742 736 2796 scilicet
784 2751 1073 2811 apparente
1103 2740 1454 2809 commoniti,
1485 2750 1539 2795 et
1586 2741 1924 2810 prrecedente

332 2832 595 2902 perducti.
626 2832 704 2886 Eo
729 2833 925 2903 quippe
955 2830 1042 2887 die
1070 2826 1180 2903 qud
1206 2843 1362 2887 natus
1391 2842 1492 2896 est,
1525 2832 1599 2886 illi
1628 2832 1837 2887 stellam
1868 2833 1921 2887 in

332 2925 551 2981 Oriente
576 2926 823 2980 viderunt
847 2942 861 2991 ;
908 2934 963 2979 et
985 2941 1143 2996 quem
1172 2935 1351 2980 natum
1380 2924 1693 2980 indicaverit
1714 2966 1728 2989 ,
1761 2940 1924 2994 agno-

331 3027 543 3073 verunt.
585 3018 661 3072 Ex
690 3019 779 3072 illo
805 3018 964 3087 igitur
987 3018 1074 3072 die
1097 3017 1165 3072 ad
1202 3017 1344 3071 hunc
1366 3017 1507 3072 diem
1532 3027 1919 3085 occurrerunt,

333 3108 596 3165 IIerodem
638 3125 818 3179 regem
859 3110 1047 3163 nuntio
1091 3117 1430 3171 terruerunt,
1463 3107 1661 3163 Judaeis
1703 3124 1768 3161 ex
1799 3122 1923 3177 pro-

334 3202 541 3272 phetica
573 3202 846 3271 Scriptura
876 3200 1322 3271 reapondentibus
1343 3241 1357 3265 ,
1393 3199 1703 3254 Bethlehem
1732 3200 1917 3255 civita-

331 3298 439 3346 tem
465 3334 480 3357 ,
514 3292 598 3346 ubi
630 3292 886 3345 Dominus
913 3301 1067 3345 natus
1098 3290 1306 3357 fuerat,
1339 3290 1674 3345 invenerunt.
1723 3289 1803 3344 Ad
1835 3290 1917 3359 ip-

330 3399 447 3440 sum
474 3384 667 3441 deinde
694 3385 976 3439 Dominum
1000 3384 1153 3439 stella
1176 3382 1361 3438 eadem
1383 3382 1612 3437 ducente
1637 3392 1916 3450 venerunt,

329 3476 747 3532 demonstratum
798 3476 1193 3539 adoraverunt;
1227 3490 1411 3528 aurum
1439 3516 1452 3538 ,
1486 3475 1608 3528 thus
1630 3516 1645 3541 ,
1681 3483 1735 3529 et
1778 3490 1920 3545 myr-

327 3569 479 3625 rham
501 3570 834 3632 obtulerunt;
868 3569 974 3622 alio
1003 3568 1194 3622 itinere
1222 3567 1495 3621 redierunt
1541 3568 1754 3638 (Matth.
1780 3584 1837 3629 II,
1864 3569 1921 3620 l-

326 3660 439 3727 12).
463 3660 823 3712 Manifestatus
840 3668 920 3712 est
935 3658 1152 3728 quidem
1177 3667 1229 3712 et
1251 3658 1336 3712 die
1364 3659 1479 3725 ipso
1497 3660 1786 3713 nativitatis
1808 3675 1918 3713 suae

332 3749 587 3804 Dominus
620 3750 915 3817 pastoribus
941 3749 1009 3804 ab
1036 3750 1225 3817 angelo
1255 3750 1537 3803 admonitis
1562 3765 1577 3815 ;
1623 3765 1729 3820 quo
1756 3751 1917 3805 etiam

328 3839 414 3894 die
444 3855 536 3907 per
562 3839 768 3893 stellam
798 3848 851 3893 et
871 3839 973 3893 illis
993 3848 1074 3894 est
1101 3840 1255 3909 longe
1278 3839 1330 3893 in
1362 3837 1578 3895 Oriente
1604 3841 1875 3895 nuntiatus
1901 3862 1914 3897 :

327 3931 421 3985 sed
448 3932 550 3984 isto
574 3931 660 3985 die
688 3930 755 3985 ab
776 3931 853 3984 eis
892 3938 975 3986 est
1001 3930 1270 3985 adoratus.
1303 3932 1551 4003 Suscepit
1589 3949 1716 4003 ergo
1755 3934 1917 3989 devo-

328 4023 531 4078 tissime
548 4023 704 4078 istum
722 4023 861 4077 diem
880 4022 1256 4078 celebrandum
1272 4025 1517 4079 universa
1534 4025 1767 4079 Ecclesia
1785 4024 1919 4080 Gen-

327 4113 458 4167 tium
489 4129 502 4165 :
535 4114 653 4183 quia
681 4121 735 4167 et
771 4113 844 4166 illi
869 4113 1004 4183 Magi
1036 4112 1161 4182 quid
1184 4113 1292 4183 jam
1319 4113 1569 4182 fuerunt,
1602 4116 1705 4169 nisi
1735 4116 1917 4185 primi-

328 4203 414 4258 tiae
444 4202 735 4258 Gentium?
765 4202 1015 4258 Israelita:
1062 4212 1300 4271 pastores
1325 4244 1339 4266 ,
1371 4203 1503 4273 Magi
1535 4205 1758 4271 gentiles
1792 4223 1804 4258 :
1840 4206 1915 4260 illi

326 4310 516 4366 prope,
548 4296 633 4349 isti
673 4297 828 4365 longe
858 4314 871 4349 :
906 4296 1113 4365 utrique
1144 4306 1316 4351 tamen
1344 4297 1414 4350 ad
1442 4298 1748 4368 angularem
1777 4300 1913 4369 lapi-

328 4386 451 4443 dem
480 4395 883 4441 concurrerunt.
922 4404 941 4437 ι
979 4385 1212 4441 Veniens
1251 4386 1447 4458 quippe
1471 4428 1485 4453 ,
1518 4388 1653 4443 sicut
1683 4391 1912 4459 Aposto-

328 4476 413 4532 Ius
439 4475 587 4543 dicit,
610 4476 990 4544 evangelizavit
1008 4491 1191 4544 pacem
1217 4476 1369 4531 nobis
1390 4476 1478 4546 qui
1499 4493 1713 4533 eramus
1735 4480 1909 4550 longe,

325 4574 381 4621 et
409 4582 590 4635 pacem
619 4566 699 4618 his
719 4569 805 4635 qui
833 4580 1017 4636 prepe.
1048 4566 1164 4634 Ipse
1194 4556 1285 4620 est
1299 4567 1441 4621 enim
1470 4582 1567 4636 pax
1598 4577 1799 4635 nostra,
1822 4570 1914 4638 qui

323 4656 452 4712 fecit
482 4668 704 4727 utraque
731 4673 912 4722 unum,
944 4665 997 4711 et
1025 4656 1160 4711 duos
1189 4658 1426 4712 condidit
1464 4659 1515 4713 in
1544 4674 1623 4725 se,
1655 4660 1708 4714 in
1750 4677 1910 4716 unum

324 4765 524 4804 novum
544 4749 833 4815 hominem,
858 4747 1057 4804 faciens
1073 4764 1281 4819 pacem,
1304 4759 1357 4805 et
1374 4753 1719 4807 commutavit
1738 4762 1914 4809 utros-

325 4858 430 4912 que
460 4843 514 4896 in
541 4857 646 4896 uno
671 4856 895 4911 corpore
919 4842 1045 4904 Deo,
1073 4841 1398 4897 interﬁciens
1423 4843 1725 4899 inimicitias
1753 4846 1805 4899 in
1825 4860 1912 4900 se-

323 4935 553 5004 metipso
580 4952 599 4985 ›
632 4933 843 5005 (Ephes.
872 4949 928 4995 II,
959 4932 1162 5003 H32).

393 5025 622 5080 CAPUT
646 5026 705 5079 Il.
723 5054 793 5066 -—
806 5025 859 5078 2.
886 5023 1129 5078 Ρήηιὶιὶω
1147 5022 1379 5079 Gentium
1401 5027 1453 5080 in
1477 5026 1639 5099 Magis
1658 5028 1907 5084 delibatae.

320 5116 510 5172 Merito
550 5116 708 5169 istum
752 5114 891 5168 diem
921 5129 1190 5182 nunquam
1221 5115 1496 5169 nobiscum
1538 5116 1772 5172 lueretici
1803 5119 1909 5172 Do-

323 5209 532 5263 natista:
548 5208 821 5261 celebrare
841 5207 1151 5262 voluerunt:
1174 5207 1294 5276 quia
1318 5223 1414 5261 nec
1438 5210 1690 5264 unitatem
1708 5219 1906 5278 amant,

321 5316 425 5357 nec
448 5299 707 5355 Orientali
738 5299 1009 5362 Ecclesize,
1041 5296 1127 5350 ubi
1160 5299 1403 5369 apparuit
1434 5300 1518 5354 illa
1563 5302 1733 5365 stella,
1760 5317 1909 5355 coma

320 5392 614 5449 municant.
643 5390 749 5444 Nos
776 5399 949 5445 autem
980 5387 1459 5445 manifestationem
1489 5394 1691 5447 Domini
1721 5403 1775 5449 et
1794 5394 1911 5449 Sal-

320 5483 522 5538 vatoris
542 5482 707 5536 nostri
736 5480 859 5535 Jesu
885 5480 1101 5545 Christi,
1131 5497 1234 5550 qua
1264 5483 1523 5550 primitias
1546 5483 1793 5539 Gentium
1816 5486 1910 5541 de-

385 5658 691 5721 ?Castigattls
710 5664 787 5708 est
806 5656 864 5706 ad
886 5658 963 5706 ch.
987 5657 1119 5721 fagr.
1158 5672 1206 5707 n.
1231 5672 1272 5707 r.
1308 5673 1399 5707 rIn.
1430 5668 1524 5707 Arn.
1549 5667 1622 5709 Er.
1650 5667 1749 5709 Par.
1800 5669 1905 5713 Iov.

383 5720 458 5782 (a)
482 5719 626 5780 Alias,
648 5720 713 5770 de
729 5727 966 5781 Tempore
987 5719 1065 5769 '52.

477 5802 704 5865 διιᾶσι.
734 5806 1011 5864 AUGUST.
1064 5805 1139 5864 V.

1770 276 1997 335 SERMO
2035 276 2188 336 CCII.

3485 292 3626 351 1034

2038 392 2227 447 libavit
2248 434 2262 457 ,
2293 394 2346 449 in
2394 395 2596 451 unitate
2624 396 2872 454 Gentium
2901 400 3255 458 celebremus.
3300 404 3450 461 Tunc
3478 409 3622 463 enim

2038 498 2189 554 puer,
2215 486 2517 557 priusquam
2543 490 2705 544 sciret
2741 507 2932 547 vocare
2976 503 3181 563 patrem
3237 507 3328 551 aut
3369 509 3615 567 matrem,

2038 574 2175 628 sicut
2199 574 2266 629 de
2292 576 2383 630 illo
2412 576 2581 633 fuerat
2612 583 3005 651 prephetatum,
3035 587 3498 655 accepitvirtutem
3515 590 3621 644 Da-

2037 666 2199 721 masci
2226 708 2240 732 ,
2273 676 2327 723 et
2351 670 2518 737 spolia
2545 670 2796 726 Samarice
2826 673 2977 745 (lsai.
3009 690 3102 731 VIII
3127 717 3140 739 ,
3169 678 3222 747 4)
3255 694 3268 732 :
3299 679 3352 733 id
3375 689 3497 745 est,
3528 697 3623 737 an-

2037 765 2249 827 tequam
2281 774 2374 829 per
2403 760 2687 816 humanam
2718 778 2931 819 carnem
2963 766 3191 821 humana
3220 771 3381 824 verba
3410 771 3621 841 profer—

2036 856 2139 916 ret,
2171 851 2374 920 accepit
2398 853 2645 908 virtutem
2676 856 2935 921 Damasci,
2960 858 3089 913 illud
3116 861 3319 917 scilicet
3346 863 3487 920 unde
3514 866 3623 921 Da-

2036 954 2248 996 mascus
2274 945 2646 1011 prazsumebat.
2681 945 2735 1000 In
2762 948 2960 1003 divitiis
2984 952 3179 1022 quippe
3207 953 3394 1010 civitas
3421 956 3506 1011 illa
3530 974 3621 1015 se-

2036 1033 2267 1089 cundum
2295 1037 2546 1092 saeculum
2574 1040 2769 1095 ﬂorens
2795 1043 3076 1111 aliquando
3103 1061 3534 1118 praesumpserat.
3563 1056 3621 1111 In

2035 1122 2239 1180 divitiis
2262 1138 2438 1182 autem
2460 1130 2784 1199 principatus
2808 1149 2939 1189 auro
2965 1136 3218 1204 defertur,
3241 1144 3381 1211 quod
3403 1144 3622 1201 Christo

2034 1214 2169 1286 Magi
2186 1219 2492 1289 suppliciter
2504 1221 2832 1279 obtulerunt.
2850 1223 3026 1293 Spolia
3045 1245 3175 1284 vero
3190 1231 3442 1290 Samariae
3459 1236 3618 1294 iidem

2037 1309 2138 1377 ipsi
2167 1322 2319 1365 erant
2341 1353 2355 1378 ,
2387 1314 2476 1383 qui
2502 1329 2619 1369 eam
2652 1316 2968 1372 incolebant.
3002 1321 3236 1377 Samaria
3260 1342 3491 1398 namque
3524 1346 3619 1401 pro

2036 1401 2331 1457 idololatria
2359 1406 2532 1476 posita
2561 1416 2662 1462 est.
2696 1409 2804 1465 Illic
2831 1413 2973 1465 enim
3015 1417 3238 1484 papulus
3265 1419 3425 1476 Israel
3467 1438 3622 1479 aver-

2036 1506 2125 1549 sus
2154 1509 2185 1548 a
2216 1495 2440 1551 Domino
2462 1539 2475 1563 ,
2513 1499 2577 1552 ad
2610 1501 2744 1555 idola
2790 1504 3010 1558 colenda
3051 1522 3340 1567 conversus
3383 1523 3483 1569 est.
3518 1516 3623 1572 De-

2036 1582 2326 1639 bellaturus
2370 1588 2574 1643 scilicet
2598 1590 2841 1646 Christus
2869 1596 3040 1664 gladio
3070 1599 3329 1667 Spirituali
3362 1620 3457 1673 per
3502 1608 3619 1662 uni-

2036 1690 2245 1731 versum
2274 1677 2456 1733 orbem
2485 1696 2702 1751 regnum
2730 1684 2921 1739 diaboli
2946 1730 2959 1751 ,
2997 1687 3109 1743 haec
3138 1691 3305 1759 prima
3336 1710 3467 1763 puer
3496 1712 3623 1767 spo-

2034 1766 2104 1820 lia
2135 1767 2448 1824 idololatriae
2474 1771 2817 1840 dominationi
2845 1777 3091 1846 detraxit,
3122 1792 3182 1836 ut
3210 1784 3276 1838 ad
3302 1801 3361 1840 se
3392 1787 3622 1844 adoran-

2034 1856 2159 1911 dum
2177 1857 2355 1929 Magos
2374 1876 2661 1917 conversos
2681 1879 2710 1918 a
2736 1876 2883 1933 peste
2904 1868 3047 1923 illius
3068 1875 3461 1941 superstitionis
3476 1894 3626 1936 aver-

2037 1958 2207 2041 teret,
2240 1960 2293 2005 et
2318 1952 2368 2005 in
2401 1952 2499 2007 hac
2531 1962 2670 2009 terra
2698 1958 2932 2013 nondum
2963 1960 3184 2031 loquens
3212 1981 3307 2033 per
3344 1969 3576 2039 linguam
3600 2015 3618 2041 ,

2033 2038 2340 2109 loqueretur
2367 2042 2435 2096 de
2462 2045 2599 2098 caelo
2639 2062 2735 2115 per
2760 2048 2964 2102 stellam
2991 2068 3004 2115 ;
3043 2062 3098 2105 ut
3123 2063 3177 2108 et
3200 2057 3320 2125 quis
3343 2069 3523 2128 esset,
3565 2038 3621 2119 et

2033 2144 2138 2199 quo
2161 2172 2176 2198 ,
2208 2140 2261 2185 et
2293 2144 2507 2203 propter
2535 2148 2668 2206 Quos
2696 2140 2928 2195 venisset
2952 2184 2966 2205 ,
2996 2159 3099 2197 non
3126 2161 3255 2201 voce
3278 2153 3451 2205 carnis
3476 2195 3491 2220 ,
3524 2155 3619 2211 sed

2031 2223 2225 2277 virtute
2258 2224 2415 2279 Verbi
2442 2269 2455 2292 ,
2488 2230 2628 2297 quod
2669 2246 2794 2285 caro
2821 2234 3013 2287 factum
3054 2246 3135 2290 est
3158 2279 3173 2301 ,
3204 2239 3615 2304 demonstraret.

2034 2313 2145 2408 Iloc
2173 2316 2312 2369 enim
2342 2317 2595 2386 Verbum,
2627 2324 2767 2392 quod
2807 2325 2858 2377 in
2888 2327 3146 2397 principio
3171 2342 3285 2387 erat
3313 2335 3448 2391 Deus
3476 2340 3616 2408 apud

2032 2404 2219 2473 Deum,
2248 2408 2356 2478 jam
2383 2410 2543 2465 etiam
2574 2428 2700 2467 caro
2726 2414 2944 2482 factum,
2977 2429 3033 2472 ut
3063 2421 3323 2479 habitaret
3348 2427 3398 2480 in
3440 2404 3619 2497 nobis,

2031 2505 2086 2551 et
2112 2498 2178 2551 ad
2205 2515 2302 2555 nos
2330 2512 2567 2566 venerat,
2600 2514 2655 2560 et
2680 2508 2814 2575 apud
2847 2509 3055 2564 Patrem
3087 2516 3370 2583 manebat;
3404 2535 3617 2578 sursum

2031 2590 2262 2660 Angelos
2288 2609 2392 2648 non
2421 2595 2692 2664 deserens,
2724 2608 2778 2653 et
2798 2600 3044 2657 deorsum
3074 2605 3138 2658 ad
3171 2622 3229 2662 se
3254 2608 3496 2667 homines
3521 2630 3619 2684 per

2030 2682 2262 2751 Angelos
2285 2686 2571 2756 colligens;
2602 2696 2653 2743 et
2681 2690 2986 2747 cmlestibus
3012 2694 3399 2760 habitatoribus
3425 2682 3620 2759 secun-

2029 2773 2155 2828 dum
2184 2776 2415 2831 Verbum
2446 2781 2859 2836 incommutabili
2886 2786 3107 2841 veritate
3137 2788 3384 2859 fulgebat,
3408 2803 3461 2846 et
3487 2811 3614 2862 pro-

2030 2873 2147 2934 pter
2161 2878 2440 2936 angustum
2459 2869 2808 2926 diversorium
2832 2874 2883 2927 in
2909 2878 3130 2947 prtesepi
3149 2878 3377 2948 jacebat.
3398 2884 3479 2937 Ab
3502 2887 3617 2954 ipso

2028 2957 2082 3011 in
2112 2960 2248 3014 caelo
2276 2960 2737 3019 demonstrabatur
2774 2967 2925 3021 stella
2952 3008 2968 3034 ,
3004 2978 3058 3023 et
3089 2972 3256 3041 ipsum
3286 2974 3615 3033 adorandum

2028 3050 2425 3108 demonstrabat
2464 3056 2516 3109 in
2556 3065 2715 3111 terra.
2750 3058 2817 3112 Et
2842 3068 3018 3115 tamen
3051 3064 3222 3117 infans
3250 3076 3355 3120 tam
3386 3078 3573 3136 potens
3595 3114 3610 3136 ,

2029 3150 2133 3197 tam
2162 3160 2385 3215 magnus
2408 3187 2422 3211 ,
2457 3150 2707 3216 parvulus
2736 3160 2953 3220 propter
2980 3153 3281 3211 inimicitias
3309 3158 3532 3215 Herodis
3562 3164 3615 3217 in

2026 3231 2315 3306 Egyptum
2360 3241 2689 3306 portantibus
2718 3243 3025 3310 parentibus
3070 3245 3201 3314 fugit
3230 3265 3242 3299 :
3277 3248 3345 3301 ita
3378 3252 3611 3306 nondum

2026 3341 2296 3388 sermone.
2326 3329 2419 3384 sed
2453 3328 2607 3384 factis
2631 3331 2739 3399 jam
2767 3334 2877 3386 suis
2899 3335 3150 3390 membris
3182 3338 3424 3407 loquens,
3449 3350 3504 3396 et
3531 3351 3614 3397 ta—

2025 3418 2162 3473 citus
2188 3419 2390 3483 dicens,
2418 3420 2481 3475 Si
2505 3438 2591 3475 vos
2613 3425 2855 3490 persecuti
2881 3425 3069 3493 fuerint
3092 3428 3145 3481 in
3172 3445 3273 3482 una
3293 3431 3508 3498 civitate,
3532 3438 3617 3505 fu-

2025 3510 2126 3580 gite
2144 3510 2197 3563 in
2217 3510 2372 3563 aliam
2394 3511 2604 3581 (Matth.
2633 3529 2690 3578 κ,
2714 3514 2829 3586 25).
2861 3515 3136 3572 Mortalem
3159 3521 3353 3590 quippe
3373 3538 3611 3590 carnem,

2026 3599 2078 3652 in
2105 3615 2207 3668 qua
2249 3615 2348 3654 nos
2372 3604 2735 3671 praetiguraret
2760 3646 2773 3669 ,
2805 3605 3060 3674 gerebat,
3096 3609 3149 3661 in
3177 3625 3279 3677 qua
3310 3620 3425 3666 erat
3449 3615 3610 3668 etiam

2025 3705 2122 3759 pro
2146 3691 2297 3745 nobis
2317 3704 2618 3762 opportuno
2637 3703 2876 3764 tempore
2894 3698 3203 3754 moriturus.
3225 3700 3377 3756 Unde
3396 3717 3424 3755 a
3446 3703 3611 3773 Magis

2027 3780 2131 3833 illis
2153 3797 2256 3835 non
2280 3782 2451 3837 solum
2474 3798 2659 3838 aurum
2684 3785 3047 3854 honorandus,
3071 3799 3124 3843 et
3145 3791 3266 3844 thus
3286 3792 3608 3859 adorandus,

2024 3887 2207 3926 verum
2236 3874 2395 3927 etiam
2426 3874 2697 3945 myrrham
2725 3877 3062 3946 sepeliendus
3089 3892 3384 3950 acceperat.
3416 3883 3611 3952 Quales

2023 3962 2181 4016 etiam
2212 3962 2433 4018 fuissent
2461 3981 2556 4033 pro
2584 3967 2699 4036 ejus
2736 3969 2951 4023 nomine
2976 3970 3240 4034 morituri,
3273 3975 3612 4042 quam'inno-

2023 4064 2225 4121 centes,
2248 4070 2404 4125 quam
2436 4055 2686 4123 humiles,
2716 4060 2949 4114 ostendit
2979 4061 3029 4115 in
3059 4064 3309 4131 parvulis,
3342 4080 3475 4134 quos
3501 4068 3609 4121 He-

2021 4146 2180 4201 rodes
2200 4148 2414 4202 occidit.
2443 4148 2575 4202 Nam
2594 4166 2665 4217 ex
2697 4152 2887 4220 quibus
2919 4161 3024 4207 tota
3052 4154 3156 4207 Lex
3184 4156 3378 4224 pendet
3406 4166 3459 4212 et
3480 4157 3610 4213 Pro-

2023 4239 2382 4307 phetaa,etiam
2398 4239 2542 4294 illum
2556 4257 2835 4296 numerum
2852 4254 3232 4314 prmceptorutn
3249 4246 3461 4316 (Matth.
3480 4267 3605 4315 χχιι,

2021 4330 2214 4400 57-40)
2237 4333 2551 4401 signiﬁcavit
2574 4335 2801 4389 bimatus
2823 4336 3052 4391 illorum.
3642 4330 3649 4377 ἐ

2092 4424 2319 4479 CAPUT
2362 4426 2544 4480 IlI.—-
2571 4428 2623 4482 3.
2671 4427 2844 4483 Judaei
2892 4428 3147 4485 Christum
3185 4433 3289 4487 suis
3333 4435 3511 4488 ritibus
3562 4445 3608 4490 et

2023 4517 2305 4583 Scripturis
2326 4520 2614 4573 ostendunt.
2644 4519 2759 4574 Jam
2793 4536 2920 4575 vero
2955 4538 3111 4591 quem
3154 4539 3258 4578 non
3286 4525 3409 4579 facit
3434 4527 3607 4581 inten-

2023 4616 2153 4674 tum,
2192 4609 2317 4677 quid
2347 4610 2446 4663 sibi
2486 4611 2612 4666 velit
2643 4612 2783 4681 quod
2829 4612 3100 4683 Magorum
3144 4615 3490 4684 inquisitioni,
3515 4618 3605 4672 ubi

2019 4702 2264 4756 Christus
2295 4712 2621 4768 nasceretur,
2658 4703 2826 4775 Judaei
2861 4704 2927 4758 de
2984 4705 3258 4775 Scriptura
3307 4706 3602 4775 responde-

2017 4803 2161 4861 runt,
2188 4805 2241 4850 et
2281 4794 2380 4865 ipsi
2415 4811 2535 4850 cum
2582 4796 2661 4850 eis
2697 4811 2802 4850 non
2846 4796 3239 4851 adoraverunt?
3281 4797 3470 4854 Nonne
3500 4800 3604 4855 hoc

2018 4890 2262 4946 videmus
2304 4889 2463 4943 etiam
2507 4902 2667 4954 nunc,
2709 4888 2923 4957 quando
2959 4902 3024 4942 ex
3062 4888 3188 4957 ipsis
3233 4894 3600 4956 sacramentis,

2019 4982 2214 5052 quibus
2270 4995 2454 5034 eorum
2505 4979 2697 5033 duritia
2756 4979 3018 5045 subditur,
3076 4981 3208 5035 nihil
3259 4983 3401 5036 aliud
3443 5001 3600 5054 quam

2017 5074 2281 5140 Christus,
2309 5073 2359 5126 in
2385 5088 2541 5142 quem
2571 5074 2759 5127 nolunt
2784 5073 3023 5139 credere,
3048 5075 3386 5131 ostenditur?
3414 5078 3602 5136 Nonne

2016 5175 2071 5222 et
2095 5166 2304 5236 quando
2325 5166 2571 5221 occidunt
2591 5181 2745 5221 ovem
2767 5175 2819 5220 et
2838 5166 3035 5220 Pascha
3055 5169 3373 5224 manducant
3394 5171 3411 5241 (
3430 5171 3598 5229 Exod.

2017 5274 2112 5325 xu,
2141 5258 2248 5327 9),
2276 5259 2520 5329 gentibus
2546 5256 2816 5312 Christum
2860 5258 3247 5325 demonstrant,
3289 5279 3444 5331 quem
3476 5281 3601 5320 cum

2017 5351 2093 5405 eis
2112 5351 2209 5419 ipsi
2232 5366 2335 5404 non
2351 5351 2570 5405 adorant
2588 5351 2612 5403 ?
2632 5350 2760 5403 Nam
2776 5349 2902 5403 illud
2925 5352 3081 5421 quale
3096 5363 3197 5421 est,
3216 5355 3354 5423 quod
3373 5372 3512 5426 smpc
3533 5358 3599 5412 de

2016 5444 2330 5498 testimoniis
2363 5443 2704 5512 propheticis,
2737 5444 2924 5514 quibus
2951 5445 3194 5502 Christus
3220 5454 3599 5516 praenuntiatus

2016 5543 2117 5599 est,
2133 5535 2426 5604 quibusque
2441 5534 2744 5588 hominibus
2762 5535 3139 5603 dubitantibus,
3161 5557 3225 5593 ne
3238 5542 3371 5597 forte
3387 5559 3413 5595 a
3427 5542 3601 5599 Chris-

2015 5626 2173 5679 tianis
2201 5625 2285 5679 illa
2311 5625 2611 5693 conscripta
2635 5627 2759 5690 sint,
2790 5641 2892 5679 non
2916 5628 3088 5682 adhuc
3108 5629 3301 5697 futura,
3325 5634 3416 5688 sed
3440 5635 3596 5703 facta,

2015 5716 2083 5773 ad
2106 5714 2407 5771 Iudaeorum
2451 5716 2664 5771 codices
2697 5732 3063 5787 provocamus,
3106 5731 3161 5774 ut
3199 5725 3407 5781 animos
3443 5725 3598 5781 dubi-

2693 5810 3220 5893 {Troum—troia}
