3996 6448
461 411 604 469 1055

467 526 694 584 tantium
713 520 1129 580 conﬁrmamus?
1153 517 1340 580 Nonne
1351 515 1663 580 etiamtunc
1675 491 1846 586 Iudaei
1870 507 2052 566 Chris-

468 628 580 676 tum
620 613 910 673 ostendunt
933 611 1209 679 Gentibus,
1242 624 1402 682 quem
1445 607 1630 668 nolunt
1663 599 1898 662 adorare.
1931 617 2056 664 cum

466 708 770 769 Gentibus?

536 827 591 880 4.
634 823 869 879 Pristim)
911 823 1014 877 vita
1053 829 1164 892 post
1212 820 1555 890 minitantium
1605 831 1709 873 non
1759 817 2050 885 repetenda.

463 916 576 973 Nos
604 930 756 984 ergo,
794 914 1113 977 charissimi,
1147 927 1371 983 quorum
1401 919 1552 968 erant
1582 910 1658 965 illi
1698 909 1832 979 Magi
1865 908 2056 978 primi-

465 1010 576 1076 tiae,
625 1021 724 1062 nos
755 1005 1038 1061 haereditas
1064 1004 1262 1060 Christi
1292 1018 1458 1074 usque
1488 1002 1554 1058 ad
1585 1001 1842 1057 terminos
1873 1006 2052 1063 teme,

467 1108 690 1172 propter
728 1113 864 1170 quos
897 1097 1110 1154 excitos
1133 1113 1196 1152 ex
1244 1106 1394 1166 parte
1420 1098 1472 1150 in
1505 1093 1667 1151 Israel
1696 1094 1831 1148 facta
1871 1099 1973 1158 est,
2001 1098 2060 1145 ut

466 1192 746 1264 plenitudo
789 1190 1038 1246 Gentium
1085 1191 1308 1244 intraret
1344 1189 1527 1261 (Rom.
1569 1202 1644 1255 at,
1687 1187 1814 1256 25),
1846 1186 2060 1256 cognito

467 1283 699 1341 Domino
733 1293 788 1339 et
806 1283 1086 1340 Salvatorc
1108 1289 1293 1337 nostra
1313 1282 1438 1337 Jeep
1463 1282 1699 1346 Christo,
1725 1280 1812 1350 qui
1845 1287 2061 1350 propter

464 1391 566 1431 nos
606 1374 960 1431 consolandos
1003 1383 1130 1429 tunc
1170 1375 1333 1445 jacuit
1372 1374 1426 1428 in
1469 1383 1694 1444 angusto
1740 1370 2056 1435 diversorio,

464 1481 609 1522 nunc
655 1475 872 1537 propter
917 1465 1283 1521 sublimandos
1319 1465 1480 1521 sedet
1518 1465 1570 1518 in
1607 1463 1778 1529 caelo;
1823 1463 1901 1518 sic
1937 1476 2060 1518 eum

466 1560 848 1615 annuntiemos
875 1559 927 1612 in
956 1558 1054 1612 bac
1081 1566 1242 1625 terra,
1271 1557 1322 1611 in
1357 1557 1456 1611 hac
1493 1557 1709 1626 regione
1732 1553 1910 1609 carnis
1937 1565 2065 1607 nos-

467 1661 588 1720 trte,
616 1663 675 1707 ut
704 1668 809 1707 non
838 1668 942 1723 qua
981 1653 1223 1706 venimus
1248 1651 1554 1714 redeamus,
1589 1664 1687 1704 nec
1719 1647 1914 1718 prioris
1936 1660 2064 1701 nos-

469 1729 1007 1800 traeconversationis
1027 1741 1246 1813 vestigia
1278 1751 1599 1812 repetamus.
1646 1741 1757 1794 Hoc
1804 1747 1888 1794 cst
1919 1737 2062 1792 enim

470 1837 612 1908 quod
653 1846 706 1892 et
747 1837 822 1891 illi
867 1837 1000 1906 Magi
1052 1852 1158 1891 non
1195 1851 1299 1907 qua
1338 1843 1599 1891 venerant
1641 1833 1931 1889 redierunt.
1967 1831 2062 1884 Via

470 1937 692 1994 mutatur,
721 1928 829 1982 vita
856 1937 1056 1983 mutata
1099 1937 1197 1984 est.
1231 1929 1297 1983 Et
1330 1929 1483 1982 nobis
1525 1927 1645 1983 cmli
1682 1933 2066 1981 enervaverunt

471 2020 694 2090 gloriam
724 2020 818 2075 Dei
841 2019 1022 2090 (Psal.
1052 2036 1204 2087 xvm,
1233 2021 1268 2074 2
1289 2022 1335 2091 );
1360 2029 1413 2076 et
1433 2036 1530 2075 nos
1557 2020 1622 2074 ad
1641 2019 1910 2075 Chrismm
1937 2017 2066 2072 ado-

470 2111 696 2168 randum
747 2113 952 2181 fulgens
999 2127 1062 2166 es
1115 2112 1403 2182 Evangelio
1447 2112 1663 2178 veritas,
1702 2117 1952 2182 tauquam
1997 2108 2065 2164 de

473 2207 609 2260 cudo
631 2207 805 2272 stella,
828 2207 1104 2278 perduxit;
1132 2217 1184 2261 et
1212 2220 1308 2260 nos
1334 2206 1669 2277 prOphctiam
1711 2205 1763 2259 in
1791 2215 1948 2275 gente
1972 2201 2067 2257 Ju-

474 2299 624 2355 dnicn
649 2301 992 2367 celebratam,
1036 2309 1284 2371 tanquam
1330 2299 1582 2354 indicium
1613 2298 1915 2354 .lmi:eorum
1956 2309 2065 2352 non

475 2391 753 2446 nobiscum
777 2392 1130 2461 pergentium,
1163 2392 1303 2446 fideli
1328 2407 1456 2446 aure
1485 2392 1858 2462 percepimus;
1890 2399 1943 2443 ct
1969 2403 2066 2442 nos

475 2483 656 2552 regem
685 2492 737 2538 et
758 2484 1088 2539 sacerdotem
1116 2495 1168 2538 et
1189 2501 1290 2554 pro
1319 2485 1472 2540 nobis
1506 2493 1772 2538 mortuum
1796 2481 2066 2538 Christum

475 2588 828 2646 agnoscentes
879 2587 1040 2650 atque
1089 2579 1392 2648 laudantes,
1422 2590 1687 2650 tanquam
1733 2580 1785 2633 in
1837 2592 1968 2632 auro
2015 2584 2070 2632 ct

477 2667 635 2724 thure
654 2679 710 2724 et
737 2671 956 2742 myrrha
980 2671 1390 2728 honoravimus:
1411 2677 1663 2742 superest
1688 2678 1750 2726 ut
1772 2685 1895 2726 eum
1917 2671 2072 2725 cvan-

477 2761 768 2831 gelizantes
794 2775 988 2820 novam
1028 2765 1170 2820 viam
1197 2773 1501 2836 carpamus,
1544 2778 1653 2821 non
1683 2769 1788 2835 qua
1825 2761 2071 2818 venimus

477 2855 784 2913 redeamus.

990 2974 1222 3032 SERMO
1249 2969 1404 3042 (1cm
1426 2977 1448 3000 ο
1472 2973 1572 3050 (α).
1643 3041 1646 3044 ,

978 3111 1028 3154 In
1050 3105 1308 3166 Epiphania
1333 3104 1539 3166 υοωιιιι,
1559 3118 1608 3155 ν.

558 3223 785 3284 CAPUT
817 3225 1104 3283 PRIMUM.
1136 3259 1208 3268 -—
1236 3230 1289 3283 l.
1338 3227 1647 3300 Epiphania:
1685 3227 1930 3298 festivitas
1971 3241 2076 3280 me-

488 3321 586 3374 rito
608 3320 859 3374 instituta.
904 3319 1198 3391 Epiphania
1224 3338 1410 3394 graecae
1447 3323 1645 3394 lingme
1683 3323 1963 3406 vocabulo,
1994 3319 2074 3377 ia-
2095 3310 2120 3321 ί

489 3412 599 3466 tine
621 3410 976 3468 manifestatio
997 3413 1100 3468 dici
1123 3422 1318 3484 potest.
1355 3414 1626 3470 Hodierno
1653 3415 1811 3486 igitur
1842 3412 1929 3469 die
1955 3417 2070 3468 'ma-

487 3503 766 3559 nll'cstatds
810 3502 1136 3575 Redemptor
1174 3507 1408 3561 omnium
1442 3505 1700 3578 gentium,
1730 3504 1856 3570 fecit
1884 3505 2080 3562 Solem-

486 3595 707 3651 nitatem
747 3597 994 3653 omnibus
1031 3599 1297 3669 gentibus.
1330 3600 1494 3670 Cujus
1523 3599 1700 3671 itaque
1745 3597 2076 3655 nativitatem

486 3696 611 3741 ante
651 3687 771 3743 dies
801 3691 1153 3759 paucissimos
1188 3692 1598 3758 celebravimus,
1629 3689 1867 3763 ejusdem
1901 3694 2076 3747 mani-

486 3779 823 3836 testationem
854 3773 1013 3838 hodie
1053 3785 1408 3841 celebramus.
1451 3785 1705 3842 Dominus
1731 3783 1860 3858 ergo
1897 3797 2079 3842 noster

487 3869 643 3925 Jesus
687 3872 927 3927 Christus
973 3884 1096 3929 ante
1147 3876 1262 3932 dies
1316 3878 1569 3932 tredecim
1623 3888 1798 3942 natus,
1836 3894 1864 3931 a
1912 3873 2079 3948 Magis

488 3964 650 4019 hodie
696 3967 919 4021 traditur
963 3969 1231 4024 adoratus.
1269 3971 1400 4039 Quia
1443 3967 1634 4024 laetum
1667 3982 1770 4038 est,
1807 3969 2078 4041 Evangelii

489 4057 723 4127 loquitur
756 4061 979 4115 veritas:
1025 4079 1130 4132 quo
1179 4063 1266 4117 dic
1305 4072 1481 4116 autem
1521 4063 1717 4122 factum
1760 4065 1847 4130 sit,
1879 4063 2078 4134 ubique

487 4149 682 4204 clamat
709 4160 813 4206 tam
852 4155 1123 4225 przeclarze
1172 4154 1322 4208 istius
1368 4151 1720 4210 solemnitatis
1768 4157 2075 4228 auctoritas.

487 4239 696 4297 Just'um
726 4245 865 4300 enim
899 4248 1067 4301 visum
1097 4256 1195 4312 est,
1241 4248 1379 4317 quod
1409 4257 1463 4303 et
1503 4265 1629 4304 vere
1653 4249 1854 4320 justum
1887 4259 1989 4318 cst,
2023 4258 2082 4306 ut

488 4337 737 4404 quoniam
767 4333 841 4392 illi
871 4339 1008 4410 Magi
1041 4341 1193 4410 primi
1217 4354 1278 4396 ex
1311 4341 1572 4398 Gentibus
1600 4343 1869 4400 Christum
1901 4347 2081 4410 Domi-

486 4445 616 4483 num
647 4442 1035 4504 cognoverunt,
1057 4443 1106 4488 et
1133 4436 1363 4498 nondum
1390 4438 1768 4507 cjussermonc
1797 4442 2075 4507 commoti,

488 4523 700 4578 stellam
732 4525 830 4578 sibi
862 4519 1206 4598 apparentem
1234 4537 1290 4583 ct
1316 4545 1411 4597 pro
1433 4529 1635 4585 infante
1662 4530 1836 4588 Verbo
1861 4533 2082 4588 visibili-

487 4621 571 4668 tcr
591 4614 915 4686 loquentem,
938 4616 1082 4672 velut
1104 4619 1335 4690 linguam
1355 4622 1495 4683 cmli,
1520 4623 1686 4680 seculi
1707 4635 1830 4677 sunt
1855 4623 2074 4696 (Matth.

486 4722 546 4774 ιι,
581 4708 778 4780 1-12),
808 4719 864 4764 ut
891 4705 1032 4782 diem
1061 4711 1248 4767 salutis
1270 4706 1618 4784 primitiarum
1642 4733 1856 4780 suarum
1881 4717 2079 4788 Gentes

486 4808 760 4868 gratanter
797 4814 1172 4874 agnoscerent,
1213 4815 1268 4861 et
1296 4797 1418 4862 eum
1450 4808 1675 4863 Domino
1719 4799 1931 4865 Christo
1957 4826 2078 4892 cum

387 4890 400 4901 ’
487 4883 779 4964 gratiarum
809 4897 1018 4952 actione
1049 4899 1272 4955 solemni
1301 4902 1557 4972 obsequio
1598 4889 1924 4959 tlediea'rcnt.
1958 4883 2080 4966 Pri-

488 4985 652 5040 mitim
683 4989 877 5068 quippe
925 4983 1228 5068 Judtcorum
1271 4993 1338 5058 ad
1383 4993 1538 5060 iidem
1590 4997 2078 5068 revelationemque

489 5076 685 5135 Christi
736 5071 788 5136 ἴίἰ
829 5075 944 5138 illis
996 5085 1297 5154 pastoribus
1342 5086 1679 5152 exstiterunt,
1715 5090 1804 5158 qui
1851 5089 1966 5160 ipso
1991 5091 2078 5148 die

486 5185 592 5239 quo
617 5177 771 5228 natus
809 5182 910 5242 est,
958 5192 1077 5230 cum
1110 5176 1176 5238 de
1219 5177 1462 5248 proximo
1510 5179 1772 5246 veniendo
1810 5181 2075 5256 viderunt.

488 5262 598 5320 lllis
627 5263 834 5335 Angeli,
879 5267 992 5323 istis
1038 5266 1190 5324 stella
1238 5270 1518 5326 nuntiavit.
1569 5271 1678 5327 Illis
1723 5273 1920 5327 dictum
1973 5283 2073 5348 est,

490 5354 664 5409 Gloria
682 5357 730 5410 in
758 5359 964 5412 excelsis
993 5358 1100 5414 Deo
1130 5358 1288 5430 (Luc.
1312 5378 1369 5424 ιι,
1402 5351 1505 5433 14
1529 5381 1541 5418 :
1584 5363 1633 5416 in
1662 5364 1773 5419 istis
1802 5365 2075 5434 impletum

488 5452 590 5511 est,
622 5443 746 5501 Caeli
767 5459 1004 5504 enarrant
1026 5451 1242 5522 gloriam
1274 5441 1370 5507 Dei
1402 5453 1419 5524 (
1446 5453 1589 5508 l’sal.
1624 5471 1774 5522 xvm,
1806 5455 1893 5528 2).
1928 5455 2075 5514 Utri-

492 5549 593 5604 que
619 5551 743 5591 saue
770 5545 1016 5611 tanquam
1045 5541 1190 5598 initia
1223 5545 1448 5601 duorum
1479 5547 1738 5618 parietum
1769 5547 1835 5602 de
1861 5543 2076 5622 diverso

494 5625 838 5702 venientium,
871 5634 1290 5696 circumcisionis
1310 5651 1362 5695 et
1388 5642 1650 5711 praeputii,
1679 5641 1743 5696 ad
1767 5633 2072 5712 angularem

555 5811 884 5906 tentendattts
908 5846 984 5906 est
1006 5839 1292 5906 adquatuor
1312 5841 1389 5890 ch.
1417 5840 1476 5890 ad
1509 5841 1540 5888 t‘.
1574 5855 1624 5890 ιι.
1664 5849 1698 5892 t.
1725 5849 1834 5892 Lov.

555 5894 628 5951 la)
649 5894 790 5958 Alias.
813 5899 879 5950 de
903 5894 1210 5951 Diversis'm.

1699 397 1757 455 Β.
1797 386 2160 480 AUGUSTINI
2203 375 2504 447 EPISCOPI

3610 365 3752 453 i056

2162 496 2392 575 lapidem
2435 514 2824 578 cucurrerunt:
2875 515 2933 564 ut
2979 515 3123 570 esset
3167 497 3272 583 pax
3309 491 3520 578 eorum,
3552 489 3752 572 iaciens

2163 606 2390 670 utraque
2416 616 2579 658 unum
2612 595 2833 684 (Epltes.
2864 619 2924 668 ιι,
2957 600 3182 676 ll-22).
3231 677 3234 682 _

2234 693 2460 752 CAPUT
2492 695 2555 759 ll.
2579 727 2652 736 —
2678 698 2731 752 2.
2771 696 2839 756 In
2865 697 3062 754 luditis
3107 697 3274 770 gratia
3304 699 3464 771 prior,
3501 700 3752 772 ingenti-

2163 784 2256 841 bus
2283 785 2545 842 humilitas
2572 789 2808 860 amplior.
2844 789 3221 853 Verumtamen
3261 791 3338 848 illi
3370 793 3559 858 Deum,
3590 808 3658 850 ex
3691 808 3756 849 eo

2163 877 2303 948 quod
2330 877 2596 950 Christum
2627 881 2887 946 viderant,
2918 882 3307 944 laudaverunt:
3337 885 3424 942 isti
3459 895 3644 944 autem
3681 887 3758 941 vi-

2165 987 2281 1028 sum
2307 972 2575 1035 Christum
2593 975 2752 1034 etiam
2781 975 3160 1034 adoraverunt.
3184 977 3240 1032 ιη
3267 972 3558 1049 ἱΙΙίεςιιίιιίιι
3587 981 3751 1050 prior,

2164 1064 2218 1119 in
2247 1065 2362 1124 istis
2390 1065 2660 1126 humilitas
2699 1068 2952 1142 amplior.
2982 1069 3233 1126 Fortasse
3257 1086 3384 1142 ergo
3412 1072 3487 1128 illi
3512 1083 3759 1145 pastores

2165 1159 2342 1216 minus
2367 1159 2466 1227 rei,
2495 1161 2563 1222 de
2590 1161 2762 1217 salute
2789 1162 3020 1218 alacrius
3049 1165 3388 1228 exsultabant
3413 1185 3424 1222 :
3457 1167 3544 1222 isti
3576 1179 3758 1225 autem

2167 1249 2303 1319 Magi
2355 1251 2534 1306 multis
2581 1255 2784 1310 onerati
2818 1256 3072 1322 peccatis,
3112 1257 3427 1314 submissius
3474 1259 3761 1331 indulgen-

2167 1341 2294 1396 tiam
2323 1343 2683 1412 requirebant.
2727 1346 2850 1402 llaec
2885 1357 2969 1404 est
2997 1349 3087 1404 illa
3123 1349 3418 1418 humilitas,
3450 1367 3607 1423 quam
3639 1355 3762 1424 plus

2171 1434 2226 1488 in
2255 1435 2335 1490 eis
2357 1436 2447 1506 qui
2478 1453 2542 1494 ex
2582 1438 2840 1498 Gentibus
2867 1452 3036 1505 erant,
3067 1459 3222 1514 quam
3254 1446 3306 1501 in
3331 1446 3551 1512 Iudaeis,
3580 1449 3761 1505 divina

2167 1525 2440 1597 Scriptura
2481 1533 2839 1588 commendat.
2887 1533 2966 1590 Ex
3007 1535 3269 1592 Gentibus
3314 1539 3459 1594 enim
3509 1549 3630 1596 erat
3671 1541 3764 1597 ille

2169 1620 2440 1686 Centurio,
2471 1623 2702 1693 quicum
2731 1627 3011 1682 Dominum
3035 1629 3089 1684 in
3113 1638 3226 1685 toto
3254 1641 3470 1700 pectore
3494 1634 3765 1702 suscepis-

2170 1721 2272 1779 set,
2298 1729 2356 1768 se
2387 1724 2565 1771 tamen
2594 1717 2722 1774 dixit
2749 1718 3020 1790 indignum
3049 1729 3105 1776 ut
3133 1723 3186 1777 in
3219 1723 3432 1778 domum
3451 1725 3565 1795 ejus
3591 1727 3764 1781 intra-

2169 1815 2270 1870 ret,
2302 1822 2402 1861 nec
2430 1810 2496 1862 ab
2517 1825 2582 1864 eo
2608 1825 2808 1880 :egrum
2836 1826 2990 1866 suum
3020 1814 3182 1868 voluit
3209 1815 3399 1882 videri,
3431 1816 3526 1872 sed
3553 1818 3764 1872 salvum

2165 1897 2339 1968 juberi
2373 1899 2594 1972 (Matth.
2633 1917 2748 1969 vut,
2796 1902 2986 1973 5-10):
3033 1903 3121 1959 Sic
3165 1905 3390 1961 interius
3438 1918 3764 1977 praesentem

2171 1993 2333 2048 corde
2358 1993 2640 2058 retinebat,
2666 1994 2883 2072 cujusa
2929 2012 3026 2072 suo
3057 2007 3194 2054 tecto
3222 2001 3559 2072 praesentiam
3587 2001 3766 2057 hono-

2171 2086 2319 2141 riﬁce
2345 2088 2650 2140 revocabat.
2701 2069 2941 2158 Denique
2994 2069 3267 2155 Dominus,
3305 2089 3426 2144 Non
3466 2091 3656 2152 inveni.
3688 2094 3767 2148 in-

2171 2178 2306 2248 quit,
2339 2188 2532 2233 tantum
2555 2179 2707 2248 ﬁdem
2751 2181 2804 2233 in
2847 2179 3032 2235 Israel.
3058 2180 3150 2235 Illa
3174 2183 3331 2235 etiam
3366 2181 3671 2238 Cbanamra
3705 2203 3768 2241 ex

2171 2269 2428 2327 Gentibus
2457 2281 2591 2342 erat,
2622 2277 2740 2342 qua:
2764 2279 2883 2326 eum
2910 2285 2968 2328 se
2991 2279 3017 2326 ει
3048 2271 3272 2328 Domino
3295 2273 3528 2330 audisset
3552 2279 3766 2343 canem,

2172 2373 2225 2418 et
2251 2363 2335 2419 cui
2364 2365 2516 2433 panis
2543 2363 2771 2419 ﬁliorum
2801 2365 3104 2420 mitteretur
3126 2367 3417 2437 indignam,
3452 2368 3620 2423 micas
3651 2369 3768 2424 tan-

2172 2463 2330 2528 quam
2359 2458 2507 2512 canis
2537 2459 2711 2527 exegit
2739 2475 2750 2510 :
2786 2466 2840 2512 ct
2866 2457 2986 2512 ideo
3013 2462 3116 2513 min
3161 2465 3280 2515 esse
3311 2461 3523 2527 meruit,
3559 2462 3688 2530 quia
3721 2455 3769 2516 id

2174 2548 2315 2619 quod
2345 2549 2519 2603 fuerat
2549 2561 2651 2603 nou
2683 2550 2911 2619 negavit.
2946 2547 3076 2604 Nam
3123 2557 3175 2605 et
3203 2550 3315 2620 ipsa
3357 2551 3556 2605 audivit
3601 2567 3635 2607 a
3671 2551 3772 2605 D‘o-

2176 2642 2345 2707 mino,
2381 2639 2425 2696 0
2449 2643 2648 2709 mulier,
2688 2659 2872 2713 magna
2895 2652 2965 2696 est
2995 2645 3119 2712 ﬁdes
3158 2653 3244 2698 tua
3273 2644 3396 2718 (Id.
3423 2657 3508 2713 ιν,
3536 2645 3770 2719 21-28):

2179 2732 2461 2787 Humilitas
2487 2733 2536 2787 iu
2569 2749 2629 2788 ea
2657 2733 2855 2789 fecerat
2878 2733 3036 2790 fidem
3064 2731 3340 2806 magnam;
3370 2735 3490 2808 quia
3515 2741 3572 2793 s‘e
3597 2729 3772 2808 ipsaiti

2175 2823 2376 2881 fecerat
2395 2837 2630 2895 parvam.

2247 2916 2476 2975 CAPUT
2503 2907 2591 2974 lll.
2619 2949 2690 2961 -—-
2716 2921 2769 2975 5.
2806 2919 3040 2975 Gentium
3082 2923 3305 2976 omnium
3345 2923 3484 2978 salus
3525 2913 3772 2995 ﬁgurata;

2178 3009 2412 3066 Veniunt
2447 3026 2575 3082 ergo
2629 3022 2870 3082 pastores
2922 3013 2990 3069 de
3025 3015 3266 3082 praximo
3309 3014 3511 3080 videre,
3542 3017 3597 3070 et
3639 3007 3777 3088 Magi

2179 3101 2247 3156 dc
2272 3103 2563 3173 longinquo
2589 3105 2811 3159 veniunt
2838 3103 3082 3161 adorare.
3113 3107 3237 3161 l-l:ec
3260 3115 3342 3162 'est
3371 3107 3646 3164 humilitas
3674 3125 3776 3182 qua

2179 3193 2343 3249 inseri
2372 3197 2568 3250 meruit
2594 3196 2825 3252 oleaster
2848 3197 2900 3252 in
2928 3199 3145 3266 olivam,
3183 3209 3236 3254 et
3261 3201 3455 3255 olivam
3483 3202 3616 3257 dare
3647 3219 3778 3257 cou-

2183 3295 2259 3341 tra
2292 3287 2533 3348 naturam
2579 3287 2765 3361 '(Ilom.
2819 3288 3070 3363 x1,l7);
3119 3293 3239 3362 quia
3286 3285 3527 3347 naturam
3578 3285 3778 3350 meruit

2181 3390 2388 3435 mutare
2412 3397 2507 3450 per
2525 3383 2771 3452 gratiam.
2797 3383 2930 3446 Nam
2951 3384 3074 3438 'eum
3108 3377 3208 3440 lioc
3253 3381 3482 3442 oleastro
3513 3397 3661 3444 totus
3682 3389 3776 3443 sil.

2182 3474 2421 3526 v‘e'sceret
2448 3481 2502 3526 et
2529 3483 2889 3529 amareseerct
2919 3474 3168 3542 mundus,
3189 3458 3294 3545 per
3327 3477 3638 3532 insertionis
3659 3495 3779 3552 gra-

2182 3566 2309 3621 tiam
2356 3566 2721 3637 pinguel’actus
2750 3569 2958 3624 enituit.
2991 3567 3226 3624 Veniunt
3265 3571 3405 3625 enim
3435 3569 3502 3624 ab
3532 3582 3780 3628 extremo

2184 3669 2358 3723 terrm,
2391 3659 2683 3714 secundum
2715 3659 3024 3727 Jeremiam,
3048 3653 3284 3716 (licentes
3310 3679 3322 3714 :
3356 3659 3481 3716 Vere
3508 3665 3779 3718 mendacia

2183 3749 2443 3804 coluerunt
2464 3760 2631 3822 patres
2657 3751 2814 3805 nostri
2847 3751 3074 3825 (Jcrem.
3108 3769 3213 3816 xvr,
3245 3745 3311 3826 i9
3420 3751 3484 3808 Et
3528 3757 3778 3822 veniunt,

2183 3860 2288 3899 non
2311 3845 2377 3899 ab
2407 3861 2508 3899 una
2537 3845 2683 3899 orbis
2706 3856 2876 3916 parte,
2907 3847 3000 3901 sed
3027 3847 3164 3901 sicut
3206 3849 3549 3922 Evangelium
3578 3849 3781 3906 secun-

2183 3935 2309 3990 dum
2352 3935 2549 3991 Lucam
2602 3936 2857 4008 loquitur,
2898 3938 2960 3991 ab
3008 3937 3232 4006 Oriente,
3280 3949 3325 3993 et
3372 3939 3670 4018 Occidente,
3720 3935 3784 3996 ob

2185 4029 2430 4098 Aquilone
2457 4039 2502 4083 et
2527 4028 2761 4094 Meridie,
2796 4031 2885 4102 qui
2915 4033 3224 4086 recumbant
3254 4049 3374 4087 cum
3404 4033 3684 4110 Abraham
3728 4045 3784 4110 et

2185 4121 2332 4177 Isaac
2360 4129 2416 4176 et
2437 4120 2602 4194 Jac‘ob
2626 4122 2676 4175 in
2706 4137 2870 4191 regno
2896 4123 3153 4178 caelorum
3189 4121 3346 4197 (Lyc.
3375 4123 3494 4192 xm,
3523 4103 3594 4180 ἐξ)
3618 4127 3660 4196 ).
3697 4124 3788 4182 Sic

2188 4219 2328 4268 totus
2344 4209 2488 4266 orbis
2508 4228 2576 4266 ex
2611 4203 2853 4282 partibus
2869 4222 3093 4292 quatuor
3121 4213 3393 4282 Trinitatis
3423 4217 3594 4294 gratia
3620 4215 3789 4272 voca;

2185 4299 2270 4360 tur
2301 4305 2351 4360 in
2375 4297 2553 4366 fidem.
2579 4301 2881 4361 Secundum
2903 4325 3056 4378 quem
3076 4303 3375 4377 numerum,
3403 4301 3521 4384 cum
3541 4299 3791 4382 quatuor

2185 4397 2267 4454 ter
2292 4397 2575 4478 ducuntur,
2626 4399 2984 4458 duodenarius
3007 4420 3259 4482 numerus
3280 4391 3609 4476 apostolicus
3651 4422 3792 4464 Con-

2184 4481 2422 4549 scerattts
2451 4504 2566 4568 est;
2597 4503 2843 4564 tanquam
2876 4496 3106 4552 universi
3127 4497 3271 4552 orbis
3299 4498 3524 4552 salutem
3547 4515 3614 4564 ex
3643 4517 3787 4572 qua-

2187 4595 2306 4640 tuor
2334 4587 2517 4654 mundi
2564 4589 2822 4658 partibus,
2857 4589 2910 4644 in
2952 4588 3224 4644 Trinitatis
3265 4589 3491 4660 gratiam
3524 4592 3792 4666 praeﬁgu-

2183 4694 2329 4734 raus.
2361 4679 2513 4735 Hunc
2545 4679 2687 4740 enim
2711 4696 2988 4737 numerum
3007 4682 3164 4739 etiam
3185 4682 3363 4739 discus
3384 4684 3475 4746 ille
3500 4680 3791 4756 signiﬁcat-

2183 4771 2279 4840 vit,
2328 4771 2416 4850 qui
2473 4770 2870 4836 demonstratus
2930 4783 3011 4830 est
3064 4774 3222 4828 Petro
3279 4775 3468 4845 plenus
3523 4763 3795 4836 omnibus

2181 4863 2501 4934 animalibus
2527 4864 2546 4934 (
2569 4866 2676 4930 Act.
2715 4883 2772 4933 χ,
2803 4867 2862 4922 ii
2883 4864 2926 4938 ),
2959 4853 3209 4940 linquam
3229 4869 3475 4932 omnibus
3502 4873 3793 4941 gentibus.

2184 4957 2315 5012 Nam
2347 4968 2401 5013 et
2428 4959 2540 5027 ipsc
2564 4969 2792 5029 quatuor
2821 4960 2974 5016 lineis
2999 4976 3292 5031 suspensus
3318 4979 3349 5036 φ
3371 4963 3511 5020 ctelo
3541 4975 3629 5021 ter
3656 4967 3800 5023 sub-

2189 5053 2384 5114 missus
2401 5062 2702 5128 assumptus
2719 5062 2800 5110 est
2819 5069 2833 5120 ;
2863 5061 2925 5108 ut
2941 5054 3188 5128 quaterni
3207 5054 3490 5111 duodecim
3513 5047 3792 5118 facerent.

2186 5144 2314 5198 ideo
2329 5144 2567 5221 fortasse
2597 5154 2716 5214 post
2740 5144 2981 5208 Natalem
3027 5145 3237 5208 Domini
3265 5145 3547 5212 duodecim
3584 5150 3800 5212 diebus

2184 5239 2397 5310 additis,
2447 5239 2584 5312 Magi
2630 5240 2877 5309 primitiae
2917 5239 3167 5300 Gentium
3193 5241 3262 5298 ad
3292 5240 3561 5300 Christum
3593 5245 3805 5302 viden-

2183 5313 2311 5392 dum
2340 5331 2772 5403 adorandmnque
2799 5342 3086 5409 venerunt,
3114 5343 3294 5390 etnon
3321 5334 3494 5390 solum
3525 5338 3800 5409 accipere

2183 5423 2474 5493 propriam,
2521 5422 2616 5478 sed
2641 5405 2879 5492 omnium
2903 5438 3117 5494 quoque
3157 5424 3393 5494 gentium
3417 5405 3670 5492 salutent
3715 5429 3803 5490 si-

2183 5517 2435 5587 gniﬁcare
2479 5526 2812 5578 meruerunt.
2861 5516 3210 5586 Celehremus
3253 5535 3381 5589 ergo
3425 5518 3804 5584 devotissimuo

2183 5614 2342 5668 etiam
2385 5612 2544 5666 istum
2572 5611 2748 5677 diem;
2801 5620 2856 5665 et
2902 5611 3182 5666 Dominum
3223 5612 3428 5680 Jesmu,
3460 5629 3629 5683 quem
3685 5618 3806 5687 pri-

2183 5706 2346 5761 mitiae
2368 5704 2470 5759 illa:
2489 5713 2684 5758 nostra:
2710 5703 3068 5758 adoraverunt
3084 5705 3351 5772 iacentem
3372 5704 3427 5758 in
3445 5703 3802 5776 diversorio,

2180 5815 2279 5855 nos
2305 5797 2630 5853 habitantem
2663 5797 2945 5852 adoremus
2972 5798 3023 5852 in
3055 5797 3211 5853 caelo.
3242 5793 3354 5853 [fac
3384 5791 3587 5870 usurpet:
3629 5793 3694 5856 iii
3730 5817 3806 5859 eo

2180 5893 2259 5948 illi
2289 5893 2526 5948 venerati
2555 5899 2680 5948 sunt
2707 5889 2962 5959 futurum,
2994 5887 3136 5963 quod
3161 5898 3262 5948 nos
3301 5877 3636 5950 veneramur
3680 5895 3804 5954 im-
