4070 6330
332 316 469 374 1037

333 432 555 502 pletnm.
605 424 972 480 Adoraverunt
1020 416 1265 489 primitiae
1311 411 1559 469 Gentium
1616 406 1907 461 inhiantem

336 500 588 577 uberibus
616 517 798 571 matris
824 534 835 567 :
868 515 1094 568 adorant
1119 519 1303 581 gentes
1334 506 1605 561 sedentem
1642 500 1708 555 ad
1733 500 1916 555 dexte-

338 632 451 672 ram
484 614 578 669 Del
608 612 797 667 Patris.

827 716 1057 787 sumre
1094 719 1244 777 celv
1262 721 1280 743 ·
1321 715 1418 792 (a).

804 845 853 886 tn
872 836 1125 900 Epiphania
1148 832 1349 891 Domini,
1371 845 1433 882 γι.

414 969 467 1021 I.
500 964 812 1037 Epiphania,
838 962 1023 1015 Christi
1045 958 1399 1029 manifestatio.
1431 955 1565 1009 Ante
1586 965 1783 1022 paucos
1805 949 1921 1004 dies

344 1057 583 1113 Natalem
630 1055 837 1109 Domini
875 1052 1302 1108 celebravimus;
1358 1046 1707 1116 Epiphaniam
1762 1042 1921 1097 hodie

346 1152 704 1213 celebramus;
736 1162 841 1217 quo
885 1161 1058 1215 grzrco
1096 1141 1353 1197 vocabulo
1401 1138 1728 1207 significatur
1754 1135 1924 1189 mani-

350 1242 579 1306 l'estatio,
604 1249 657 1295 et
677 1238 901 1294 refertur
926 1237 991 1291 ad
1035 1235 1159 1289 illud
1191 1233 1330 1303 quod
1359 1232 1433 1284 ait
1461 1230 1769 1299 Apostolus,
1802 1228 1926 1282 Sine

350 1335 502 1388 dubio
528 1349 767 1402 magnum
794 1339 865 1383 est
891 1330 1089 1399 pietatis
1111 1335 1499 1389 sacramentum,
1524 1322 1658 1388 quod
1683 1321 1923 1392 manifes-

351 1436 513 1479 tatum
540 1434 612 1478 est
635 1425 687 1477 in
715 1422 901 1490 carne(
928 1420 1093 1475 ITim.
1124 1436 1199 1485 III,
1236 1419 1301 1473 16
1332 1416 1373 1488 ).
1406 1415 1579 1470 Ambo
1610 1415 1784 1483 itaque
1812 1412 1927 1467 dies

352 1519 416 1571 ad
468 1516 943 1571 manifestatiouem
973 1514 1240 1584 pertinent
1284 1510 1496 1565 Christi.
1526 1508 1583 1563 In
1615 1508 1709 1562 illo
1735 1505 1928 1577 quippe

354 1621 507 1665 natus
551 1617 633 1664 est
684 1610 847 1663 homo
896 1624 962 1663 ex
1010 1608 1223 1660 homine
1276 1614 1467 1668 matre,
1518 1605 1604 1673 qui
1635 1603 1749 1657 sine
1779 1601 1929 1655 initio

356 1704 495 1757 Deus
520 1679 795 1771 eradapud
824 1701 1055 1755 Patrem.
1087 1698 1191 1753 Sed
1213 1699 1358 1752 carni
1386 1705 1467 1750 est
1490 1696 1853 1749 manifestatus
1876 1694 1927 1747 in

356 1810 545 1859 carne;
577 1794 696 1863 quia
723 1808 849 1849 caro
892 1808 1013 1846 eum
1044 1791 1227 1845 videre
1265 1804 1367 1843 non
1400 1796 1625 1858 poterat,
1652 1787 1788 1840 sicut
1813 1794 1928 1841 erat

361 1887 413 1939 in
432 1886 639 1953 spiritu.
674 1885 742 1938 Et
762 1884 853 1938 illo
879 1883 1092 1952 quidem
1120 1882 1228 1947 die,
1260 1881 1346 1950 qui
1375 1881 1574 1933 Natalis
1605 1879 1768 1946 ipsius
1801 1894 1935 1931 nun-

358 1986 605 2047 cupatur,
630 1975 875 2029 viderunt
896 1990 1014 2028 eum
1043 1983 1279 2042 pastores
1300 1973 1603 2026 Iudaeorum
1631 1989 1642 2025 :
1678 1970 1933 2025 hodierno

360 2078 537 2122 autem
569 2068 655 2121 die
676 2067 763 2136 qui
786 2066 1074 2135 Epiphania
1105 2066 1338 2133 proprie,
1383 2064 1484 2118 hoc
1520 2073 1602 2117 est
1630 2062 1937 2117 manifesta-

363 2160 437 2214 tio
456 2159 667 2223 dicitur,
699 2160 1049 2213 adoraverunt
1074 2173 1195 2211 eum
1223 2156 1353 2225 Magi
1383 2155 1651 2212 Gentium.
1676 2156 1786 2209 Illis
1815 2170 1936 2207 eum

366 2252 571 2323 Angeli,
607 2253 717 2305 istis
745 2258 869 2303 ivero
892 2250 1040 2305 stella
1072 2250 1349 2302 nuntiavit.
1383 2247 1559 2303 leos
1587 2246 1940 2315 Angelihabi-

367 2354 497 2407 tant,
529 2352 583 2399 et
609 2343 779 2397 sidera
808 2351 1065 2395 exornant
1090 2359 1103 2394 :
1157 2343 1390 2409 utrisque
1412 2356 1538 2409 ergo
1568 2339 1687 2393 caali
1718 2353 1937 2393 enarra-

369 2447 555 2491 verunt
580 2436 800 2506 gloriam
832 2436 922 2489 Dei
952 2433 1130 2503 (Psal.
1162 2448 1308 2499 xvul,
1331 2433 1416 2503 2).

437 2530 493 2583 2.
520 2527 749 2584 Christus
782 2527 977 2581 Judwis
1003 2536 1046 2580 et
1078 2526 1311 2579 Gentibus
1358 2524 1645 2577 adunandis
1683 2523 1945 2593 angularia

374 2622 523 2692 lapis.
574 2621 823 2689 Utrisque
874 2620 1013 2672 enim
1045 2626 1197 2671 natus
1243 2626 1323 2670 est
1353 2616 1488 2685 lapis
1525 2614 1831 2684 angularis;
1863 2622 1939 2678 ut,

373 2710 815 2780 quemadmodum
839 2710 963 2763 dicit
993 2708 1295 2777 Apostolus,
1322 2708 1445 2759 duos
1466 2705 1698 2758 conderet
1724 2705 1773 2756 in
1796 2721 1865 2766 se,
1892 2703 1947 2755 in

375 2819 530 2856 unum
558 2818 737 2856 novum
774 2802 1043 2863 hominem,
1079 2800 1269 2869 faciens
1297 2814 1491 2867 pacem,
1535 2805 1580 2849 et
1620 2802 1948 2850 commutarct

377 2906 611 2965 utrosque
634 2896 687 2947 in
716 2910 814 2947 uno
836 2909 1045 2961 corpore
1066 2892 1171 2945 Deo
1193 2908 1280 2962 per
1298 2906 1515 2943 crucem.
1539 2888 1673 2954 Quid
1703 2887 1843 2941 enim
1870 2895 1951 2941 est

377 2988 619 3057 angulus,
652 2987 750 3040 nisi
781 2987 1082 3054 coniunctio
1112 2984 1332 3039 duorum
1360 2985 1639 3051 parietum,
1662 2983 1751 3051 qui
1776 2997 1841 3035 ex
1871 2982 1953 3034 di-

378 3095 532 3134 verso
555 3079 792 3143 veniunt,
823 3078 1000 3132 etillic
1041 3076 1267 3146 quodam
1319 3076 1476 3129 modo
1516 3074 1754 3128 osculum
1810 3073 1953 3141 pacis

380 3170 693 3225 inveniunt?
732 3169 945 3224 Inimica
990 3169 1181 3239 quippe
1211 3169 1351 3221 inter
1396 3183 1453 3221 se
1482 3166 1696 3221 fuerunt
1722 3167 1951 3221 circum-

379 3262 511 3315 cisio
533 3270 584 3314 et
608 3261 941 3330 praeputium,
976 3260 1075 3313 hoc
1104 3268 1185 3313 est
1211 3258 1376 3312 Judaei
1408 3268 1463 3313 et
1488 3256 1704 3321 Gentes,
1739 3267 1957 3325 propter

381 3352 485 3413 duo
512 3352 646 3407 inter
676 3367 733 3405 se
761 3351 967 3405 diversa
994 3360 1150 3419 atque
1184 3350 1468 3415 contraria,
1508 3349 1629 3403 inde
1658 3350 1770 3402 veri
1804 3349 1957 3401 unius

386 3442 478 3496 Dei
506 3444 739 3513 cultum,
787 3442 908 3494 hinc
956 3440 1241 3493 multorum
1283 3449 1442 3508 atque
1486 3437 1769 3493 falsorum.
1822 3438 1956 3492 Cum

386 3535 561 3604 itaque
595 3534 666 3588 illi
698 3542 876 3587 essent
918 3548 1101 3601 prope,
1137 3532 1220 3585 isti
1253 3540 1428 3585 autem
1480 3533 1657 3601 longe,
1705 3542 1958 3600 utrosque

387 3624 605 3676 adduxit
625 3622 688 3676 ad
711 3637 786 3685 se,
817 3621 903 3690 qui
936 3640 954 3673 ‹
987 3621 1327 3674 commutavit
1350 3631 1601 3690 utrosque
1622 3621 1675 3673 in
1708 3638 1810 3675 uno
1836 3636 1959 3675 cor-

389 3730 518 3783 pore
544 3714 671 3776 Deo,
705 3732 721 3767 t
757 3714 893 3783 sicut
933 3712 1077 3767 Idem
1122 3713 1390 3781 apostolus
1438 3722 1831 3781 consequenter
1861 3712 1955 3766 ad-

384 3806 575 3875 jungit,
613 3823 631 3854 ‹
664 3820 757 3874 per
781 3819 992 3858 crucem
1018 3804 1338 3857 interficiens
1366 3804 1666 3857 inimicitias
1695 3804 1745 3855 in
1769 3814 1964 3858 semet-

390 3898 524 3966 ipso.
555 3897 620 3951 Et
650 3915 668 3949 ι
702 3898 918 3951 veniens
948 3895 1325 3965 evangelizavit
1352 3911 1534 3963 pacem
1576 3896 1746 3958 vobis,
1782 3897 1960 3964 inquit,

390 3990 476 4057 qui
526 3988 685 4043 eratis
729 3988 903 4057 longe,
944 3992 999 4039 et
1025 4001 1205 4055 pacem
1236 3986 1298 4039 iis
1329 3987 1417 4053 qui
1466 4000 1661 4054 prope;
1707 3986 1830 4055 quia
1872 4002 1966 4055 per

394 4080 562 4149 ipsum
612 4078 867 4132 habemus
914 4092 1185 4131 accessum
1216 4078 1372 4129 ambo
1414 4078 1464 4129 in
1514 4093 1619 4129 uno
1663 4078 1852 4145 spiritu
1899 4076 1966 4131 ad

394 4172 602 4226 Patrem
638 4190 657 4222 ι
702 4170 928 4239 (Ep/tes.
962 4183 1018 4235 ιι,
1053 4168 1268 4237 11-22).
1309 4168 1492 4222 Videte
1520 4170 1563 4221 si
1604 4186 1707 4222 non
1752 4180 1803 4222 et
1834 4169 1967 4224 duos

396 4266 624 4334 parietes
643 4280 706 4319 ex
732 4263 1121 4318 inimicitiarum
1151 4262 1455 4316 diversitate
1477 4264 1771 4327 venientes,
1798 4273 1851 4316 et
1876 4278 1970 4316 an-

394 4357 628 4426 gularem
679 4355 904 4423 lapidem
956 4353 1339 4407 demonstravit
1405 4354 1684 4407 Dominum
1740 4354 1920 4409 Iesum
1951 4396 1965 4419 ,

395 4449 461 4502 ad
513 4463 667 4517 quem
717 4447 781 4500 de
830 4446 1040 4501 diverso
1093 4446 1301 4514 utrique
1346 4453 1707 4511 accesserunt,
1764 4448 1813 4499 in
1866 4464 1970 4515 quo

397 4541 607 4608 utrique
646 4537 1128 4601 concordaverunt,
1168 4537 1267 4591 hoc
1297 4545 1398 4605 est,
1430 4546 1482 4591 et
1521 4538 1609 4608 qui
1661 4553 1725 4591 ex
1773 4537 1971 4591 Judmis

399 4634 449 4684 in
505 4646 625 4686 eum
652 4672 664 4693 ,
710 4640 763 4683 et
811 4632 897 4699 qui
936 4644 1003 4683 ex
1028 4628 1285 4684 Gentibus
1311 4631 1675 4698 crediderunt;
1724 4639 1969 4701 tanquam

396 4723 664 4777 diceretur
709 4721 785 4777 eis
827 4738 839 4773 :
896 4720 965 4774 Et
1003 4736 1097 4775 vos
1169 4721 1234 4775 de
1289 4722 1601 4791 propinquo,
1667 4731 1720 4776 et
1766 4726 1859 4777 vos
1908 4724 1974 4778 de

400 4815 724 4883 longinquo,
761 4832 779 4864 ‹
815 4813 1048 4866 accedite
1080 4812 1144 4865 ad
1172 4827 1293 4867 eum
1315 4853 1329 4878 ,
1386 4822 1438 4866 et
1485 4813 1873 4878 illuminamini,
1922 4822 1975 4867 et

398 4909 574 4961 vultus
632 4906 796 4961 vestri
847 4922 951 4959 non
1001 4906 1313 4963 erubescent
1357 4923 1377 4956 ι
1417 4904 1596 4975 (Psal.
1647 4922 1830 4969 xxxm,
1883 4906 1968 4976 6).

398 4998 665 5067 Scriptum
722 5004 805 5051 est
852 4996 994 5050 enim
1033 5013 1047 5049 :
1089 5014 1109 5047 ‹
1148 4997 1283 5050 Ecce
1332 5011 1470 5065 pono
1513 4996 1564 5049 in
1595 4996 1717 5050 Sion
1744 4997 1973 5064 lapidem

399 5091 726 5159 angularem,
775 5089 1023 5155 electum,
1056 5089 1374 5153 pretiosum;
1412 5097 1466 5143 et
1494 5089 1581 5157 qui
1607 5089 1895 5144 crediderit
1922 5093 1974 5144 in

400 5197 543 5245 eum,
586 5196 690 5234 non
732 5179 1080 5241 confundetur
1107 5196 1125 5230 ι
1179 5178 1229 5249 (I
1259 5178 1399 5233 Petr.
1443 5194 1501 5244 II,
1529 5176 1624 5251 6).
1650 5180 1751 5247 Qui
1790 5181 1975 5235 audie-

401 5280 527 5325 runt
549 5280 601 5325 et
624 5270 960 5336 obedierunt,
994 5269 1118 5323 hinc
1142 5276 1297 5337 atque
1321 5268 1443 5323 inde
1468 5269 1673 5338 utrique
1695 5280 1973 5338 venerunt,

402 5377 586 5430 pacem
616 5368 921 5425 tenuerunt,
970 5359 1271 5413 inimicitias
1309 5358 1597 5414 finierunt:
1631 5370 1975 5431 utrorumque

403 5455 649 5523 primitiae
689 5464 926 5523 pastores
962 5462 1015 5506 et
1057 5451 1188 5520 Magi
1220 5450 1451 5506 fuerunt.
1500 5450 1555 5504 In
1586 5452 1665 5506 eis
1686 5454 1851 5521 coepit
1878 5453 1975 5507 bos

402 5560 692 5615 agnoscere
715 5558 1077 5615 possessorem
1105 5558 1278 5605 suum,
1312 5550 1363 5596 et
1402 5543 1579 5598 asinus
1606 5559 1843 5614 praesepe
1872 5545 1973 5599 Do-

468 5698 482 5717 ‘
504 5699 767 5760 Castigatus
791 5706 865 5746 est
894 5698 951 5744 ad
974 5696 1037 5745 cl.
1070 5710 1160 5745 rm.
1186 5698 1389 5760 etVign.

467 5758 542 5824 (α)
561 5758 697 5820 Alias,
719 5774 777 5807 ex
800 5768 819 5804 κ
836 5761 1109 5821 iguo'triauis,
1136 5760 1182 5807 7.

1744 284 1973 344 SERMO
2007 283 2177 339 CCIV.

3464 276 3601 332 I038

2022 398 2149 451 mi'll
2176 396 2441 465 sui(Isai.
2474 412 2509 463 I,
2539 396 2572 449 5
2599 394 2640 466 ).
2690 394 2766 448 Ex
2814 391 3011 449 Iudaeis
3059 392 3252 447 animal
3293 399 3595 457 cornutum,

2022 491 2110 546 ubi
2153 491 2584 546 Cbristo.crucis
2623 505 2816 544 cornua
2857 488 3198 557 parabantur.
3234 488 3309 542 Ex
3346 486 3602 541 Gentibus

2022 584 2215 638 animal
2244 584 2494 648 auritum,
2523 582 2680 647 unde,
2707 580 3013 651 praedictum
3034 590 3180 635 erat:
3212 579 3442 650 Populus
3458 594 3601 649 quem

2023 692 2123 730 non
2159 677 2383 745 cognovi,
2429 676 2627 730 senvivit
2663 675 2808 741 mihi,
2848 675 2901 727 in
2945 674 3120 726 auditu
3165 674 3304 727 auris
3348 672 3599 727 obaudivit

2024 770 2149 823 mihi
2170 768 2338 839 (Psat.
2367 785 2494 835 xvu,
2528 769 2595 823 45
2620 770 2657 840 ).
2692 769 2708 822 I
2718 785 2807 837 pse
2830 784 3055 838 namque
3074 782 3355 837 possessor
3375 765 3525 821 bovis
3545 775 3601 821 et

2027 862 2277 916 dominus
2314 862 2447 916 asini
2497 862 2547 914 in
2592 862 2813 930 praesepi
2838 861 3067 929 jacebat,
3116 868 3172 914 et
3214 857 3476 913 ambobus
3506 858 3608 912 ali—

2029 968 2265 1009 mentum
2288 969 2570 1008 commnne
2601 954 2885 1022 praebebat.
2935 952 3072 1024 Quia.
3092 967 3218 1021 ergo
3254 966 3352 1019 pax
3390 957 3607 1004 venerat

2032 1047 2107 1100 eis
2134 1045 2225 1114 qui
2244 1053 2397 1099 erant
2421 1044 2595 1114 longe,
2624 1052 2681 1111 et
2701 1058 2800 1114 pax
2839 1045 2915 1097 eis
2954 1044 3039 1115 qui
3081 1051 3233 1097 erant
3261 1056 3454 1111 prope;
3491 1056 3611 1108 pas-

2032 1149 2176 1195 tores
2220 1140 2468 1196 Israelitte
2514 1147 2759 1207 tanquam
2809 1153 2971 1206 prope
3022 1137 3239 1202 inventi,
3280 1152 3344 1189 eo
3382 1134 3467 1189 die
3505 1150 3611 1203 quo

2032 1242 2187 1286 natus
2213 1239 2293 1285 est
2318 1230 2579 1294 Christus,
2609 1229 2672 1281 ad
2697 1246 2815 1283 eum
2849 1242 3127 1295 venerunt,
3161 1228 3407 1282 viderunt
3439 1236 3494 1281 et
3519 1244 3612 1281 ex-

2034 1327 2400 1379 sultaVcrunt:
2453 1308 2584 1393 Magi
2633 1334 2807 1376 autem
2853 1322 3097 1390 gentiles,
3154 1328 3403 1391 tanquam
3458 1320 3614 1387 longe

2035 1420 2254 1483 inventi,
2290 1429 2361 1471 tot
2396 1417 2581 1471 diebus
2618 1415 2943 1484 interpositis
2982 1413 3048 1466 ab
3086 1412 3173 1467 illo
3200 1430 3301 1482 quo
3336 1418 3490 1466 natus
3512 1420 3613 1474 est,

2036 1513 2193 1567 hodie
2222 1522 2600 1583 pervenerunt,
2654 1511 2995 1573 invenerunt,
3042 1510 3415 1559 adoraverunt.
3442 1504 3615 1572 Opor-

2036 1608 2178 1663 tebat
2208 1610 2382 1677 itaque
2412 1622 2527 1669 nos,
2552 1605 2653 1659 hoc
2680 1613 2777 1667 est,
2804 1603 3095 1657 Ecclesium
3119 1617 3237 1673 quae
3265 1610 3615 1667 congregatur

2037 1717 2102 1756 ex
2134 1700 2407 1761 Gentibus,
2440 1700 2593 1767 hujus
2619 1698 2721 1750 diei
2750 1696 3184 1753 celebrationem,
3213 1708 3318 1762 quo
3337 1700 3411 1743 cst
3436 1691 3615 1743 Chris-

2038 1802 2123 1847 tus
2150 1792 2393 1861 primitiis
2413 1790 2657 1845 Gentium
2680 1789 3061 1849 manifestatus,
3086 1785 3225 1839 illius
3254 1785 3357 1838 diei
3385 1783 3623 1837 celebra-

2040 1886 2189 1949 tioni,
2224 1902 2329 1956 quo
2354 1894 2433 1940 est
2459 1884 2703 1951 Christus
2740 1900 2802 1938 ex
2843 1883 3039 1937 Iudaeis
3078 1888 3253 1945 natus,
3300 1878 3615 1949 adiungere,

2040 1991 2093 2036 et
2121 1980 2251 2035 tanti
2278 1980 2594 2035 sacramenti
2639 1979 2948 2033 memoriam
2994 1976 3259 2047 geminata
3292 1973 3624 2033 solemnitate

2043 2088 2275 2127 SCI‘VRI‘C.

2114 2166 2164 2219 5.
2211 2163 2290 2217 Ea:
2330 2162 2526 2215 Iudaeis
2566 2161 2652 2213 alii
2675 2160 2952 2231 reprobati,
2985 2158 3073 2213 alii
3101 2157 3262 2213 electi.
3285 2152 3445 2211 Iacob
3472 2165 3516 2210 et
3539 2156 3625 2233 be-

2046 2258 2271 2312 nedictus
2311 2265 2357 2309 et
2398 2256 2629 2319 claudus.
2676 2253 2898 2321 Quando
2937 2253 3040 2306 duo
3085 2254 3315 2321 parietes
3356 2250 3442 2305 isti
3481 2250 3628 2319 cogi—

2046 2360 2249 2417 tantur,
2286 2366 2420 2404 unus
2446 2366 2508 2403 ex
2551 2348 2780 2416 Iudaeis,
2812 2347 2945 2411 alius
2975 2362 3039 2400 ex
3072 2341 3365 2409 Gentibus,
3392 2342 3629 2412 angulari

2048 2444 2207 2514 lapidi
2251 2442 2607 2507 cohterendo,
2661 2450 2933 2495 servantes
2984 2440 3234 2493 unitatem
3296 2437 3515 2507 spiritus
3578 2434 3630 2489 in

2048 2536 2259 2591 vinculo
2304 2536 2447 2604 pacis
2490 2532 2703 2606 (Ephes.
2734 2531 2927 2604 Iv,'5);
2974 2548 3076 2584 non
3122 2530 3355 2583 offendat
3400 2528 3633 2581 animum

2049 2631 2395 2701 reproborum
2423 2628 2706 2684 multitudo
2740 2626 3071 2691 Iudaeorum,
3108 2625 3157 2701 in
3188 2624 3379 2692 quibus
3428 2622 3636 2675 fuerunt

2053 2726 2403 2789 ardilieantes,
2447 2723 2496 2777 id
2525 2732 2636 2788 est,
2686 2721 2923 2777 volentes
2968 2732 3084 2771 esse
3136 2716 3291 2784 Legis
3341 2715 3633 2767 doctores:

2053 2820 2146 2873 Sed
2190 2820 2372 2889 quales
2400 2816 2527 2871 dicit
2572 2814 2887 2886 Apostolus,
2942 2810 3056 2863 Non
3110 2808 3440 2876 intt'lligettles
3484 2818 3638 2872 neque

2057 2929 2167 2983 qua:
2194 2911 2493 2977 loquuntur,
2517 2924 2672 2980 neque
2701 2906 2764 2959 de
2788 2906 2964 2976 quibus
2995 2901 3242 2972 aﬁrmant
3265 2898 3302 2970 (Ι
3323 2898 3457 2952 Tim.
3490 2898 3541 2963 1,
3561 2895 3636 2965 7).

2060 3006 2161 3058 Per
2195 3004 2330 3055 hanc
2368 3001 2511 3056 enim
2555 2998 2748 3052 mentis
2777 2997 3067 3063 eiecitatem
3090 3036 3102 3057 ,
3134 2991 3360 3059 lapidem
3390 2989 3639 3057 reproba-

2058 3104 2243 3149 vcrtmt
2263 3135 2277 3159 ,
2307 3092 2394 3161 qtti
2416 3090 2582 3143 lactus
2604 3098 2681 3141 est
2700 3087 2749 3140 in
2773 3093 2930 3154 caput
2949 3083 3120 3152 anguli
3144 3081 3311 3151 (Psal.
3332 3096 3475 3133 cxvu
3496 3078 3639 3146 λεὶ),

2059 3185 2162 3240 Sed
2195 3199 2299 3237 non
2345 3181 2495 3235 lieret
2525 3180 2576 3232 in
2608 3186 2766 3246 caput
2794 3175 3001 3245 anguli,
3041 3174 3136 3227 nisi
3180 3172 3387 3225 duobus
3439 3169 3643 3239 populis

2061 3277 2127 3331 de
2178 3275 2391 3329 diverso
2430 3269 2763 3324 venientibus
2814 3268 3071 3333 pra-bcret
3118 3265 3424 3333 pacilieam,
3478 3261 3645 3331 gratia

2062 3368 2371 3437 copulante,
2407 3364 2731 3432 juncturam.
2768 3359 2880 3411 Non
2914 3374 3039 3424 ergo
3077 3356 3374 3423 cogitentur
3397 3353 3443 3419 in
3482 3352 3647 3404 Israe-

2064 3461 2207 3513 Iitico
2250 3457 2453 3529 pariete
2503 3460 2868 3525 persecutores
2899 3460 2949 3504 et
3000 3446 3373 3501 interfectores
3410 3430 3643 3515 Christi,

2065 3552 2215 3620 quasi
2242 3551 2410 3619 legem
2439 3546 2762 3600 :edifIcantes
2790 3553 2842 3596 et
2880 3540 3035 3594 fidem
3086 3541 3418 3592 (it‘Sll‘lIOlllCS
3438 3580 3449 3601 ,
3480 3554 3645 3607 angu-

2064 3646 2227 3700 larem
2256 3640 2483 3710 lapidem
2515 3637 2858 3707 reprobantcs
2889 3645 2940 3687 et
2969 3634 3172 3686 ruinam
3205 3633 3400 3684 civitati
3441 3630 3648 3697 miserae

2067 3737 2404 3791 fabricantes.
2432 3728 2541 3785 Nec
2570 3731 2665 3783 ista
2691 3729 2761 3781 ibi
2783 3725 3040 3795 cogitetur
3062 3722 3412 3778 numerositas
3440 3720 3651 3776 Judaeu—

2070 3836 2183 3881 rum
2232 3826 2471 3894 dispersa
2504 3838 2597 3891 per
2630 3804 2828 3875 terras.
2863 3819 2925 3869 ad
2981 3817 3311 3879 divinarum,
3379 3828 3512 3882 quas
3562 3828 3651 3867 ne—

2069 3922 2296 3973 scientes
2332 3918 2525 3986 ubique
2558 3912 3169 3983 portant,testimonium
3226 3908 3562 3961 Litterarum.
3595 3907 3649 3961 III

2070 4011 2153 4064 bis
2192 4010 2331 4061 cnim
2377 4006 2637 4061 claudicat
2681 4004 2873 4064 Jacob,
2919 4002 3000 4053 cui
3031 4010 3161 4053 tacta
3215 4008 3267 4053 et
3302 3997 3531 4051 arefacta
3575 3995 3651 4049 le-

2072 4102 2234 4155 moris
2257 4099 2480 4153 latitudo
2527 4096 2677 4169 (Gen.
2707 4112 2883 4159 xxx”,
2912 4094 3033 4161 23$),
3081 4110 3179 4161 qua
3221 4089 3654 4154 significaretura

2072 4192 2273 4245 semitis
2303 4190 2411 4243 suis
2442 4187 2746 4242 claudicans
2774 4186 2984 4254 generis
3030 4181 3326 4234 multitudo.
3357 4179 3459 4235 Sed
3490 4180 3538 4231 in
3566 4196 3653 4246 pa-

2025 4316 2031 4330 -
2074 4284 2205 4337 rietc
2254 4290 2463 4343 sancto,
2497 4280 2582 4348 qui
2615 4294 2677 4331 ex
2717 4279 2792 4331 eis
2836 4274 2902 4329 ad
2950 4290 3127 4344 pacem
3169 4272 3357 4340 lapidis
3387 4269 3655 4339 angularis

2075 4374 2328 4436 adcessit,
2366 4372 2439 4425 illi
2480 4373 2775 4440 cogitentur
2804 4370 2852 4420 in
2891 4368 3080 4437 quibus
3122 4366 3430 4419 benedictus
3457 4372 3535 4416 est
3564 4361 3655 4414 Ja-

2077 4469 2194 4523 cob.
2236 4468 2377 4522 Idem
2422 4460 2620 4536 quippe
2668 4472 2721 4516 et
2746 4461 3053 4515 benedictus
3097 4469 3151 4512 et
3194 4456 3411 4511 claudus
3444 4473 3455 4507 :
3488 4454 3653 4535 bene—

2076 4562 2246 4614 dictus
2276 4560 2327 4612 in
2354 4554 2725 4620 sanctiﬁcatis,
2759 4552 2980 4606 claudus
3026 4551 3075 4603 in
3118 4549 3430 4617 reprobatis.
3482 4534 3556 4598 llli
3604 4545 3656 4597 in

2078 4652 2177 4708 isto
2204 4654 2407 4724 pariete
2453 4649 2769 4719 COgitentur,
2824 4658 3047 4714 quorum
3097 4637 3413 4692 abundantia
3458 4652 3657 4706 prince-

2079 4744 2236 4798 dcbat
2279 4751 2331 4797 et
2373 4738 2692 4809 sequebatur
2738 4735 2960 4790 asellum
3011 4730 3326 4801 salvatoris,
3370 4728 3605 4782 clamans
3640 4742 3657 4785 :

2080 4826 2375 4885 Benedictus
2404 4831 2489 4899 qui
2509 4831 2635 4881 venit
2662 4828 2713 4880 in
2740 4826 2939 4879 nomine
2962 4822 3161 4874 Domini
3188 4818 3398 4888 (Matth.
3426 4834 3518 4871 XXI
3537 4859 3550 4881 ,
3577 4815 3656 4889 9).

2079 4924 2155 4978 Illi
2197 4923 2493 4991 cogitentur
2537 4920 2623 4989 qui
2655 4917 2899 4984 discipuli
2934 4913 3053 4967 inde
3100 4912 3286 4971 electi,
3328 4920 3381 4962 et
3432 4908 3657 4978 apostoli

2082 5017 2203 5069 facti
2248 5022 2388 5067 sunt.
2419 5013 2689 5081 Cogitetur
2730 5008 3027 5074 Stephanus
3056 5004 3104 5055 in
3140 5017 3307 5070 grzeca
3352 5000 3529 5066 lingua
3571 5014 3661 5051 c0-

2082 5125 2226 5165 ronac
2254 5108 2467 5161 nomine
2492 5106 2811 5175 appellatus,
2841 5110 2889 5153 et
2912 5100 3053 5167 prior
3078 5106 3197 5166 post
3216 5094 3657 5151 resurrectionem

2084 5201 2288 5255 Domini
2313 5200 2565 5269 martyrio
2599 5205 2899 5265 coronatus.
2926 5192 3235 5260 Cogitentur
3256 5189 3413 5251 etiam
3437 5202 3501 5240 ex
3533 5185 3660 5252 ipsis

2082 5293 2513 5365 persecutoribus
2562 5300 2638 5344 tot
2680 5288 2842 5341 millia
2869 5284 3227 5348 credentium,
3264 5280 3474 5351 quando
3519 5278 3663 5331 venit

2082 5386 2307 5454 Spiritus
2357 5392 2587 5436 sanctus.
2643 5377 2950 5446 Cogitentur
3003 5374 3286 5437 Ecclesiae,
3340 5371 3407 5425 de
3468 5369 3659 5437 quibus

2082 5476 2367 5545 Apostolus
2411 5473 2540 5527 dicit
2572 5489 2583 5522 :
2617 5471 2769 5522 Eram
2816 5476 2981 5520 autem
3022 5469 3223 5537 ignotus
3263 5462 3393 5531 facie
3423 5459 3659 5512 Erclesiis

2081 5567 2305 5629 Judazaz,
2329 5581 2443 5635 quae
2464 5572 2604 5616 erant
2632 5563 2683 5614 in
2710 5561 2906 5614 Christo
2930 5576 2947 5613 :
2977 5554 3171 5611 tantum
3200 5564 3367 5610 autem
3403 5553 3664 5605 audientes

2083 5670 2223 5714 erant
2251 5659 2368 5728 quia
2404 5656 2488 5726 qui
2522 5654 2793 5723 aliquando
2816 5668 2907 5706 nos
2926 5649 3324 5723 persequebatur,
3345 5656 3480 5698 nunc
3508 5644 3661 5695 evan:-

2086 5754 2261 5822 gelizat
2288 5753 2435 5820 fidem
2460 5767 2608 5817 quam
2635 5747 2903 5816 aliquando
2924 5742 3183 5805 vastabat;
3218 5750 3263 5794 et
3287 5740 3336 5791 in
3364 5756 3438 5789 me
3464 5734 3663 5803 magni-
