3996 6460
464 375 602 433 1059

461 490 684 560 ficabant
717 488 879 542 Deum
913 483 1108 559 (Calat.
1138 485 1188 547 i,
1211 483 1428 552 32-24).
1473 481 1577 536 isto
1603 479 1764 535 modo
1790 479 2044 534 Israeliti-

461 597 558 639 cus
584 581 760 652 paries
790 576 1074 649 cogitetur,
1108 582 1162 630 et
1188 574 1376 646 parieti
1403 589 1468 628 ex
1497 572 1756 629 Gentibus
1773 570 2004 626 venienti
2025 611 2041 633 ,

461 675 554 746 qui
583 687 726 728 nunc
760 678 844 727 est
870 668 1219 739 conspicuus,
1245 666 1563 738 adjungatur
1588 681 1603 717 :
1632 672 1790 734 atque
1814 664 1885 717 ita
1915 661 2047 731 lapis

461 767 731 839 angularia
754 766 919 836 prius
963 764 1017 819 in
1060 761 1321 834 praesepio
1347 760 1582 830 positus,
1612 772 1780 827 usque
1820 755 1887 810 ad
1924 755 2046 811 coeli

460 860 672 915 culmen
699 866 937 919 erectus,
975 870 1082 911 non
1112 853 1306 909 frustra
1341 851 1627 923 praedictus
1665 848 1911 915 Christus
1946 847 2049 900 Du-

459 952 638 1011 minus
659 950 944 1006 invenitur.

988 1061 1219 1120 SERMO
1241 1059 1371 1118 ccv
1396 1063 1416 1085 ·
1439 1058 1537 1131 (a).

954 1187 1007 1231 ιιι
1022 1179 1409 1243 Quadragesima,
1430 1193 1449 1228 ι
1463 1175 1555 1240 (b).

535 1288 590 1342 1.
633 1284 1049 1357 Quadragesima:
1075 1293 1296 1353 tempore
1341 1297 1467 1335 crux
1513 1278 1793 1349 castigandi
1824 1273 2050 1344 corporis

462 1380 786 1439 assumenda.
855 1378 1167 1433 Christianus
1227 1385 1465 1445 perpetuo
1532 1371 1670 1425 debet
1727 1369 1942 1441 pendere
1998 1370 2050 1421 in

462 1490 629 1528 cruce.
662 1472 801 1528 Crua:
839 1471 992 1524 totius
1026 1469 1141 1522 Ilin
1178 1477 1380 1521 nostra.
1424 1463 1863 1520 Observationem
1906 1463 2049 1528 Qua-

462 1566 810 1638 dragesimte,
852 1563 1078 1620 solemni
1124 1561 1299 1615 reditu
1336 1568 1736 1629 prmsentatam,
1792 1557 2051 1611 hodierno

461 1662 549 1716 die
579 1660 906 1729 ingredimur
932 1674 946 1709 :
977 1671 1082 1725 quo
1122 1656 1275 1708 vobis
1304 1652 1613 1709 solemniter
1655 1652 1814 1707 etiam
1847 1650 2051 1704 exhor-

460 1758 595 1812 tatio
631 1764 810 1809 nostra
839 1753 1095 1817 debetur;
1139 1759 1196 1804 ut
1224 1749 1317 1804 Dei
1345 1762 1522 1804 sermo
1548 1763 1643 1816 per
1672 1756 1910 1801 nostrum
1933 1745 2049 1798 olli-

462 1851 604 1905 cium
660 1847 1021 1910 ministratus,
1068 1844 1400 1913 jejunaturos
1455 1857 1707 1910 corpore,
1763 1848 1943 1909 pascat
1997 1839 2048 1893 in

462 1938 661 2003 corde;
694 1952 756 1991 ac
786 1937 863 1991 sic
898 1936 1121 1990 interior
1159 1935 1320 1989 homo
1348 1935 1469 1989 cibo
1495 1949 1593 1987 suo
1613 1932 1871 1993 refectus,
1895 1940 2049 1985 exte-

461 2022 622 2080 rioris
648 2022 1049 2092 castigationem
1079 2020 1244 2087 possit
1268 2035 1458 2085 agere,
1488 2026 1546 2073 et
1579 2020 1848 2073 robustius
1887 2018 2049 2071 susti-

462 2104 616 2172 nere.
644 2114 903 2183 Congruit
928 2114 1069 2167 enim
1097 2120 1291 2165 nostrae
1315 2111 1613 2176 devotioni,
1648 2121 1701 2163 ut
1728 2110 1817 2181 qui
1841 2110 2050 2164 Domini

464 2205 705 2262 crucifixi
747 2204 1050 2274 passionem
1086 2201 1195 2271 jam
1237 2200 1681 2271 propinquantem
1732 2202 2051 2256 celebraturi

464 2312 680 2358 sumus,
726 2294 1179 2365 reprimendarum
1221 2294 1511 2347 carnalium
1553 2293 1881 2361 voluptatqu
1924 2309 2051 2347 cru-

463 2403 585 2445 cem
617 2386 772 2441 nobis
796 2385 895 2454 ipsi
923 2385 1081 2439 etiam
1112 2384 1396 2449 faciamus,
1424 2382 1707 2439 sicutdicit
1729 2384 2048 2453 Apostolus:

470 2480 573 2548 Qui
589 2488 756 2533 autem
776 2475 902 2530 Iesu
923 2474 1109 2531 Christi
1129 2485 1245 2529 sunt
1259 2516 1274 2541 ,
1298 2491 1500 2528 carnem
1522 2492 1667 2529 suam
1694 2476 2055 2541 cruci/inerunt

466 2588 583 2627 cum
608 2571 925 2645 passionibns
967 2580 1013 2624 et
1041 2572 1458 2642 concupiscentiis
1498 2570 1695 2640 (Galat.
1742 2588 1807 2637 v,
1848 2572 1962 2643 24).
1994 2571 2052 2627 In

469 2665 567 2719 hac
595 2664 809 2733 quidem
850 2676 1042 2726 cruce,
1084 2676 1179 2730 per
1205 2670 1370 2717 lotam
1412 2663 1565 2717 istam
1609 2663 1801 2729 vitam,
1846 2680 1965 2732 quae
2000 2665 2051 2717 in

466 2757 661 2812 mediis
686 2754 1067 2811 tentationibus
1090 2755 1318 2821 ducitur,
1351 2764 1608 2826 perpetuo
1632 2756 1791 2812 debet
1821 2758 2053 2827 pendere

468 2848 809 2904 christianus.
841 2846 957 2901 Non
1000 2849 1146 2902 enim
1184 2857 1267 2903 est
1291 2850 1344 2903 in
1372 2848 1473 2903 hac
1515 2851 1620 2904 vita
1660 2862 1868 2920 tempus
1902 2852 2051 2906 evel-

468 2938 611 2994 lendi
630 2939 839 3005 clavos,
882 2938 949 2993 de
994 2940 1186 3009 quibus
1228 2941 1282 2995 in
1324 2941 1537 2995 Psalmo
1574 2943 1770 2997 dicitur
1804 2962 1816 2997 :
1846 2941 2055 3014 Con/iga

467 3030 863 3085 ctavisatimore
905 3040 990 3085 tuo
1036 3048 1214 3088 carnes
1252 3051 1388 3089 meas
1430 3035 1599 3107 (Psal.
1646 3052 1849 3102 cxvm,
1904 3038 2050 3110 i20).

470 3119 703 3187 Games,
750 3130 877 3177 sunt
922 3124 1166 3178 carnales
1202 3126 1679 3195 concupiscentiae;
1721 3130 1887 3196 clavi,
1931 3138 2055 3183 sunt

468 3224 735 3286 praecepta
775 3215 995 3284 iustitiae
1026 3217 1156 3272 :iiis
1195 3219 1312 3273 illas
1354 3220 1513 3273 timor
1541 3221 1749 3276 Domini
1801 3222 2050 3293 conligit,

468 3307 561 3377 qui
606 3322 707 3363 nos
744 3308 817 3362 illi
865 3309 1243 3377 acceptabilem
1294 3310 1521 3367 hostiam
1570 3316 1847 3386 crucifigit.
1904 3315 2054 3372 Unde

467 3399 599 3454 item
620 3398 750 3455 dicit
773 3401 1062 3468 Apostolus
1088 3419 1100 3455 :
1136 3399 1352 3456 Obsecro
1376 3405 1545 3475 itaque
1571 3423 1657 3460 vos
1675 3449 1691 3474 ,
1725 3412 1935 3478 fratres,
1965 3426 2055 3479 per

468 3492 838 3546 miserationem
863 3491 961 3546 Dei
981 3533 995 3557 ,
1039 3502 1097 3547 ut
1124 3494 1396 3549 exhibeatis
1412 3512 1625 3568 corpora
1651 3508 1812 3553 vestra
1837 3500 2053 3556 hostiam

467 3585 665 3651 uiuam,
693 3593 950 3648 sanctam,
988 3584 1097 3640 Deo
1134 3586 1413 3658 placentem
1451 3588 1627 3659 (Rom.
1656 3592 1861 3661 nui).
1909 3590 2054 3648 Crux

468 3689 599 3745 ergo
623 3675 756 3743 ista,
790 3676 841 3730 in
872 3691 976 3746 qua
998 3676 1090 3730 Dei
1118 3691 1303 3733 servus
1342 3694 1448 3733 non
1490 3681 1662 3739 solum
1697 3697 1802 3737 non
1829 3684 2053 3741 confun-

466 3764 633 3834 ditur,
662 3766 755 3822 sed
789 3767 949 3823 etiam
993 3769 1251 3838 gloriatur
1293 3770 1506 3838 dicens,
1548 3772 1681 3827 Mihi
1720 3786 1887 3831 autem
1921 3780 2054 3834 absit

468 3855 680 3926 gloriari
699 3898 716 3924 ,
739 3858 838 3912 nisi
862 3858 916 3912 in
937 3875 1084 3913 cruce
1112 3859 1319 3914 Domini
1345 3863 1505 3917 nostri
1546 3863 1670 3918 Jesu
1716 3868 1939 3938 Christi,
1964 3889 2054 3939 per

466 3964 616 4019 quem
643 3950 767 4003 mihi
804 3952 1021 4005 mundus
1053 3954 1324 4021 cruciﬁxus
1371 3965 1470 4020 est,
1513 3967 1560 4010 et
1588 3976 1679 4028 ego
1712 3965 1899 4019 mundo
1927 3966 2054 4037 (Ga-

468 4039 561 4093 lat.
611 4057 698 4108 v1,
749 4041 1073 4109 li):crux,
1120 4045 1363 4114 inquam,
1411 4047 1509 4102 ista
1554 4066 1658 4105 non
1706 4056 2049 4128 quadraginta

467 4129 676 4186 dierum
707 4139 818 4196 est,
860 4133 952 4187 sed
987 4134 1149 4189 totius
1179 4136 1334 4201 hujus
1360 4138 1510 4204 vitm,
1541 4156 1659 4209 quae
1696 4148 1922 4214 mystico
1949 4165 2049 4203 nu~

464 4237 620 4278 mero
665 4223 1011 4295 quadraginta
1049 4228 1266 4282 istorum
1307 4230 1635 4298 significatur
1659 4234 1895 4303 dierum;
1932 4241 2050 4298 sive

466 4314 608 4382 quod
639 4313 800 4369 homo
826 4310 1078 4371 ducturus
1108 4320 1242 4373 hanc
1266 4321 1455 4387 vitam,
1481 4322 1617 4377 sicut
1644 4329 1880 4384 nonnulli
1905 4346 2052 4387 asse-

465 4416 625 4471 runt,
685 4407 874 4461 diebus
920 4410 1263 4480 quadraginta
1312 4411 1569 4469 formatur
1615 4416 1668 4471 in
1712 4431 1889 4483 utero;
1937 4424 2050 4481 sive

467 4500 609 4571 quod
654 4499 939 4571 Evangelia
969 4511 1194 4571 quatuor
1236 4522 1355 4559 cum
1399 4506 1619 4562 denaria
1648 4510 1789 4582 Lege
1825 4529 2048 4579 concor-

468 4589 631 4657 dant,
652 4600 704 4645 et
733 4600 922 4660 quater
949 4592 1075 4646 deni
1101 4593 1257 4648 istum
1282 4611 1559 4653 numerum
1602 4601 1841 4670 signant,
1867 4606 2049 4659 nobis-

465 4696 570 4752 que
591 4683 644 4737 in
671 4680 771 4738 bac
800 4685 905 4738 vita
938 4686 1238 4753 Scripturas
1271 4698 1521 4759 utrasque
1561 4697 1888 4749 necessarias
1930 4712 2052 4755 esse

465 4773 866 4839 demonstrant;
911 4778 1022 4831 sive
1069 4778 1167 4831 alia
1205 4780 1437 4849 qualibet
1468 4783 1821 4849 probabiliore
1855 4803 2046 4856 causa,

464 4878 623 4933 quam
657 4875 831 4932 potest
852 4866 1149 4921 intellectus
1177 4869 1368 4923 melior
1387 4872 2045 4936 etluculeutiorinvenire.

469 4952 619 5009 Unde
646 4964 701 5009 et
722 4955 929 5026 Moyses
959 4967 1013 5012 et
1044 4956 1185 5014 Elias
1205 4967 1258 5013 et
1294 4960 1406 5029 ipse
1429 4961 1680 5018 Dominus
1703 4967 2048 5037 quadraginta

465 5043 655 5099 diebus
703 5044 1082 5116 jejunaverunt
1131 5066 1144 5100 :
1195 5062 1249 5102 ut
1292 5050 1647 5108 insinuaretur
1694 5058 1846 5112 nobis
1892 5069 1945 5113 et
1994 5061 2046 5115 in

463 5134 648 5223 Moyse
676 5145 734 5223 et
761 5138 812 5191 in
844 5139 952 5192 Elia
983 5150 1035 5193 et
1064 5142 1113 5193 in
1148 5140 1263 5209 ipso
1287 5140 1532 5209 Christo,
1564 5146 1664 5200 hoc
1690 5158 1770 5202 est
1791 5192 1805 5215 ,
1837 5152 1885 5203 in
1909 5151 2050 5223 Lege

462 5228 519 5276 et
543 5221 825 5291 Prophetis
856 5234 910 5278 et
939 5223 993 5277 in
1017 5223 1133 5293 ipso
1162 5226 1482 5296 Evangelio,
1514 5230 1565 5284 id
1607 5233 1882 5288 nobiscum
1926 5221 2044 5307 agi,

461 5325 534 5367 ne
557 5311 957 5368 conformemur
982 5322 1036 5369 et
1060 5315 1359 5372 liaereamus
1397 5318 1521 5375 huic
1549 5324 1774 5390 saeculo,
1799 5325 1892 5380 sed
1924 5342 2046 5382 cru-

523 5484 546 5559 :
802 5489 960 5559 estad
994 5489 1062 5559 cl._
1096 5505 1163 5559 ιχ,
1176 5506 1224 5542 v.
1251 5500 1303 5544 et
1326 5494 1387 5544 ad
1405 5500 1516 5547 Lov.

525 5545 600 5669 lii

550 5605 600 5683 ρ)
623 5605 863 5683 Possidius
876 5613 927 5661 in
947 5613 1177 5683 indiculo,
1208 5627 1313 5678 cap.
1338 5618 1399 5683 i0
1430 5628 1679 5682 recenset,
1704 5640 1727 5669 α
1749 5623 1813 5673 de
1835 5624 2043 5683 Quadra-

460 5669 650 5743 geslma
679 5678 805 5743 ante
838 5673 1009 5743 t’aseba
1040 5669 1280 5743 nactams'
1297 5669 1538 5743 quinque.
1568 5669 1601 5727 »ἡ
1620 5669 1722 5733 sex
1754 5669 2046 5740 tamean

460 5730 957 5845 mgnici‘iligthzbes;
981 5750 1011 5787 e
1033 5740 1210 5800 quibus
1227 5730 1374 5789 unum
1403 5730 1527 5791 h'unc
1548 5730 1931 5799 nauseat}?
1937 5730 2041 5800 1³Ῑᾶ

1687 364 1745 420 S.
1787 357 2154 421 AUGUSTINI
2189 357 2493 415 iZPlSCOPl

3603 351 3739 410 1M0

2160 477 2431 549 cifigamus
2458 476 2728 532 hominem
2757 483 2989 533 veterem
3010 519 3025 538 ,
3052 491 3158 531 non
3188 474 3240 530 in
3261 473 3740 529 comessationibns

2154 579 2208 624 et
2229 569 2580 626 ebrietatibus
2598 613 2614 637 ,
2645 585 2751 625 non
2780 570 2831 624 in
2859 569 3119 625 cubilibus
3161 579 3215 624 et
3234 567 3610 636 impndicitiis,
3637 581 3739 619 non

2158 660 2211 715 in
2237 661 2577 715 contentione
2601 669 2656 715 et
2684 660 3021 715 aemulatione
3051 668 3298 729 agentes;
3334 658 3429 713 sed
3462 657 3742 711 induamus

2157 750 2439 805 Dominum
2483 750 2696 813 Jesum;
2742 760 2797 805 et
2836 750 3013 805 carnis
3054 764 3237 804 curam
3275 764 3341 802 ne
3372 748 3662 803 fecerimus
3690 746 3740 800 in

2155 844 2602 913 concupiscentiis
2630 842 2804 916 (Rom.
2836 859 2961 908 xm,
2992 843 3060 898 15
3082 851 3126 896 et
3152 842 3261 909 14).
3291 840 3380 895 Sic
3406 856 3624 909 semper
3656 840 3739 895 hic

2156 940 2314 1006 vive,
2360 937 2660 993 Christiane
2690 957 2702 992 :
2732 938 2775 991 si
2828 934 3039 993 terr'eno
3085 936 3214 990 limo
3255 950 3472 1005 gressus
3527 950 3634 988 non
3665 933 3743 989 vis

2155 1034 2473 1102 immergere
2491 1074 2507 1098 ,
2536 1030 2645 1086 noli
2672 1031 2739 1086 de
2764 1030 2864 1085 ista
2891 1044 3052 1084 cruce
3077 1026 3444 1083 descendere.~
3474 1026 3530 1082 Si
3562 1036 3740 1081 autem

2155 1122 2260 1179 hoc
2306 1122 2609 1179 faciendum
2657 1132 2740 1178 est
2780 1138 2872 1192 per
2903 1122 3038 1176 hanc
3089 1130 3252 1174 totam
3299 1118 3495 1186 vitam,
3545 1125 3744 1189 quanto

2154 1215 2324 1286 magis
2352 1231 2448 1285 per
2475 1216 2607 1271 istos
2631 1215 3059 1285 Quadragcsimre
3097 1214 3212 1270 dies
3232 1255 3246 1279 ,
3279 1212 3471 1284 quibus
3497 1228 3603 1266 non
3652 1227 3741 1266 so-

2155 1307 2264 1362 lum
2293 1308 2485 1377 agitur,
2516 1323 2701 1362 verum
2732 1307 2893 1362 etiam
2921 1304 3248 1376 significatur
3275 1305 3388 1359 haec
3411 1299 3560 1357 vita?

2225 1399 2281 1454 2.
2325 1397 2424 1451 Pia
2468 1415 2620 1470 opera
2665 1398 2938 1468 ferventius
2984 1395 3260 1450 exercenda
3304 1412 3393 1465 per
3444 1394 3744 1464 Quadrage-

2155 1491 2297 1545 sinite
2322 1499 2535 1559 tempus.
2565 1490 2668 1546 Per
2691 1489 2823 1543 alios
2851 1503 2978 1559 ergo
3006 1488 3123 1543 dies
3154 1502 3257 1540 non
3281 1484 3740 1555 graventurcorda

2154 1592 2332 1638 vestra
2362 1583 2413 1636 in
2437 1583 2649 1652 crapula
2671 1591 2725 1635 et
2750 1582 3006 1635 ebrietate
3032 1579 3184 1650 (Luc.
3207 1594 3327 1643 ut,
3352 1576 3442 1646 δι)
3480 1595 3493 1629 :
3523 1591 3623 1646 per
3647 1576 3745 1629 hos

2156 1683 2334 1730 autem
2355 1676 2513 1729 etiam
2542 1674 2800 1743 jejunate.
2828 1672 2933 1727 Per
2956 1672 3089 1725 alios
3114 1670 3258 1736 dies,
3300 1668 3563 1723 adulteria
3581 1709 3596 1729 ,
3639 1668 3746 1720 for-

2158 1769 2454 1824 nicationes
2477 1811 2491 1832 ,
2516 1783 2809 1838 omnesque
2839 1765 3049 1820 illicitas
3074 1762 3405 1832 corruptelas
3432 1761 3597 1815 nolite
3611 1774 3744 1814 eon-

2157 1862 2362 1932 tingere
2387 1880 2399 1914 :
2424 1876 2518 1931 per
2541 1860 2639 1916 hos
2665 1869 2840 1913 autem
2870 1859 3031 1913 etiam
3061 1872 3091 1910 a
3118 1854 3432 1925 coniugibus
3455 1851 3744 1906 absﬁnete.

2157 1952 2309 2020 Quod
2356 1953 2507 2020 vobis
2550 1950 2761 2006 dcmitis
2808 1949 3129 2020 jejunandu,
3160 1944 3517 2016 eleemosynis
3563 1942 3745 1997 addite

2158 2045 2524 2114 praerogando.
2558 2043 2788 2113 Tempus
2804 2042 2944 2112 quod
2974 2038 3248 2096 reddendo
3268 2036 3531 2107 cunjugali
3561 2035 3747 2090 debito

2156 2138 2538 2207 occupabatur,
2599 2134 3077 2207 supplicationibus
3122 2132 3479 2203 impendatur.
3538 2130 3747 2198 Corpus

2157 2230 2297 2301 quod
2331 2229 2633 2285 carnalibus
2662 2227 2940 2281 affectibus
2964 2224 3289 2288 solvebatur,
3314 2223 3461 2292 puris
3492 2219 3748 2290 precibus

2161 2329 2547 2392 prosternatur.
2593 2319 2778 2373 Manus
2804 2332 2924 2387 quae
2951 2314 3285 2385 amplexibus
3311 2311 3744 2382 implicabantur,

2157 2413 2486 2468 orationibus
2537 2411 2908 2466 extendantur.
2956 2409 3063 2464 Vos
3116 2416 3294 2463 autem
3325 2407 3415 2477 qui
3459 2406 3625 2459 etiam
3655 2418 3749 2472 per

2157 2505 2291 2559 alios
2312 2504 2429 2559 dies
2453 2503 2731 2574 jejunatis,
2757 2518 2853 2573 per
2880 2503 2979 2557 hos
3006 2509 3196 2571 augete
3243 2498 3386 2569 quod
3414 2498 3612 2552 facitis.
3645 2496 3746 2564 Qui

2156 2614 2254 2669 per
2271 2597 2407 2653 alios
2427 2598 2543 2653 dies
2568 2607 2816 2667 perpetua
2842 2597 3167 2651 continentia
3192 2594 3498 2663 crueifigitis
3524 2608 3747 2663 corpus,

2158 2705 2255 2760 per
2278 2688 2377 2744 hos
2402 2688 2514 2744 Deo
2556 2699 2735 2744 vestro
2780 2687 3141 2743 crebrioribus
3164 2696 3218 2741 et
3246 2686 3625 2741 intentioribus
3665 2686 3748 2738 in-

2160 2780 2358 2836 hierete
2386 2780 2733 2835 orationibus.
2765 2778 2963 2836 Omnes
2994 2779 3298 2846 unanimes,
3341 2792 3530 2833 omnes
3556 2777 3749 2832 fideles

2159 2873 2407 2938 fideliter,
2455 2887 2641 2928 omnes
2666 2872 2718 2926 in
2754 2872 2855 2927 hac
2896 2871 3321 2941 peregrinatione
3368 2870 3529 2924 unius
3555 2868 3747 2938 patriae

2158 2965 2426 3021 desiderio
2475 2962 2851 3036 suspirantes,‘
2885 2975 2939 3020 et
2977 2980 3162 3020 amore
3192 2964 3478 3019 ferventes.
3531 2962 3747 3016 Donum

2158 3059 2287 3122 Dei,
2315 3056 2455 3129 quod
2480 3057 2593 3127 ipse
2622 3072 2727 3111 non
2762 3056 2954 3124 habet,
2984 3056 3165 3111 nullus
3194 3056 3246 3110 in
3275 3055 3447 3110 altero
3483 3054 3747 3121 invideat,

2160 3150 2334 3204 nullus
2362 3149 2596 3204 irrideat.
2629 3147 2683 3202 In
2716 3148 3080 3218 spiritualihus
3108 3148 3293 3211 bonis,
3322 3156 3469 3201 tuum
3506 3145 3711 3215 deputa
3732 3187 3746 3209 ,

2158 3243 2298 3314 quod
2328 3257 2476 3297 amas
2522 3243 2573 3297 in
2599 3242 2761 3297 fratre
2793 3260 2807 3296 :
2841 3256 2995 3296 suum
3034 3240 3284 3310 deputet,
3313 3239 3455 3310 quod
3501 3248 3651 3293 amat
3696 3239 3747 3292 in

2159 3344 2228 3391 te.
2282 3336 2447 3392 Nemo
2495 3335 2596 3391 sub
2637 3335 2969 3391 abstinentiae
3013 3335 3225 3405 specie,
3272 3343 3480 3389 mutare
3529 3333 3751 3389 aﬂ'ectet

2160 3434 2367 3503 potius,
2398 3446 2557 3502 quam
2604 3446 2851 3488 resecare
2875 3430 3126 3497 delicias;
3179 3439 3239 3485 ut
3279 3428 3546 3500 pretiosos
3596 3428 3749 3483 cibos

2158 3532 2394 3594 quaerat,
2424 3525 2549 3594 quia
2576 3538 2737 3578 carne
2752 3537 2858 3577 non
2886 3522 3138 3585 vescitur,
3169 3531 3222 3576 et
3250 3520 3535 3576 inusitatos
3562 3518 3746 3588 liquo-

2156 3631 2244 3671 res
2264 3658 2277 3681 ,
2306 3615 2427 3686 quia
2454 3615 2633 3669 vinum
2663 3630 2768 3669 non
2796 3614 2927 3669 bibit
2958 3629 3074 3668 :ne
3092 3629 3190 3684 per
3213 3612 3549 3667 occasionem
3592 3609 3748 3681 quasi

2156 3706 2434 3762 domandae
2481 3706 2691 3769 carnis,
2732 3706 2900 3775 magis
2942 3712 3063 3774 agat
3105 3704 3374 3774 negotium
3429 3701 3745 3771 voluptatis.

2155 3799 2420 3853 Alimenta
2463 3796 2675 3866 quidem
2701 3795 2913 3849 mundis
2941 3793 3137 3849 munda
3162 3803 3285 3849 sunt
3305 3792 3485 3847 omnia
3518 3810 3533 3846 :
3565 3791 3668 3846 sed
3694 3791 3749 3845 in

2158 3889 2302 3944 nullo
2329 3898 2410 3943 est
2440 3886 2635 3941 munda
2664 3886 2888 3941 luxuria.

2227 3982 2279 4035 5.
2320 3980 2363 4032 Α
2405 3978 2573 4033 litibus
2617 3979 2671 4031 in
2703 3978 2877 4047 primis
2919 3977 3269 4050 iejunandum.
3317 3976 3435 4031 Przc
3488 3976 3750 4039 caeteris,

2153 4071 2378 4133 fratres,
2409 4069 2646 4123 alitibus
2681 4077 2734 4123 et
2782 4068 3061 4122 discordiis
3099 4067 3354 4137 jejunate.
3412 4065 3751 4121 Mementote

2152 4161 2461 4231 pmphetam
2479 4158 2788 4229 quibusdam
2801 4159 3207 4229 exprobrantem
3225 4167 3381 4228 atque
3392 4158 3750 4212 clamantem:

2152 4250 2220 4306 In
2248 4252 2416 4305 diebus
2435 4251 2623 4322 jejunii
2665 4251 2812 4306 uestri
2830 4291 2846 4318 ,
2877 4250 3198 4304 inueniuntur
3218 4250 3499 4304 voluntates
3523 4259 3715 4302 uestra!
3732 4289 3751 4313 ,

2152 4342 2284 4413 quod
2308 4358 2475 4397 omnes
2516 4342 2601 4411 qui
2631 4341 2720 4395 sub
2739 4342 2868 4412 jugo
2897 4351 3058 4396 vestro
3085 4351 3203 4395 sunt
3226 4340 3495 4395 stimulatis
3516 4344 3610 4404 ,‘et
3641 4356 3756 4393 οω-
3784 4323 3795 4331 ’

2152 4435 2271 4489 ditis
2301 4433 2518 4505 pugnis;
2543 4433 2749 4487 auditur
2768 4433 2821 4486 in
2843 4432 3062 4487 clamore
3084 4448 3182 4486 uox
3204 4440 3367 4486 vestra
3388 4430 3542 4502 (Isai.
3578 4447 3715 4486 Lvm
3737 4472 3753 4495 ,

2153 4528 2298 4595 5-5),
2331 4536 2384 4580 et
2410 4526 2770 4601 caeteratalia.
2792 4524 2994 4591 Quibus
3015 4523 3441 4579 commemoratis
3460 4521 3753 4590 adjunxit:

2155 4617 2275 4671 Non
2297 4617 2388 4670 hoc
2402 4618 2657 4687 jejunium
2679 4632 2768 4685 ego
2795 4616 2950 4687 elegi,
2980 4615 3100 4668 dicit
3123 4614 3389 4668 Dominus.
3417 4612 3472 4669 Si
3500 4614 3757 4668 clamare

2153 4709 2339 4774 vultis,
2370 4708 2515 4762 illum
2538 4708 2868 4777 frequentate
2889 4708 3199 4773 clamorem,
3232 4707 3299 4761 de
3322 4721 3428 4775 quo
3472 4708 3756 4776 scriptum

2152 4810 2233 4857 est
2265 4818 2277 4855 :
2317 4798 2450 4854 Voce
2487 4816 2597 4853 mea
2635 4800 2702 4852 ad
2745 4799 3017 4853 Dominum
3044 4798 3257 4853 clamavi
3283 4798 3456 4870 (Psal.
3481 4815 3636 4864 cum,
3669 4800 3758 4871 2).

2154 4891 2244 4946 ille
2274 4891 2468 4960 quippe
2493 4905 2597 4943 non
2623 4900 2705 4944 est
2730 4890 2837 4943 litis
2856 4931 2871 4955 ,
2912 4890 3005 4945 sed
3048 4889 3355 4953 charitatis;
3389 4904 3489 4943 nec
3513 4890 3717 4945 carnis
3740 4930 3760 4957 ,

2152 4983 2245 5038 sed
2271 4981 2464 5036 cordis.
2505 4980 2619 5035 Non
2641 4992 2723 5035 est
2747 4981 2863 5034 talis
2884 4981 3004 5047 ille,
3043 4981 3109 5036 de
3136 4996 3242 5052 quo
3270 4981 3463 5036 dicitur
3493 4998 3506 5034 :
3554 4979 3759 5053 Expe-

2153 5073 2281 5126 ctavi
2319 5080 2372 5124 ut
2401 5073 2584 5143 faceret
2622 5070 2905 5139 judicium,
2937 5071 3055 5141 fecit
3079 5080 3247 5123 autent
3286 5070 3655 5140 iniquitatem;
3711 5081 3765 5127 et

2152 5179 2252 5217 non
2267 5162 2547 5235 justitiam,
2578 5161 2667 5215 sed
2702 5160 2970 5215 clamorem
2992 5160 3143 5233 (lsai.
3184 5178 3237 5229 ν,
3262 5162 3340 5232 7).
3375 5160 3678 5230 Dimittitc,
3710 5174 3766 5219 et

2151 5256 2425 5309 dimittetur
2463 5255 2634 5321 vobis;
2658 5254 2799 5318 date,
2849 5265 2896 5307 et
2921 5254 3122 5308 dabitur
3157 5254 3293 5309 vobis
3322 5253 3471 5327 (Luc.
3502 5272 3576 5309 v1.
3610 5257 3763 5312 δῖα

2150 5346 2263 5417 58).
2315 5346 2408 5401 Ha:
2451 5355 2574 5400 sunt
2602 5346 2721 5401 dua:
2758 5347 2856 5401 alae
2902 5347 3193 5413 orationis,
3240 5349 3430 5417 quibus
3473 5349 3633 5404 volat
3684 5349 3764 5405 ad

2150 5438 2317 5494 Deum
2341 5439 2358 5470 ¹
2383 5456 2397 5492 :
2424 5439 2470 5494 si
2518 5438 2646 5493 illud
2686 5440 2828 5509 quod
2864 5440 3240 5506 committitur,
3284 5441 3512 5511 ignoscit
3555 5441 3765 5499 delin-

2150 5530 2329 5599 quenti
2350 5569 2367 5596 ,
2397 5538 2453 5585 et
2474 5530 2638 5586 donat
2658 5532 2856 5601 egenti.
3374 5552 3379 5558 ·

2210 5756 2225 5784 ί
2268 5758 2401 5825 ιονε,
2433 5752 2602 5825 quibus
2630 5754 2829 5825 quisth
2850 5755 3059 5825 mlatad
3088 5763 3258 5808 Deum.
3292 5757 3439 5809 Abest
3468 5770 3701 5825 qnam
3736 5774 3773 5818 ι

2145 5822 2247 5864 Mss.
2269 5830 2282 5875 ;
2308 5817 2445 5879 cujus
2468 5817 2571 5867 loco
2593 5817 2892 5881 subauditur,
2913 5819 3082 5871 oratio.
