4070 6330
385 317 517 373 1041

882 432 1113 489 SERMO
1148 430 1460 502 CCVI‘(a).

907 531 956 574 In
978 526 1366 587 Quadragesima,
1382 541 1430 574 ιι.

457 611 510 665 1.
557 609 966 680 Quadragesimte
992 619 1184 678 tempus
1205 609 1436 679 operibus
1457 607 1653 677 pietatis
1678 615 1724 660 et
1763 604 1968 659 humili-

383 701 498 756 tatis
519 704 707 772 fervere
726 700 885 755 debet.
926 701 1304 756 Anniversario
1334 699 1506 755 reditu
1535 697 1968 768 Quadragesimae

380 801 591 861 tempus
614 791 852 857 advenit,
886 807 994 862 quo
1014 791 1483 849 vobisexbortatio
1505 799 1683 844 nostra
1707 788 1962 844 debetur:

379 883 502 952 quia
533 891 587 936 et
611 896 707 936 vos
728 883 952 949 tempori
973 897 1206 952 congrua
1237 882 1462 936 Domino
1487 895 1648 950 opera
1670 888 1847 934 vestra
1874 878 1964 933 de-

380 973 516 1027 betis
537 990 549 1025 :
572 988 692 1041 quae
712 980 888 1026 tamen
913 988 1019 1026 non
1051 974 1273 1026 Domino
1304 972 1446 1025 utilia
1475 969 1681 1039 possint
1701 984 1840 1034 esse,
1873 968 1966 1022 sed

379 1063 552 1117 vobis.
581 1063 923 1117 Orationibus
943 1106 957 1127 ,
980 1064 1196 1134 jejuniis
1215 1105 1230 1130 ,
1261 1063 1614 1132 eleemosynis
1640 1071 1692 1115 et
1721 1060 1820 1114 alia
1851 1059 1967 1128 qui-

381 1155 502 1209 dem
536 1165 772 1224 tempora
801 1155 996 1210 debent
1016 1156 1305 1209 christiano
1330 1157 1533 1208 {ervere
1557 1170 1570 1206 :
1599 1161 1966 1206 verumtamen

379 1257 433 1302 et
461 1247 578 1301 illos
603 1250 689 1316 qui
708 1247 894 1302 diebus
915 1248 1032 1301 aliis
1051 1248 1101 1300 in
1130 1247 1213 1301 bis
1235 1247 1364 1316 pigri
1395 1255 1537 1309 sunt,
1561 1244 1719 1298 debet
1745 1243 1844 1298 ista
1874 1257 1966 1297 so-

377 1338 626 1392 lemnitas
651 1341 918 1402 excitare;
953 1347 1006 1392 et
1034 1339 1065 1392 ii
1091 1339 1180 1406 qui
1213 1353 1307 1407 per
1328 1337 1459 1391 alios
1485 1336 1601 1390 dies
1627 1335 1692 1389 ad
1715 1336 1812 1388 ista
1842 1342 1967 1389 sunt

377 1430 581 1483 alacres
599 1471 614 1493 ,
646 1445 788 1483 nunc
815 1445 877 1482 ea
906 1430 1101 1484 debent
1123 1429 1410 1483 ferventius
1433 1443 1704 1482 exercere.
1732 1427 1964 1495 Tempus

376 1521 572 1590 quippe
623 1519 932 1574 humilitatis
973 1529 1169 1575 nostrae
1212 1521 1319 1574 vita
1359 1520 1412 1574 in
1459 1521 1558 1573 hoc
1608 1519 1803 1574 saecqu
1846 1528 1961 1582 est,

377 1628 533 1682 quam
560 1611 674 1665 dies
702 1611 993 1680 significant
1029 1611 1136 1674 isti,
1173 1611 1398 1666 Domino
1427 1627 1520 1679 pro
1549 1609 1701 1663 nobis
1722 1608 1960 1672 Christo,

375 1703 463 1771 qui
493 1703 656 1757 semel
690 1703 964 1756 moriendo
993 1719 1177 1772 passus
1205 1683 1286 1757 est
1305 1746 1318 1766 ,
1351 1703 1496 1756 velut
1538 1702 1690 1757 annis
1717 1701 1963 1756 omnibus

373 1796 612 1849 revoluta
633 1797 967 1851 solemnitate
991 1813 1230 1866 passuro.
1255 1796 1405 1864 Quod
1429 1797 1567 1850 enim
1588 1796 1750 1849 semel
1773 1796 1824 1848 in
1851 1802 1963 1848 toto

375 1899 613 1958 tempore
647 1889 845 1944 factum
879 1902 991 1957 cst,
1037 1900 1094 1945 ut
1116 1892 1220 1944 vita
1253 1899 1438 1944 nostra
1469 1897 1785 1949 novaretur;
1819 1887 1960 1940 cele-

371 1979 554 2034 bratur
582 1982 733 2034 annis
759 1983 1005 2035 oninibus
1027 2025 1040 2047 ,
1072 1993 1128 2036 ut
1163 1983 1213 2035 in
1243 1981 1552 2035 memoriam
1576 1988 1872 2034 revocetur.
1905 1978 1958 2032 Si

371 2086 498 2139 ergo
528 2072 883 2126 veracissinue
906 2073 1117 2142 pietatis
1143 2072 1356 2136 affectu,
1391 2079 1500 2124 toto
1521 2070 1962 2140 peregrinationis

370 2165 527 2234 hujus
556 2173 822 2234 tempore,
851 2182 955 2234 quo
987 2165 1039 2218 in
1069 2164 1259 2219 mediis
1291 2163 1674 2217 tentationibus
1702 2163 1958 2227 vivimus,

369 2257 598 2310 humiles
639 2257 799 2311 corde
837 2272 956 2311 esse
994 2256 1289 2311 debemus:
1321 2264 1519 2326 quanto
1547 2255 1715 2325 magis
1742 2254 1824 2308 bis
1850 2254 1963 2309 die-

366 2347 501 2414 bus,
556 2349 746 2418 quibus
790 2348 962 2418 ipsum
1009 2357 1218 2417 tempus
1263 2347 1577 2400 humilitatis
1608 2355 1803 2400 nostra:
1852 2362 1958 2400 non

367 2438 540 2492 solum
567 2439 794 2493 vivendo
823 2439 1061 2508 agimus,
1091 2438 1187 2492 sed
1217 2439 1375 2492 etiam
1407 2437 1729 2493 celebrando
1755 2437 1958 2508 signiﬁ-

372 2529 595 2583 camu's?
636 2529 873 2583 llumiles
915 2545 1036 2584 esse
1081 2544 1178 2583 nos
1207 2528 1387 2583 docuit
1426 2528 1698 2582 humilitas
1726 2525 1956 2596 Christi,

367 2621 488 2690 quia
518 2622 690 2689 impiis
722 2622 1000 2676 moriendo
1027 2622 1188 2675 cessit
1217 2640 1229 2675 :
1263 2621 1504 2675 excelsos
1531 2636 1629 2674 nos
1658 2621 1781 2675 facit
1798 2620 1958 2675 celsi-

369 2712 496 2766 tudo
522 2711 750 2772 Christi,
775 2713 897 2782 quia
921 2713 1036 2782 pios
1064 2712 1389 2780 resurgendo
1419 2712 1713 2782 praecessit.
1739 2711 1799 2767 Si
1829 2713 1959 2764 enim

366 2805 664 2856 commortui
691 2821 884 2868 sumus,
917 2805 989 2856 ait
1018 2805 1322 2872 Apostolus,
1355 2812 1400 2856 et
1426 2804 1742 2856 convivemus
1766 2819 1784 2856 :
1812 2804 1855 2856 si
1884 2812 1960 2856 to-

367 2894 582 2948 leramus
600 2937 613 2956 ,
637 2905 680 2947 et
703 2895 1114 2965 conregnabimus
1133 2895 1198 2967 (Il
1227 2895 1358 2948 Tim.
1393 2912 1448 2961 ιι,
1487 2897 1545 2949 li
1571 2906 1615 2948 et
1638 2893 1748 2968 1‘2).
1779 2895 1956 2951 Unum

367 2983 555 3037 horum
601 2987 758 3038 modo
779 3027 793 3049 ,
821 2997 1067 3054 tanquam
1108 2988 1224 3055 ejus
1251 2987 1640 3057 propinquante
1673 2987 1954 3055 passione;

366 3077 590 3130 alterum
644 3085 764 3146 post
810 3077 1042 3142 Pascha,
1093 3087 1342 3147 tanquam
1398 3078 1514 3148 ejus
1561 3079 1958 3134 resurrectione

365 3168 622 3234 completa
645 3209 658 3232 ,
690 3168 972 3223 devotione
1019 3168 1194 3223 debita
1222 3168 1574 3222 celebramus.
1608 3168 1758 3222 Tunc
1812 3169 1956 3223 enim

370 3267 488 3324 post
513 3258 624 3312 dies
655 3259 810 3328 hujus
839 3247 1179 3325 humilitatis,
1209 3261 1366 3314 etiam
1393 3270 1588 3315 nostra:
1622 3262 1957 3318 celsitudinis

367 3359 575 3420 tempus
595 3393 608 3417 ,
663 3353 761 3405 etsi
793 3353 1028 3406 nondum
1059 3352 1290 3408 videndo
1319 3369 1476 3423 agere
1503 3362 1686 3419 vacat;
1731 3355 1840 3423 jam
1874 3362 1954 3408 ta.-

367 3459 490 3498 men
519 3444 933 3512 praemeditando
960 3447 1259 3514 signiﬁcare
1289 3445 1539 3500 delectat.
1586 3445 1737 3502 Nunc
1779 3447 1956 3517 itaque

367 3535 694 3589 orationibus
735 3535 1145 3604 ingemiscamus
1196 3536 1517 3591 instantius:
1567 3546 1691 3592 tunc
1741 3537 1957 3592 uberius

366 3627 781 3680 exhilarabimur
810 3627 1071 3680 laudibus.

437 3715 490 3770 2.
515 3715 691 3770 Oratio
713 3717 969 3788 fulcienda
986 3717 1186 3787 jejunio
1207 3727 1252 3772 et
1278 3719 1611 3790 eleemosynu.
1641 3720 1754 3774 Duo
1775 3737 1958 3792 genera

369 3810 816 3880 eleemosynarum.
846 3808 914 3863 In
947 3827 1165 3880 paupere
1193 3811 1415 3880 pascitur
1441 3811 1593 3867 Deus.
1631 3810 1796 3866 Nemo
1825 3829 1956 3882 pau-

368 3916 457 3970 per
483 3900 538 3952 in
577 3899 734 3952 altero
771 3899 1102 3970 elcemosyna:
1137 3919 1334 3972 genere.
1380 3902 1482 3956 Sed
1511 3903 1835 3958 orationibus
1861 3906 1958 3958 no-

368 3991 521 4055 stris,
554 3992 746 4061 quihus
771 3990 837 4044 ad
877 3991 1043 4045 Deum
1073 3990 1278 4046 facilius
1303 3994 1531 4048 volando
1583 3995 1954 4062 perveniant’,

367 4081 718 4151 eleemnsynis
740 4090 791 4134 et
813 4081 1030 4150 jejuniis
1053 4098 1256 4150 pennas
1285 4084 1490 4152 pietatis
1511 4084 1790 4139 addamus.
1823 4085 1958 4140 Hinc

367 4184 540 4226 autem
565 4174 807 4244 intelligit
835 4176 1044 4228 animus
1070 4175 1407 4240 Christianus,
1437 4188 1693 4247 quantum
1720 4188 1959 4236 remotus

370 4279 488 4319 esse
525 4265 684 4319 debet
731 4281 762 4321 a
792 4267 976 4322 fraude
1005 4268 1192 4321 alienae
1222 4269 1334 4332 rei;
1363 4269 1574 4338 quando
1600 4271 1763 4325 sentit
1789 4272 1959 4327 simile

369 4374 488 4414 esse
520 4359 690 4414 fraudi
712 4403 726 4422 ,
769 4362 810 4414 si
838 4360 1104 4430 superflua
1130 4377 1226 4416 sua
1266 4378 1368 4416 non
1401 4363 1648 4418 tribuerit
1679 4365 1954 4435 Indigenti.

370 4450 628 4505 Dominus
657 4452 788 4506 dicit
819 4471 831 4506 :
864 4451 994 4506 Date
1023 4462 1069 4507 et
1095 4453 1297 4506 dabitur
1324 4454 1458 4507 vobis
1475 4469 1496 4519 ;
1520 4454 1750 4510 dimittite
1789 4465 1835 4510 et
1882 4457 1961 4510 di-

369 4544 592 4597 mittetur
615 4546 749 4598 vobis
779 4545 924 4615 (Luc.
950 4563 1022 4612 Vl,
1047 4549 1112 4602 57
1127 4557 1170 4600 et
1192 4544 1300 4619 '58).
1319 4546 1444 4602 Ηωε
1471 4547 1577 4603 duo
1598 4564 1790 4617 genera
1819 4551 1961 4606 elee-

365 4651 708 4708 mnsynarum
736 4679 750 4698 ,
784 4639 1049 4693 tribuendi
1079 4649 1128 4693 et
1181 4640 1487 4708 ignoscendi
1512 4682 1526 4702 ,
1574 4641 1867 4698 clementer
1903 4654 1956 4698 et

369 4727 636 4783 ferventer
664 4745 981 4799 operemur;
1012 4732 1100 4800 qui
1127 4732 1279 4786 nobis
1305 4748 1334 4785 a
1362 4732 1590 4788 Domino
1609 4745 1667 4788 ut
1694 4735 1831 4790 bona
1861 4737 1956 4790 tri-

371 4821 628 4892 buantur,
678 4832 732 4878 et
775 4826 910 4879 mala
955 4841 1057 4879 non
1101 4827 1492 4893 retribuantur,
1524 4843 1758 4884 oramus.
1793 4830 1956 4897 Date,

365 4916 564 4985 inquit,
593 4928 640 4971 et
665 4917 867 4972 dabitur
889 4920 1044 4973 vobis.
1077 4918 1213 4986 Quid
1243 4920 1424 4974 verius
1443 4963 1457 4987 ,
1487 4922 1610 4991 quid
1638 4908 1868 4992 justius;
1901 4934 1959 4979 ut

364 5009 453 5078 qui
480 5009 608 5064 dare
632 5010 924 5078 detrectat,
959 5026 1017 5066 se
1053 5011 1262 5065 fraudet.
1292 5012 1432 5081 ipse,
1467 5029 1566 5068 nec
1586 5015 1848 5085 accipiat?
1901 5017 1958 5072 Si

431 5146 448 5173 ι
474 5148 522 5190 tn
548 5143 764 5192 editione
803 5145 1166 5193 Lovaniensium
1205 5150 1256 5193 et
1294 5144 1345 5192 in
1389 5147 1744 5196 recentioribus
1774 5154 1958 5199 tantum

363 5211 469 5252 Mss.
519 5219 556 5251 r.
606 5219 650 5254 v.
691 5213 983 5268 praenotatur
1031 5206 1107 5254 hic
1145 5219 1326 5268 sermo,
1367 5206 1614 5257 Dominica
1669 5207 1700 5256 2
1738 5210 1957 5268 Quadru-

365 5277 595 5337 gesmtte:
621 5280 712 5337 non
736 5268 868 5337 quod
884 5267 971 5337 hac
993 5268 1090 5337 .die
1124 5267 1284 5317 dictus
1304 5271 1368 5317 sit
1404 5270 1465 5337 ab
1490 5267 1769 5337 Augustino,
1793 5271 1881 5320 sed
1898 5280 1959 5337 _ut

363 5327 416 5374 in
438 5328 464 5386 ἱι
485 5340 536 5376 sa
563 5327 924 5395 legatur'plebi.
963 5331 1052 5395 sic
1075 5342 1238 5395 seruio
1260 5331 1480 5395 superior
1512 5327 1691 5395 aliique
1729 5327 1792 5380 ex
1837 5334 1956 5383 sub-

363 5391 687 5498 fﬁtlemibus
708 5391 899 5453 quidam
932 5392 1084 5442 certis
1121 5391 1298 5441 diebus
1320 5391 1625 5455 assignantur
1644 5395 1695 5443 in
1718 5395 1956 5455 praedictis

461 5464 516 5499 IS.

427 5487 599 5582 '"l:(-)V.,
623 5512 811 5582 facitius
833 5512 1037 5582 volando
1058 5514 1402 5582 perveniamus.
1429 5522 1484 5565 At
1505 5523 1633 5576 Mss,
1665 5516 1854 5582 facilius
1874 5532 1954 5570 vo-

365 5571 515 5639 lando
537 5571 811 5639 perveniant
839 5588 856 5626 :
878 5571 1071 5639 supple,
1094 5575 1330 5628 orationes
1352 5583 1543 5628 nostra.

429 5636 1081 5749 'etagppnﬁoemendandmn
1115 5641 1189 5689 usi
1222 5654 1388 5690 sumus
1413 5639 1656 5691 codicibus
1691 5641 1737 5694 cl
1777 5655 1820 5692 r.
1859 5656 1950 5695 rm.

597 5713 611 5747 ι
638 5735 648 5746 .
736 5716 783 5749 v.

364 5710 413 5747 v.
449 5709 502 5746 et
533 5709 648 5748 edit.
677 5709 783 5749 Lov.

434 5759 508 5822 (a)
534 5759 676 5822 Alias,
700 5761 766 5812 de
782 5764 993 5814 Diversis
1006 5763 1086 5814 70.

1776 309 2004 369 SEHMU
2039 309 2122 365 CC
2135 311 2238 364 Vll.

3521 317 3658 374 1οη

2079 429 2415 498 lmpudenter
2438 431 2666 500 agricola
2691 432 2880 502 quaerit
2902 445 3154 500 messem,
3184 431 3276 488 ubi
3296 446 3356 488 se
3382 432 3532 490 novit
3551 449 3658 487 non

2076 521 2398 588 praemisisse
2427 536 2639 587 semen;
2671 532 2870 592 quanto
2895 522 3253 594 impudentius
3274 523 3466 594 quaerit
3493 524 3658 578 Deum

2077 610 2298 665 divitem
2323 611 2538 667 dantem
2561 655 2576 680 ,
2617 613 2708 682 qui
2737 613 3005 668 hominem
3043 629 3332 685 pauperem
3359 614 3529 670 noluit
3564 630 3660 670 ex-

2075 705 2260 761 audire
2287 710 2626 776 poscentem‘t
2671 709 2728 764 In
2777 724 3006 780 paupere
3031 709 3174 764 enim
3199 723 3260 763 se
3286 707 3431 778 pasci
3454 707 3657 773 voluit,

2074 801 2163 870 qui
2191 816 2294 854 non
2318 801 2503 856 esurit.
2524 802 2690 858 Deum
2713 819 2838 873 ergo
2860 812 3098 858 nostrum
3119 810 3361 872 egentem
3381 817 3486 856 non
3508 816 3661 872 sper-

2075 905 2263 944 namus
2290 891 2340 944 in
2369 907 2628 960 paupere,
2655 903 2714 946 ut
2739 892 2954 964 egentes
2981 893 3233 958 satiemur
3261 892 3312 946 in
3341 891 3525 947 divite.
3555 891 3660 946 Ha-

2074 981 2262 1035 bemus
2283 992 2498 1052 egentes
2521 1024 2535 1050 ,
2554 992 2612 1039 et
2637 999 2852 1054 egemus
2885 1003 2898 1039 :
2929 984 3116 1040 demus
3142 999 3298 1054 ergo,
3330 992 3390 1038 ut
3428 982 3659 1053 accipia-

2074 1088 2211 1127 mus.
2245 1073 2618 1130 Verumtamen
2645 1075 2770 1146 quid
2796 1085 2878 1131 est
2903 1076 3044 1148 quod
3090 1073 3317 1131 damus?
3342 1075 3406 1129 Et
3435 1089 3532 1144 pro
3558 1074 3661 1130 isto

2074 1165 2303 1235 exiguo,
2335 1165 2562 1231 visibili,
2605 1167 2884 1235 temporali
2930 1177 3087 1237 atque
3129 1176 3374 1232 terreno,
3417 1165 3542 1235 quid
3578 1173 3663 1220 est

2073 1256 2214 1324 quod
2234 1257 2473 1325 accipere
2492 1257 2888 1311 desideramus?
2908 1258 3055 1323 Quod
3081 1257 3258 1313 oculus
3279 1275 3379 1311 non
3395 1257 3541 1324 vidit,
3567 1273 3659 1312 nec

2072 1349 2211 1399 auris
2231 1347 2440 1412 audivit,
2465 1365 2553 1400 nec
2575 1348 2628 1401 in
2656 1363 2742 1401 cor
2769 1349 2983 1401 hominis
3010 1349 3232 1402 ascendit
3261 1347 3304 1421 (Ι
3335 1347 3452 1402 Cor.
3482 1363 3540 1413 ll,
3574 1347 3654 1419 9).

2074 1436 2184 1492 Nisi
2216 1438 2330 1507 ipse
2371 1441 2735 1507 promitteret,
2767 1438 3111 1508 impudentiae
3139 1439 3324 1493 fuisset
3359 1439 3487 1494 dare
3516 1439 3616 1493 ista
3636 1478 3654 1506 ,

2073 1539 2126 1584 et
2147 1531 2390 1601 accipere
2413 1532 2545 1586 velle
2576 1533 2662 1586 illa
2693 1549 2708 1586 :
2741 1541 2793 1586 et
2821 1533 2962 1586 nolle
2986 1531 3114 1586 dare
3143 1548 3237 1586 nec
3268 1533 3365 1586 ista
3392 1533 3468 1604 (a)
3495 1549 3508 1586 :
3537 1547 3657 1602 quae

2073 1631 2249 1676 tamen
2293 1623 2392 1677 ista
2422 1639 2520 1678 nec
2550 1624 2661 1693 ipsa
2708 1624 3028 1679 haberemus
3053 1665 3066 1688 ,
3116 1623 3218 1677 nisi
3259 1622 3417 1678 dante
3445 1624 3537 1678 illo
3565 1623 3658 1694 qui

2071 1715 2383 1771 exhortatur
2407 1726 2464 1771 ut
2487 1717 2693 1773 demus.
2737 1717 2851 1784 Qua
2894 1717 3050 1788 igitur
3092 1715 3271 1771 fronte
3313 1717 3364 1770 in
3419 1717 3656 1786 utrisque
3692 1713 3697 1724 ’

2071 1826 2347 1881 Speramus
2369 1813 2580 1867 dantem
2601 1855 2616 1879 ,
2665 1814 2708 1867 si
2735 1814 2786 1867 in
2814 1813 3045 1867 minimis
3074 1811 3464 1865 contemnimus
3491 1811 3660 1880 impe-

2070 1906 2314 1960 rantem?
2339 1905 2584 1960 Dimittite
2604 1948 2620 1974 ,
2671 1917 2717 1960 et
2743 1907 3017 1959 dimittetur
3041 1905 3194 1960 vobis.
3227 1903 3338 1959 Hoc
3364 1911 3478 1970 est,
3503 1903 3658 1973 igno-

2069 1999 2201 2052 scite
2221 2039 2235 2062 ,
2267 2007 2322 2052 et
2347 1998 2650 2068 ignoscetur
2677 1999 2847 2054 vobis.
2873 1997 3171 2052 Conservus
3191 2013 3449 2051 conservo
3471 2011 3660 2052 recou-

2068 2088 2306 2155 cilietur;
2337 2104 2404 2144 ne
2427 2089 2570 2158 juste
2617 2105 2800 2145 servus
2826 2105 2853 2142 a
2884 2086 3108 2144 Domino
3151 2089 3414 2158 puniatur.
3463 2085 3523 2141 lu
3554 2086 3657 2141 hoc

2067 2195 2260 2250 genere
2305 2181 2692 2252 elcemosynae,
2725 2181 2898 2235 nullus
2934 2187 3018 2235 est
3063 2195 3286 2250 pauper.
3334 2178 3517 2233 Potest
3557 2177 3658 2232 hoc

2068 2271 2243 2325 facere
2271 2280 2329 2324 ut
2357 2271 2408 2324 in
2439 2280 2696 2325 :eternum
2723 2273 2883 2336 vivat,
2917 2270 3076 2324 etiam
3103 2270 3194 2339 qui
3219 2268 3285 2322 ad
3312 2277 3519 2336 tempus
3549 2283 3654 2322 non

2070 2363 2223 2417 habet
2272 2364 2410 2419 unde
2439 2364 2601 2419 vivat.
2651 2363 2827 2419 Gratis
2869 2363 3053 2427 datur,
3095 2361 3271 2416 dando
3320 2359 3653 2424 cumulatur,

2067 2472 2186 2526 qua:
2207 2472 2312 2511 non
2331 2459 2681 2522 consumitur,
2706 2457 2806 2512 nisi
2829 2456 3039 2528 quando
3060 2472 3165 2511 non
3193 2465 3459 2526 erogatur.
3490 2452 3655 2523 Cujus

2067 2564 2196 2619 ergo
2225 2564 2390 2619 usque
2415 2550 2482 2605 ad
2511 2549 2609 2604 bos
2637 2550 2752 2604 dies
2779 2549 3069 2604 inimicitiae
3098 2547 3490 2619 perdurarunt,
3519 2561 3652 2601 con-

2067 2641 2354 2697 fundantur
2379 2653 2536 2714 atque
2568 2644 2836 2698 liniantur.
2863 2642 3170 2709 Finianlur,
3198 2657 3264 2698 ne
3290 2641 3475 2696 finiant
3503 2658 3516 2693 :
3546 2656 3652 2696 non

2067 2742 2382 2802 teneantur,
2433 2753 2500 2791 ne
2543 2745 2803 2792 teneant:
2837 2737 3165 2806 perimantur
3207 2751 3302 2806 per
3347 2735 3655 2804 redempto-

2066 2840 2178 2878 rem
2199 2867 2214 2891 ,
2246 2843 2312 2880 ne
2341 2827 2597 2896 perimant
2627 2835 2968 2882 retentorem.

2137 2919 2189 2972 3.
2219 2918 2426 2988 Jejunia
2455 2919 2561 2973 Deo
2590 2930 2814 2989 accepta.
2854 2920 3062 2990 Jejunia
3087 2932 3266 2975 vestra
3308 2935 3413 2974 non
3440 2919 3548 2976 sint
3576 2926 3657 2973 ta-

2064 3009 2132 3063 lia
2151 3052 2165 3073 ,
2201 3011 2372 3080 qualia
2396 3011 2649 3080 propheta
2671 3011 2990 3066 c0ndemnat
3009 3053 3024 3076 ,
3055 3011 3237 3066 dicens
3265 3029 3278 3064 :
3308 3009 3429 3064 Non
3459 3011 3552 3064 hoc
3566 3011 3655 3080 je-

2057 3101 2266 3170 junium
2293 3102 2456 3171 elegi,
2489 3103 2608 3155 dicit
2659 3101 2910 3157 Dominus
2944 3102 3091 3174 (Isai.
3125 3120 3249 3158 Lvm
3271 3145 3284 3169 ,
3337 3102 3416 3172 5).
3472 3103 3659 3173 Arguit

2064 3195 2206 3250 enim
2229 3195 2427 3264 jejuuia
2455 3196 2801 3264 litigiosorum
2829 3214 2844 3251 :
2867 3197 3056 3266 quaerit
3082 3197 3312 3266 piorum.
3347 3198 3533 3268 Arguit
3555 3212 3657 3267 op-

2067 3289 2396 3359 primentes:
2431 3291 2621 3358 quaerit
2667 3291 2984 3345 relaxantes.
3039 3292 3227 3361 Arguit
3276 3291 3654 3346 inimicantes:

2064 3380 2254 3450 quaerit
2279 3381 2583 3442 liberantes.
2612 3379 2740 3436 Inde
2765 3382 2909 3436 enim
2937 3397 3030 3450 per
3070 3382 3168 3436 hos
3198 3381 3313 3437 dies
3339 3397 3368 3436 a
3395 3382 3554 3437 rebus
3589 3381 3657 3437 li-

2065 3470 2186 3525 citis
2208 3470 2472 3525 desideria
2501 3480 2679 3525 vestra
2712 3470 2930 3526 frenatis
2951 3514 2966 3539 ,
2991 3487 3059 3527 ne
3079 3473 3258 3526 illicita
3289 3473 3655 3530 committatis.

2064 3559 2232 3615 Nullis
2255 3561 2445 3616 diebus
2466 3578 2524 3616 se
2556 3563 2840 3633 ingurgitet
2880 3565 3005 3618 vino
3026 3606 3040 3629 ,
3094 3581 3193 3619 nec
3229 3565 3491 3621 adulterio
3511 3609 3526 3632 ,
3567 3569 3658 3637 qui

2064 3649 2251 3706 diebus
2273 3652 2386 3706 istis
2409 3660 2717 3721 temperata
2737 3655 3002 3724 conjugio.
3032 3655 3108 3708 Ita
3137 3656 3309 3710 oratio
3338 3665 3517 3711 nostra
3558 3657 3658 3713 hu-

2065 3740 2289 3794 militate
2317 3749 2373 3795 et
2395 3741 2670 3807 charitate,
2697 3743 2987 3813 jejunando
3007 3755 3060 3799 et
3081 3744 3277 3813 dando,
3309 3747 3659 3816 temperando

2067 3839 2122 3886 et
2146 3831 2501 3900 ignoscendo,
2555 3833 2690 3886 bona
2723 3834 3004 3889 tribuendo
3049 3845 3101 3889 et
3154 3836 3292 3890 mala
3339 3853 3444 3891 non
3497 3839 3659 3894 retri-

2065 3921 2279 3978 buendo
2298 3964 2313 3990 ,
2361 3937 2391 3976 a
2418 3924 2556 3978 malo
2582 3923 2898 3979 declinando
2924 3935 2980 3980 et
3007 3926 3143 3981 bona
3173 3927 3440 3992 faciendo,
3468 3930 3660 4000 quaerit

2068 4030 2252 4083 pacem
2271 4057 2286 4079 ,
2315 4025 2368 4069 et
2397 4007 2740 4087 consequitur
2786 4033 2902 4072 eam
2941 4016 3109 4087 (Psat.
3142 4035 3326 4085 xuii],
3364 4020 3472 4091 15).
3499 4019 3659 4076 Volat

2065 4107 2208 4162 enim
2249 4101 2443 4162 talibus
2463 4109 2634 4163 oratio
2662 4110 2852 4179 pennis
2877 4110 3253 4165 adminiculnta
3281 4113 3531 4167 virtutum
3557 4131 3571 4167 :
3603 4121 3660 4169 et

2066 4217 2172 4272 quo
2198 4201 2445 4258 Christus
2485 4218 2586 4273 pax
2614 4211 2792 4258 nostra
2826 4205 3130 4274 praecessit,
3154 4203 3361 4261 facilius
3395 4205 3659 4277 perfertur

2066 4295 2118 4349 in
2144 4297 2358 4352 caelum.

2557 4391 2788 4446 saeuo
2823 4389 2998 4449 ccvn
3037 4396 3057 4417 ·
3096 4392 3193 4466 (b).

2593 4514 2644 4556 In
2659 4508 3028 4572 Quadragesima
3043 4543 3059 4570 ,
3081 4524 3147 4559 ιιι.

2137 4612 2192 4666 1.
2235 4608 2569 4681 Eleemosyna
2609 4611 2706 4664 isto
2749 4613 2965 4665 maxime
3005 4623 3229 4682 tempore
3275 4613 3549 4685 eroganda.
3595 4614 3654 4670 In

2064 4702 2328 4772 adjutorio
2370 4701 2749 4756 misericordia:
2793 4702 3000 4756 Domini
3029 4704 3121 4758 Dei
3152 4703 3352 4768 nostri,
3408 4706 3656 4761 tentatio-

2068 4809 2167 4848 nes
2188 4791 2400 4858 saeculi,
2434 4791 2639 4846 insidia:
2671 4791 2902 4856 diaboli,
2934 4792 3115 4847 mundi
3145 4793 3315 4858 labor,
3343 4793 3519 4848 carnis
3541 4795 3656 4850 ille-

2066 4885 2224 4939 cebra
2248 4923 2262 4947 ,
2317 4883 2742 4937 turbulentorum
2773 4892 3069 4953 temporum
3117 4883 3344 4951 ﬂuctus,
3383 4894 3437 4941 et
3459 4901 3654 4957 corpo-

2066 4974 2192 5028 ralis
2211 4974 2386 5026 omnis
2415 4985 2574 5042 atque
2596 4973 2882 5044 spiritualis
2908 4973 3204 5029 adversitas
3223 5016 3236 5039 ,
3265 4976 3650 5049 eleemosynis,

2064 5075 2118 5119 et
2148 5065 2365 5134 jejuniis
2385 5105 2398 5126 ,
2431 5075 2587 5135 atque
2636 5067 2961 5120 orationibus
2988 5067 3302 5136 superanda:
3326 5079 3468 5124 sunt.
3525 5071 3654 5127 Haec

2067 5172 2186 5212 cum
2211 5172 2305 5225 per
2331 5165 2494 5210 totam
2511 5157 2668 5210 vitam
2700 5155 2906 5212 fervere
2932 5155 3159 5214 debeant
3182 5159 3506 5229 christiano;
3539 5171 3652 5220 tum

2065 5250 2295 5303 maxime
2323 5250 2706 5319 pr0pinquante
2724 5251 3058 5306 solemnitate
3087 5252 3328 5310 Paschali
3352 5256 3391 5323 ⁸,
3418 5273 3536 5328 qua:
3552 5274 3652 5316 suo

2065 5340 2240 5396 reditu
2269 5342 2636 5396 anniversario
2664 5351 2872 5397 nostras
2902 5345 3097 5400 excitat
3124 5357 3364 5418 mentes;
3391 5349 3649 5408 innovans

2101 5520 2143 5590 ,ί
2167 5517 2468 5569 Colbertinus
2503 5523 2609 5591 Ms,
2648 5523 2752 5569 tum
2793 5521 3004 5573 maxime
3043 5527 3455 5591 appropinquatue
3494 5531 3652 5587 Dani-

2061 5588 2188 5640 m'ca,
2211 5592 2319 5644 qua:
2338 5594 2440 5642 suo,
2474 5588 2569 5644 etc.

2124 5645 2140 5664 ‘
2164 5642 2429 5704 Castigatus
2451 5642 2510 5691 ad
2532 5642 2592 5691 cl.
2611 5657 2652 5690 r.
2676 5657 2768 5692 rm.
2793 5659 2840 5695 v.
2868 5653 2920 5696 et
2950 5653 3060 5698 Lov.

2145 5706 2196 5766 α)
2215 5705 2397 5765 Aliquid
2423 5705 2499 5752 hic
2514 5705 2854 5766 supplendum.

2151 5767 2199 5828 ὁ)
2224 5768 2362 5826 Alias,
2389 5767 2452 5814 de
2475 5768 2686 5817 Diversis
2699 5769 2777 5824 7i.
