3996 6452
464 335 604 393 1013

460 450 510 504 in
543 449 622 506 eis
651 447 905 503 memmi:
928 445 1180 512 salutari,
1208 444 1350 514 quod
1380 443 1634 499 Dominus
1660 450 1841 495 noster
1856 438 2046 495 unicus

461 541 554 595 Dei
600 540 768 595 Filius
817 538 1236 593 misericordiam
1291 536 1536 605 prmstitit
1567 535 1750 596 nobis,
1794 530 2050 601 jejunavit

459 633 741 701 oravitque
765 646 861 700 pro
888 631 1060 684 nobis.
1109 629 1462 698 Eleemosyna
1489 628 1683 698 quippe
1705 642 1876 695 gnuee
1900 667 1910 685 ,
1947 623 2047 675 Ini-

454 724 741 779 serieordiu
778 735 877 778 est.
931 724 1060 791 Quae
1105 734 1282 778 autem
1316 723 1483 791 major
1513 737 1632 775 esse
1683 717 2045 774 misericordia

454 831 616 887 super
635 816 863 870 miseros
910 818 1108 886 potuit,
1141 831 1298 884 quam
1328 815 1411 868 illa
1456 830 1572 882 qua:
1603 812 1720 865 (γωὶί
1752 820 2044 864 creatorem

459 909 528 965 de
573 910 710 964 uelo
753 908 1026 978 deposuit,
1082 918 1133 962 et
1163 916 1374 961 terreno
1412 920 1634 974 corpore
1679 914 1834 956 terra":
1879 901 2047 955 induit

452 1003 801 1062 conditorem;
828 1017 948 1054 eum
974 1001 1061 1069 qui
1085 1001 1138 1053 in
1166 999 1457 1054 aeternitate
1483 997 1653 1058 Patris
1678 1005 1855 1053 manet
1872 1008 2048 1061 tequa-

449 1094 554 1157 lis,
584 1093 908 1148 mortalitate
957 1091 1252 1161 roznquavit
1299 1100 1351 1144 et
1392 1090 1578 1154 nobis,
1625 1088 1850 1142 formam
1904 1085 2045 1139 servi

449 1184 636 1239 mundi
664 1185 890 1238 Domino
923 1184 1204 1252 imposuit;
1248 1193 1300 1235 ut
1335 1183 1444 1250 ipse
1471 1181 1622 1250 panis
1652 1179 1913 1242 esuriret,
1956 1193 2042 1230 sa—

452 1278 608 1330 tietas
638 1277 844 1340 sitiret,
899 1278 1064 1330 xirtus
1109 1274 1503 1337 iulirmaretur,
1553 1272 1752 1325 sanitas
1800 1271 2047 1322 vulnera-

452 1377 635 1434 retur,
679 1370 784 1423 vita
813 1372 1151 1423 moreretur?
1186 1368 1294 1420 lloe
1324 1376 1529 1427 autem,
1564 1371 1621 1417 ut
1651 1373 1830 1418 nostra
1863 1377 2046 1430 pasce-

451 1471 596 1516 retur
625 1461 793 1516 fames
815 1504 828 1526 ,
859 1463 1121 1530 rigaretur
1145 1460 1393 1524 aviditas,
1424 1457 1789 1511 consolaretur
1816 1452 2042 1508 inﬁrmi-

448 1562 550 1621 tas,
578 1553 1285 1624 exstinguereturiniquitas,
1315 1552 1616 1606 ardesceret
1637 1548 1886 1603 clm-itas.
1913 1547 2044 1612 Quae

449 1649 619 1714 major
648 1645 1009 1700 misericordia
1038 1687 1050 1708 ,
1085 1660 1243 1713 quam
1286 1643 1453 1697 creari
1482 1650 1777 1695 creatorem
1798 1681 1812 1703 ,
1843 1638 2042 1694 servire

448 1741 878 1804 dominatorem,
927 1737 1081 1791 vcndi
1113 1735 1506 1804 redemptorem
1529 1777 1541 1798 ,
1593 1732 1860 1786 humiliari
1899 1731 2043 1785 exal-

451 1841 706 1898 tatorcm,
756 1829 924 1884 occidi
977 1829 1384 1882 suscitatorem?
1415 1828 1575 1881 Nobis
1618 1827 1685 1880 de
1738 1824 2041 1894 pra-bendis

449 1926 802 1994 cleemosyuis
853 1923 1157 1992 praecipitur
1207 1931 1261 1974 ιιι
1306 1936 1494 1989 panem
1538 1920 1726 1973 demus
1780 1917 2034 1972 esurienti

445 2018 607 2087 (lsai.
638 2023 781 2078 LvIn,
813 2016 867 2086 7)
895 2031 906 2067 :
933 2015 1018 2068 ille
1049 2029 1107 2067 se
1140 2016 1170 2080 ιι
1194 2028 1308 2066 sum
1355 2022 1409 2065 ut
1439 2011 1592 2065 nobis
1630 2011 1782 2065 daret
1805 2009 2044 2062 esurien-

449 2111 590 2164 tibus
615 2152 629 2175 ,
666 2110 809 2177 prius
837 2124 934 2176 pro
966 2107 1117 2159 nobis
1155 2121 1213 2157 se
1255 2103 1469 2157 tradidit
1515 2102 1871 2156 saavientibus.
1904 2101 2041 2153 Prie-

449 2203 642 2271 cipitur
686 2200 841 2253 nobis
890 2208 949 2254 ut
992 2199 1332 2267 peregrinum
1386 2196 1701 2264 recipiamus
1745 2212 1758 2247 :
1810 2193 1896 2247 ille
1939 2207 2038 2261 pro

449 2294 671 2347 nobisin
702 2307 794 2346 sua
817 2293 1026 2360 pr0pria
1056 2291 1230 2353 venit,
1261 2299 1311 2344 et
1338 2290 1419 2344 sui
1449 2304 1569 2343 eum
1591 2303 1695 2341 non
1727 2293 2040 2354 receperunt

449 2387 628 2460 (Joun.
657 2403 694 2451 I,
725 2384 834 2457 11).
868 2386 1043 2454 Ipsum
1075 2384 1302 2452 denique
1332 2382 1606 2436 benedicat
1630 2380 1806 2433 anima
1835 2388 2035 2446 nostra,

448 2481 539 2551 qui
572 2479 830 2549 propitius
859 2477 916 2529 lit
942 2475 1189 2529 omnibus
1219 2473 1580 2543 iniquitatibus
1605 2473 1742 2542 ejus,
1768 2472 1856 2541 qui
1885 2480 2039 2526 sanat

445 2587 634 2627 omnes
659 2571 940 2640 languores
966 2567 1082 2636 ejus
1101 2609 1114 2631 ,
1144 2567 1231 2636 qui
1260 2566 1474 2621 redimit
1499 2565 1568 2620 de
1589 2565 1931 2634 corruptione
1959 2564 2038 2617 vi-

448 2675 554 2718 tam
586 2665 702 2731 ejus
722 2701 737 2727 ,
782 2661 872 2731 qui
901 2675 1016 2714 eam
1039 2667 1260 2713 coronat
1288 2660 1340 2711 in
1370 2658 1707 2712 miseratione
1739 2664 1793 2710 et
1825 2657 2036 2711 miscri-

447 2756 627 2810 cordia
659 2772 671 2806 :
705 2752 793 2822 qui
825 2752 979 2806 satiat
999 2751 1052 2804 in
1082 2750 1234 2804 bonis
1251 2750 1570 2805 desiderium
1594 2749 1712 2817 ejus
1743 2747 1911 2814 (Psal.
1942 2764 2034 2813 cn,

446 2849 596 2920 2-5).
630 2848 991 2901 Exerceamus
1015 2846 1191 2913 itaque
1225 2844 1592 2913 eleemosynas
1636 2853 1844 2898 nostras
1890 2851 2037 2896 tanto

446 2942 761 3010 impensius,
787 2948 1040 3009 tantoque
1078 2938 1436 3007 frequentius,
1477 2945 1674 3006 quanto
1695 2937 2038 3006 propinquior

445 3034 505 3086 ﬁt
533 3033 648 3086 dies
675 3046 780 3100 qua
831 3031 983 3084 nobis
1015 3041 1308 3098 pl‘utrogala
1337 3029 1670 3096 eleeIIIOsyna
1716 3028 2032 3080 celebratur.

449 3128 582 3194 Quia
637 3125 898 3195 jejunium
961 3123 1075 3176 sine
1126 3119 1488 3175 misericordia
1538 3120 1586 3173 ei
1636 3119 1769 3173 nihil
1813 3128 1896 3173 est
1945 3120 2035 3188 qui

442 3218 669 3289 jejuna.

517 3311 572 3364 Ω.
613 3308 879 3379 Jejum'um
899 3315 947 3360 et
965 3306 1263 3360 abstinentia
1293 3305 1457 3376 qualis
1479 3305 1768 3374 requiritur.
1795 3305 2034 3360 Minueri-

446 3402 528 3455 dw
579 3401 890 3469 voluptates,
929 3414 1034 3452 non
1079 3397 1355 3452 mutandae.
1398 3397 1704 3465 Jejunemns
1738 3397 1895 3452 etiam
1933 3397 2034 3452 lm-

449 3494 718 3548 miliantes
767 3492 975 3545 animas
1022 3499 1265 3556 nostras,
1305 3491 1765 3564 appropinquante
1804 3489 1889 3543 die
1929 3504 2035 3558 quo

450 3586 703 3656 magister
747 3583 1060 3638 humilitatis
1109 3581 1402 3635 bumiliavit
1447 3582 1812 3649 semetipsum,
1861 3580 2034 3634 factus

448 3679 694 3735 subditus
717 3691 889 3747 usque
918 3675 983 3729 ad
1015 3685 1239 3729 mortem
1261 3672 1706 3743 cnIcis(Pkitipp.
1734 3689 1792 3737 n,
1813 3672 1887 3741 8).
1911 3672 2036 3726 lmi-

449 3780 626 3826 temur
649 3769 767 3839 ejus
795 3782 1028 3833 cruccm,
1059 3767 1394 3820 abstinentize
1421 3765 1587 3819 claris
1611 3765 1871 3818 edomitas
1897 3779 2032 3817 eon-

447 3864 806 3935 cnpiscentias
828 3863 1169 3931 contigentes.
1192 3860 1524 3929 (instigemus
1546 3874 1740 3927 corpus
1767 3866 2028 3921 nostrum,

449 3967 504 4012 et
533 3955 773 4010 ecrvitnti
799 3955 1143 4023 subjiciamus
1163 3971 1175 4006 :
1199 3964 1251 4007 et
1271 3969 1337 4006 ne
1358 3968 1452 4021 per
1476 3953 1787 4005 indomitam
1817 3966 2031 4004 carnem

449 4053 512 4106 ad
549 4051 726 4105 illicita
765 4050 1129 4118 prolabamnr,
1159 4049 1209 4100 in
1239 4063 1299 4101 ea
1335 4047 1595 4101 domanda
1627 4047 1950 4115 alii‘luantnn‘I
1979 4052 2034 4098 et

443 4144 586 4196 lii-ita
616 4141 1008 4196 sublrahanms.
1035 4140 1262 4210 Crapula
1289 4147 1344 4192 et
1373 4138 1602 4191 ebrietas
1624 4139 1778 4192 etiam
1810 4153 1903 4206 per
1917 4137 2032 4190 dies

445 4243 676 4288 caeteros
707 4232 1025 4286 devitanda:
1069 4245 1163 4298 per
1193 4231 1290 4281 hos
1333 4237 1505 4281 autem
1552 4229 1665 4282 dies
1702 4230 1860 4281 etiam
1903 4244 2033 4282 con-

445 4340 598 4380 cessio
630 4324 849 4394 prandia
876 4323 1220 4376 removenda.
1254 4321 1523 4374 Adulteria
1564 4330 1617 4373 et
1658 4320 2031 4375 fornicationes

447 4433 661 4486 semper
684 4414 1007 4470 exsecranda
1035 4421 1196 4482 atque
1223 4411 1464 4483 fugienda
1488 4430 1500 4465 ε
1533 4413 1615 4465 his
1641 4424 1814 4467 autem
1843 4414 2032 4468 diebus

447 4519 497 4564 et
532 4525 558 4561 a
592 4507 904 4577 conjugibus
935 4506 1332 4573 tempm'ai'nlmn
1361 4515 1460 4559 est.
1497 4506 1669 4560 Facile
1701 4507 1792 4558 tibi
1823 4507 2031 4559 obtem-

447 4602 652 4672 perabit
680 4614 825 4664 caro,
857 4614 922 4654 ne
954 4597 1208 4656 inltmrent
1232 4597 1438 4662 alienis,
1467 4613 1585 4666 quae
1614 4596 1871 4656 refrenari
1897 4613 2029 4654 con-

445 4697 679 4756 sueverit
709 4704 762 4748 ct
787 4711 817 4748 a
847 4693 975 4749 suis.
1007 4693 1144 4746 Sane
1174 4691 1465 4748 cavendum
1500 4702 1574 4746 est
1608 4709 1670 4744 ne
1703 4701 1891 4754 mutes,
1923 4709 2027 4750 non

445 4790 655 4845 minuas
683 4789 998 4857 voluptates.
1026 4786 1214 4840 Videas
1244 4785 1386 4840 enim
1418 4784 1672 4854 quosdam
1708 4800 1802 4854 pro
1837 4785 2028 4842 usitato

444 4882 600 4950 vino,
633 4882 911 4938 inusitatos
939 4880 1171 4948 liquores
1210 4878 1528 4947 exquirere,
1570 4885 1623 4931 ct
1666 4877 1886 4932 aliorum
1929 4893 2028 4933 ex-

445 4973 720 5044 pressione
768 4987 1080 5044 pomorum,
1127 4969 1266 5040 quod
1316 4985 1384 5022 ex
1435 4985 1533 5028 uva
1576 4969 1676 5024 sibi
1724 4968 2021 5039 denegant,

443 5069 614 5124 multo
642 5068 854 5122 suavius
883 5081 1262 5137 compensare;
1300 5065 1449 5120 cibos
1492 5073 1638 5120 extra
1671 5081 1857 5119 carnes
1885 5067 2022 5120 mul-

445 5159 610 5230 tiplici
648 5158 905 5214 varietate
933 5174 994 5211 ac
1023 5157 1353 5227 jncunditate
1395 5157 1740 5226 conquirere;
1773 5167 1826 5212 et
1851 5157 2028 5212 suavi-

444 5261 580 5307 tates
605 5267 734 5321 quas
760 5250 867 5306 alio
899 5259 1136 5319 tempore
1163 5249 1455 5302 consectari
1490 5249 1687 5315 pudet,
1736 5249 1858 5304 huic
1887 5260 2023 5304 tem-

445 5344 563 5413 pori
595 5342 744 5410 quasi
774 5350 1070 5412 opportune
1098 5340 1383 5410 colligere:
1418 5348 1474 5394 ut
1501 5340 1743 5394 videlicet
1775 5341 2026 5396 observa-

447 5434 521 5488 tio
546 5434 976 5504 Quadragesimae
1002 5450 1104 5486 non
1129 5434 1194 5486 sit
1217 5442 1452 5487 veterum
1479 5431 2022 5498 concupiscentiarum

446 5526 734 5594 repressio,
760 5527 853 5580 sed
880 5540 1133 5580 novarum
1159 5525 1466 5579 deliciarum
1495 5526 1722 5580 occasio.
1751 5526 1891 5591 Haec,
1920 5524 2025 5579 fra-

447 5627 578 5684 tres,
608 5632 673 5670 ne
696 5617 845 5671 vobis
873 5631 1117 5685 persuasa
1148 5617 1454 5685 subrepant,
1484 5627 1676 5685 quanta
1705 5618 1923 5687 potestis
1950 5618 2026 5670 vi-

445 5708 659 5779 gilantia
692 5709 982 5777 providele.
1015 5707 1343 5764 Parcimonia
1388 5709 1606 5778 jejuniis
1653 5710 2020 5779 coniungatur.

446 5799 594 5857 Sicut
613 5800 813 5854 ventris
833 5801 1135 5872 castiganda
1156 5802 1423 5868 saturitas,
1447 5802 1517 5856 ita
1539 5803 1674 5872 gulae
1698 5805 2023 5860 irritamenta

1700 325 1754 376 S.
1799 315 2162 377 AUGUSTIM
2189 319 2487 380 El’lSCUI’l

3591 331 3727 386 “Hi

2156 437 2388 492 cavenda
2432 447 2574 494 sunt.
2618 437 2732 496 Non
2761 438 3111 496 lnnnmiorum
3139 442 3512 497 alimentorum
3542 459 3732 515 genera

2157 529 2488 594 detestanda,
2529 531 2622 584 sed
2671 532 2897 586 carnalis
2941 542 3023 587 est
3064 533 3347 588 delectatio
3395 536 3732 590 refrenanda.

2154 619 2294 673 Esau
2328 637 2430 674 non
2461 623 2636 690 pingui
2669 624 2827 676 vitulo
2861 623 2940 676 vel
2984 625 3282 678 volatilibus
3311 625 3566 696 saginatis
3587 669 3602 691 ,
3648 629 3736 681 sed

2154 712 2502 766 immoderate
2529 715 2804 782 concupita
2836 715 3082 769 lenticula
3111 717 3426 785 reprobatus
3449 730 3531 772 est
3558 721 3581 789 (
3606 719 3735 774 (ian.

2155 818 2281 866 xxv,
2311 804 2537 876 50-54).
2571 805 2822 860 Sanctum
2853 807 3019 862 David
3053 825 3244 878 aquam
3273 811 3390 880 plus
3417 811 3566 880 justo
3590 812 3738 866 desi-

2150 893 2368 949 derasse
2399 897 2643 966 paenituit
2667 898 2685 966 (
2711 899 2728 952 l
2757 897 2935 952 Parat.
2967 916 3041 963 ιι,
3074 900 3162 966 18,
3193 901 3320 972 l9).
3352 902 3467 956 Non
3496 904 3737 972 operosis

2150 1003 2278 1056 ergo
2307 1003 2478 1058 neque
2507 991 2769 1058 pretiosis,
2803 992 2895 1046 sed
2935 993 2987 1046 in
3019 1006 3262 1063 promptu
3302 1003 3356 1048 et
3393 996 3582 1064 positis
3618 997 3736 1065 qni-

2151 1079 2358 1149 busque
2387 1083 2662 1137 vilioribus
2689 1085 2954 1139 alimentis
2983 1097 3063 1142 est
3101 1102 3294 1157 corpus
3323 1103 3352 1141 ιι
3374 1088 3582 1158 jejunio
3610 1093 3735 1144 reti-

2147 1173 2415 1238 ciendnm,
2442 1176 2523 1230 vel
2549 1178 2722 1246 potius
2748 1177 3088 1233 iniciendum.

2222 1268 2273 1320 5.
2319 1265 2495 1320 Oratio
2515 1269 2797 1338 jejunantis
2834 1271 2990 1326 libera
3027 1272 3092 1325 sit
3121 1289 3151 1323 a
3193 1272 3468 1342 cupiditate
3511 1280 3558 1325 et
3599 1274 3733 1326 odio.

2150 1354 2416 1420 Quomodo
2445 1361 2604 1414 oratio
2631 1361 2752 1430 facit
2782 1362 3140 1432 dectttosynas.
3171 1363 3263 1416 His
3293 1364 3478 1417 diebus
3507 1363 3736 1418 admini-

2148 1450 2281 1503 culis
2329 1450 2537 1519 piarum
2581 1454 3039 1524 eleemosynartnn
3086 1465 3139 1510 et
3183 1456 3459 1526 frngalium
3506 1457 3738 1527 jejunio-

2150 1557 2264 1594 rum
2295 1544 2466 1596 oratio
2489 1554 2666 1599 nostra
2697 1547 2748 1600 in
2771 1561 2999 1616 superna
3019 1549 3343 1602 sustollitur:
3363 1550 3484 1619 quia
3511 1566 3614 1605 nec
3635 1552 3734 1604 im-

2147 1635 2455 1703 pudentera
2494 1639 2601 1692 Deo
2631 1642 2990 1696 misericmdia
3029 1644 3245 1712 petitur,
3269 1659 3387 1697 cum
3419 1644 3487 1698 ab
3517 1643 3736 1698 homine

2143 1725 2348 1782 homini
2373 1747 2476 1784 non
2503 1741 2738 1802 negatur,
2763 1749 2859 1789 nec
2877 1750 3065 1790 serena
3095 1736 3272 1791 cordis
3303 1738 3534 1807 petentis
3561 1739 3734 1791 inten-

2145 1821 2253 1874 tio1
2282 1824 2572 1878 carnalium
2598 1827 2922 1895 voluptatum
2949 1829 3403 1896 pbantasmatibus
3425 1831 3623 1883 nubilis
3645 1830 3735 1883 im-

2143 1916 2374 1984 peditur.
2403 1919 2482 1972 Sit
2506 1929 2680 1974 autem
2703 1923 2871 1975 oratio
2891 1931 3056 1987 casta,
3080 1938 3146 1976 ne
3163 1922 3297 1977 forte
3319 1937 3424 1978 non
3449 1924 3596 1993 quod
3616 1924 3735 1977 cha-

2145 2009 2294 2074 ritas,
2317 2011 2408 2063 sed
2427 2012 2567 2081 quod
2586 2014 2843 2081 cupiditas
2869 2016 3080 2084 qu:erit,
3101 2024 3379 2084 optemus;
3403 2031 3470 2070 ne
3501 2016 3733 2069 inimicis

2143 2105 2267 2156 mali
2291 2105 2487 2174 aliquid
2517 2106 2869 2176 imprecemur
2887 2095 2902 2172 i;
2929 2123 2996 2162 ne
3019 2109 3069 2162 in
3097 2125 3228 2179 quos
3245 2108 3490 2163 nocendo
3507 2110 3590 2164 vel
3614 2110 3730 2162 vin-

2145 2196 2373 2249 dicando
2404 2212 2506 2250 non
2530 2212 2832 2267 possumus,
2861 2201 3065 2254 orando
3086 2201 3385 2256 swviamus.
3407 2199 3565 2255 Certe
3596 2201 3734 2254 sicut

2141 2303 2243 2341 nos
2264 2289 2370 2357 apti
2389 2288 2652 2345 efficimur
2666 2291 2731 2346 ad
2755 2293 3014 2346 orandum
3037 2292 3391 2364 eieemosynis
3415 2303 3468 2346 et
3488 2292 3730 2361 jejuniis,

2145 2379 2222 2432 sic
2253 2390 2306 2434 et
2332 2381 2443 2449 ipsa
2477 2392 2657 2436 nostra
2687 2385 2856 2438 oratio
2881 2384 3008 2440 facit
3035 2387 3422 2456 elcemosyoas,
3455 2395 3575 2439 cum
3601 2385 3736 2439 diri-

2141 2471 2284 2540 gitur
2319 2481 2478 2542 atque
2509 2475 2862 2542 profunditur,
2899 2492 3000 2529 non
3028 2489 3126 2546 pro
3153 2477 3339 2531 amicis
3367 2486 3606 2539 tantum,
3642 2491 3734 2532 ve-

2139 2579 2260 2615 rum
2291 2564 2452 2617 etiam
2479 2579 2577 2634 pro
2605 2567 2854 2631 inimicis,
2883 2575 2936 2620 et
2961 2567 3165 2636 jejunat
3192 2569 3258 2621 ab
3290 2568 3368 2621 iro
3395 2577 3449 2622 et
3471 2567 3598 2621 odio
3624 2577 3679 2621 et
3704 2582 3734 2620 a

2143 2656 2613 2724 perniciosissimis
2637 2659 2795 2711 vitiis.
2823 2658 2874 2713 Si
2903 2660 3042 2712 enim
3072 2674 3169 2712 nos
3192 2659 3493 2728 jejunamus
3517 2673 3543 2710 a
3573 2658 3730 2722 cibis,

2145 2756 2344 2817 quanto
2391 2751 2566 2817 potius
2606 2751 2692 2803 illa
2737 2766 2765 2803 a
2808 2751 3065 2805 venenis?
3113 2752 3352 2821 Denique
3391 2765 3491 2806 nos
3535 2751 3734 2806 debitis

2145 2843 2566 2911 Opportunisque
2604 2844 2930 2912 temporibus
2967 2845 3340 2898 alimentorum
3388 2845 3736 2914 perceptione

2147 2934 2458 2989 rcﬁcimur:
2503 2949 2768 3005 nunquam
2807 2938 2954 2990 illam
2990 2938 3126 2992 escis
3155 2939 3348 2992 talibus
3376 2938 3730 2992 oblectemus.

2148 3027 2412 3097 Perpetua
2441 3031 2691 3098 suscipiat
2717 3031 2814 3084 ista
2842 3033 3070 3100 jejunia:
3098 3034 3214 3101 quia
3239 3043 3322 3087 est
3345 3033 3417 3086 illi
3445 3033 3594 3086 cibus
3617 3047 3736 3102 pro-

2143 3121 2311 3188 prius,
2353 3137 2511 3191 quem
2558 3137 2771 3179 sumere
2813 3127 2927 3179 sine
2965 3127 3358 3181 intermissione
3406 3125 3730 3194 pra-cipitur.

2136 3213 2367 3284 Semper
2393 3231 2518 3287 ergo
2544 3217 2750 3288 jejunet
2775 3217 2842 3273 ab
2875 3218 3019 3285 odio,
3061 3233 3273 3289 semper
3308 3219 3586 3274 dilectione
3636 3231 3734 3287 pa-

2144 3317 2342 3362 scatur.

2612 3460 2842 3519 SERMO
2875 3462 3077 3520 ccvm
3104 3466 3125 3490 δ
3153 3462 3253 3535 (α).

2631 3623 2684 3669 In
2703 3621 3092 3683 Quadragesima,
3122 3635 3190 3677 ινφ

2217 3725 2268 3780 1.
2327 3725 2788 3794 Quadragesimalis
2833 3728 3132 3784 abstinentia
3179 3729 3349 3799 qualis
3399 3745 3508 3784 om
3558 3729 3733 3786 debet.

2141 3814 2524 3885 Restriugmdaz
2568 3817 2784 3880 delicia),
2836 3835 2934 3872 non
2981 3821 3259 3874 "tutandae.
3309 3820 3555 3875 Solemne
3604 3834 3739 3876 tem-

2145 3923 2242 3976 pus
2271 3908 2508 3973 advenit,
2539 3925 2644 3979 quo
2674 3921 2901 3964 vestram
2931 3925 3363 3966 ctsmtntmeainus
3391 3922 3445 3966 et
3472 3912 3737 3969 exhortov

2141 4018 2262 4062 mur
2302 4003 2352 4056 in
2388 4003 2610 4056 Domino
2638 4003 2960 4057 Cbaritatem
2997 4022 3008 4056 :
3042 4019 3340 4074 quanquam
3383 4007 3551 4074 ipsum
3592 4017 3741 4061 tern—

2136 4109 2266 4162 pus,
2301 4096 2462 4149 etiam
2501 4096 2800 4150 tacentibus
2843 4096 3018 4161 nobis,
3065 4098 3192 4151 s-atis
3235 4112 3328 4151 vos
3362 4098 3655 4152 admoneat
3686 4108 3742 4153 et

2141 4186 2406 4251 hortetur,
2432 4196 2487 4240 ιιι
2507 4187 2720 4255 jejuniis
2745 4197 2798 4241 et
2826 4188 3156 4242 orationibus
3179 4197 3234 4242 et
3257 4189 3622 4259 eleemosynis
3651 4205 3743 4244 so-

2137 4279 2231 4333 lito
2261 4280 2547 4333 instantius
2575 4290 2630 4332 et
2657 4280 2884 4334 alacrius
2914 4281 3180 4335 ferveatis.
3221 4281 3328 4336 Sed
3370 4281 3740 4336 ministerium

2143 4370 2309 4425 nostri
2339 4372 2603 4424 sermonis
2629 4371 2851 4436 accedit,
2882 4381 2938 4424 ut
2963 4381 3018 4426 vt
3046 4373 3189 4426 vocis
3215 4373 3369 4440 lmjus
3397 4374 3546 4436 tuba,
3593 4378 3744 4428 vires

2137 4477 2263 4516 suas
2291 4462 2510 4532 spiritus
2536 4472 2713 4516 vester
2737 4461 2990 4517 adversus
3020 4478 3236 4518 carnem
3263 4463 3622 4518 dimicaturus
3647 4482 3745 4519 ac-

2139 4556 2314 4624 cipiat.
2349 4556 2466 4609 Sint
2505 4571 2632 4626 ergo
2660 4565 2834 4609 vestra
2857 4555 3057 4625 jejunia
3089 4557 3202 4610 sine
3232 4557 3431 4622 litibus,
3471 4556 3746 4613 clamori—

2139 4649 2258 4711 bus,
2287 4647 2520 4703 caedibus
2546 4664 2557 4699 :
2589 4658 2642 4701 ut
2671 4650 2830 4702 etiam
2857 4649 2945 4714 qui
2973 4648 3071 4702 sub
3095 4649 3222 4717 jugo
3251 4659 3426 4702 vestro
3452 4661 3609 4716 sunt,
3645 4669 3738 4706 re-

2137 4741 2443 4795 missionem
2475 4752 2680 4796 cantatn
2710 4743 2939 4797 sentiant
2976 4751 3029 4796 et
3069 4743 3384 4812 benignam;
3429 4754 3488 4798 ut
3529 4763 3741 4815 astare

2136 4833 2390 4888 severitas
2422 4833 2730 4897 refrenetur,
2776 4851 2878 4886 non
2922 4844 2976 4886 ut
3020 4834 3248 4888 salubris
3286 4835 3567 4904 disciplina
3619 4839 3742 4892 sol-

2135 4935 2305 4980 vatur.
2335 4926 2467 4982 Cum
2501 4941 2628 4982 vero
2665 4925 2842 4995 aliquo
2877 4941 3075 4996 genere
3112 4926 3349 4982 ciborum
3379 4927 3543 4983 etiam
3590 4944 3743 4987 con-

2132 5035 2407 5074 sessorum
2440 5027 2597 5088 atque
2633 5020 2916 5085 licitorum,
2953 5035 3112 5096 causa
3143 5021 3431 5090 castigandi
3473 5027 3745 5089 corporis

2135 5112 2434 5176 abstinetis,
2466 5120 2784 5165 mementote
2814 5114 2979 5164 omnia
3005 5113 3191 5165 munda
3218 5114 3419 5166 mundis
3439 5129 3460 5167 :
3497 5130 3570 5169 ne
3604 5117 3746 5187 quid

2133 5205 2331 5274 putetis
2369 5203 2728 5270 imn‘mndum,
2762 5205 2860 5258 nisi
2902 5195 3039 5275 quod
3079 5205 3361 5262 inﬁdelitas
3405 5206 3748 5277 inquinave-

2135 5297 2224 5348 rit.
2247 5295 2531 5349 [mutandis
2548 5296 2678 5349 enim
2697 5307 2739 5349 et
2756 5297 3060 5366 inﬁdelibus,
3081 5298 3151 5351 ait
3170 5300 3474 5370 Apostolus,
3499 5301 3651 5355 nihil
3668 5311 3749 5357 est
3789 5329 3800 5346 κ

2137 5387 2378 5440 ιιιωιιιιιιιι
2409 5387 2530 5460 (Tit.
2559 5404 2597 5456 ι,
2635 5389 2729 5453 l5;
2767 5385 2911 5442 Rom.
2941 5406 3046 5454 xiv,
3083 5376 3215 5458 ¹90).
3257 5389 3362 5446 Sed
3394 5389 3552 5459 plane
3600 5393 3750 5450 Iide-

2135 5479 2263 5532 lium
2291 5496 2511 5550 corpora
2541 5497 2658 5535 cum
2689 5481 2930 5535 servituti
2967 5481 3345 5550 subjiciuntur,
3372 5481 3602 5553 proﬁcit
3623 5487 3752 5556 spi-

2200 5627 2212 5656 ι
2236 5622 2396 5671 Codex
2422 5633 2429 5660 ι
2452 5620 2741 5676 cllxertinus,
2765 5616 2924 5667 cortis
2947 5615 3211 5680 partit/ruris
3235 5614 3447 5664 immitto.

2194 5687 2212 5707 *
2234 5686 2352 5733 (χιειί
2372 5692 2496 5732 :atus
2515 5683 2571 5730 ad
2597 5691 2768 5730 omnes
2807 5687 2915 5730 ass.
2949 5679 3007 5728 et
3035 5679 3144 5728 Edd.
3186 5679 3241 5729 in
3263 5687 3490 5728 sermone
3531 5687 3747 5743 pm

2128 5751 2262 5799 denti
2289 5749 2428 5795 modo
2451 5748 2744 5803 designatos.

2194 5815 2262 5873 (α)
2286 5811 2424 5869 Alius,
2444 5808 2507 5858 de
2531 5808 2740 5855 Diversis
2761 5805 2837 5854 72.
