4070 6330
354 410 534 468 rituali
561 408 748 479 saluti,
777 405 1031 491 quidquid
1059 401 1319 477 corporali
1357 400 1608 461 minuitur
1648 396 1921 491 voluptati.

354 503 585 579 Ideoque
629 490 919 563 cavendum
950 507 1063 565 est,
1111 512 1175 559 ne
1218 494 1479 575 pretiosas
1518 507 1666 546 escas
1710 490 1793 544 vel
1835 503 1931 560 pro

356 596 475 651 aliis
503 596 652 667 alias,
685 593 766 648 vel
809 586 967 657 etiam
1008 588 1345 669 pretiosiores
1375 588 1489 643 sine
1527 584 1772 639 carnibus
1817 582 1931 637 ani-

358 687 571 743 malium
614 684 911 756 requiratis.
951 683 1084 736 Cum
1124 682 1264 735 enim
1301 695 1495 750 corpus
1533 678 1838 747 castigatur,
1880 683 1934 729 et

355 778 595 841 servituti
624 778 897 849 subjicitur
919 776 974 846 (l
1005 773 1120 828 Cor.
1153 790 1225 836 ix,
1262 771 1372 842 27),
1405 768 1783 839 restringenda:
1809 774 1932 821 sunt

360 873 588 938 deilC-lll‘.,
618 886 726 939 non
767 866 1052 923 mutandae.
1084 862 1218 933 Quid
1250 864 1388 917 cnim
1431 864 1644 916 interest
1695 862 1744 923 in
1789 858 1931 930 quali

357 965 478 1019 cibo
521 944 946 1032 concupiscentia
992 956 1335 1012 immoderata
1380 951 1652 1022 culpetur?
1685 950 1799 1005 Non
1833 950 1932 1003 uti-

354 1070 457 1125 que
483 1054 548 1107 de
574 1053 700 1107 solis
724 1051 995 1115 carnibus,
1024 1048 1115 1103 sed
1144 1048 1299 1101 etiam
1330 1045 1394 1099 de
1424 1042 1731 1113 quihusdam
1763 1040 1931 1109 pomis

356 1156 409 1199 et
448 1144 785 1215 agriculturae
814 1139 1078 1219 alimentis
1100 1140 1120 1211 Δί
1156 1136 1507 1191 lsraelitarum
1552 1132 1931 1200 concupiscen-

356 1235 425 1289 tia
454 1235 627 1289 divina
660 1248 787 1287 voce
816 1232 1058 1287 damnata
1091 1239 1170 1284 est
1200 1225 1385 1296 (Nunt.
1414 1242 1485 1291 x1,
1514 1224 1566 1288 5,
1599 1224 1686 1285 55,
1722 1221 1835 1292 54).
1869 1222 1933 1279 Et.

354 1327 514 1391 Esau,
559 1341 662 1377 non
694 1332 907 1393 propter
934 1321 1089 1377 etiam
1120 1320 1361 1383 suillam,
1406 1316 1497 1373 sed
1528 1322 1741 1386 propter
1771 1313 1930 1368 lenti-

353 1420 525 1475 culam
554 1415 880 1479 defricatam,
903 1429 994 1468 sua
1021 1409 1365 1487 primogenita
1388 1408 1611 1489 perdidit
1631 1406 1779 1479 (Gen.
1804 1421 1925 1470 xxv,

354 1510 569 1577 50-34).
600 1507 669 1563 Ut
698 1507 934 1560 omittam
968 1502 1093 1573 quid
1124 1504 1361 1557 esuriens
1391 1500 1644 1553 Dominus
1684 1495 1929 1551 tentatori

352 1602 511 1654 etiam
557 1599 621 1661 de
664 1598 776 1667 ipso
818 1613 947 1665 pane
979 1593 1304 1663 responderit
1350 1589 1571 1665 (Matth.
1614 1605 1687 1655 ιν,
1717 1590 1770 1655 5,
1803 1586 1874 1657 lt)
1912 1604 1924 1639 :

354 1692 443 1759 qui
477 1699 619 1745 certe
652 1703 753 1751 non
787 1703 935 1749 suam
963 1700 1175 1739 carnem
1203 1682 1349 1752 quasi
1378 1681 1626 1734 rebellem
1660 1678 1926 1746 domabat,

359 1758 453 1837 sed
485 1758 606 1849 quid
649 1780 698 1831 in
742 1778 932 1831 talibus
969 1773 1341 1828 tentationibus
1376 1770 1696 1839 rcSpondcre
1739 1768 1930 1821 debea-

357 1887 475 1927 tnus
512 1868 926 1925 misericorditer
966 1866 1301 1923 admonebat.
1347 1861 1695 1932 Quapropter,
1728 1858 1929 1925 charis-

352 1964 504 2041 simi,
551 1980 580 2017 a
618 1946 1039 2033 quibuscumque
1087 1957 1218 2013 cibis
1270 1954 1421 2015 vobis
1462 1954 1717 2023 placuerit
1761 1951 1925 2004 absti-

353 2072 516 2121 nere;
551 2061 874 2110 mementote
913 2059 970 2105 ut
1003 2048 1327 2120 propositum
1357 2053 1587 2109 vestrum
1621 2044 1701 2113 pia
1731 2050 1932 2112 tempe-

353 2149 523 2203 rantia
552 2143 899 2210 conservetis,
949 2159 1053 2196 non
1099 2151 1156 2195 ut
1199 2139 1290 2193 Dei
1328 2147 1623 2192 creaturam
1670 2134 1929 2203 sacrilego

352 2257 534 2296 errore
581 2237 860 2294 damnctis.
903 2234 1230 2305 Quicumque
1268 2234 1425 2286 etiam
1464 2230 1593 2284 estis
1619 2227 1929 2297 conjugibus

354 2334 572 2403 alligati,
603 2346 743 2389 nunc
770 2329 998 2384 maxime
1040 2324 1323 2397 apostolica
1364 2321 1561 2376 monita
1604 2320 1766 2375 nolite
1806 2333 1928 2371 con-

359 2434 615 2492 temnere,
660 2433 717 2477 ut
756 2420 980 2475 invicem
1006 2415 1316 2471 abstineatis
1344 2413 1407 2466 ad
1439 2422 1664 2482 tempus,
1696 2418 1751 2464 ut
1782 2424 1931 2463 vace-

357 2516 422 2569 tis
450 2513 779 2568 orationibus
814 2508 871 2582 (l
910 2509 1025 2562 Cor.
1058 2524 1167 2574 vn,
1213 2506 1245 2559 5
1270 2506 1308 2577 ).
1341 2501 1491 2571 Quod
1538 2502 1677 2555 enim
1718 2508 1771 2553 et
1816 2499 1931 2552 aliis

356 2604 545 2658 diebus
573 2604 770 2665 utiliter
812 2592 866 2654 lit
890 2642 904 2667 ,
954 2599 1109 2652 nimis
1135 2594 1547 2651 iuverecundum
1589 2592 1741 2645 estsi
1774 2592 1932 2644 modo

356 2711 462 2750 non
494 2694 602 2749 fiat.
634 2694 877 2748 Arbitror
905 2706 1188 2745 onerosum
1228 2704 1332 2742 non
1374 2701 1493 2741 esse
1530 2684 1744 2749 debere,
1775 2682 1931 2736 anni~

355 2789 591 2845 versaria
622 2788 995 2843 observatione
1040 2784 1364 2840 solemnibus
1407 2781 1593 2835 diebus
1622 2779 1721 2834 hoc
1759 2777 1933 2833 facere

357 2882 687 2953 eonjugatos,
730 2880 869 2952 quod
916 2879 1087 2933 vidua:
1117 2894 1179 2931 ex
1212 2875 1435 2946 quadam
1468 2874 1587 2927 vitm
1628 2881 1776 2942 parte
1806 2884 1931 2943 pro-

358 2974 511 3030 fessae
536 2985 679 3042 sunt,
708 2973 847 3041 quod
888 2980 994 3027 tota
1040 2970 1146 3024 vita
1175 2976 1370 3025 sancta:
1409 2965 1643 3037 virgines
1682 2975 1932 3031 suscepe-

357 3076 499 3121 runt.

427 3158 480 3211 2.
522 3155 869 3227 Eleemosynaz
893 3169 1045 3224 Opera
1074 3149 1449 3221 ampliﬁcanda.
1476 3147 1819 3216 Eleemosyntc
1844 3160 1934 3215 ge-

358 3268 471 3316 nus,
509 3267 710 3321 parcere
738 3247 971 3302 inimicis.
1003 3244 1116 3300 Jam
1149 3260 1274 3298 vero
1304 3244 1669 3311 eleemosynas
1698 3240 1780 3294 his
1818 3242 1932 3297 dic-

358 3345 457 3399 hus
484 3360 697 3414 augere,
728 3340 954 3412 quodam
991 3332 1147 3401 modo
1186 3353 1250 3393 ex
1292 3322 1469 3397 debito
1513 3345 1613 3389 est.
1654 3335 1753 3390 Ubi
1792 3336 1933 3389 enim

355 3438 550 3507 justius
575 3451 731 3506 quam
760 3431 1059 3507 miserendo
1085 3428 1406 3500 impenditis,
1433 3428 1573 3499 quod
1605 3428 1754 3481 vobis
1781 3428 1938 3483 absti-

359 3527 534 3583 nendo
560 3524 804 3581 domitis?
846 3524 911 3577 Et
939 3520 1060 3593 quid
1095 3521 1340 3590 iniquius,
1371 3534 1526 3588 quam
1568 3527 1623 3577 ut
1654 3518 1793 3589 quod
1836 3519 1936 3573 mi-

358 3638 459 3678 nus
489 3627 669 3690 erogat
714 3616 1050 3680 abstinentia,
1100 3623 1275 3668 servet
1324 3628 1639 3682 permanens
1680 3613 1932 3676 avaritia,

360 3718 451 3767 ant
483 3718 761 3766 consumat
785 3708 945 3761 dilata
977 3703 1217 3758 luxuria?
1243 3701 1504 3757 Intendite
1548 3703 1720 3770 itaque
1749 3702 1938 3771 quibus

361 3804 601 3860 debeatis
629 3796 767 3879 quod
798 3799 944 3853 vobis
972 3794 1271 3865 denegatis;
1301 3804 1356 3847 ut
1385 3794 1521 3864 quod
1545 3794 1780 3877 (detrahit
1806 3804 1937 3851 tent-

365 3895 602 3968 perantia
636 3891 912 3961 voluptati,
939 3888 1097 3943 addat
1129 3885 1485 3940 misericordia
1511 3884 1773 3939 charitati.
1804 3884 1939 3951 Quid

358 3992 467 4062 jam
508 3987 679 4043 dicam
720 3984 785 4039 de
816 3984 908 4038 illo
947 3996 1107 4053 opere
1148 3978 1543 4043 misericordiae,
1576 3977 1664 4037 ubi
1705 3976 1833 4033 nihil
1874 3976 1940 4032 de

364 4081 658 4153 apothecis,
691 4078 820 4134 nihil
848 4074 913 4132 de
939 4074 1148 4130 saeculo
1176 4073 1513 4157 impenditur,
1554 4070 1647 4123 sed
1677 4086 1739 4124 ex
1781 4070 1941 4125 corde

286 4210 295 4223 ς
363 4173 675 4237 dimittitur;
718 4158 857 4240 quod
899 4166 1064 4235 magis
1102 4166 1143 4219 si
1174 4172 1406 4229 maneat,
1436 4178 1591 4235 quam
1621 4161 1663 4216 si
1696 4160 1937 4224 recedat,

364 4266 546 4338 incipit
573 4279 690 4320 esse
728 4255 1078 4316 damnosum?
1110 4256 1242 4311 lram
1283 4255 1399 4308 dico
1432 4254 1683 4310 adversus
1712 4252 1941 4321 aliquem

370 4359 422 4412 in
453 4355 614 4412 corde
642 4363 928 4409 servatam.
957 4348 1091 4418 Quid
1119 4356 1294 4401 autem
1326 4345 1554 4410 stultius,
1582 4359 1737 4414 quam
1770 4343 1942 4396 inimi-

368 4466 489 4505 cum
518 4449 809 4503 forinsecus
831 4443 1085 4508 devitarc,
1110 4449 1161 4495 et
1183 4439 1350 4511 multo
1377 4436 1607 4511 pejorem
1638 4437 1686 4490 in
1715 4449 1945 4505 pramor-

365 4545 468 4600 diis
499 4541 696 4596 intimis
730 4535 997 4601 retinere?
1021 4522 1171 4593 Unde
1212 4530 1495 4601 Apostolus
1540 4527 1685 4591 dicit,
1719 4526 1813 4581 Sol
1842 4543 1946 4585 non

367 4633 564 4689 occidat
592 4647 743 4702 super
772 4624 1087 4681 iracundiam
1115 4633 1358 4687 vestram;
1400 4634 1625 4695 moxque
1655 4616 1941 4687 subjungit,

370 4726 547 4797 Neque
571 4724 696 4779 detis
731 4723 893 4774 locum
920 4704 1119 4770 diabolo
1152 4715 1169 4786 (
1196 4704 1379 4784 Ephes.
1414 4709 1568 4777 tv,26
1588 4721 1632 4764 et
1658 4708 1771 4781 27).
1802 4709 1942 4767 Tan-

368 4834 529 4887 quam
559 4812 661 4869 hoc
687 4821 827 4883 agat,
860 4810 948 4881 qui
978 4824 1079 4861 non
1108 4808 1211 4861 cito
1243 4806 1371 4859 iram
1400 4804 1546 4877 pellit
1571 4818 1636 4857 ex
1663 4802 1859 4865 animo,
1891 4809 1949 4857 ut

372 4926 465 4979 per
486 4902 632 4964 illam
662 4906 803 4961 velut
849 4918 941 4972 per
978 4902 1192 4970 januam
1232 4897 1427 4951 aditum
1462 4904 1675 4965 prmstet
1713 4894 1944 4951 diabolo.

372 5001 626 5057 Primitus
653 4999 828 5068 itaque
855 4992 1114 5064 agendum
1146 4998 1243 5054 est,
1281 4997 1337 5044 ut
1375 5001 1533 5056 super
1560 4986 1694 5043 iram
1727 5000 1829 5041 non
1857 4999 1949 5040 oc-

372 5094 514 5148 cidat
541 5092 641 5146 iste
668 5090 779 5155 sol;
814 5103 879 5141 ne
918 5086 1128 5141 deserat
1158 5083 1322 5150 ipsam
1350 5086 1579 5137 mentem
1600 5075 1817 5145 justitire
1842 5075 1946 5131 sol.

373 5187 478 5242 Sed
512 5187 561 5240 in
600 5184 753 5252 cujus
792 5189 1005 5250 pectore
1044 5176 1213 5231 adhuc
1256 5188 1421 5242 usque
1447 5170 1756 5241 permansit,
1789 5168 1979 5236 pellat.

374 5295 492 5334 eam
519 5277 703 5331 saltem
738 5275 847 5344 jam
890 5270 1158 5340 proximus
1184 5266 1299 5320 dies
1332 5262 1619 5318 Dominicae
1663 5260 1946 5329 passionis,

375 5373 465 5443 qui
492 5387 594 5426 non
623 5378 703 5424 est
730 5368 894 5423 iratus
922 5358 1346 5417 interfectoribus
1371 5357 1481 5411 suis
1502 5394 1519 5422 ,
1562 5370 1659 5443 pro
1679 5354 1871 5425 quibus
1898 5353 1951 5408 in

379 5441 519 5534 ligno
547 5461 783 5533 pendens
812 5468 865 5513 et
908 5469 1115 5526 precem
1160 5451 1294 5505 fudit
1323 5457 1378 5504 et
1424 5441 1732 5515 sanguinem
1779 5444 1796 5515 (
1824 5442 1948 5499 Luc.

378 5573 527 5621 χχιιι,
561 5552 687 5625 54).
712 5552 768 5606 ln
796 5549 1174 5620 cujuscumque
1204 5556 1329 5612 ergo
1355 5548 1589 5594 vestrum
1621 5546 1835 5608 pectore
1862 5551 1954 5589 us-

444 5713 461 5742 ι
490 5718 552 5759 tta
578 5710 842 5759 Victorinus
870 5711 951 5752 Ms.
990 5700 1073 5749 Alii
1096 5709 1214 5749 vero
1236 5710 1345 5746 cum
1379 5702 1512 5753 una,
1551 5698 1596 5743 ct
1618 5688 1842 5756 agricolis
1865 5688 1956 5740 ali-

380 5774 565 5828 mentis.

1759 247 1982 347 sam
2018 278 2195 343 CCIX.

3468 290 3616 349 10w

2039 410 2142 465 que
2167 395 2232 465 ad
2262 395 2395 452 istos
2418 406 2630 455 sanctos
2658 398 2770 455 dies
2807 400 2981 457 fronte
3005 401 3465 473 impudentissima
3492 422 3612 476 per-

2035 488 2266 569 duravit,
2295 505 2433 547 nune
2459 491 2581 547 inde
2606 492 2795 547 saltem
2825 493 2900 549 ira
2927 494 3162 555 discedat
3182 494 3375 567 (Recta.
3399 514 3477 567 ιι,
3502 500 3615 572 10),

2037 587 2093 633 ut
2134 578 2303 641 oratio
2344 596 2528 645 secura
2566 583 2858 653 procedat:
2903 599 3003 643 nec
3030 585 3298 657 adundat,
3334 598 3424 644 aut
3452 592 3619 660 palpi~

2036 680 2132 737 tet,
2159 682 2252 727 aut
2276 674 2375 741 sub
2400 676 2739 731 conscientiae
2766 679 2996 737 stimulis
3020 679 3373 749 Obmutescat,
3401 698 3520 737 eum
3548 685 3618 741 ad

2036 780 2155 819 eum
2184 765 2357 819 locum
2387 766 2590 821 venerit
2615 809 2628 831 ,
2670 768 2757 822 ubi
2787 770 3068 839 dicendum
3108 780 3208 839 est,
3239 772 3452 829 Dimitte
3474 776 3618 832 nobis

2036 855 2201 909 debita
2228 865 2419 920 nostra,
2446 859 2571 912 sicut
2597 868 2643 912 et
2672 877 2760 914 nos
2788 861 3081 920 dimittimus
3105 863 3617 925 debitoribus‘nostris

2038 947 2248 1018 (Matth.
2275 964 2349 1015 vr,
2380 949 2497 1019 12).
2532 951 2740 1020 Aliquid
2772 955 2981 1021 petituri
3015 956 3141 1010 estis
3170 972 3236 1011 ne
3268 958 3421 1012 vobis
3454 961 3612 1013 retri-

2037 1041 2244 1105 buatur,
2275 1050 2327 1095 et
2349 1043 2543 1113 aliquid
2576 1052 2630 1097 ut
2662 1045 2941 1100 tribuatur.
2972 1046 3225 1103 limm'ttite
3262 1064 3410 1119 ergo,
3453 1060 3500 1106 et
3530 1068 3613 1106 re-

2036 1135 2255 1189 mittetur
2281 1118 2447 1189 vobis:
2473 1134 2605 1201 date,
2634 1142 2679 1188 et
2704 1137 2903 1191 dabitur
2922 1140 3057 1201 vobis
3080 1118 3390 1209 (an.vr,'i$
3413 1152 3458 1196 et
3487 1144 3612 1213 58).

2038 1224 2183 1293 llzec,
2217 1224 2436 1288 fratres,
2470 1227 2674 1279 etiamsi
2706 1242 2807 1280 non
2838 1229 3180 1297 admoneam,
3213 1243 3462 1302 perpetua
3494 1251 3613 1290 nie-

2036 1314 2290 1370 ditatione
2322 1331 2511 1370 curare
2540 1317 2765 1371 debetis.
2791 1318 2921 1373 Cum
2948 1335 3074 1375 vero
3102 1329 3177 1376 tot
3200 1323 3499 1379 divinorum
3532 1334 3613 1382 te-

2037 1409 2412 1465 stimoniorum
2442 1410 2681 1464 ministra
2708 1426 2805 1466 vox
2830 1421 3008 1467 nostra
3029 1414 3131 1468 diei
3159 1431 3367 1486 quoque
3388 1433 3616 1487 praesen-

2036 1501 2104 1555 tis
2130 1503 2441 1557 celebritate
2466 1504 2711 1573 juvetur;
2746 1505 2933 1560 timere
2964 1522 3066 1560 non
3095 1508 3262 1564 debeo
3295 1526 3362 1563 ne
3392 1527 3497 1576 me,
3526 1511 3612 1565 vel

2035 1595 2209 1663 potius
2234 1596 2468 1649 onmium
2498 1596 2777 1651 Dominum
2806 1597 2857 1650 in
2884 1613 2988 1663 me,
3008 1599 3195 1668 aliquis
3216 1612 3446 1654 vestrum
3476 1602 3613 1656 forte

2034 1694 2341 1743 contemnat
2366 1704 2380 1742 :
2412 1687 2506 1742 sed
2533 1704 2747 1759 sperare
2780 1690 2951 1758 potius
2977 1691 3115 1760 quod
3141 1706 3269 1762 grex
3299 1693 3413 1759 ejus
3452 1708 3614 1762 agno-

2033 1792 2185 1832 scens
2216 1777 2330 1847 ejus
2372 1793 2491 1834 esse
2531 1780 2670 1849 quod
2711 1780 2922 1849 dicitur,
2969 1797 3088 1837 eum
3134 1782 3422 1838 efﬁcaciter
3449 1799 3612 1838 exau-

2033 1868 2255 1925 diendus
2290 1870 2555 1927 exaudiat.

2527 1982 2758 2038 SERMO
2795 1982 2989 2039 CCIX“
3022 1983 3119 2055 (a).

2554 2146 2603 2187 tn
2625 2138 3012 2203 Quadragesima,
3045 2154 3092 2192 ν.

2108 2265 2158 2318 1.
2202 2264 2637 2334 Quadragesimali
2676 2266 3015 2320 observatione
3052 2264 3289 2334 ﬁnienda:
3316 2267 3609 2323 inimicitiw.

2039 2354 2159 2409 Tria
2203 2357 2357 2421 vitia,
2404 2357 2582 2426 quibus
2628 2358 2904 2413 inimicitia:
2950 2359 3136 2412 vivunt.
3177 2357 3427 2415 Sol‘emne
3477 2370 3611 2415 tem-

2038 2464 2134 2519 pus
2186 2450 2419 2517 advenit,
2470 2450 2683 2520 quando
2734 2451 2800 2505 de
2839 2452 3012 2505 anima
3052 2452 3305 2507 attentius
3334 2453 3611 2523 cogitanda

2037 2549 2093 2595 ct
2138 2555 2363 2609 corpore
2406 2542 2713 2611 castigando
2761 2551 2989 2595 vestram
3054 2556 3421 2597 commoneam
3472 2544 3611 2598 Cha»

2037 2634 2269 2688 ritatem.
2329 2633 2393 2688 Hi
2447 2643 2569 2687 sunt
2611 2634 2751 2688 enim
2808 2634 3151 2704 quadraginta
3204 2634 3316 2689 dies
3369 2636 3615 2690 sacratis-

2038 2725 2159 2778 simi
2186 2734 2300 2779 toto
2340 2726 2467 2780 orbe
2496 2734 2780 2789 terrarum,
2811 2740 2944 2795 quos
2988 2708 3371 2797 rirOpinquante
3414 2728 3613 2782 Pascha

2039 2820 2315 2876 universus
2341 2820 2588 2887 mundus,
2629 2832 2784 2889 quem
2821 2821 2956 2875 Deus
2988 2821 3036 2873 in
3069 2820 3281 2875 Christo
3310 2821 3617 2875 reconciliat

2039 2913 2159 2979 sibi,
2199 2912 2532 2981 praedicanda
2560 2912 2845 2966 devotione
2872 2913 3229 2967 concelebrat.
3284 2911 3339 2967 Si
3368 2928 3485 2983 qua:
3515 2914 3615 2966 ini-

2038 3005 2272 3071 micitize,
2301 3019 2417 3074 qua:
2459 3004 2540 3058 vel
2582 3004 2725 3058 nasci
2758 3014 2862 3057 non
2893 3004 3209 3070 debuerunt,
3239 3005 3322 3058 vel
3352 2994 3454 3059 cito
3481 3008 3617 3061 mori

2038 3096 2355 3161 debuerunt,
2381 3105 2431 3149 et
2454 3105 2627 3150 tamen
2661 3110 2825 3165 usque
2854 3096 2917 3150 ad
2950 3096 3052 3151 hoc
3080 3106 3284 3165 tempus
3312 3098 3419 3150 sive
3450 3100 3637 3168 ncgli-V

2039 3188 2235 3257 gentia,
2259 3188 2368 3241 sive
2396 3187 2701 3256 pertinacia,
2731 3188 2842 3241 sive
2867 3202 2971 3240 non
3002 3187 3262 3253 modesta,
3282 3186 3373 3243 sed
3394 3192 3619 3259 superba

2038 3280 2376 3344 verecundia,
2402 3281 2539 3334 inter
2561 3280 2750 3334 fratres
2776 3281 3063 3350 perdurare
3086 3292 3401 3352 potuerunt;
3431 3285 3618 3338 saltem

2040 3372 2200 3427 modo
2229 3372 2495 3425 finiantur.
2530 3372 2704 3439 Super
2740 3386 2872 3441 quas
2900 3374 2979 3427 sol
3011 3389 3113 3425 non
3167 3373 3350 3428 debuit
3381 3374 3622 3428 occidere

2048 3464 2257 3534 (Ephes.
2288 3479 2361 3528 Iv,
2388 3462 2502 3533 26),
2549 3464 2733 3517 saltem
2766 3474 2878 3531 post
2912 3465 3104 3518 multos
3130 3466 3255 3518 solis
3282 3474 3427 3519 ortus
3452 3476 3504 3518 et
3530 3482 3620 3517 ορ-

2042 3572 2216 3622 casus,
2237 3558 2392 3610 etiam
2414 3557 2541 3621 ipsm
2566 3570 2663 3609 suo
2686 3556 2896 3609 tandem
2916 3555 3196 3625 aliquando
3220 3558 3623 3626 exslinguantttr

2043 3662 2255 3711 occasu,
2275 3662 2374 3700 nec
2392 3646 2614 3700 ulterius
2636 3645 2743 3698 ullo
2764 3656 3087 3699 renoventur
3106 3652 3315 3699 “exortu.
3340 3647 3623 3716 Negligens

2045 3740 2344 3794 inimicitias
2388 3739 2541 3793 ﬁnire
2584 3740 2947 3803 obliviscitur;
2997 3742 3231 3810 pertinax
3277 3742 3483 3795 veniam
3516 3756 3620 3795 non

2045 3833 2156 3887 vult
2196 3832 2511 3896 concedere,
2561 3847 2679 3886 eum
2733 3840 2988 3901 rogatur;
3023 3834 3249 3903 superbe
3294 3835 3624 3890 verecundus

2046 3925 2252 3980 veniam
2282 3934 2463 3993 petere
2489 3924 2821 3992 dedignatur.
2859 3924 2949 3978 llis
2979 3926 3143 3979 tribus
3172 3925 3311 3979 vitiis
3334 3926 3622 3980 inimicitia:

2044 4015 2229 4069 vivunt
2256 4034 2268 4069 :
2298 4014 2389 4067 sed
2430 4014 2633 4067 animas
2683 4015 2731 4066 in
2764 4015 2955 4086 quibus
2984 4032 3087 4077 non
3132 4017 3447 4080 moriuntur,
3478 4016 3623 4070 occi-

2045 4104 2196 4159 dunt.
2247 4104 2438 4174 Vigilet
2484 4115 2665 4158 contra
2716 4105 3081 4173 negligentiam
3124 4106 3398 4170 memoria,
3443 4114 3624 4159 eontra

2047 4196 2387 4266 pertinaciam
2415 4194 2797 4259 misericordia,
2828 4204 3010 4249 contra
3043 4196 3322 4264 superbam
3365 4212 3623 4251 verecun-

2047 4286 2166 4339 dam
2213 4286 2473 4339 submissa
2521 4285 2822 4352 prudentia.
2873 4286 2970 4351 Qui
3001 4300 3057 4339 se
3102 4286 3402 4343 concordiae
3441 4289 3628 4345 ι’θοιιιίι

2050 4380 2425 4446 neglectorem,
2471 4377 2702 4429 excutiat
2740 4377 3156 4446 expergiscendo
3201 4388 3464 4449 tOrporem
3498 4399 3509 4434 :
3539 4382 3625 4450 qui

2049 4483 2107 4521 se
2132 4468 2278 4536 cupit
2309 4481 2427 4521 esse
2448 4468 2532 4520 sui
2576 4466 2833 4521 debitoris
2860 4478 3183 4533 exactorem,
3222 4460 3317 4523 Dei
3348 4486 3406 4524 se
3434 4471 3629 4540 cogitet

2049 4560 2339 4614 debitorem
2374 4578 2389 4613 :
2419 4560 2506 4628 qui
2548 4560 2812 4613 erubescit
2838 4568 3019 4628 petere
3048 4571 3105 4616 ut
3147 4558 3244 4616 sibi
3286 4564 3443 4617 frater
3482 4565 3627 4634 igno-

2050 4661 2181 4712 scat,
2207 4652 2382 4704 vincat
2408 4666 2502 4718 per
2532 4651 2723 4704 bonum
2753 4652 2996 4705 timorem
3028 4653 3227 4705 malum
3253 4652 3509 4723 pudorem
3536 4672 3548 4708 :
3576 4666 3631 4708 ut

2053 4741 2222 4795 noxiis
2250 4742 2538 4796 inimicitiis
2568 4741 2747 4803 finitis,
2798 4751 2853 4795 ut
2890 4743 2966 4795 eis
3006 4744 3250 4809 mortuis,
3281 4759 3378 4800 vos
3421 4746 3627 4800 vivatis.

2051 4831 2242 4887 Totum
2288 4832 2388 4885 hoc
2428 4832 2659 4886 charitas
2700 4833 2842 4901 agit,
2890 4846 3006 4901 qua:
3048 4846 3153 4886 non
3203 4835 3310 4903 agit
3352 4848 3628 4905 perperam

2053 4922 2107 4991 (Ι
2134 4922 2251 4977 Cor.
2282 4938 2400 4985 xm,
2444 4922 2529 4993 4).
2570 4922 2833 4987 Charitas,
2879 4922 3072 4975 ﬁ‘atrcs
3108 4923 3233 4989 mei,
3281 4922 3335 4979 ili
3380 4936 3631 4994 quantum

2052 5012 2218 5077 adest,
2266 5022 2576 5067 exerceatur
2603 5014 2737 5068 bene
2766 5014 2992 5067 vivendo
3023 5030 3042 5080 ;
3076 5014 3125 5068 in
3161 5024 3412 5088 quantum
3456 5028 3633 5074 autem

2053 5103 2226 5163 minus
2254 5111 2356 5167 est,
2398 5103 2709 5173 impetretur
2737 5103 2983 5173 petendo;

2124 5195 2178 5249 2.
2224 5194 2489 5249 Orationes
2518 5195 2842 5266 eleenwsynis
2870 5195 3313 5251 adminicufandar.
3358 5192 3432 5253 Ut
3456 5204 3635 5253 autem

2055 5298 2249 5343 nostrae
2292 5288 2560 5343 orationes
2599 5288 2846 5357 congruis
2889 5286 3226 5343 adminiculis
3274 5287 3631 5358 adjuventur,

2056 5379 2306 5449 quoniam
2332 5377 2384 5434 in
2415 5379 2498 5434 his
2526 5378 2711 5433 diebus
2740 5378 3086 5435 ferventiores
3127 5396 3216 5435 cas
3242 5380 3441 5436 habere
3478 5380 3639 5437 debe-

2060 5487 2217 5537 mus;
2250 5472 2408 5526 etiam
2434 5472 2798 5543 eleemosynas
2840 5471 3130 5529 ferventius
3169 5480 3468 5545 erdgcmus.
3503 5475 3638 5545 Ipsis

2126 5690 2139 5705 '
2164 5686 2369 5735 Collatus
2406 5694 2466 5734 au
2501 5686 2563 5736 cl.
2596 5701 2635 5735 r.
2656 5694 2748 5737 rm.
2780 5703 2828 5739 v.
2856 5697 2906 5740 et
2926 5684 2986 5740 ad
3002 5684 3113 5743 ἰθὺ.

2125 5751 2197 5812 (a)
2225 5749 2361 5808 Alias,
2384 5750 2445 5798 de
2470 5752 2677 5799 Diversis
2698 5753 2776 5801 75.
