4070 6330
434 287 457 344 ί
469 287 574 344 04⁸1

434 402 747 472 adjiciatur,
792 399 932 470 quod
980 399 1134 454 nobis
1172 399 1460 468 jejunando
1502 409 1558 455 et
1597 415 1627 454 a
1666 401 1799 455 cibis
1838 400 2008 454 solitis

433 494 749 550 abstinendo
771 492 1085 547 detrahitur.
1118 492 1369 560 Quamvis
1394 507 1486 548 eas
1527 493 1719 548 debeat
1755 495 2008 563 largiores

386 650 390 655 ι
434 582 652 647 habere,
700 583 787 653 qui
839 592 1056 652 propter
1096 583 1324 653 aliquam
1357 584 1725 638 necessitatem
1770 584 2008 653 corporis

430 674 512 726 sui
541 681 595 728 et
632 674 1068 729 consuetudinem
1096 675 1465 730 alimentorum
1496 689 1603 729 non
1644 683 1816 744 potest
1843 674 2008 729 absti-

431 778 578 828 nere,
627 773 683 818 ut
710 764 810 820 hoc
838 765 996 820 addat
1025 768 1263 836 pauperi,
1293 768 1432 837 quod
1476 768 1573 823 sibi
1620 768 1849 823 detrahit
1874 785 1888 823 :
1912 767 2006 822 sed

431 852 551 908 ideo
576 854 692 923 pius
717 854 806 909 det
831 857 1069 924 pauperi,
1097 858 1217 926 quia
1242 857 1342 912 sibi
1365 874 1470 912 non
1495 858 1757 923 detrahit;
1791 867 1848 912 ut
1873 873 2008 927 quo-

430 944 572 998 niam
599 947 774 1000 minus
801 955 977 1016 potest
1003 950 1271 1004 orationes
1296 965 1420 1004 suas
1444 949 1790 1020 castigatione
1815 963 2007 1018 corpo-

429 1033 506 1086 ris
532 1033 805 1103 adjuvare,
832 1037 1271 1093 abundantiorem
1297 1040 1348 1092 in
1377 1039 1537 1094 corde
1563 1041 1808 1110 pauperis
1831 1038 2004 1092 inclu-

429 1123 520 1179 dat
568 1126 984 1200 eleemosynam,
1036 1147 1154 1202 quze
1202 1148 1297 1201 pro
1345 1133 1439 1188 illo
1486 1134 1654 1205 possit
1703 1149 1878 1188 orare.
1933 1133 2007 1189 De

433 1217 717 1288 Scripturis
761 1223 956 1276 sanctis
983 1223 1084 1278 hoc
1129 1236 1211 1279 est
1235 1226 1639 1280 saluberrimum
1681 1226 2007 1293 amplecten-

431 1307 663 1380 dumque
701 1314 982 1368 consilium
1012 1331 1024 1366 :
1057 1313 1290 1383 Include,
1326 1318 1512 1386 inquit,
1560 1317 1924 1386 eteemosynam
1953 1317 2008 1370 in

429 1400 579 1455 corde
601 1405 858 1472 pauperis,
882 1413 927 1458 et
947 1405 1054 1459 [nec
1079 1423 1168 1474 pro
1198 1416 1244 1460 te
1269 1408 1491 1460 exorabit
1512 1405 1695 1474 (Eccli.
1724 1422 1872 1472 xxxx,
1893 1406 2005 1475 15).

524 1493 578 1550 5.
643 1495 954 1550 Abstinentia
1017 1499 1181 1570 qualis
1242 1499 1578 1569 suscipienda.
1648 1499 2010 1553 Admonemus

431 1585 588 1638 etiam
643 1602 735 1641 eos
781 1589 870 1657 qui
925 1604 983 1643 se
1031 1605 1059 1642 a
1111 1591 1358 1645 carnibus
1406 1592 1716 1657 abstinent,
1765 1606 1831 1645 ne
1885 1605 2007 1645 vasa

430 1676 482 1729 in
509 1677 699 1746 quibus
727 1689 852 1735 sunt
882 1690 1045 1736 cocta:
1074 1691 1318 1751 tanquam
1346 1683 1615 1737 immunda
1639 1684 1890 1738 devitent.
1921 1683 2009 1738 Sic

431 1767 571 1819 enim
613 1768 834 1836 loquens
879 1771 1159 1838 Apostolus
1197 1772 1270 1825 ait
1303 1790 1316 1826 :
1354 1771 1538 1825 Omnia
1581 1773 1769 1826 munda
1808 1771 2009 1825 mundis

433 1855 557 1927 (Tit.
593 1873 628 1922 ι,
664 1859 772 1927 15).
803 1859 952 1926 Quod
995 1861 1135 1916 enim
1166 1861 1223 1915 fit
1254 1863 1306 1916 in
1347 1864 1645 1933 hujusmodi
1676 1865 2008 1918 observatio-
2059 1895 2063 1898 ~

433 1949 588 2004 nibus
612 1965 738 2004 sana
768 1951 1027 2017 doctrina,
1071 1970 1174 2007 non
1205 1955 1263 2008 fit
1285 1969 1443 2008 causa
1483 1955 1829 2009 immunditia:
1857 1955 2005 2008 devi-

433 2042 624 2106 tandas,
657 2042 750 2098 sed
793 2046 1232 2114 concupiscentiae
1280 2046 1627 2102 refrenandze.
1676 2046 1826 2103 Unde
1855 2057 1907 2101 et
1937 2047 2009 2101 illi

430 2133 519 2202 qui
565 2133 643 2188 sic
689 2148 747 2189 se
774 2149 804 2187 a
849 2136 1096 2191 carnibus
1142 2147 1458 2208 temperant,
1510 2149 1564 2192 ut
1606 2140 1738 2192 alias
1779 2153 1930 2194 escas
1957 2147 2010 2193 et

430 2220 741 2278 difficilioris
770 2229 1164 2295 praeparationis
1192 2238 1246 2283 et
1273 2229 1426 2298 pretii
1465 2230 1682 2298 majoris
1719 2231 2006 2300 inquirant,

429 2315 652 2370 multum
681 2327 882 2372 errant.
909 2318 1022 2373 Non
1051 2321 1195 2375 enim
1220 2331 1302 2376 est
1329 2321 1430 2376 hoc
1449 2321 1716 2391 suscipere
1738 2322 2008 2376 abstinen-

432 2407 578 2474 tiam,
629 2409 723 2464 sed
767 2421 974 2466 mutare
1019 2413 1300 2467 luxuriam.
1351 2414 1631 2482 Quomodo
1659 2416 1773 2469 istis
1816 2413 2008 2469 dicturi

428 2515 635 2578 sumus,
662 2512 719 2558 ut
742 2504 881 2574 quod
910 2505 1009 2559 sibi
1030 2507 1314 2562 detrahunt
1336 2508 1461 2562 dent
1483 2509 1734 2578 pauperi;
1765 2525 1795 2562 a
1816 2510 2009 2578 quibus

429 2576 617 2649 solitus
661 2596 731 2649 ita
779 2598 928 2653 cibus
971 2600 1304 2670 relinquitur,
1351 2611 1408 2656 ut
1434 2576 1620 2656 inalio
1647 2576 2008 2672 compa—rando

429 2697 669 2757 sumptus
694 2693 985 2760 augeatur?
1012 2692 1196 2749 Estote
1223 2710 1350 2764 ergo
1372 2696 1452 2749 bis
1479 2695 1664 2751 diebus
1695 2706 1746 2751 et
1768 2697 2009 2752 crebrius

423 2777 747 2847 jejunantes,
778 2791 832 2836 et
860 2783 1008 2837 vobis
1055 2785 1264 2853 parcius
1310 2786 1696 2856 impendentes,
1747 2797 1802 2842 et
1826 2790 2009 2858 egenis

427 2869 624 2940 largius
667 2874 977 2928 tribuentes.
1004 2876 1047 2928 A
1075 2876 1335 2946 conjngali
1365 2894 1575 2948 quoque
1612 2880 1918 2945 concubitu,
1952 2880 2008 2935 hi

427 2961 542 3017 dies
569 2966 833 3032 postulant
861 2968 1240 3023 continentiam
1270 2987 1282 3023 :
1312 2969 1392 3023 Ad
1419 2980 1632 3036 tempus,
1669 2973 1745 3026 ait
1781 2974 2008 3042 Aposto-

427 3052 529 3119 lus,
549 3064 602 3105 ut
625 3057 805 3109 vacetis
825 3058 1040 3111 orationi
1063 3075 1081 3112 :
1103 3069 1149 3112 et
1167 3061 1343 3114 iterum
1366 3063 1669 3115 revertimini
1688 3063 1742 3116 in
1761 3064 2008 3132 idipsum,

427 3161 490 3198 ne
514 3156 665 3201 tentet
694 3164 778 3200 vos
825 3159 1028 3202 satanas
1066 3161 1270 3225 propter
1313 3153 1748 3222 intemperantiam
1791 3164 2008 3208 uestram

428 3235 485 3306 (l
513 3235 629 3292 Cor.
682 3253 774 3304 vn,
805 3240 894 3307 5).
945 3238 1059 3294 Νοιι
1088 3251 1170 3296 est
1201 3241 1303 3296 hoc
1343 3243 1562 3296 arduum
1591 3255 1751 3314 atque
1792 3244 2008 3301 difficile

427 3325 611 3380 diebus
642 3329 820 3395 paucis
859 3329 1098 3385 fidelibus
1141 3332 1452 3402 conjugatis,
1477 3335 1619 3403 quod
1643 3351 1674 3390 a
1710 3345 1858 3392 certo
1886 3338 2007 3392 vitzc

427 3418 650 3472 articulo
681 3433 847 3489 usque
881 3421 930 3474 in
973 3420 1130 3476 tinem
1169 3431 1366 3477 sancta:
1409 3423 1579 3479 viduae
1615 3436 2004 3495 susceperunt,

427 3511 565 3580 quod
595 3519 700 3564 tota
731 3513 834 3566 vita
880 3523 1078 3568 sancta:
1108 3515 1338 3586 virgines
1367 3515 1582 3572 faciunt.
1624 3519 1799 3588 Atque
1827 3522 1879 3574 in
1925 3521 2008 3576 his

427 3603 672 3657 omnibus
712 3604 910 3659 ferveat
939 3605 1168 3673 devotio,
1217 3609 1597 3678 comprimatur
1624 3611 1805 3665 elatio.
1839 3612 2007 3667 Nemo

426 3692 504 3748 sic
529 3694 757 3763 gaudeat
783 3694 850 3750 de
873 3695 1012 3750 bono
1044 3697 1319 3767 largitatis,
1349 3708 1408 3752 ut
1433 3700 1627 3755 bonum
1667 3702 1874 3757 amittat
1903 3703 2006 3758 hu—

429 3784 685 3839 militatis.
726 3786 912 3840 Omnia
962 3803 1087 3841 vero
1115 3798 1307 3844 caetera
1352 3789 1445 3845 Dei
1485 3791 1621 3846 dona
1663 3809 1768 3848 non
1809 3793 2008 3853 faciunt

430 3875 682 3943 prodesse
719 3877 937 3948 aliquid,
972 3877 1073 3932 nisi
1110 3879 1249 3934 adsit
1287 3881 1554 3937 vinculum
1605 3883 1898 3944 charitatis.

951 4051 1178 4110 SERMO
1197 4053 1360 4109 ccx-
1377 4054 1474 4126 (a).

944 4189 994 4233 lu
1012 4185 1397 4249 Quadragesima,
1422 4205 1487 4240 v1.

495 4329 726 4386 CAPUT
764 4332 1044 4391 PRIMUM.
1075 4339 1216 4392 -1,
1251 4338 1317 4392 In
1347 4339 1746 4413 Quadragesima
1773 4346 2006 4401 cumide-

424 4423 642 4476 randum
670 4425 791 4478 anni
818 4435 1013 4498 tempus
1031 4438 1077 4482 et
1103 4431 1296 4485 dierum
1325 4449 1579 4489 numerus.
1609 4436 1856 4495 Solemne
1874 4450 2010 4496 tem-

426 4530 525 4582 pus
567 4514 798 4582 advenit,
847 4518 990 4587 quod
1039 4523 1267 4591 amplius
1307 4541 1463 4593 quant
1518 4543 1612 4596 per
1650 4532 1773 4584 anni
1815 4541 2008 4590 cartera

425 4608 615 4675 spatia,
648 4624 746 4664 nos
779 4612 1110 4668 orationibus
1139 4624 1299 4684 atque
1326 4617 1540 4687 jejuniis
1569 4622 1797 4678 animam
1831 4624 2008 4680 humi-

425 4698 574 4764 liare,
606 4708 660 4753 et
684 4715 881 4770 corpus
905 4705 1164 4774 castigare
1188 4720 1545 4765 commoneat.
1578 4711 1684 4766 Cur
1703 4724 1878 4770 autem
1907 4717 2009 4776 hoc

425 4791 815 4861 propinquante
839 4795 1177 4853 solemnitate
1207 4799 1494 4856 Dominicaa
1524 4807 1800 4874 passionis,
1831 4819 1884 4865 et
1913 4829 2010 4868 cur

424 4881 815 4952 quadragesimi
857 4889 1063 4942 numeri
1107 4892 1360 4960 mysterio
1399 4895 1713 4964 celebretur,
1757 4902 2006 4969 quoniam

425 4974 560 5027 solet
608 4989 823 5031 movere
853 4980 1160 5048 nonnullos,
1193 4985 1384 5039 merito
1420 4985 1486 5041 de
1528 4987 1629 5044 hac
1657 5007 1716 5045 re
1744 4995 1884 5062 quod
1912 4995 2009 5050 di-

423 5067 649 5122 cendum
696 5069 950 5126 Dominus
994 5072 1482 5147 donare'dignatus
1523 5089 1626 5147 est,
1670 5084 1734 5138 ad
1778 5097 2007 5146 vestram

423 5155 747 5215 Charitatem
778 5162 1016 5231 proferre
1045 5167 1384 5237 suscipimus.
1415 5170 1560 5237 Quos
1581 5183 1756 5230 autem
1780 5179 1878 5234 ista
1903 5197 2006 5238 non

423 5251 490 5304 ad
517 5252 846 5322 litigandum,
875 5257 970 5310 sed
1015 5257 1083 5312 ad
1109 5263 1536 5330 cognoscendum
1563 5283 1807 5337 quan-ere
1853 5277 2006 5330 novi-

424 5359 562 5407 mus,
593 5359 777 5399 eorum
804 5345 909 5403 fide
938 5358 1097 5420 atque
1125 5353 1324 5421 pietate
1343 5357 1567 5414 multum
1588 5361 1921 5437 adjuvamur,
1949 5379 2009 5424 ut

424 5433 645 5490 dicenda
673 5437 958 5507 impetrare
987 5441 1274 5512 possimus.

488 5637 506 5656 ⁶
528 5635 936 5749 ωυειυεᾶιπὶῑθιο
970 5641 1030 5690 ad
1051 5641 1116 5692 cl.
1153 5658 1195 5694 r.
1229 5659 1322 5696 rm.
1357 5660 1410 5699 v.
1437 5657 1490 5700 et
1529 5649 1590 5700 ad
1620 5658 1730 5703 ων.

488 5698 563 5749 (α)
586 5698 728 5749 Alias.
778 5713 807 5749 e
826 5703 1036 5749 Diversis
1050 5704 1130 5749 74-

487 5698 563 5760 (α)
586 5698 728 5760 Alias,
743 5698 807 5750 de
826 5703 1036 5755 Diversis
1050 5704 1130 5756 74.

1645 285 1702 341 S.
1741 283 2105 343 AUGUSTINI
2145 285 2444 342 EPISCOPI

3555 285 3699 342 1048

2182 400 2236 454 2.
2281 402 2502 466 Qumtio
2525 418 2544 457 :
2569 401 2673 456 Cur
2689 417 2748 456 eo
2774 411 2995 470 tempore
3010 402 3287 472 jejunetur,
3313 408 3429 455 ante
3446 398 3700 469 Baptismi

2112 491 2507 546 celebrationem.
2537 491 2838 560 Responsio.
2871 491 2983 546 Hoc
3021 491 3163 546 enim
3188 491 3325 546 solet
3349 491 3523 545 facere
3551 504 3702 558 quae-

2113 584 2359 649 stionem,
2379 599 2474 638 cur
2489 585 2601 654 ipse
2621 585 2872 639 Dominus
2892 584 3047 639 Jesus
3065 583 3330 647 Christus,
3349 584 3436 652 qui
3462 583 3698 638 humano

2112 687 2338 742 corpore
2379 684 2654 745 assumpto
2696 675 2761 729 ad
2816 675 2917 729 hoc
2960 675 3141 743 utique
3183 673 3488 727 hominibus
3531 672 3698 726 homo

2112 763 2283 819 factus
2325 768 2586 834 apparuit,
2634 777 2691 820 ut
2720 767 2872 821 nobis
2916 774 2968 820 et
3013 765 3224 820 vivendi
3257 775 3310 820 et
3339 761 3596 819 moriendi
3638 771 3697 818 et

2115 856 2422 924 resurgendi
2464 857 2722 926 praeberet
2763 857 3084 925 exemplum,
3119 871 3225 910 non
3269 865 3553 924 antequam
3596 868 3692 907 oa-

2116 945 2418 1011 ptizaretur,
2460 947 2551 1000 sed
2596 957 2934 1017 posteaquam
2965 947 3261 1014 baptizatus
3289 955 3372 1000 est
3410 945 3693 1014 jejunavit.

2113 1035 2202 1092 Sic
2242 1038 2382 1092 enim
2423 1038 2676 1107 scriptum
2725 1030 2807 1093 est
2852 1039 2904 1092 in
2952 1037 3283 1107 Evangelio:
3322 1055 3340 1088 ι
3392 1037 3698 1104 Baptizatus

2113 1137 2288 1182 autem
2309 1129 2584 1182 confestim
2611 1129 2849 1183 ascendit
2876 1129 2944 1183 de
2968 1143 3134 1196 aqua;
3157 1135 3210 1181 et
3234 1142 3360 1182 ecce
3380 1127 3547 1196 aperti
3575 1133 3702 1180 sunt

2113 1220 2161 1273 ei
2187 1221 2331 1286 caali,
2354 1230 2408 1274 et
2435 1221 2565 1274 vidit
2593 1219 2845 1289 Spiritum
2874 1221 2966 1275 Dei
2989 1221 3399 1275 descendentem
3429 1235 3592 1288 super
3613 1234 3696 1273 se.

2091 1309 2181 1363 ‘Et
2205 1325 2331 1366 ecce
2357 1327 2457 1365 vox
2488 1313 2555 1367 de
2581 1313 2735 1367 caelis
2763 1312 2944 1366 dicens
2975 1329 2989 1365 :
3024 1312 3119 1366 Hic
3139 1321 3219 1366 est
3240 1311 3407 1366 Filius
3437 1327 3587 1365 meus
3617 1311 3702 1364 di-

2114 1400 2300 1464 lectus,
2330 1403 2380 1455 in
2403 1419 2507 1472 quo
2534 1403 2660 1456 mihi
2691 1403 3008 1472 complacui.
3042 1403 3190 1458 Tunc
3216 1403 3370 1457 Jesus
3400 1402 3591 1457 ductus
3618 1411 3704 1455 est

2114 1491 2166 1544 in
2211 1491 2480 1546 desertum
2506 1509 2534 1546 a
2579 1493 2799 1562 Spiritu,
2845 1502 2904 1547 ut
2946 1503 3241 1547 tentaretur
3281 1509 3310 1546 a
3339 1493 3573 1546 diabolo.
3630 1492 3702 1546 Et

2114 1597 2233 1636 cum
2278 1583 2572 1652 jejunasset
2627 1585 2972 1655 quadraginta
3027 1586 3214 1641 diebus
3251 1596 3304 1641 et
3348 1586 3700 1656 quadraginta

2115 1674 2358 1729 noctibus
2379 1717 2393 1740 ,
2425 1685 2604 1745 postea
2627 1678 2812 1730 esuriit
2840 1696 2858 1728 ι
2885 1676 3097 1745 (Matth.
3123 1694 3200 1742 Ill,
3232 1679 3300 1731 16
3323 1687 3370 1730 et
3394 1678 3479 1741 i7;
3507 1693 3558 1730 ιν
3578 1719 3594 1742 ,
3617 1674 3700 1747 2).

2114 1767 2221 1822 Nos
2249 1779 2424 1823 autem
2454 1786 2574 1823 cum
2604 1771 2681 1825 eis
2732 1772 2818 1840 qui
2853 1771 3152 1840 baptizandi
3199 1782 3341 1834 sunt,
3394 1781 3517 1826 ante
3556 1773 3702 1826 diem

2115 1860 2367 1930 Baptismi
2400 1877 2602 1923 eorum,
2634 1862 2724 1932 qui
2762 1863 2875 1917 dies
2935 1863 3206 1918 Paschalis
3233 1865 3535 1933 appropiat,
3561 1863 3706 1932 jeju-

2114 1966 2321 2017 namus,
2347 1961 2464 2020 post
2487 1968 2643 2021 quem
2669 1953 2807 2007 diem
2837 1969 2930 2022 per
2953 1953 3066 2007 dies
3091 1954 3469 2023 quinquaginta
3497 1953 3702 2022 jejunia

2113 2041 2431 2095 relaxamus.
2463 2041 2613 2108 Quod
2641 2043 2830 2097 merito
2857 2058 3072 2098 movere
3092 2043 3330 2110 deberet,
3354 2044 3398 2097 si
3427 2044 3700 2112 baptizare

2115 2133 2198 2188 vel
2224 2133 2478 2202 baptizari
2505 2134 2608 2188 nisi
2633 2135 2719 2190 die
2744 2135 2985 2189 Paschali
3012 2135 3406 2189 solemnissimo
3430 2151 3534 2188 non
3573 2135 3702 2187 lice-

2114 2235 2216 2280 ret.
2264 2226 2330 2279 At
2364 2241 2484 2280 cum
2520 2242 2612 2294 per
2641 2234 2810 2280 totum
2848 2242 3068 2294 annum,
3114 2227 3251 2281 sicut
3291 2226 3574 2294 unicuique
3613 2225 3702 2279 vel

2115 2317 2400 2371 necessitas
2450 2319 2604 2373 fuerit
2651 2319 2737 2373 vel
2790 2319 3075 2384 voluntas,
3127 2333 3231 2372 non
3279 2319 3624 2389 prohibeatur
3665 2335 3701 2373 a

2112 2406 2402 2477 Baptismo,
2448 2409 2498 2463 id
2539 2409 2772 2464 donante
2803 2410 2892 2464 illo
2939 2410 3028 2480 qui
3073 2409 3217 2465 dedit
3260 2411 3339 2464 eis
3385 2418 3700 2480 potestatem

2113 2498 2250 2554 filios
2278 2501 2369 2554 Dei
2401 2501 2513 2555 fieri
2557 2500 2732 2572 (Joan.
2767 2518 2805 2569 ι,
2836 2501 2962 2572 12);
2995 2504 3407 2557 anniversariam
3439 2519 3567 2557 vero
3599 2491 3716 2556 Do?

2113 2593 2241 2646 mini
2270 2593 2590 2662 passionem,
2621 2593 2831 2648 nonnisi
2859 2604 3007 2648 certo
3033 2595 3156 2648 anni
3186 2595 3295 2662 die,
3327 2595 3466 2665 quod
3495 2596 3698 2651 Pascha

2114 2685 2324 2752 dicitur,
2377 2686 2533 2741 liceat
2574 2687 2830 2742 celebrari
2881 2707 2892 2740 :
2938 2688 3194 2757 Baptismi
3246 2697 3639 2744 sacramentum
3669 2704 3702 2742 a

2116 2776 2315 2831 Pascha
2357 2778 2538 2845 procul
2583 2778 2744 2832 dubio
2786 2778 3216 2848 distinguendum
3246 2791 3346 2834 est.
3397 2781 3507 2834 Hoc
3554 2781 3700 2834 cnim

2111 2869 2254 2922 omni
2285 2868 2369 2922 die
2397 2869 2517 2922 licet
2546 2874 2830 2939 accipere:
2865 2871 2991 2925 illud
3034 2887 3140 2926 uno
3185 2880 3238 2926 et
3263 2880 3412 2928 certo
3440 2873 3563 2926 anni
3614 2873 3704 2927 die

2111 2957 2190 3012 fas
2214 2969 2295 3012 est
2320 2974 2497 3028 agere.
2525 2959 2636 3014 Hoc
2662 2961 2726 3014 ad
2759 2961 3110 3015 innovandam
3139 2963 3300 3016 vitam
3337 2963 3490 3017 datur
3523 2981 3535 3017 :
3571 2963 3701 3018 illud

2111 3050 2178 3104 ad
2206 3051 2475 3119 religionis
2521 3055 2831 3108 memoriam
2863 3055 3285 3110 commendatur.
3321 3056 3427 3111 Sed
3459 3057 3600 3126 quod
3630 3057 3700 3112 ad

2112 3142 2261 3198 illum
2323 3145 2464 3199 diem
2519 3146 2675 3216 longe
2729 3147 2900 3215 major
2951 3148 3384 3217 haptizandorum
3449 3166 3703 3205 numerus

2111 3236 2349 3304 confluit,
2401 3255 2506 3292 non
2555 3239 2724 3308 gratia
2773 3240 2986 3294 uberior
3029 3241 3217 3296 salutis
3260 3240 3347 3296 hic
3389 3241 3570 3310 distat,
3601 3243 3700 3298 sed

2111 3327 2293 3383 ltetitia
2333 3329 2502 3398 major
2531 3329 2834 3386 festivitatis
2862 3331 3064 3386 invitat.

2181 3419 2406 3477 CAPUT
2459 3421 2522 3474 II.
2561 3452 2634 3462 —
2667 3421 2720 3478 5.
2762 3422 3052 3493 Baptismus
3100 3423 3320 3479 Joannis
3359 3442 3393 3479 a
3437 3424 3694 3496 Baptismo

2113 3509 2298 3565 Christi
2325 3512 2698 3568 discernendus.
2734 3513 3066 3570 Sacramenta
3091 3517 3267 3571 veteris
3316 3516 3465 3587 Legis
3492 3535 3583 3570 cur
3608 3535 3701 3572 su-

2110 3605 2267 3674 scepit
2291 3604 2541 3660 Christus.
2575 3607 2791 3673 Quando
2820 3610 3022 3663 tentatio
3061 3609 3295 3679 infertur,
3332 3612 3698 3681 jejunandum.

2111 3696 2246 3763 Quid
2276 3697 2414 3768 quod
2441 3699 2599 3752 etiam
2627 3699 2922 3768 baptismus
2937 3701 3178 3768 Joannis,
3206 3718 3365 3772 quem
3401 3713 3524 3758 tunc
3547 3700 3703 3758 Chri-

2111 3797 2224 3843 stus
2250 3789 2474 3858 accepit,
2505 3805 2532 3843 a
2563 3790 2827 3859 baptismo
2871 3792 3036 3862 ipsius
3063 3791 3282 3861 Christi,
3329 3809 3485 3864 quem
3519 3794 3702 3850 fideles

2111 3877 2227 3948 ejus
2269 3879 2554 3948 accipiunt,
2586 3881 2974 3938 discernendus
3013 3893 3130 3951 est;
3176 3901 3273 3940 nec
3319 3886 3439 3940 ideo
3469 3886 3556 3942 ille
3593 3902 3702 3957 quo

2109 3969 2406 4040 baptizatus
2434 3981 2514 4026 est
2558 3971 2820 4037 Christus,
2868 3976 3056 4030 melior
3084 3987 3166 4032 est
3198 3979 3301 4032 isto
3333 3993 3440 4049 quo
3468 3979 3704 4048 baptiza-

2112 4070 2198 4117 tur
2232 4065 2573 4133 cbristianus,
2619 4066 2740 4134 quia
2767 4068 3058 4123 christiano
3083 4071 3271 4125 melior
3309 4080 3390 4125 est
3417 4071 3699 4137 Christus;

2112 4154 2204 4208 sed
2236 4153 2354 4208 ideo
2384 4156 2551 4225 magis
2578 4156 2717 4210 istud
2745 4157 3083 4226 baptismum,
3113 4160 3235 4230 quia
3249 4160 3448 4217 Christi
3473 4171 3573 4229 est,
3618 4163 3700 4219 illi

2114 4245 2478 4313 prreponitur?
2508 4245 2740 4301 Joannes
2775 4249 2916 4302 enim
2948 4249 3230 4320 baptizavit
3257 4253 3548 4322 Christum,
3575 4270 3702 4310 cum

2113 4349 2172 4389 se
2197 4335 2409 4389 Christo
2435 4337 2777 4392 confiteretur
2799 4340 3058 4395 minorem
3092 4359 3105 4397 :
3132 4343 3376 4399 Christus
3395 4353 3570 4401 autem
3603 4348 3702 4402 ba-

2113 4425 2276 4493 ptizat
2313 4425 2683 4490 christianum.
2717 4430 2806 4497 qui
2847 4445 2906 4484 se
2932 4433 3164 4487 ostendit
3193 4444 3246 4488 et
3283 4434 3487 4492 Joanne
3528 4438 3703 4507 majo-

2112 4531 2253 4570 rem.
2299 4517 2449 4573 Sicut
2493 4519 2900 4577 circumcisione
2948 4524 3145 4592 carnis,
3201 4529 3444 4596 quamvis
3486 4544 3603 4583 eam
3649 4541 3707 4586 et

2112 4605 2355 4663 Christus
2375 4609 2596 4678 accepit,
2616 4621 2670 4665 et
2687 4627 2843 4666 nemo
2859 4612 3179 4670 christianus
3196 4634 3336 4672 nunc
3353 4621 3564 4689 accipit,
3581 4637 3701 4676 me-

2113 4697 2214 4752 lius
2252 4707 2336 4754 est
2361 4710 2750 4756 sacramentum
2797 4709 3204 4763 resurrectionis
3239 4708 3458 4776 Christi,
3501 4728 3606 4782 quo
3635 4715 3704 4769 ad

2113 4789 2484 4857 expoliandam
2509 4793 2779 4847 carnalem
2809 4809 2871 4850 ac
2900 4806 3135 4852 veterem
3172 4801 3333 4855 vitam
3361 4803 3706 4860 circumcidi-

2115 4887 2202 4933 tur
2224 4879 2562 4950 christianus,
2589 4893 2644 4937 ut
2669 4885 2848 4940 audiat
2873 4889 3184 4957 Apostolum
3214 4891 3480 4950 dicentem
3510 4911 3526 4949 :
3554 4893 3702 4950 Sicut

2112 4966 2340 5026 Christus
2365 4976 2638 5028 resurrexit
2662 4992 2695 5028 a
2720 4979 2932 5033 mortuis
2971 4997 3060 5050 per
3084 4981 3296 5050 gloriam
3326 4983 3518 5052 Patris,
3554 4987 3627 5041 sic
3653 4996 3710 5043 et

2113 5078 2204 5116 nos
2245 5063 2300 5117 in
2339 5066 2556 5120 novitate
2583 5069 2697 5122 vita
2740 5071 3052 5127 ambulemus
3081 5072 3256 5146 (Rom.
3309 5093 3384 5144 vt,
3430 5078 3506 5146 4).
3553 5079 3705 5138 Sicut

2113 5155 2286 5225 ipsum
2330 5168 2485 5214 vetus
2520 5160 2746 5229 Pascha,
2799 5164 2940 5232 quod
2969 5168 3088 5236 agni
3117 5169 3386 5226 occisione
3430 5173 3702 5231 celebrare

2114 5262 2436 5322 przrceptum
2463 5264 2563 5318 est,
2593 5270 2699 5310 non
2743 5257 2864 5312 ideo
2892 5260 3012 5328 quia
3041 5260 3140 5316 hoc
3164 5277 3283 5317 cum
3311 5263 3581 5336 discipulis
3609 5282 3704 5322 ce-

2111 5341 2337 5396 lebravit
2363 5341 2627 5414 Christus,
2660 5349 2849 5404 melius
2886 5360 2970 5405 est
2997 5367 3153 5421 quam
3194 5353 3398 5410 Pascha
3435 5367 3700 5426 nostrum,

2113 5450 2216 5504 quo
2243 5437 2545 5492 immolatus
2573 5450 2654 5495 est
2693 5442 2954 5497 Christus.
3005 5444 3264 5500 Pertinuit
3302 5449 3442 5502 enim
3474 5450 3537 5504 ad
3565 5466 3705 5520 pra:-

2115 5530 2342 5584 bendmn
2375 5531 2527 5587 nobis
2551 5533 2861 5589 humilitatis
2893 5544 2947 5592 et
2975 5538 3273 5594 devotionis
3296 5544 3619 5613 exemplum.
3645 5556 3704 5601 ut

2111 5622 2199 5676 illa
2231 5625 2389 5678 etiam
2421 5637 2751 5683 sacramenta
2786 5631 3007 5686 veniens
3044 5635 3314 5704 suscipere
3353 5637 3662 5706 dignaretur
3682 5681 3699 5705 ,

2114 5717 2308 5786 quibus
2335 5731 2591 5776 venturus
2609 5722 2723 5793 ipse
2748 5726 3205 5794 pramuntiabatur
3232 5746 3247 5786 ξ
3273 5739 3332 5786 ιιι
3356 5730 3483 5789 hinc
3510 5743 3696 5791 osten-
