4070 6330
362 322 503 381 1049

360 443 514 499 deret
537 444 733 511 quanta
757 435 1014 506 religione
1058 447 1158 489 nos
1180 438 1389 501 oportet
1414 428 1529 483 haec
1558 424 1831 495 suscipere
1857 436 1943 475 sa—

360 539 656 593 cramenta,
703 529 897 599 quibus
932 527 1042 597 jam
1072 525 1284 582 venisse
1332 523 1620 577 nuntiatur.
1653 518 1768 573 Non
1816 530 1945 584 ergo

361 626 482 696 quia
509 623 749 679 Christus
779 629 897 689 post
928 628 1201 689 acceptum
1230 616 1449 672 Joannis
1470 613 1791 682 baptismum
1813 623 1944 663 con-

362 719 511 773 tinuo
552 716 829 786 jejunavit,
862 723 1110 783 tanquam
1143 710 1375 780 regulam
1418 704 1804 761 observationis
1848 703 1945 755 de-

359 812 503 867 disse
530 807 828 865 credendus
845 816 947 871 est,
980 813 1038 859 ut
1064 812 1183 874 post
1207 803 1370 873 ipsius
1398 799 1591 854 Christi
1618 797 1945 867 Baptismum

358 913 656 971 acceptum,
689 899 941 954 continuo
978 900 1221 967 jejunare
1270 908 1488 949 necesse
1517 893 1585 946 sit
1615 909 1627 944 :
1660 890 1754 944 sed
1792 888 1946 957 plane

360 996 450 1049 illo
479 991 724 1060 exemplo
769 990 949 1045 docuit
971 987 1315 1058 jejunaudum
1367 1000 1505 1047 esse,
1553 980 1767 1051 quando
1813 980 1947 1033 forte

358 1087 566 1141 acriore
595 1083 879 1138 luctamine
916 1097 1038 1136 eum
1067 1088 1329 1134 tcntatore
1357 1076 1707 1144 conlligimus.
1742 1071 1822 1126 0b
1847 1072 1946 1125 hoc

358 1179 499 1232 enim
524 1177 784 1240 Christus,
811 1174 896 1241 qui
924 1174 1061 1228 sicut
1078 1172 1238 1226 homo
1258 1169 1506 1239 dignatus
1532 1176 1614 1221 est
1640 1165 1807 1227 nasci,
1838 1178 1943 1217 non

358 1271 559 1338 respuit
583 1270 719 1322 sicut
757 1266 917 1321 homo
958 1264 1166 1329 tentari,
1200 1272 1254 1316 ut
1282 1260 1602 1316 cliristiauus
1640 1256 1946 1326 magisterio

358 1363 472 1429 ejus
504 1362 794 1415 instructus
826 1373 928 1411 non
963 1355 1129 1425 possit
1152 1369 1183 1408 a
1217 1363 1477 1408 tentatore
1519 1349 1780 1419 superari.
1822 1346 1946 1403 Sive

358 1470 484 1522 ergo
525 1454 777 1508 continuo
808 1461 926 1522 post
956 1450 1304 1520 Baptismum,
1352 1448 1464 1502 sive
1504 1445 1741 1517 quolibet
1772 1445 1943 1499 intcr~

359 1547 495 1599 vallo
545 1545 798 1613 temporis
845 1544 1178 1611 interposito,
1230 1540 1443 1610 quando
1484 1539 1659 1595 simile
1705 1537 1943 1607 praelium

359 1639 664 1694 tentationis
704 1637 925 1692 infertur
972 1634 1191 1700 homini,
1236 1633 1581 1705 jejunaudum
1626 1641 1707 1686 est
1742 1650 1755 1686 :
1790 1639 1850 1686 ut
1891 1639 1946 1686 et

356 1749 550 1800 corpus
596 1730 808 1800 impleat
854 1730 921 1784 de
959 1728 1305 1799 castigatione
1340 1726 1604 1791 militiam,
1654 1734 1708 1779 et
1735 1724 1945 1779 animus

359 1828 604 1894 impetret
640 1824 706 1877 de
737 1823 1100 1877 humiliatioue
1125 1823 1420 1876 victoriam.
1453 1820 1510 1874 ιιι
1554 1819 1647 1872 illo
1676 1833 1805 1888 ergo
1844 1817 1944 1871 do-

358 1919 552 1972 niinico
577 1916 821 1983 exemplo
850 1917 987 1975 illius
1014 1929 1171 1969 causa
1194 1914 1403 1984 jejunii,
1428 1928 1532 1967 non
1560 1911 1809 1966 Jordauis
1842 1911 1948 1965 tin-

356 2014 488 2074 ctio,
532 2011 621 2064 sed
654 2008 850 2063 diaboli
877 2008 1096 2062 tentatio
1130 2006 1248 2061 fuit.

428 2100 652 2157 CAPUT
707 2099 791 2153 Ill.
841 2128 912 2139 —
956 2100 1010 2153 4,
1058 2097 1162 2153 Cur
1213 2097 1659 2169 Quadragesimale
1687 2096 1947 2167 jejunium

357 2205 474 2247 ante
497 2191 715 2246 Pascha.
747 2190 928 2244 Ablato
953 2205 1137 2260 sponso
1164 2189 1284 2257 [illis
1314 2188 1605 2259 lugendum.
1640 2191 1745 2242 Cur
1766 2198 1945 2243 autem

358 2302 456 2340 nos
469 2295 591 2338 ante
615 2283 1005 2338 solemnitatem
1035 2281 1293 2350 passionis
1314 2279 1599 2334 Dominica:
1618 2279 1942 2349 jejunemus,

358 2387 412 2432 et
438 2378 523 2431 illa
545 2377 869 2446 jejunioruni
895 2374 1154 2429 relaxatio
1167 2373 1606 2443 quinquagesimo
1650 2372 1737 2428 die
1789 2374 1946 2443 perli-

358 2469 549 2529 ciatur,
578 2468 692 2521 haec
714 2467 849 2520 ratio
873 2474 973 2520 est.
996 2464 1184 2519 Omnis
1207 2465 1293 2534 qui
1321 2474 1465 2518 recte
1484 2464 1945 2533 jejnnat,autani-

358 2576 500 2615 mani
524 2575 673 2614 suam
697 2560 747 2613 iu
778 2560 977 2629 gemitu
998 2558 1256 2613 orationis
1281 2565 1334 2611 et
1358 2556 1705 2626 castigatione
1749 2572 1945 2627 corpo-

360 2653 433 2706 ris
464 2651 703 2704 humiliat
731 2666 797 2704 ex
826 2650 928 2704 ﬁde
945 2666 1048 2703 non
1073 2648 1214 2714 ﬁcta;
1246 2648 1424 2703 autab
1457 2649 1705 2705 illecebra
1745 2651 1945 2704 carnali

362 2744 538 2813 inopia
559 2744 733 2813 aliqua
756 2742 1013 2813 spirituali
1036 2742 1272 2795 veritatis
1289 2749 1343 2795 et
1392 2742 1665 2811 sapientiae
1710 2742 1945 2797 delecta-

362 2834 506 2889 tione
552 2848 828 2903 suspensa,
856 2832 919 2887 ad
954 2832 1145 2887 famem
1181 2833 1427 2902 sitimque
1483 2832 1815 2887 sentiendani
1849 2833 1946 2889 de-

360 2927 567 2983 scendit
586 2927 701 2996 ejus
724 2925 945 2981 intentio
962 2924 1058 2995 (a).
1093 2926 1165 2979 De
1187 2936 1411 2995 utroque
1431 2925 1617 2997 jejunii
1631 2942 1827 2996 genere
1844 2926 1950 2981 Do-

362 3022 538 3076 minus
580 3019 854 3089 respondit
901 3019 1348 3088 interrogantibus
1396 3034 1493 3073 cur
1540 3019 1783 3087 discipuli
1832 3019 1947 3087 ejus

362 3124 468 3162 non
496 3107 813 3177 jejuuarent.
843 3105 971 3160 Nam
990 3106 1059 3161 de
1084 3105 1175 3159 illo
1197 3106 1388 3176 primo,
1443 3104 1585 3175 quod
1634 3104 1792 3159 habet
1830 3105 1948 3158 ani-

360 3216 463 3253 mae
491 3198 908 3252 humiliationem
935 3215 948 3250 :
971 3195 1093 3251 Non
1123 3205 1347 3267 possunt,
1392 3196 1560 3266 inquit
1588 3238 1604 3262 ,
1642 3197 1812 3265 lugere
1854 3196 1949 3264 ﬁlii

360 3294 552 3361 sponsi,
576 3292 819 3362 quamdiu
855 3308 969 3345 eum
984 3292 1054 3346 eis
1082 3300 1153 3346 est
1182 3308 1417 3361 sponsus.
1473 3290 1578 3344 Sed
1616 3292 1773 3344 veniet
1823 3291 1950 3344 hora

361 3385 567 3450 quando
586 3390 843 3455 auferetur
870 3387 933 3439 ab
958 3386 1029 3439 eis
1073 3402 1288 3454 sponsus
1313 3426 1328 3450 ,
1383 3394 1429 3437 et
1465 3394 1583 3437 tunc
1620 3384 1945 3454 jejunabunt.

362 3471 436 3524 De
460 3472 550 3525 illo
567 3479 745 3525 autem
768 3472 955 3537 altero,
980 3469 1119 3539 quod
1166 3469 1326 3524 habet
1376 3472 1561 3538 epulas
1607 3470 1799 3523 mentis
1823 3511 1837 3535 ,
1878 3470 1950 3524 ita

359 3571 752 3631 consequenter
797 3562 1004 3616 locutus
1029 3570 1147 3617 est:
1181 3559 1345 3615 Nemo
1388 3562 1548 3615 assuit
1596 3579 1823 3633 pannum
1859 3577 1952 3615 no-

362 3671 479 3707 vum
504 3654 790 3708 vestimento
833 3655 1014 3721 veteri,
1064 3672 1127 3708 ne
1167 3656 1332 3724 major
1370 3655 1588 3709 scissura
1638 3657 1953 3726 ﬁat:neque

360 3746 566 3799 mittunt
591 3745 761 3799 vinum
790 3763 973 3800 novum
1001 3746 1053 3799 in
1082 3755 1217 3801 utres
1239 3756 1444 3813 veteres,
1473 3762 1536 3800 ne
1558 3756 1605 3800 et
1649 3758 1784 3802 utres
1810 3764 1951 3802 rum-

362 3846 570 3908 pantur,
593 3846 639 3891 et
667 3837 836 3891 vinum
864 3836 1178 3904 effundatur;
1199 3838 1288 3891 sed
1312 3838 1480 3892 vinum
1518 3854 1700 3892 novum
1725 3840 1777 3892 in
1817 3847 1954 3894 utres

361 3947 515 3987 novos
541 3932 765 3997 mittunt,
792 3942 839 3986 et
859 3942 1071 4001 utraque
1099 3942 1363 3985 servantur
1405 3931 1620 4003 (Matth.
1640 3948 1714 3998 ιιι,
1740 3932 1950 4002 15-17).

364 4024 591 4079 Proinde
616 4024 736 4095 quia
757 4024 866 4094 jam
898 4040 1127 4095 sponsus
1152 4025 1361 4079 ablatus
1404 4033 1516 4090 est,
1571 4025 1754 4094 utique
1800 4024 1954 4079 nobis

365 4117 488 4171 ﬁliis
515 4117 653 4172 illius
682 4116 887 4187 pulchri
924 4117 1126 4187 sponsi,
1180 4116 1467 4186 lugendum
1521 4126 1624 4173 est.
1668 4117 1955 4188 Speciosus

363 4209 505 4263 enim
530 4207 698 4263 forma
720 4226 831 4281 pra:
862 4209 983 4265 filiis
1026 4209 1299 4264 hominum
1323 4250 1337 4272 ,
1369 4210 1522 4281 cujus
1551 4211 1742 4266 diffusa
1785 4214 1955 4283 gratia

364 4300 415 4354 in
443 4300 595 4357 labiis
616 4301 731 4371 ejus
761 4300 935 4372 (Psal.
957 4318 1093 4367 xuv,
1126 4301 1180 4375 5)
1201 4343 1215 4369 ,
1239 4301 1379 4358 inter
1406 4318 1595 4359 manus
1637 4319 1958 4375 persequen-

365 4396 494 4447 tium
524 4408 629 4447 non
654 4392 836 4448 habuit
852 4394 1084 4464 speciem
1112 4409 1284 4464 neque
1337 4394 1588 4450 decorem
1612 4436 1628 4463 ,
1684 4404 1739 4451 et
1781 4396 1955 4452 ablata

362 4493 445 4540 est
464 4484 531 4540 de
559 4495 704 4542 terra
730 4488 834 4541 vita
862 4487 978 4555 ejus
1001 4486 1162 4558 (lsai.
1180 4503 1291 4553 Llll,
1318 4485 1374 4553 2,
1407 4485 1484 4559 8).
1507 4487 1576 4543 Et
1616 4497 1763 4544 recte
1805 4491 1955 4559 luge-

365 4594 505 4642 mus,
530 4577 579 4632 si
609 4576 898 4649 ﬂagramus
918 4578 1185 4633 desiderio
1237 4579 1372 4651 ejus.
1417 4580 1563 4636 Beati
1612 4581 1805 4651 quibus
1833 4597 1955 4637 eum

364 4668 515 4722 licuit
535 4676 661 4723 ante
691 4669 998 4739 passionem
1025 4679 1151 4725 tunc
1179 4669 1379 4726 habere
1402 4682 1754 4742 praesentem,
1787 4674 1955 4728 inter-

362 4773 553 4829 rogare
580 4759 718 4815 sicut
736 4760 951 4824 vellent,
984 4771 1037 4815 et
1057 4761 1243 4817 audire
1271 4762 1410 4817 sicut
1446 4763 1630 4819 audire
1678 4763 1954 4820 deberent.

363 4850 489 4907 Illos
512 4852 627 4909 dies
648 4854 1035 4924 concupierunt
1064 4853 1246 4909 videre
1275 4863 1454 4924 patres
1502 4865 1625 4911 ante
1667 4856 1956 4912 adventum

360 4942 498 5013 ejus,
552 4960 727 5016 neque
768 4944 1017 5000 viderunt
1068 4963 1082 5000 :
1138 4945 1261 5016 quia
1316 4946 1367 5000 in
1418 4947 1521 5001 alia
1562 4948 1959 5018 dispensatione

360 5031 574 5090 fuerant
626 5036 877 5100 ordinati,
926 5051 1021 5106 per
1076 5050 1210 5106 quos
1244 5045 1500 5091 venturus
1528 5040 1956 5108 annuntiaretur,

363 5142 467 5182 non
487 5144 516 5181 a
546 5129 741 5198 quibus
765 5129 986 5184 veniens
1006 5128 1297 5184 audiretur.
1324 5131 1405 5186 'De
1429 5130 1513 5184 his
1535 5132 1675 5185 enim
1707 5132 1771 5187 ad
1794 5132 1959 5188 disci-

364 5213 516 5284 pulos
530 5213 764 5284 loquitur
789 5213 1011 5269 dicens:
1042 5213 1195 5268 Multi
1214 5215 1345 5287 justi
1381 5225 1426 5269 et
1480 5214 1754 5286 Propheta:
1790 5219 1961 5273 value.

362 5314 483 5357 runt
508 5305 675 5360 videre
698 5321 813 5377 qua:
835 5323 918 5360 vos
943 5306 1141 5373 videtis,
1170 5318 1214 5362 et
1241 5326 1343 5362 non
1373 5308 1600 5364 viderunt
1627 5326 1647 5376 ;
1696 5320 1741 5365 et
1783 5313 1962 5368 audire

366 5412 481 5467 qua:
499 5397 707 5463 auditis,
732 5407 779 5452 et
800 5415 900 5453 non
929 5399 1201 5454 audierunt
1228 5399 1438 5475 (Matth.
1468 5418 1579 5468 χιιι,
1627 5404 1736 5472 17).
1777 5403 1833 5458 lu
1864 5420 1961 5460 no-

429 5531 503 5604 (ᾳ)
527 5539 674 5604 locus
694 5534 979 5604 perplexus,
1002 5548 1152 5604 quem
1176 5544 1224 5585 Β.
1248 5535 1425 5604 Thema
1447 5540 1497 5604 in
1518 5544 1694 5604 catena
1715 5539 1776 5588 ad
1798 5541 1957 5593 Matth.

365 5607 448 5666 is,
460 5596 525 5666 ita
544 5596 698 5666 refert
723 5610 735 5645 :
763 5603 845 5646 aut
883 5595 1138 5666 illecebras
1171 5597 1389 5651 carnales
1422 5599 1688 5663 spiritualis
1711 5604 1963 5666 sapientia

367 5655 677 5728 delectatione
710 5659 976 5728 suspendit.
1017 5669 1083 5728 De
1127 5669 1357 5728 utroque,
1406 5655 1502 5728 eic.
1518 5655 1777 5728 g-Morel,
1809 5655 1957 5717 FJem.

366 5719 525 5786 critic.
552 5732 698 5835 [$3.
723 5719 949 5782 355-356,
976 5724 1199 5785 opinatur
1239 5719 1518 5799 legendum,
1541 5726 1706 5791 inpia,
1731 5719 1837 5792 pro,
1861 5729 1962 5783 ino-

373 5792 475 5835 pia.
499 5796 567 5835 qu
652 5791 841 5835 partem
860 5798 1082 5835 unaunam
1099 5787 1406 5835 obscuritatis
1422 5788 1636 5835 tolleret.
1704 5798 1760 5835 Μ.

373 5792 475 5845 pta,
499 5787 630 5846 quoa
652 5791 841 5849 partem
860 5798 1082 5849 magnam
1099 5787 1406 5839 obscuritatis
1422 5787 1636 5842 tolleret.
1704 5787 1760 5841 Μ.

1786 296 2017 356 SERMO
2053 298 2211 355 CCX.

3504 307 3646 365 1050

2055 416 2134 471 bis
2153 425 2329 473 autem
2357 418 2485 475 illud
2510 421 2783 493 impletum
2813 431 2914 491 est,
2944 424 3087 492 quod
3111 424 3229 493 ipse
3261 422 3443 479 itidem
3470 424 3600 481 dicit
3624 444 3639 482 :

2064 506 2270 562 Venient
2290 510 2426 577 dies,
2457 513 2659 582 quando
2690 514 3034 571 desiderabitis
3060 518 3230 571 videre
3263 534 3421 572 unum
3446 519 3508 572 de
3537 519 3644 574 die-

2054 600 2144 654 bus
2167 601 2294 665 istis,
2324 614 2368 655 et
2394 620 2495 657 non
2521 607 2748 676 poteritis
2779 606 2929 675 (Luc.
2952 624 3081 675 xvu,
3107 608 3204 679 22)

2122 692 2347 748 CAPUT
2402 695 2489 750 IV.
2535 728 2605 737 —
2658 698 2711 753 5.
2740 697 2844 753 Cur
2891 701 3186 770 gemendum
3233 712 3280 755 et
3300 702 3642 774 jejunandum

2052 785 2104 838 in
2130 785 2224 838 hac
2246 786 2365 838 vita.
2399 787 2525 854 Quis
2548 805 2653 843 non
2685 792 2850 845 sancti
2876 792 3125 846 desiderii
3165 792 3373 847 ﬂamma
3403 805 3588 848 uratur
3618 793 3642 848 ?

2053 877 2172 944 quis
2194 891 2295 931 non
2325 876 2411 930 hic
2438 879 2786 949 lugeat?quis
2809 898 2910 935 non
2943 884 3143 937 laboret
3173 885 3222 937 in
3274 887 3471 955 gemitu
3495 886 3639 940 suo?

2054 967 2170 1036 quis
2200 983 2302 1022 non
2334 968 2496 1035 dicat,
2529 970 2706 1025 Facta:
2721 985 2833 1027 sunt
2872 976 2997 1028 mihi
3048 976 3284 1047 lacrymte
3329 994 3451 1030 mea:
3495 980 3640 1046 panis

2053 1063 2135 1117 die
2150 1082 2209 1117 ac
2237 1078 2396 1127 nocte,
2429 1066 2549 1120 dum
2574 1067 2767 1122 dicitur
2816 1071 2940 1124 mihi
2984 1073 3221 1141 quotidie,
3254 1071 3351 1127 Ubi
3392 1084 3460 1127 est
3502 1072 3640 1127 Dens

2056 1156 2357 1227 tuus(Psal.
2388 1175 2498 1221 xu,
2528 1159 2625 1231 4)?
2649 1161 2928 1217 Credimus
2956 1166 3151 1233 quippe
3182 1165 3231 1218 in
3275 1180 3395 1219 eum
3422 1165 3527 1233 jam
3558 1182 3642 1219 se-

2053 1247 2265 1303 dentem
2289 1250 2354 1304 ad
2383 1250 2655 1305 dexteram
2684 1242 2852 1307 Patris
2883 1271 2895 1307 :
2925 1255 3015 1308 sed
3048 1266 3219 1310 tamen
3264 1258 3513 1324 quamdiu
3548 1271 3639 1309 sn-

2051 1355 2173 1395 mus
2203 1345 2253 1394 in
2274 1358 2517 1413 corpore,
2549 1347 2951 1416 peregrinamur
3001 1349 3067 1402 ab
3118 1364 3182 1403 eo
3224 1348 3291 1421 (ll
3332 1350 3447 1403 Cor.
3477 1366 3530 1413 v,
3560 1349 3637 1419 6),

2053 1446 2152 1484 nec
2173 1445 2293 1489 eum
2322 1434 2684 1491 dubitantibus
2713 1438 2795 1491 vel
2846 1441 3164 1508 negantibus
3210 1452 3262 1494 et
3298 1441 3597 1495 dicentibus
3624 1483 3636 1507 ,

2056 1521 2152 1578 Ubi
2180 1535 2250 1578 est
2277 1525 2415 1580 Deus
2441 1529 2583 1581 tuus?
2612 1530 2848 1584 valemus
2879 1531 3178 1587 ostendere.
3205 1533 3393 1587 Merito
3420 1536 3640 1601 Aposto-

2050 1615 2135 1672 lus
2162 1617 2279 1686 ejus
2302 1620 2709 1688 concupisccbat
2735 1622 2972 1684 dissolvi,
2991 1632 3043 1677 et
3070 1638 3191 1678 esse
3232 1639 3351 1677 cum
3385 1625 3506 1677 illo.
3531 1642 3642 1679 ma-

2052 1723 2180 1764 ncre
2208 1710 2384 1764 autem
2413 1711 2463 1765 in
2507 1727 2669 1767 carne
2690 1730 2795 1768 non
2838 1715 2934 1767 sibi
2972 1716 3228 1785 optimum
3260 1715 3486 1769 duci-hat
3506 1758 3518 1776 ,
3546 1716 3639 1771 sed

2052 1803 2411 1856 necessarium
2444 1813 2659 1873 propter
2682 1822 2778 1860 nos
2802 1806 3061 1878 (Philipp.
3093 1825 3129 1870 ι,
3158 1808 3248 1869 25,
3275 1807 3389 1873 2t).
3419 1807 3517 1863 Uhi
3549 1824 3640 1863 co-

2051 1895 2899 1964 gitationesmortaliumtimidae,
2928 1910 2982 1955 et
3028 1903 3242 1955 incertae
3291 1901 3641 1969 providentiae

2051 1996 2269 2050 nostra);
2316 1990 2563 2055 quoniam
2609 1990 2861 2059 deprimit
2909 2004 3115 2047 terrena
3167 1993 3477 2048 inhabitatio
3513 2009 3639 2047 sen-

2053 2094 2169 2132 sum
2193 2080 2359 2133 multa
2386 2084 2705 2152 cogitantem
2730 2084 2987 2156 (Sap.tx,
3023 2085 3242 2155 ΗΑΒ).
3287 2085 3412 2140 Inde
3466 2080 3639 2140 tenta-

2054 2170 2127 2224 tio
2161 2179 2244 2226 est
2271 2172 2375 2225 vita
2402 2173 2627 2227 humana
2660 2191 2821 2244 super
2850 2184 3045 2230 terram
3076 2176 3208 2245 (Job
3242 2193 3345 2242 vn,
3378 2178 3399 2230 i
3426 2175 3444 2248 )
3468 2196 3480 2232 :
3507 2188 3559 2232 et
3588 2178 3639 2233 in

2054 2264 2153 2319 hac
2175 2267 2533 2322 Sieculinocte
2572 2269 2759 2323 circuit
2805 2270 2887 2323 leo
2932 2285 3176 2339 quaerens
3214 2286 3368 2338 quem
3423 2269 3644 2325 devoret

2056 2354 2108 2427 (Ι
2154 2354 2298 2410 Petr.
2329 2373 2380 2422 ν,
2418 2358 2496 2427 8).
2536 2358 2649 2413 Non
2682 2360 2790 2414 Leo
2827 2361 2894 2415 de
2930 2362 3067 2415 tribu
3103 2361 3236 2415 Juda
3260 2404 3275 2429 ,
3319 2377 3414 2416 rex
3460 2372 3643 2417 noster

2053 2446 2234 2517 (Apoc.
2259 2465 2310 2513 v,
2341 2449 2433 2520 5);
2491 2451 2581 2504 sed
2630 2452 2713 2505 leo
2760 2451 3020 2513 diabolus,
3057 2452 3395 2508 adversarius
3434 2463 3637 2510 noster.

2054 2539 2146 2594 llle
2176 2551 2355 2594 autem
2385 2550 2613 2608 quatuor
2633 2544 2938 2598 animalium
2964 2544 3027 2599 de
3057 2545 3374 2616 Apocalypsi
3421 2545 3643 2601 Joannis

2055 2632 2249 2703 figuras
2268 2635 2319 2687 in
2343 2649 2400 2689 se
2425 2651 2532 2688 uno
2559 2635 2884 2704 exprimens,
2915 2645 3069 2691 natus
3096 2646 3153 2691 ut
3182 2637 3362 2701 homo,
3389 2647 3644 2707 operatus

2054 2736 2110 2781 ut
2166 2727 2251 2782 leo
2282 2770 2297 2793 ,
2352 2728 2656 2783 immolatus
2706 2738 2766 2783 ut
2819 2730 3050 2796 vitulus,
3103 2731 3301 2786 volavit
3338 2741 3395 2785 ut
3460 2731 3636 2801 aquila

2054 2817 2165 2887 (Id.
2191 2836 2262 2883 ιν,
2292 2818 2369 2891 7).
2410 2818 2608 2874 Volavit
2630 2838 2780 2891 super
2822 2838 3010 2891 pennas
3062 2834 3339 2889 ventorum,
3378 2834 3424 2878 et
3480 2827 3646 2895 posuit

2052 2915 2277 2968 tenebras
2303 2913 2737 2968 latibulmnsuum
2767 2913 2938 2983 (Psal.
2978 2931 3105 2982 xvu,
3154 2917 3274 2970 Met
3300 2917 3406 2988 12).
3450 2919 3639 2976 Posuit

2056 3008 2323 3071 tenebras,
2353 3016 2407 3061 et
2438 3006 2570 3061 laeta
2601 3016 2830 3070 estnox,
2878 3007 2929 3060 in
2975 3023 3079 3075 qua
3128 3017 3499 3075 pel-transeunt
3524 3027 3645 3067 om-

2054 3115 2152 3154 nes
2174 3100 2359 3154 bestiae
2390 3100 2555 3154 silvae.
2579 3099 2750 3154 Catuli
2778 3100 2991 3155 leonum
3012 3102 3311 3171 rugientes,
3356 3111 3647 3161 tentatores

2060 3190 2309 3245 videlicet
2327 3207 2422 3261 per
2447 3208 2580 3260 quos
2607 3191 2850 3246 diabolus
2874 3192 3065 3263 quierit
3084 3208 3241 3262 quem
3268 3193 3515 3260 devoret;
3539 3212 3646 3252 non

2057 3286 2272 3355 quidem
2303 3284 2563 3339 habentes
2588 3294 2928 3353 potestatem,
2970 3286 3070 3340 nisi
3097 3286 3149 3340 in
3194 3287 3273 3341 eis
3319 3303 3453 3357 quos
3494 3304 3650 3345 acce-

2058 3378 2236 3447 perint
2254 3377 2377 3447 quia
2398 3385 2452 3431 et
2481 3376 2531 3430 in
2562 3376 2774 3431 Psalmo
2815 3377 2932 3447 ipso
2952 3377 3021 3431 ita
3044 3378 3302 3448 sequitur,
3358 3378 3649 3446 Quwrentes

2056 3484 2089 3521 a
2114 3466 2223 3521 Deo
2247 3483 2413 3521 escam
2436 3466 2530 3521 sibi
2562 3465 2744 3537 (Psal.
2769 3482 2877 3520 CIII.
2926 3466 3018 3534 20,
3046 3467 3158 3536 Si).
3200 3467 3259 3521 In
3298 3476 3403 3523 tam
3441 3471 3650 3541 pericu-

2057 3559 2172 3615 losa
2201 3573 2254 3614 et
2282 3559 2658 3613 tentationibus
2700 3559 2854 3627 plena
2895 3558 3056 3629 hujus
3102 3559 3284 3615 saeculi
3332 3572 3488 3616 nocte
3530 3563 3650 3633 quis

2055 3667 2161 3705 non
2186 3652 2393 3717 timeat,
2426 3651 2544 3719 quis
2574 3665 2679 3704 non
2708 3650 2953 3705 medullis
2968 3651 3215 3706 omnibus
3251 3655 3647 3723 contremiscat,

2057 3758 2126 3798 ne
2152 3742 2629 3813 dignusjudicetur
2659 3743 2748 3811 qui
2781 3742 3117 3797 devorandus
3141 3742 3439 3799 dimittatur
3459 3745 3511 3799 in
3534 3746 3649 3801 fau-

2056 3848 2147 3889 ces
2175 3842 2281 3888 tam
2299 3832 2529 3887 crudelis
2558 3832 2793 3888 inimici?
2824 3831 2978 3888 Unde
3007 3832 3355 3903 jejunaudum
3393 3845 3447 3890 et
3493 3851 3652 3892 oran-

2056 3925 2181 3981 dum
2202 3935 2303 3980 est.

2130 4016 2357 4074 CAPUT
2377 4017 2443 4073 ν.
2460 4047 2533 4059 --
2560 4018 2613 4073 6.
2646 4017 2911 4089 Jejunium
2935 4029 3051 4074 ante
3068 4020 3436 4075 solemnitatem
3453 4022 3651 4090 passio-

2060 4113 2139 4166 nis
2191 4112 2379 4167 Christi
2423 4114 2642 4167 maxime
2687 4113 3002 4167 conveniens.
3053 4114 3119 4168 Et
3172 4113 3382 4183 quando
3434 4114 3649 4184 potius,

2062 4204 2274 4275 quando
2304 4204 2603 4270 instantius,
2633 4221 2793 4275 quam
2814 4206 3200 4276 propinquante
3252 4207 3363 4275 ipsa
3412 4206 3651 4261 Domini-

2061 4312 2141 4351 cae
2174 4297 2437 4366 passionis
2460 4296 2818 4363 solemnitate,
2850 4312 2952 4367 qua
2981 4298 3287 4352 celebritate
3336 4298 3653 4353 anniversa-

2062 4390 2140 4444 ria
2187 4389 2445 4459 quodam-
2485 4389 2642 4445 modo
2690 4389 2843 4444 nobis
2889 4388 3128 4459 ejusdem
3179 4391 3351 4445 noctis
3393 4390 3651 4445 memoria

2064 4481 2409 4550 resculpitur,
2442 4496 2508 4535 ne
2534 4481 2802 4535 oblivione
2828 4480 3092 4549 deleatur,
3131 4497 3198 4536 ne
3228 4495 3326 4535 nos
3380 4496 3487 4535 non
3534 4494 3653 4535 cor-

2064 4589 2212 4643 pore,
2244 4573 2340 4629 sed
2365 4573 2552 4642 spiritu
2583 4573 2931 4639 dormientes,
2964 4572 3053 4630 ille
3103 4575 3319 4644 rugiens
3368 4572 3682 4628 devorator-

2069 4665 2319 4720 inveniat.
2348 4664 2479 4719 Nani
2511 4672 2565 4719 et
2593 4665 2705 4735 ipsa
2763 4665 3037 4720 Dominica
3090 4666 3266 4735 passio
3289 4706 3303 4731 ,
3339 4664 3464 4736 quid
3500 4664 3655 4719 nobis

2066 4758 2211 4812 aliud
2241 4758 2292 4812 in
2324 4758 2498 4827 capite
2521 4767 2703 4813 nostro
2725 4756 2935 4812 Christo
2963 4757 3111 4822 Jesu,
3142 4772 3302 4827 quam
3338 4757 3505 4826 ipsam
3531 4758 3655 4813 vitae

2064 4852 2220 4921 hujus
2242 4852 2589 4907 tentationem
2627 4851 2859 4906 maxime
2908 4848 3342 4906 commendavit?
3366 4848 3521 4906 Unde
3562 4850 3657 4905 ad-

2062 4945 2308 4999 veniente
2332 4944 2441 5014 jam
2464 4946 2651 4999 mortis
2674 4960 2785 4999 sua:
2813 4952 3053 5012 tempore
3071 4985 3085 5008 ,
3116 4943 3275 4998 Petro
3300 4942 3433 4997 dixit
3457 4961 3470 4997 :
3506 4961 3524 4993 ι
3555 4943 3655 4998 Ρο-

2068 5037 2285 5093 stulavit
2312 5046 2525 5091 satanas
2543 5051 2738 5091 vexare
2762 5051 2857 5090 vos
2879 5036 3015 5089 sicut
3052 5035 3282 5089 triticum
3311 5051 3324 5086 :
3348 5043 3403 5089 et
3436 5049 3534 5104 ego
3562 5051 3651 5089 νοι-

2063 5129 2201 5200 gavi,
2234 5129 2411 5195 Petre,
2436 5144 2530 5197 pro
2560 5139 2631 5194 te,
2662 5143 2728 5182 ne
2755 5127 2965 5182 deficiat
2988 5126 3120 5182 ﬁdes
3152 5138 3237 5180 tua
3256 5167 3272 5192 ,
3301 5126 3435 5182 vade
3461 5136 3652 5182 etcono

2069 5221 2204 5276 forta
2235 5219 2424 5275 fratres
2450 5227 2571 5273 tuos
2595 5217 2742 5292 (Luc.
2773 5234 2913 5282 χχιι,
2936 5218 2998 5273 51
3020 5230 3064 5271 et
3081 5218 3193 5287 52).
3218 5236 3236 5269 ›
3255 5218 3320 5271 Ει
3349 5218 3502 5287 plane
3526 5233 3657 5272 con-

2070 5311 2285 5367 fortavit
2334 5326 2433 5367 nos
2476 5326 2573 5381 per
2617 5311 2993 5380 apostolatum,
3031 5325 3126 5380 per
3173 5310 3519 5380 martyrium,
3562 5326 3660 5382 per

2071 5410 2327 5479 epistolas
2355 5424 2500 5464 suas.
2552 5407 2653 5464 Ubi
2691 5406 2850 5462 etiam
2910 5417 3140 5473 noctem,
3190 5406 3258 5461 de
3294 5422 3395 5476 qua
3445 5405 3657 5477 loquor,

2067 5503 2363 5559 admonens
2379 5500 2789 5567 formidandam,
2813 5499 3178 5555 consolatione
3203 5499 3496 5570 prephetiae
3538 5507 3658 5553 tan-

2071 5611 2229 5667 quam
2257 5593 2503 5651 nocturni
2530 5592 2766 5658 luminis,
2797 5601 2853 5648 ut
2877 5593 3015 5647 cauti
3037 5592 3399 5662 vigilaremus,
3426 5592 3658 5648 edocuit.

2075 5709 2093 5742 ι
2124 5690 2412 5753 Habemus,
2433 5688 2622 5759 inquit,
2653 5688 2935 5743 certiorem
2964 5687 3332 5758 propheticum
3358 5700 3661 5745 sermonem

2069 5783 2155 5838 cui
2177 5779 2484 5838 benefacitis
2510 5779 2869 5851 intendentes,
2915 5793 3167 5851 tanquam
3200 5780 3435 5837 lucernae
3458 5776 3659 5835 lucenti
