3996 6458
478 289 614 347 1051

479 509 567 557 tur
589 502 639 557 in
666 500 918 558 cordibus
943 503 1227 578 vestris(ll
1254 505 1394 562 Petr.
1430 509 1479 577 l,
1513 509 1625 580 l9).
1665 531 1683 563 ι

554 595 607 648 7.
634 593 761 648 Dies
782 611 917 649 nunc
947 594 1132 653 laboris
1182 607 1229 653 et
1279 601 1512 656 tristitiae.
1567 603 1685 658 Sint
1732 620 1858 675 ergo
1902 602 2068 663 lumbi

477 686 649 739 nostri
671 686 895 741 accincti
925 697 979 742 et
1005 689 1237 745 lucernas
1276 692 1523 750 ardentes
1556 737 1571 760 ,
1624 704 1677 751 et
1726 711 1822 753 nos
1864 695 2066 751 similes

475 777 780 834 hominibus
808 785 1237 853 etspeetantihus
1286 786 1567 843 Dominum
1612 805 1801 857 suum,
1851 793 2063 862 quando

456 870 699 945 veniata
721 875 914 944 nuptiis
944 874 1091 947 (Luc.
1121 894 1216 941 xu,
1249 880 1337 946 55,
1364 882 1476 949 56).
1520 881 1630 938 Nec
1685 884 1925 940 dicamus
1982 887 2061 940 in-

467 961 639 1015 vicem
657 964 831 1032 nobis,
864 960 1230 1024 Mauducemus
1259 982 1305 1025 et
1327 972 1594 1042 bibamus;
1624 993 1736 1031 cras
1768 977 1901 1031 enim
1948 995 2059 1031 mo-

390 1115 396 1121 ,
476 1053 744 1130 riemur(l
774 1058 888 1125 Cor.
920 1060 1142 1134 xv,52).
1174 1063 1277 1119 Sed
1323 1081 1388 1118 eo
1430 1068 1612 1138 magis,
1669 1085 1774 1141 quo
1826 1071 2057 1127 incertus

472 1154 554 1200 est
580 1149 768 1203 mortis
793 1148 928 1218 dies,
957 1160 1009 1206 et
1030 1154 1286 1209 molestus
1316 1165 1396 1210 est
1427 1160 1545 1213 vita:
1572 1159 1707 1227 dies,
1754 1160 2055 1231 jejuuemus

466 1250 519 1292 et
545 1255 779 1307 oremus,
809 1258 929 1298 cras
952 1246 1093 1299 enim
1121 1248 1428 1305 moriemur.
1462 1248 1715 1305 Pusillum
1742 1294 1757 1318 ,
1789 1250 1977 1323 inquit,
2007 1263 2055 1309 et

466 1346 565 1384 non
593 1332 818 1403 videbitis
846 1353 958 1403 me;
982 1348 1027 1391 et
1067 1339 1246 1393 iterum
1277 1343 1537 1411 pusillum,
1595 1355 1639 1397 et
1677 1345 1901 1401 videbitis
1956 1364 2051 1400 me.

465 1420 587 1475 “:l'C
617 1434 698 1477 est
720 1424 848 1479 liora
875 1428 942 1482 de
963 1444 1062 1497 qua
1105 1429 1258 1495 dixit,
1298 1428 1394 1487 Vos
1411 1435 1573 1489 tristes
1617 1437 1754 1491 eritis
1772 1480 1786 1504 ,
1814 1439 2053 1492 su'culutu

462 1522 629 1567 autem
657 1516 928 1585 gaudebit:
956 1514 1005 1573 id
1029 1530 1130 1588 est,
1157 1523 1263 1576 vita
1304 1523 1399 1578 ista
1452 1528 1826 1589 tentationibus
1850 1529 2005 1601 plena
2030 1571 2046 1598 ,

456 1605 512 1658 iu
542 1624 643 1675 qua
674 1608 1073 1681 peregrinantur
1101 1616 1168 1669 ab
1194 1632 1279 1671 eo.
1316 1618 1420 1672 Sed
1467 1621 1646 1674 iterant
1673 1663 1686 1687 ,
1731 1622 1931 1693 inquit,
1977 1624 2052 1677 vi-

460 1690 583 1744 debo
613 1708 733 1758 vos,
794 1705 838 1748 et
885 1699 1121 1767 gaudebit
1173 1718 1260 1755 cor
1306 1714 1557 1769 vestrum;
1588 1715 1636 1759 et
1672 1690 1921 1776 gaudium
1968 1726 2049 1762 re-

458 1791 617 1835 atrum
638 1801 779 1838 nemo
808 1790 1000 1861 auferet
1030 1807 1061 1843 a
1084 1791 1218 1846 vobis
1271 1793 1454 1864 (Joan.
1480 1813 1599 1863 xvr,
1643 1799 1730 1865 19,
1774 1800 1864 1863 9.0,
1915 1800 1983 1854 22
2002 1802 2044 1874 ).

454 1874 513 1928 in
545 1876 641 1931 hac
670 1893 762 1947 spe
790 1880 1082 1937 ﬁdelissimi
1107 1887 1445 1955 promissoris
1473 1889 1631 1943 etiam
1671 1908 1809 1947 nunc
1837 1903 2046 1948 utemu-

455 1983 558 2038 que
583 1970 895 2040 gaudemus,
938 1975 1108 2032 donec
1149 1980 1323 2034 veniat
1375 1979 1505 2034 illud
1551 1984 1877 2039 uberrimum
1919 2002 2047 2057 gau-

454 2060 619 2127 dium,
643 2079 760 2118 cum
792 2068 994 2124 similes
1019 2071 1067 2123 ei
1094 2076 1311 2139 erimus,
1335 2075 1585 2143 quoniam
1608 2076 1902 2133 videbimus
1922 2097 2043 2134 eum

453 2153 610 2208 sicuti
642 2165 724 2210 est
752 2158 769 2228 (
797 2159 813 2211 l
838 2159 995 2214 Joan.
1023 2176 1098 2227 m,
1127 2161 1163 2215 2
1186 2165 1225 2233 ),
1256 2173 1308 2219 et
1333 2164 1581 2234 gaudium
1613 2178 1852 2225 nostrum
1886 2188 2043 2228 nemo

451 2245 660 2300 auferet
686 2262 715 2301 a
746 2250 919 2305 nobis.
951 2251 1119 2323 llujus
1141 2255 1281 2309 enim
1310 2257 1423 2327 spei
1447 2266 1549 2311 tam
1572 2268 1777 2327 gratum
1825 2271 1878 2317 et
1923 2281 2043 2336 gra-

451 2332 642 2387 tuitum
674 2336 831 2391 etiam
863 2340 1048 2409 pignus
1105 2342 1356 2411 Spiritum
1410 2357 1649 2402 sanetum
1696 2332 2035 2422 accepimus,

447 2425 537 2494 qui
567 2426 618 2480 in
646 2428 892 2485 cordibus
919 2434 1115 2488 nostris
1152 2435 1531 2493 inenarrabiles
1578 2442 1803 2511 gemitus
1851 2459 2042 2513 opera-

448 2531 535 2577 tur
574 2537 881 2583 sanetormn
914 2531 1324 2591 desideriorum.
1362 2557 1381 2589 ι
1418 2540 1769 2609 Concepimos
1798 2541 1975 2607 enim,
2012 2559 2031 2592 ›

443 2615 580 2671 sicut
624 2620 697 2673 ait
728 2622 890 2677 Isaias
916 2668 930 2691 ,
971 2644 990 2677 ‹
1024 2636 1077 2680 et
1114 2630 1488 2698 parturivimus
1522 2633 1762 2698 spiritum
1792 2632 1976 2688 salutis
2011 2652 2030 2685 ›

444 2706 598 2779 (Isai.
630 2727 776 2778 xxw,
808 2714 917 2785 18).
962 2718 1025 2772 Et
1068 2739 1085 2771 ‹
1113 2720 1303 2776 mulier
1350 2738 1468 2777 cum
1491 2726 1749 2796 parturit,
1790 2744 1807 2777 ι
1845 2726 1916 2779 ait
1944 2726 2038 2779 Do-

441 2800 641 2866 minus,
673 2821 690 2853 ι
726 2805 939 2861 tristitia
964 2819 1046 2864 est
1072 2810 1165 2874 illi,
1192 2815 1441 2881 quoniam
1466 2814 1739 2875 venitdies
1764 2817 1878 2886 ejus
1905 2834 1918 2871 :
1942 2814 2033 2872 sed

446 2905 569 2944 cum
608 2898 896 2963 pepererit,
925 2900 983 2953 fit
1011 2902 1258 2969 gaudium
1287 2920 1533 2975 magnum
1556 2948 1569 2970 ,
1594 2909 1841 2976 quoniam
1880 2902 2034 2963 natus

439 2994 523 3053 est
546 2986 707 3039 homo
734 2989 785 3041 in
804 2992 1054 3045 sarculum
1088 3013 1106 3046 ›
1130 2994 1321 3062 ‘(Joau.
1352 3014 1438 3051 xvr
1461 3039 1477 3065 ,
1502 2996 1616 3071 2i).
1645 2998 1754 3053 [loc
1779 3001 1879 3054 erit
1906 3014 2034 3070 gau-

438 3077 603 3142 dium,
629 3079 767 3147 quod
792 3092 948 3136 nemo
987 3084 1194 3140 auferet
1240 3103 1271 3140 a
1314 3088 1492 3155 nobis;
1527 3106 1631 3157 quo
1674 3092 1725 3143 in
1772 3101 2030 3147 aiternum

437 3166 616 3223 lumen
646 3184 710 3223 ex
733 3170 833 3225 hac
864 3171 987 3227 fidei
1028 3177 1376 3245 conceptione
1405 3177 1849 3234 transl‘omlemur.
1882 3180 2031 3235 Nune

436 3274 565 3330 ergo
598 3260 923 3333 jejunemus,
961 3274 1015 3321 et
1063 3280 1310 3335 oremus,
1356 3284 1475 3325 cum
1502 3271 1618 3326 dies
1667 3273 2028 3343 parturitionis

432 3359 536 3407 est.

509 3444 735 3500 CAPUT
761 3446 849 3502 Vl.
880 3480 952 3489 —
986 3451 1037 3505 8.
1071 3450 1335 3524 Jejunium
1372 3454 1773 3527 quadragenario
1820 3476 2026 3514 numero

438 3550 531 3591 cur
553 3539 854 3593 institutum.
891 3541 1002 3597 lloc
1020 3552 1186 3598 totum
1216 3556 1409 3616 corpus
1456 3545 1649 3602 Christi
1707 3566 1799 3619 per
1857 3560 2022 3606 totum

433 3632 618 3685 Orbem
646 3630 919 3700 dimisum,
951 3635 1000 3689 id
1021 3645 1122 3695 est.
1156 3642 1263 3691 tota
1295 3638 1393 3693 hoc
1418 3641 1524 3708 agit
1550 3640 1789 3696 Ecclesia
1816 3684 1829 3707 ,
1857 3653 1910 3697 et
1936 3640 2023 3698 illa

432 3727 608 3780 unitas
648 3734 766 3797 qua:
794 3722 923 3781 dicit
950 3728 1000 3781 in
1024 3726 1238 3783 Psaltno
1264 3749 1274 3784 :
1302 3730 1347 3784 Α
1375 3732 1561 3800 ﬁnibus
1593 3742 1740 3787 terra:
1765 3733 1831 3786 ad
1858 3743 1902 3787 te
1926 3736 2025 3789 cla-

433 3822 595 3885 mavi,
627 3818 747 3874 dum
780 3830 1049 3892 angeretur
1082 3839 1168 3877 cor
1208 3841 1369 3877 meum
1412 3824 1587 3896 (Psal.
1626 3843 1694 3880 ις
1718 3870 1731 3893 ,
1760 3826 1845 3900 5).
1871 3826 2022 3884 Unde

428 3911 538 3982 jam
567 3914 724 3966 nobis
754 3913 930 3967 elucet
972 3929 1068 3968 cur
1108 3912 1522 3987 Quadragesima
1565 3919 1800 3974 instituta
1832 3920 1899 3974 sit
1926 3921 2022 3975 hu-

429 4010 515 4078 jus
547 4011 926 4065 humiliationis
964 4013 1297 4067 solemnitas.
1330 4014 1459 4080 Quae
1485 4016 1624 4069 enim
1648 4034 1675 4075 a
1703 4016 1895 4075 finibus
1916 4030 2022 4075 ter-

433 4119 505 4155 rw
539 4101 760 4169 clamat,
785 4119 903 4159 cum
934 4104 1145 4175 angitur
1171 4122 1263 4160 cor
1287 4106 1422 4177 ejus,
1446 4124 1475 4161 a
1497 4120 1722 4177 quatuor
1748 4112 1892 4167 orbis
1916 4123 2023 4171 ter-

432 4214 506 4251 ra-
541 4197 779 4266 partibus
807 4198 1019 4262 clamat,
1048 4217 1177 4272 quas
1204 4200 1507 4272 frequenter
1548 4204 1704 4256 etiam
1748 4202 2018 4276 Scriptura

428 4300 836 4361 commemorat,
866 4291 1081 4348 Oriente
1111 4302 1162 4347 et
1191 4294 1477 4348 Occidente
1500 4335 1514 4359 ,
1553 4294 1812 4364 Aquilone
1841 4309 1893 4353 et
1920 4298 2019 4353 Me-

432 4385 588 4438 ridie.
630 4383 733 4438 Per
756 4386 859 4440 hoc
887 4396 1051 4439 totum
1097 4388 1181 4441 ille
1213 4387 1493 4457 deealogus
1522 4376 1676 4460 Legis
1702 4433 1715 4457 ,
1745 4391 1852 4461 jam
1909 4409 2015 4448 non

430 4492 525 4547 per
554 4476 782 4531 litteram
822 4479 1186 4533 tantummodo
1238 4479 1582 4545 metuendus,
1631 4483 1723 4537 sed
1758 4499 1853 4553 per
1904 4500 2017 4554 gra-

431 4569 554 4622 tiam
578 4569 851 4624 charitatis
879 4570 1175 4640 implendus
1196 4612 1211 4637 ,
1236 4570 1464 4626 indictus
1490 4581 1591 4626 est.
1624 4573 1777 4629 Unde
1824 4583 2014 4645 quater

422 4640 788 4728 rnudtiplicatis
835 4660 1043 4725 decem,
1101 4660 1339 4715 videmus
1364 4663 1704 4733 quadraginta
1734 4666 2009 4737 compleri.

426 4752 529 4808 Sed
555 4752 731 4807 adhuc
761 4753 812 4807 in
849 4752 1028 4807 labore
1061 4754 1365 4809 tentationis
1394 4798 1408 4822 ,
1456 4772 1574 4810 cum
1606 4757 1757 4810 venia
1791 4758 2013 4813 delicto-

428 4862 564 4899 rum.
600 4846 728 4914 Quis
765 4846 905 4901 euim
963 4847 1195 4918 perfecte
1244 4848 1424 4919 implet
1457 4891 1472 4915 ,
1530 4849 1649 4904 Non
1691 4857 2010 4923 concupisces

420 4932 625 5008 (Exod.
654 4934 746 5005 xit,
778 4938 925 5013 l7)?
950 4936 1098 4995 Unde
1150 4938 1494 5010 jejunandum
1522 4954 1573 4998 et
1598 4932 1856 4998 orandum
1876 4955 1959 5001 est
1991 4965 2006 5002 :

419 5047 447 5084 a
483 5031 625 5085 bono
655 5041 831 5086 mineo
860 5049 1021 5102 opere
1054 5050 1155 5087 non
1173 5033 1510 5088 cessandum.
1539 5037 1631 5089 (Tui
1664 5038 1829 5093 labori
1862 5055 2006 5094 mer-

417 5138 507 5177 ces
533 5124 616 5177 illa
643 5125 886 5178 redditur
910 5126 959 5178 in
994 5126 1116 5190 fine,
1145 5142 1262 5196 qua:
1307 5127 1510 5181 denarii
1554 5130 1766 5185 nomine
1808 5148 2008 5185 nuncu-

418 5224 572 5283 patur
603 5214 822 5285 (Matth.
852 5212 949 5283 1x,
980 5215 1157 5287 213).
1187 5217 1526 5273 Sicutautem
1557 5223 1816 5274 ternarius
1846 5239 1872 5275 a
1905 5223 2005 5276 tri—

421 5304 538 5369 bus,
565 5307 936 5376 quaternarius
965 5320 1277 5377 aquatuor;
1326 5309 1397 5363 ita
1452 5309 1700 5365 denarius
1742 5328 1771 5365 a
1816 5313 2001 5369 decem

419 5411 612 5451 nomen
644 5398 851 5467 accepit
880 5416 892 5452 :
923 5397 1011 5467 qui
1065 5399 1377 5468 coniunctus
1431 5399 1852 5473 quadragenario
1891 5414 2004 5459 tan-

368 5524 375 5527 -
419 5505 575 5558 quam
608 5505 816 5544 merces
845 5486 1012 5546 labori
1037 5490 1292 5546 redditur.
1318 5492 1764 5565 Quinquagenarii
1796 5499 2001 5555 numeri

423 5580 584 5651 figura
619 5588 823 5649 tempus
852 5582 994 5637 illius
1014 5582 1188 5653 gaudii
1219 5585 1479 5654 significat
1502 5630 1514 5649 ,
1540 5584 1679 5657 quod
1728 5605 1882 5642 nemo
1905 5606 2001 5645 au-

416 5671 550 5727 feret
577 5686 606 5726 a
636 5674 790 5728 nobis
820 5676 1002 5743 :cujus
1036 5676 1083 5729 in
1110 5677 1206 5731 hac
1242 5678 1345 5731 vita
1399 5678 1633 5734 nondum
1673 5680 1998 5737 iunctionem

411 5760 715 5836 habemus;
758 5765 853 5823 sed
890 5774 1067 5826 tamen
1114 5777 1237 5842 post
1272 5769 1665 5830 solemnitatem
1710 5772 2001 5833 Dominica:

1652 301 1707 358 S.
1749 301 2119 363 AUGUSTINI
2147 304 2452 365 EPlSCOPI

476 407 534 464 in
556 408 784 464 obscuro
806 408 946 477 loco,
977 408 1151 466 donec
1169 410 1284 467 dies
1304 413 1556 483 lucescat,
1587 425 1641 472 et
1692 417 1878 474 lucifer
1926 419 2068 475 oria-

3626 328 3766 407 50.5.2

2178 424 2440 492 passionis
2469 441 2497 480 a
2524 425 2612 483 die
2639 434 3050 491 resurrectionis
3070 437 3187 507 ejus
3224 454 3324 511 per
3359 440 3476 497 dies
3508 443 3773 516 quinqua-

2173 513 2339 587 ginta,
2393 517 2583 589 quibus
2630 519 2832 591 jejunia
2878 520 3222 595 relaxamus,
3265 526 3367 585 hoc
3403 530 3455 586 iii
3485 513 3769 592 dominicis

2172 603 2417 661 laudibus
2445 622 2763 677 personante
2794 612 3021 681 Alleluia
3041 615 3397 676 celebramus.

2240 696 2292 751 9.
2326 697 2737 772 Quadragesima:
2770 716 2966 777 tempus
2995 706 3296 765 abstinentia
3318 722 3366 766 et
3403 710 3501 784 piis
3530 717 3768 786 operibus

2167 795 2327 864 magis
2357 797 2547 867 fervere
2576 796 2734 853 debet.
2766 798 2915 855 Nunc
2945 802 3124 873 itaque
3142 845 3156 870 ,
3189 804 3241 859 in
3267 818 3494 876 persona
3515 808 3714 865 Christi
3743 854 3761 879 ,

2169 892 2222 936 ut
2248 899 2353 939 non
2376 886 2870 946 circumveniamini
2898 907 2928 947 a
2952 902 3133 949 satana
3158 936 3173 960 ,
3222 895 3478 954 exhortor
3500 908 3596 955 vds
3621 942 3637 967 ,
3680 902 3760 957 di-

2164 972 2461 1044 lectissimi,
2493 988 2548 1033 ut
2574 980 2895 1050 quotidianis
2907 981 3143 1053 jejuniis,
3166 985 3486 1056 largioribus
3534 991 3764 1048 eleemo-

2166 1068 2334 1136 synis,
2384 1068 2799 1147 ferventioribus
2841 1075 3170 1130 orationibus
3221 1078 3388 1133 Deum
3437 1082 3759 1151 propitietis.

2160 1157 2314 1215 Nunc
2346 1168 2556 1231 tempus
2585 1173 2667 1218 est
2715 1180 2823 1236 quo
2851 1176 2905 1221 et
2948 1166 3213 1238 eonjugati
3262 1170 3331 1224 ab
3373 1170 3676 1248 uxoribus,
3709 1183 3763 1231 et

2159 1263 2337 1325 nupta:
2364 1269 2392 1307 a
2424 1256 2537 1311 suis
2567 1252 2697 1311 virls
2719 1257 3042 1327 abstineant,
3069 1270 3126 1315 ut
3152 1262 3482 1320 orationibus
3523 1276 3716 1322 vacent
3740 1287 3757 1324 :

2156 1360 2457 1416 quanquam
2488 1357 2539 1402 et
2572 1364 2669 1420 per
2693 1358 2858 1405 totum
2886 1366 3084 1407 annum
3113 1352 3275 1409 certis
3302 1353 3490 1410 diebus
3532 1356 3641 1413 hoc
3680 1356 3759 1414 fa-
3804 1381 3809 1385 θ

2155 1449 2281 1490 cere
2300 1436 2558 1503 debeant;
2591 1448 2646 1494 et
2670 1450 2870 1510 quanto
2920 1443 3194 1511 crebrius,
3223 1454 3369 1499 tanto
3408 1446 3595 1518 utique
3642 1465 3758 1506 me-

2154 1524 2258 1579 lius
2290 1544 2301 1578 :
2333 1528 2451 1596 quia
2478 1538 2530 1583 et
2556 1532 2645 1601 qui
2671 1546 2925 1587 concessa
2948 1533 3301 1591 immoderate
3345 1529 3587 1607 appetit,
3635 1556 3757 1597 eum

2154 1617 2242 1685 qui
2276 1621 2542 1675 concesﬂt
2572 1622 2815 1677 offendit.
2855 1623 3037 1678 Oratio
3082 1627 3275 1707 quippe
3330 1628 3628 1699 spiritualis
3669 1648 3756 1688 res

2153 1715 2253 1774 est,
2286 1717 2339 1763 et
2366 1710 2485 1765 ideo
2513 1720 2657 1767 tanto
2678 1722 2760 1768 est
2784 1716 3071 1785 acceptior,
3099 1728 3296 1787 quanto
3325 1720 3495 1793 magis
3521 1736 3636 1777 sua:
3659 1738 3755 1779 na-

2148 1801 2285 1847 tura:
2318 1796 2501 1864 implet
2523 1798 2793 1853 effectum.
2823 1800 2994 1855 Tanto
3039 1802 3209 1873 magis
3259 1811 3437 1858 autem
3489 1808 3753 1876 spirituali

2153 1900 2320 1955 Opere
2350 1887 2608 1953 funditur,
2636 1898 2836 1961 quanto
2876 1893 3046 1964 magis
3072 1894 3280 1949 animus
3300 1896 3391 1966 qui
3410 1910 3532 1952 eam
3550 1897 3748 1969 fundit,

2148 1990 2179 2029 a
2209 1979 2407 2032 carnali
2437 1980 2708 2050 voluptate
2726 1983 3090 2052 suspenditur.

2219 2069 2445 2126 CAPUT
2476 2070 2585 2127 VII.
2616 2073 3063 2146 —Quadraginta
3094 2076 3283 2133 diebus
3596 2080 3750 2154 Moy-

2148 2175 2235 2215 ses
2267 2162 2426 2230 Legis
2452 2164 2871 2233 administrator,
2902 2168 3251 2238 quadraginta
3283 2170 3425 2227 Elias
3471 2173 3746 2230 excellen-

2148 2254 2384 2309 tissimus
2413 2256 2799 2327 Prophetarum
2833 2301 2847 2325 ,
2904 2260 3253 2331 quadraginta
3312 2266 3428 2332 ipse
3483 2264 3745 2323 Dominus

2146 2347 2505 2403 testimonium
2536 2351 2739 2406 habens
2764 2367 2792 2405 a
2822 2352 2963 2422 Lege
3003 2361 3059 2408 et
3104 2353 3405 2424 Prophetis.
3454 2355 3587 2414 inde
3619 2373 3743 2416 cum

2143 2439 2228 2495 his
2253 2441 2459 2497 duobus
2485 2444 2535 2498 in
2566 2454 2747 2501 monte
2766 2460 2825 2501 se
2850 2447 3100 2501 ostendit.
3133 2446 3242 2503 Nos
3287 2458 3466 2505 autem
3503 2452 3594 2523 qui
3634 2462 3743 2509 tam

2147 2532 2361 2604 longum
2378 2536 2639 2605 jejunium
2668 2549 2984 2608 perpetuare
3011 2553 3117 2593 non
3162 2552 3483 2610 possumus,
3542 2552 3601 2599 ut
3647 2559 3747 2615 per

2143 2626 2348 2680 totdies
2374 2635 2429 2680 et
2458 2637 2638 2683 noctes
2661 2629 2791 2682 nihil
2819 2629 3194 2685 alimentorum
3224 2673 3237 2695 ,
3264 2633 3401 2688 sicut
3442 2635 3619 2704 etilli,
3649 2652 3746 2693 ae-

2140 2719 2419 2789 cipiamus,
2448 2723 2636 2775 saltem
2664 2732 2918 2792 quantum
2946 2736 3230 2793 possumus
3252 2725 3527 2793 faciamus;
3558 2739 3621 2785 ut
3642 2744 3746 2786 ex-

2142 2812 2309 2878 ceptis
2335 2812 2523 2866 diebus
2548 2826 2642 2882 per
2669 2828 2802 2883 quos
2832 2816 2993 2868 certis
3022 2814 3090 2869 de
3117 2817 3296 2871 causis
3330 2832 3447 2874 mos
3476 2819 3743 2878 Ecclesia;

2141 2902 2384 2969 prohibet
2408 2904 2676 2973 jejunare,
2704 2905 2929 2961 Domino
2960 2905 3067 2960 Deo
3095 2914 3280 2960 nostro
3310 2910 3394 2963 vel
3422 2911 3739 2980 quotidiano

2139 2993 2224 3047 vel
2248 2995 2441 3049 crebro
2481 2995 2688 3065 jejunio
2726 2996 3050 3066 placeamus.
3103 2997 3207 3053 Sed
3242 3001 3497 3069 numquid
3542 3003 3741 3060 sicut:

2140 3085 2260 3138 cibo
2287 3095 2337 3139 et
2356 3094 2482 3154 potu
2537 3087 2854 3142 abstinentia
2886 3104 2981 3158 per
3009 3098 3087 3143 tot
3112 3089 3226 3144 dies
3253 3106 3360 3145 non
3388 3100 3563 3162 potest
3610 3109 3740 3153 esse

2143 3176 2417 3245 continua,
2449 3180 2525 3233 sic
2551 3188 2605 3235 et
2631 3194 2661 3233 a
2682 3180 2967 3235 concubitu
3007 3194 3112 3235 non
3144 3183 3362 3251 potest?
3395 3198 3516 3239 cum
3543 3184 3737 3242 videa-

2134 3284 2253 3325 mus
2282 3269 2332 3323 in
2362 3272 2579 3326 nomine
2606 3268 2800 3327 Christi
2831 3273 3025 3327 multos
3050 3274 3324 3343 utriusque
3353 3288 3513 3330 sexus
3539 3276 3606 3332 ab
3626 3276 3739 3336 hac

2132 3375 2191 3415 re
2219 3363 2430 3430 penitus
2462 3362 2715 3418 immunia
2746 3365 2982 3419 membra
3011 3366 3117 3420 Deo
3134 3365 3309 3420 dicata
3334 3378 3568 3424 servare.
3590 3369 3735 3429 Puto

2131 3469 2236 3508 non
2264 3470 2384 3509 esse
2413 3472 2684 3527 magnum,
2710 3467 2766 3512 ut
2794 3465 2901 3512 tota
2930 3458 3169 3513 Paschali
3200 3456 3540 3520 solemnitate
3559 3467 3735 3537 possit

2129 3550 2413 3619 canjogum
2442 3552 2676 3618 castitas,
2709 3551 2848 3621 quod
2874 3560 3046 3623 potest
3073 3561 3181 3607 tota
3209 3553 3315 3608 vita
3347 3555 3646 3626 virginitas.

2196 3634 2424 3689 CAPUT
2450 3635 2584 3689 Vill.
2612 3666 2685 3676 —
2711 3637 2798 3691 10.
2842 3635 3081 3691 Deliciosi
3116 3638 3513 3710 quadragesima:
3553 3643 3731 3698 obser-

2127 3732 2337 3782 ratores.
2361 3728 2613 3783 Jamvero
2640 3728 2767 3783 illud
2787 3769 2802 3794 ,
2837 3743 3137 3799 quanquam
3167 3731 3460 3787 admonere
3490 3748 3600 3788 non
3628 3734 3730 3791 de-

2127 3821 2235 3884 bui,
2260 3822 2691 3892 quandoquidem
2722 3830 2930 3890 tempus
2950 3821 3294 3876 humiliandaz
3318 3823 3530 3891 animae,
3554 3836 3730 3896 quan-‘-

2126 3918 2236 3965 tum
2282 3913 2459 3981 potui,
2488 3913 2717 3967 maxime
2743 3912 3141 3977 commendavi;
3172 3922 3348 3970 tamen
3374 3925 3596 3986 propter
3617 3916 3729 3973 ho—

2125 4006 2327 4059 minum
2348 4020 2581 4072 errores,
2609 4007 2696 4076 qui
2718 4021 2815 4076 per
2836 4007 3142 4076 vaniloquas
3167 4006 3503 4063 seductiones
3520 4016 3577 4063 et
3594 4022 3727 4079 pra-

2123 4112 2215 4155 vas
2249 4102 2661 4156 consuetudines
2701 4101 2852 4156 nobis
2882 4102 3160 4157 molestam
3204 4118 3301 4173 pro
3337 4103 3488 4159 vobis
3529 4118 3724 4161 curam

2124 4191 2321 4245 inferre
2347 4208 2454 4245 non
2480 4201 2710 4257 cessant,
2736 4201 2913 4247 tacere
2937 4208 3042 4246 non
3072 4208 3307 4262 possum.
3338 4192 3475 4250 Sunt
3496 4195 3722 4265 quidam

2124 4291 2497 4345 observatores
2516 4284 2945 4357 Quadi-agesima:
2973 4288 3211 4344 deliciosi
3238 4291 3412 4360 potius
3442 4304 3598 4359 quam
3628 4304 3729 4346 re-

2122 4360 2295 4451 ligiosi
2321 4422 2334 4446 ,
2363 4380 2702 4450 exuuirentes
2730 4392 2897 4434 novas
2920 4380 3208 4435 suavitates
3232 4381 3399 4451 magis
3420 4394 3582 4451 quam
3614 4394 3723 4438 Ve-

2124 4484 2266 4531 teres
2306 4476 2763 4545 conenpiseentias
2791 4476 3143 4551 castigantcs;
3185 4476 3275 4546 qui
3319 4475 3549 4547 copiosis
3588 4490 3724 4547 pre-

2123 4571 2378 4640 tiosisque
2401 4568 2740 4639 apparatibus
2769 4569 3033 4623 fructuum
3060 4569 3394 4624 diversorum
3414 4611 3428 4634 ,
3458 4578 3723 4639 quorum-

2117 4660 2246 4715 libet
2273 4662 2614 4715 obsoniorum
2642 4659 2925 4715 varietates
2954 4669 3007 4715 et
3042 4672 3263 4730 Sapores
3300 4672 3551 4731 superare
3577 4674 3723 4717 con-

2120 4754 2340 4807 tendunt
2368 4770 2380 4806 :
2415 4768 2537 4808 vasa
2567 4754 2618 4807 in
2658 4753 2850 4823 quibus
2882 4761 3049 4807 coctte
3076 4761 3199 4807 sunt
3236 4762 3423 4808 carnes
3450 4756 3719 4825 tanquam

2115 4847 2385 4901 immunda
2416 4844 2705 4901 formidant
2729 4889 2741 4911 ,
2769 4856 2821 4901 et
2844 4846 2898 4900 in
2929 4859 3024 4901 sua
3047 4858 3208 4902 carne
3229 4844 3429 4902 ventris
3448 4856 3508 4903 et
3527 4858 3717 4919 guttu-

2114 4940 2187 4993 ris
2213 4939 2471 4994 luxuriam
2496 4953 2602 4993 non
2628 4937 2914 4993 formidant
2945 4954 2957 4990 :
2984 4938 3253 5008 jejuuant,
3284 4954 3388 4994 non
3412 4946 3470 4993 ut
3490 4940 3715 4997 Solitam

2115 5032 2461 5103 temperando
2498 5031 2740 5085 minuant
2768 5031 3083 5087 edacitatem
3105 5032 3241 5098 ;.sed
3282 5034 3343 5087 iit
3380 5030 3721 5091 immodera-

2113 5131 2217 5176 tam
2249 5121 2542 5177 dili'erendo
2584 5131 2808 5191 augeant
2843 5120 3170 5177 aviditatem.
3196 5116 3325 5177 Nam
3360 5121 3450 5178 ubi
3492 5130 3719 5196 tempus

2111 5214 2384 5269 reficiendi
2420 5211 2727 5279 advenerit,
2758 5213 2950 5283 opimis
2988 5213 3190 5269 mensis
3226 5218 3477 5284 tanquam
3507 5230 3717 5285 pecora

2112 5307 2436 5375 praesepibus
2486 5305 2728 5371 irruunt;
2774 5303 3230 5359 numerosioribus
3276 5303 3493 5361 ferculis
3539 5308 3718 5365 corda

2109 5400 2341 5455 obrmmt
2363 5407 2682 5470 ventresque
2708 5397 3034 5465 distendunt;
3063 5397 3364 5454 artificiosis
3391 5409 3442 5454 et
3464 5402 3723 5472 peregri-

2110 5496 2192 5548 nis
2212 5493 2669 5549 coudimeutorum
2698 5486 3091 5545 diversitatibus
3114 5488 3313 5561 gulam,
3345 5506 3410 5544 ne
3431 5491 3517 5547 vel
3541 5496 3718 5562 cepi:

2107 5596 2476 5657 omnpescauir
2492 5598 2513 5653 ‘,
2544 5585 2778 5643 irritant.
2803 5584 3043 5654 Denique
3072 5592 3274 5639 tantum
3296 5584 3516 5653 capiunt
3536 5599 3714 5641 man-

2108 5676 2352 5735 ducando
2376 5720 2391 5746 ,
2419 5687 2673 5752 quantum
2693 5677 2934 5751 digerere
2958 5690 3064 5731 non
3092 5672 3358 5737 sufficiant
3378 5675 3711 5747 ieiunando.

2176 5772 2405 5832 CAPUT
2468 5768 3771 5831 lX.—ll.lbstimtiaal'mdsliala..
